2528 3918
91 115 150 146 AD
180 114 476 145 ExfflBENDUM

83 227 158 264 test,
178 228 219 259 ut
239 228 358 259 tamen
376 223 511 260 factum
531 233 621 267 opus
640 222 754 264 tollat,
781 221 859 266 cogi
878 232 951 256 non
974 225 1105 267 potest,
1130 221 1171 264 si,

87 280 168 306 611111
193 269 379 314 prohibere
401 271 554 314 poterat,
578 267 648 302 hoc
672 266 928 312 praetermisit:
955 272 991 302 et
1010 267 1088 302 ideo
1109 277 1173 312 per

89 314 266 350 communi
298 312 487 349 dividundo
519 312 696 348 actionem
728 312 895 347 damnum
919 312 1068 348 sarciri¹
1107 324 1171 359 po-

88 360 175 395 terit.
201 359 256 395 sin
288 363 406 394 autem
435 357 582 392 facienti
603 358 813 399 (consensit,
846 367 912 392 1166
943 368 1007 402 pro
1041 357 1171 393 damno

87 405 197 440 habet
227 404 412 440 actionem.
449 403 545 448 quod
569 403 599 437 si
624 402 709 447 quid
733 403 881 438 absente
905 403 1002 438 socio
1028 402 1075 438 ad
1098 403 1171 438 lae-

87 450 220 485 sionem
244 449 318 485 eius
341 447 438 490 fecit,
463 452 549 483 tunc
574 448 680 483 etiam
704 448 828 483 tollere
853 448 1000 492 cogitur.

133 492 186 532 29
210 493 369 529 Panos
396 493 487 529 libro
517 493 673 529 secundo
707 493 956 538 quaestionum
1008 492 1045 528 Si
1103 492 1170 535 uis,

87 550 166 575 cum
179 538 451 574 existimaverit²
471 538 620 573 fundum
642 549 863 573 communem
882 538 947 573 sibi
969 549 1050 573 cum
1111 548 1170 574 ae-

86 585 140 620 vio
173 594 268 626 esse,
301 594 404 629 quem
429 594 509 618 cum
535 583 629 618 Titio
654 593 875 618 communem
899 584 1073 626 habebat,
1105 583 1170 618 im-

111 629 274 671 endisset,
298 632 395 664 recte
419 628 548 664 dicitur
572 629 678 664 etiam
703 628 880 664 communi
901 628 1092 664 dividundo
1116 628 1169 663 iu-

110 675 213 710 ‘cium
234 674 266 709 ei
286 673 467 710 sufficere:
488 674 557 709 hoc
579 674 671 709 enim
691 677 755 716 est,
776 674 831 709 si³
851 673 961 709 sciam
979 685 1053 709 rem
1074 685 1169 709 com-

84 730 223 754 munem
248 730 337 761 esse,
361 719 517 764 ignorem
542 723 661 754 autem
686 719 787 755 cuius
812 719 917 754 socii:
943 729 1058 765 neque
1079 719 1170 755 enim

83 765 222 809 negotia
246 765 333 800 socii
355 775 458 809 gero,
484 764 546 800 sed
570 765 751 816 propriam
774 774 849 799 rem
872 769 976 800 tueor
1000 768 1036 800 et
1058 765 1170 810 magis

83 821 125 845 ex
148 820 204 852 re,
235 810 271 845 in
296 820 402 862 quam
424 809 658 854 impendltur,
691 820 798 855 quam
830 820 873 845 ex
904 821 1058 855 persona
1082 810 1171 846 socii

85 855 177 890 actio
211 859 380 890 nascltur.
419 855 569 900 denique
601 865 643 890 ea
676 855 817 890 actione
849 866 898 900 pu
925 856 1023 890 illum
1056 856 1169 891 teneri

82 900 237 943 dicimus,
262 904 302 936 ut
325 900 504 945 impendia
526 901 693 935 restituat
716 899 835 936 officio
855 900 892 935 iu
918 901 993 936 icis.
1031 901 1170 936 diversa

82 955 190 981 causa
214 949 268 981 est
291 946 377 988 eius,
404 946 463 991 qui
487 950 593 990 putat
615 956 654 981 se
677 946 715 980 in
735 956 811 980 rem
831 946 1012 991 propriam
1031 946 1167 991 impen-

83 991 185 1033 dere,
219 1002 299 1026 cum
323 991 369 1026 sit
401 992 614 1026 communis:
652 991 736 1026 huic
769 991 861 1026 enim
892 1001 959 1026 nec
991 991 1169 1027 communi

84 1035 274 1072 dividundo
305 1036 473 1072 iudicium
505 1036 674 1081 competit
705 1046 772 1071 nec
802 1037 889 1071 utile
920 1036 1076 1072 dandum
1102 1040 1165 1072 est.

79 1081 137 1116 ille
169 1081 260 1116 enim
292 1082 352 1127 qui
383 1082 451 1117 scit
480 1092 556 1117 rem
587 1092 666 1117 esse
698 1092 919 1117 communem
949 1083 1003 1117 vel
1027 1082 1167 1117 aliena⁴

79 1127 220 1171 negotia
243 1137 284 1162 eo
309 1127 425 1162 animo
449 1127 550 1172 gerit,
578 1131 616 1162 ut
639 1127 793 1172 aliquem
817 1127 885 1162 sibi
908 1127 1050 1172 obliget,
1077 1132 1112 1163 et
1131 1128 1169 1162 in

83 1176 96 1206 1
149 1182 303 1217 persona
334 1173 477 1208 labitur.
525 1173 746 1218 Pomponius
777 1173 922 1218 scripsit
951 1173 1052 1218 posci
1076 1173 1167 1208 iudi-

79 1227 154 1252 cem
176 1228 283 1262 posse
307 1228 329 1252 a
352 1218 510 1263 quolibet
532 1218 731 1254 sociorum:
757 1218 820 1253 sed
845 1218 983 1253 etiamsi
1007 1230 1099 1254 unus
1125 1229 1168 1254 ex

79 1263 183 1298 sociis
196 1267 314 1298 mutus
328 1264 404 1306 erit,
423 1265 521 1299 recte
540 1274 621 1298 cum
641 1274 682 1299 eo
705 1264 882 1299 communi
895 1263 1085 1299 dividundo
1098 1264 1165 1309 agi.

124 1305 177 1345 30
201 1307 405 1343 ΒΟΑΕνοιᾼ
430 1309 521 1344 libro
540 1309 662 1355 primo
686 1319 944 1355 responsorum
981 1309 1168 1344 Communi

78 1352 266 1388 dividundo
291 1353 420 1389 iudicio
444 1357 542 1389 recte
562 1354 629 1399 agi,
655 1354 728 1389 sive
746 1358 873 1390 neuter
892 1354 1074 1400 possideat
1095 1355 1168 1390 sive

78 1398 167 1433 alter
191 1399 369 1434 sociorum
391 1399 541 1434 fundum
565 1410 637 1434 non
661 1399 858 1444 possideat.

123 1440 171 1480 31
200 1443 258 1479 ΡΑ
266 1454 360 1480 ULUS
377 1444 468 1480 libro
489 1446 614 1490 quinto
637 1444 773 1480 decimo
786 1455 1042 1491 responsorum
1075 1444 1168 1480 Bina

77 1489 264 1534 mancipia,
290 1500 381 1534 quae
405 1500 449 1525 ex
471 1490 670 1525 hereditate
693 1494 845 1535 paterna
867 1491 967 1526 iussu
990 1491 1166 1535 praetoris

77 1545 125 1579 pu
150 1534 218 1569 illis
241 1535 426 1571 ministerii
450 1545 560 1570 causa
583 1540 765 1571 reservata
788 1539 924 1578 essent,
958 1535 1070 1571 divisa
1094 1547 1166 1571 non

76 1579 109 1614 vi
135 1580 195 1622 eri,
220 1580 283 1615 sed
306 1581 487 1616 omnium-‘³
511 1581 712 1616 communia
735 1581 983 1627 permansisse.

430 1702 434 1706 -
463 1689 480 1707 ο
560 1675 637 1713 IIII
649 1673 675 1713 ⁶.

415 1740 474 1771 AD
499 1739 823 1772 EXHIBENDUM.

125 1805 141 1842 1
178 1804 372 1841 Uzmws
405 1806 496 1842 libro
532 1807 722 1842 vicensimo
759 1810 891 1852 quarto
927 1806 978 1842 ad
1011 1806 1165 1842 edictum

76 1850 173 1886 Haec
198 1851 292 1886 actio
317 1861 489 1897 perquam
514 1852 717 1887 necessaria
741 1856 796 1887 est
819 1856 855 1887 et
873 1851 925 1887 vis
945 1852 1020 1887 eius
1040 1852 1077 1887 in
1098 1863 1168 1888 usu

77 1896 271 1976 gottidiano
296 1898 372 1931 est⁷
397 1901 433 1932 et
462 1897 615 1932 maxime
645 1902 791 1943 propter
821 1897 1079 1933 vindicationes
1110 1898 1164 1932 in-

100 1945 183 1976 ucta
207 1945 271 1977 est.

121 1983 145 2022 2
170 1986 226 2021 ΡΑ
234 1996 329 2022 Ubus
349 1987 441 2022 libro
466 1988 656 2023 vicensimo
673 1989 797 2034 primo
822 1987 872 2023 ad
894 1987 1047 2024 edictum
1091 1988 1165 2023 Ex-

76 2031 197 2067 hibere
221 2036 275 2067 est
297 2032 442 2067 facere⁸
465 2033 502 2067 in
527 2032 671 2077 publico
703 2036 938 2078 potestatem,
970 2037 1011 2069 ut
1043 2034 1074 2069 ei
1107 2034 1166 2079 qui

77 2082 158 2122 agat
181 2077 388 2122 experiundi
412 2078 459 2112 sit
483 2078 597 2122 copia.

121 2119 144 2159 3
177 2121 371 2158 ULPIANUS
390 2123 481 2159 libro
502 2124 692 2158 vicensimo
714 2127 845 2168 quarto
866 2123 916 2159 ad
933 2123 1088 2160 edictum
1124 2125 1167 2160 In

76 2167 143 2203 hac
167 2167 306 2203 actione
330 2172 432 2204 actor
456 2168 575 2203 omnia
598 2178 705 2203 nosse
730 2168 836 2203 debet
860 2173 894 2204 et
918 2169 1037 2204 dicere
1060 2180 1165 2215 argu-

81 2216 93 2247 1
142 2217 262 2248 menta
291 2213 344 2248 rei
377 2213 420 2248 de
479 2223 527 2248 ua
561 2214 687 2258 agitur.
745 2213 812 2258 Qui
848 2214 894 2249 ad
929 2215 1166 2251 exhibendum

77 2258 165 2302 agit,
196 2269 269 2293 non
301 2259 423 2303 utique
472 2258 628 2293 ominum
652 2269 690 2294 se
714 2259 801 2294 dicit
824 2269 891 2294 nec
916 2259 1021 2295 debet
1045 2264 1164 2295 osten-

77 2302 167 2346 dere,
193 2314 272 2339 cum
296 2304 428 2339 multae
452 2305 523 2339 sint
547 2314 678 2340 causae
699 2303 745 2339 ad
766 2304 1004 2340 exhibendum
1025 2316 1047 2340 a
1072 2306 1163 2341 endi.

78 2350 96 2382 2
142 2348 333 2384 Praeterea
351 2349 388 2384 in
408 2350 477 2384 hac
498 2349 640 2385 actione
660 2349 856 2385 notandum
877 2355 942 2393 est,
968 2361 1037 2396 quo
1082 2361 1164 2387 reus

78 2397 267 2429 contumax
290 2405 354 2439 per
376 2394 414 2429 in
437 2395 535 2429 litem
554 2394 799 2430 iusiurandum
819 2395 981 2440 petitoris
1004 2395 1165 2431 damnari

78 2440 97 2473 3
141 2440 255 2484 possit
279 2440 310 2474 ei
332 2439 449 2475 iudice
474 2440 709 2484 quantitatem
733 2444 892 2476 taxante.
940 2441 1011 2476 Est
1044 2445 1164 2477 autem

77 2485 270 2528 personalis
301 2485 390 2520 haec
422 2486 515 2521 actio
550 2490 586 2521 et
610 2485 642 2520 ei
667 2486 837 2530 competit
860 2485 920 2531 qui
942 2486 980 2521 in
1003 2497 1079 2522 rem
1102 2497 1162 2522 ao-

77 2531 177 2565 turus
202 2534 255 2565 est
274 2530 521 2575 qualicumque
539 2531 578 2565 in
597 2541 672 2566 rem
693 2531 845 2574 actione,
871 2531 979 2566 etiam
1023 2532 1162 2577 ignera-

78 2573 160 2610 ticia
190 2574 359 2610 Serviana
392 2576 464 2611 sive
495 2576 772 2621 hypothecaria,
805 2586 897 2621 quae
929 2587 989 2612 cre
1015 2577 1162 2613 'toribus

78 2622 99 2654 4
144 2624 358 2665 competunt.
407 2620 478 2656 Sed
509 2625 546 2655 et
575 2631 678 2656 usum
701 2621 859 2657 fructum
884 2622 1040 2667 petituro
1067 2633 1161 2658 com-

79 2666 98 2698 5
142 2669 261 2710 petere
284 2665 330 2701 ad
354 2666 590 2702 exhibendum
612 2666 830 2711 Pomponius
855 2667 916 2702 ait.
965 2666 1035 2703 Sed
1067 2672 1102 2703 et
1133 2668 1163 2703 si

79 2709 154 2754 quis
177 2710 429 2747 interdicturus
459 2722 535 2747 rem
568 2712 725 2746 exhiberi
757 2711 954 2755 desideret,
986 2712 1161 2748 audietur.

80 2757 99 2789 6
143 2755 231 2791 Item
253 2757 284 2791 si
307 2761 432 2801 optare
455 2757 558 2792 velim
582 2767 722 2792 servum
745 2757 801 2792 vel
821 2767 929 2802 quam
949 2757 1056 2792 aliam
1075 2769 1161 2802 rem,

80 2799 177 2836 cuius
200 2801 296 2846 optio
317 2802 402 2836 mihi
422 2802 634 2845 relictaest,
661 2802 707 2837 ad
726 2802 963 2838 exhibendum
982 2813 1038 2838 me
1059 2813 1163 2848 agere

81 2845 99 2878 7
144 2856 247 2890 posse
271 2851 422 2890 constat,
447 2848 513 2882 ut⁹
538 2847 703 2883 exhibitis
727 2848 861 2893 possim
884 2848 1076 2885 vindicare.
1125 2848 1163 2883 Si

81 2889 155 2934 quis
177 2892 297 2927 noxali
320 2891 449 2928 iudicio
476 2893 627 2938 experiri
649 2892 752 2935 velit,
784 2892 832 2928 ad
863 2893 1100 2928 exhibendum
1131 2894 1162 2928 ei

81 2934 170 2970 actio
194 2941 247 2972 est
269 2938 487 2972 necessaria:
522 2938 606 2983 quid
639 2938 731 2973 enim
763 2938 793 2974 si
825 2938 988 2974 dominus
1022 2938 1162 2984 quidem

81 2984 222 3031 paratus
246 2982 292 3017 sit
315 2982 522 3025 defendere,
547 2987 647 3019 actor
670 2994 752 3019 vero
778 2983 957 3019 destinare
980 2994 1054 3019 non
1077 2995 1161 3029 pos-

81 3028 125 3059 sit
146 3025 213 3061 nisi
242 3036 286 3062 ex
316 3028 585 3072 praesentibus,
619 3029 703 3074 quia
735 3033 798 3064 aut
831 3039 970 3065 servum
1003 3040 1075 3065 non
1106 3039 1161 3064 re-

81 3072 260 3121 cognoscit
289 3076 353 3107 aut
382 3083 511 3108 nomen
535 3085 607 3110 non
630 3074 753 3109 tenet?
788 3085 905 3110 nonne
930 3085 1083 3120 aequum
1108 3078 1163 3110 est

82 3123 112 3148 61
130 3114 298 3152 familiam
322 3118 498 3161 exhiberi,
530 3123 571 3154 ut
600 3119 746 3154 noxium
779 3129 917 3155 servum
941 3120 1162 3155 adgnoscat?

82 3159 228 3212 quodex
250 3172 360 3198 causa
380 3163 485 3199 debet
503 3164 580 3199 fieri
601 3164 647 3199 ad
668 3164 924 3216 designandum
945 3175 1035 3208 eum,
1061 3169 1161 3200 cuius

82 3213 217 3241 nomme
239 3208 359 3242 noxali
382 3208 460 3253 quis
484 3209 567 3254 agit,
591 3210 826 3245 recensitione
850 3220 1031 3246 servorum
1050 3210 1159 3245 facta.

83 3249 113 3301 8·
139 3249 183 3301 ‚Si
215 3252 292 3296 quis
317 3256 418 3288 extra
441 3254 607 3289 heredem
630 3255 772 3290 tabulas
795 3255 998 3290 testamenti
1022 3256 1077 3290 vel
1102 3266 1160 3291 co-

82 3292 215 3345 dicillos
238 3297 292 3332 vel
315 3297 399 3342 quid
423 3298 519 3334 aliud
543 3299 589 3334 ad
611 3303 862 3335 testamentum
886 3301 1068 3345 pertinens
1100 3311 1161 3336 ex-

83 3336 191 3374 hiberi
212 3341 313 3383 velit,
345 3341 533 3379 dicendum
565 3348 619 3380 est
650 3355 714 3390 per
737 3345 831 3380 hanc
855 3346 1031 3381 actionem
1055 3356 1161 3391 agen-

83 3381 163 3419 dum
185 3395 257 3420 non
280 3396 368 3429 esse,
394 3398 473 3423 cum
497 3389 681 3425 sufficiunt
704 3390 772 3425 sibi
794 3390 985 3426 interdicta
1007 3391 1045 3426 in
1067 3391 1162 3426 hanc

82 3428 103 3462 9
148 3439 222 3464 rem
253 3433 504 3476 competentia:
538 3438 574 3469 et
602 3434 655 3470 ita
684 3435 914 3480 Pomponius.
972 3435 1162 3471 Sciendum

83 3475 136 3507 est
157 3479 274 3521 autem
296 3486 368 3510 non
392 3477 506 3513 solum
530 3479 578 3514 eis
603 3490 691 3524 quos
717 3479 868 3516 diximus
893 3485 1093 3526 competere
1117 3481 1163 3516 ad

1164 96 1242 144 147

2181 102 2332 145 X3.4

1242 220 1480 257 exhibendum
1493 221 1680 264 actionem,
1700 233 1820 258 verum
1841 223 1871 258 ei
1893 234 1962 269 quo
1990 234 2046 266 ue,
2067 223 2168 260 cuius
2186 224 2335 260 interest

1242 266 1417 301 exhiberi:
1451 266 1558 301 iudex
1582 266 1688 311 igitur
1712 269 1912 304 summatim
1937 269 1981 304 de
2007 269 2081 305 ebit
2105 280 2332 314 cognoscere,

1240 322 1288 346 an
1312 311 1386 347 eius
1410 311 1560 354 intersit,
1586 323 1658 347 non
1683 322 1730 347 an
1755 313 1829 348 eius
1850 325 1906 350 res
1928 314 1985 357 sit,
2011 318 2046 349 et
2067 314 2118 350 sic
2138 314 2260 350 iubere
2280 316 2334 350 vel

1243 359 1284 391 10
1332 357 1501 398 exhiberi,
1526 357 1580 392 vel
1604 367 1687 400 non,
1714 358 1797 410 quia
1820 359 1907 394 nihil
1931 359 2089 395 interest.
2137 359 2223 395 Plus
2248 359 2334 395 dicit

1240 402 1419 445 Iulianus,
1458 401 1525 438 etsi
1561 402 1837 438 vindicationem
1871 415 1943 439 non
1978 404 2149 448 habeam,
2192 405 2333 441 interim

1240 457 1346 492 posse
1369 458 1425 483 me
1456 457 1561 492 agere
1593 447 1640 482 ad
1671 448 1929 492 exhibendum,
1962 450 2045 495 quia
2076 461 2156 486 mea
2186 451 2334 486 interest

1241 492 1418 528 exhiberi:
1455 496 1497 527 ut
1529 496 1618 537 puta
1652 493 1681 527 si
1712 493 1797 528 mihi
1829 504 1951 530 servus
1981 495 2118 540 legatus
2151 496 2198 531 sit
2229 507 2333 542 quem

1241 537 1356 572 Titius
1378 541 1556 583 optasset:
1578 548 1681 583 agam
1702 539 1794 573 enim
1814 539 1861 574 ad
1881 540 2130 583 exhibendum,
2151 541 2234 586 quia
2253 552 2334 577 mea

1239 583 1388 618 interest
1419 583 1598 625 exhiberi,
1631 586 1671 617 ut
1703 583 1817 619 Titius
1853 588 1953 630 optet
1991 590 2026 620 et
2060 586 2112 621 sic
2145 586 2331 629 vindicem,

1245 631 1280 662 11
1331 629 1490 673 quamvis
1523 628 1717 664 exhibitum
1750 640 1813 674 ego
1847 640 1867 664 o
1895 634 1972 665 tare
2005 641 2077 665 non
2101 631 2245 676 possim.
2295 632 2333 668 Si

1239 684 1378 708 mecum
1409 673 1518 709 fuerit
1550 677 1669 709 actum
1702 674 1749 709 ad
1781 675 1862 709 exhi
1889 675 2034 717 endum,
2072 687 2134 728 ego
2171 677 2216 712 ob
2252 677 2332 720 hoc,

1240 718 1335 763 quod
1361 722 1554 754 conventus
1580 729 1658 754 sum
1691 719 1737 754 ad
1768 720 2005 755 exhibendum
2038 726 2196 765 actlone,
2230 733 2333 768 agere

1240 763 1286 798 ad
1299 764 1536 799 exhibendum
1549 775 1620 800 non
1633 775 1790 809 possum,
1813 766 1973 811 quamvis
1986 766 2148 801 videatur
2160 767 2333 804 interesse

1239 819 1318 844 mea
1342 809 1387 844 ob
1413 810 1502 852 hoc,
1535 809 1631 855 quod
1655 813 1779 846 teneor
1802 811 1848 846 ad
1871 811 2140 847 restituendum.
2177 813 2240 848 sed
2264 814 2333 849 hoc

1238 865 1311 890 non
1343 854 1493 890 sufficit:
1528 855 1685 900 alioquin
1719 859 1754 890 et
1787 857 1846 901 qui
1878 856 1959 892 dolo
1993 857 2078 892 fecit
2111 869 2180 902 quo
2217 858 2331 894 minus

1238 899 1437 945 possideret
1460 900 1591 945 poterit
1615 900 1661 935 ad
1686 901 1924 937 exhibendum
1948 912 2072 947 agere,
2105 914 2185 938 cum
2219 914 2333 949 neque

1237 945 1481 980 vindicaturus
1506 956 1621 990 neque
1644 946 1899 982 interdicturus
1921 947 1977 990 sit,
2004 951 2039 983 et
2058 947 2117 982 fur
2135 948 2190 983 vel
2210 954 2333 994 raptor

1264 990 1387 1026 oterit:
1438 991 1509 1026 uod
1533 1001 1758 1043 nequaquam
1782 1002 1904 1027 verum
1928 996 1991 1028 est.
2030 993 2209 1038 eleganter
2227 994 2333 1039 igitur

1262 1036 1361 1071 efinit
1431 1036 1564 1071 eratius
1600 1036 1753 1072 iudlcem
1789 1037 1836 1073 ad
1879 1038 2116 1073 exhibendum
2159 1038 2332 1075 hactenus

1239 1092 1466 1125 cognoscere,
1493 1092 1540 1116 an
1563 1082 1695 1117 iustam
1720 1086 1755 1118 et
1778 1083 2001 1128 probabilem
2026 1094 2172 1119 causam
2201 1084 2332 1120 habeat

1243 1130 1280 1161 12
1329 1127 1493 1169 actionis,
1503 1131 1651 1172 propter
1660 1138 1765 1173 quam
1776 1129 1933 1164 exhiberi
1941 1129 2010 1164 sibi
2019 1128 2203 1164 desideret.
2226 1130 2332 1170 Pom-

1237 1172 1367 1218 ponius
1392 1173 1517 1207 scribit
1541 1172 1698 1208 eiusdem
1722 1173 1874 1210 hominis
1906 1174 2049 1210 nomine
2079 1175 2177 1210 recte
2211 1175 2331 1220 plures

1237 1217 1283 1252 ad
1309 1218 1545 1253 exhibendum
1571 1228 1675 1263 agere
1698 1229 1822 1264 posse:
1848 1219 1941 1255 forte
1965 1220 1996 1255 si
2019 1220 2124 1256 homo
2150 1220 2254 1266 primi
2275 1221 2331 1264 sit,

1238 1263 1385 1298 secundi
1408 1264 1446 1298 in
1471 1274 1511 1299 eo
1536 1274 1622 1299 usus
1647 1263 1786 1300 fructus
1811 1265 1875 1308 sit,
1908 1265 2036 1301 tertius
2069 1266 2332 1311 possessionem

1238 1319 1338 1343 suam
1372 1309 1584 1352 contendat,
1618 1314 1769 1355 quartus
1800 1311 2025 1355 pigneratum
2058 1311 2127 1346 sibi
2159 1322 2238 1346 eum
2270 1312 2331 1347 ad-

1236 1354 1370 1389 firmet:
1408 1354 1571 1389 omnibus
1606 1354 1713 1399 igitur
1748 1355 1795 1390 ad
1830 1356 2067 1392 exhibendum
2103 1356 2197 1392 actio
2236 1368 2331 1392 com-

1241 1402 1279 1434 13
1327 1400 1428 1444 petit,
1451 1400 1534 1445 quia
1547 1400 1704 1435 omnium
1716 1400 1865 1437 interest
1877 1401 2034 1436 exhiberi
2047 1402 2234 1437 hominem.
2260 1402 2330 1437 Ibi-

1236 1444 1314 1480 dem
1339 1445 1522 1497 subiungit
1544 1445 1697 1481 iudicem
1721 1456 1786 1491 per
1809 1446 1997 1482 arbitrium
2021 1447 2089 1482 sibi
2113 1457 2157 1482 ex
2180 1447 2249 1483 hac
2271 1458 2330 1483 ac-

1235 1490 1333 1525 tione
1357 1501 1586 1526 commissum
1611 1491 1717 1526 etiam
1742 1492 1971 1536 exceptiones
1999 1493 2210 1535 aestimare,
2243 1503 2331 1538 quas

1235 1545 1421 1581 possessor
1444 1536 1572 1579 obicit,
1599 1540 1634 1571 et
1658 1536 1688 1572 si
1712 1547 1783 1582 qua
1805 1541 1880 1572 tam
1906 1537 2048 1573 evidens
2072 1538 2137 1581 sit,
2161 1542 2203 1573 ut
2225 1537 2331 1574 facile

1235 1581 1388 1626 repellat
1412 1585 1592 1626 agentem,
1619 1581 1748 1618 debere
1798 1593 2015 1618 ossessorem
2039 1583 2186 1626 absolvi,
2212 1584 2242 1618 si
2266 1584 2327 1619 ob-

1236 1626 1375 1662 scurior
1398 1627 1453 1662 vel
1500 1637 1568 1662 uae
1592 1627 1725 1663 habeat
1748 1638 1770 1663 a
1784 1628 1910 1664 tiorem
1934 1629 2197 1674 quaestionem,
2230 1629 2329 1664 diffe-

1236 1671 1384 1707 rendam
1408 1672 1445 1707 in
1496 1672 1645 1707 irectum
1679 1672 1850 1708 iudicium
1881 1684 1920 1709 re
1951 1674 2109 1709 exhiberi
2139 1674 2254 1710 iussa:
2287 1674 2331 1710 de

1236 1717 1447 1762 quibusdam
1471 1721 1590 1753 tamen
1615 1719 1887 1763 exceptionibus
1908 1719 2109 1755 omnimodo
2129 1719 2245 1764 ipsum
2270 1720 2329 1755 de-

1237 1763 1322 1797 bere
1356 1762 1575 1807 disceptare,
1609 1764 1669 1808 qui
1702 1763 1748 1799 ad
1773 1764 2011 1800 exhibendum
2034 1765 2176 1800 actione
2189 1766 2216 1786 ¹⁰
2238 1765 2326 1800 iudi-

1237 1812 1306 1850 cat,
1332 1808 1439 1843 veluti
1462 1808 1561 1853 pacti
1587 1809 1763 1851 conventi,
1790 1809 1862 1844 doli
1886 1810 1980 1852 mali,
2005 1810 2236 1845 iurisiurandi
2260 1811 2327 1846 rei-

1240 1856 1279 1887 14
1328 1863 1397 1898 que
1427 1853 1658 1890 iudicatae¹¹.
1708 1855 1890 1890 Interdum
1915 1856 2077 1900 aequitas
2102 1855 2327 1892 exhibitionis

1237 1897 1364 1941 efficit,
1398 1902 1456 1941 ut,
1491 1899 1650 1944 quamvis
1683 1899 1730 1934 ad
1764 1900 2002 1936 exhibendum
2027 1900 2083 1946 agi
2107 1912 2180 1936 non
2203 1902 2327 1946 possit,

1235 1944 1272 1979 in
1302 1943 1439 1979 factum
1475 1947 1595 1979 tamen
1627 1945 1721 1980 actio
1759 1945 1881 1988 detur,
1918 1949 1958 1980 ut
1991 1946 2150 1981 Iulianus
2183 1950 2328 1982 tractat.

1235 1999 1366 2032 servus,
1390 1989 1516 2035 inquit,
1541 1990 1664 2025 uxoris
1682 2000 1782 2026 meae
1801 1991 1959 2027 rationes
1979 2001 2076 2027 meas
2097 1992 2237 2027 conseri
2265 1992 2327 2028 sit:

1235 2034 1304 2070 hae
1327 2035 1484 2070 rationes
1507 2045 1530 2070 a
1552 2040 1589 2070 te
1609 2035 1859 2087 possidentur:
1885 2036 2046 2072 desidero
2071 2047 2131 2072 eas
2157 2037 2238 2072 exhi
2266 2038 2327 2072 eri.

1236 2080 1287 2114 ait
1308 2079 1478 2123 Iulianus,
1504 2080 1535 2115 si
1559 2080 1700 2126 qmdem
1725 2092 1804 2116 mea
1829 2082 1956 2117 charta
1979 2082 2136 2128 scriptae
2160 2083 2250 2124 sint,
2275 2083 2327 2118 lo-

1237 2136 1317 2160 cum
1342 2135 1421 2160 esse
1443 2126 1528 2161 huic
1552 2126 1696 2169 actioni,
1722 2127 1805 2171 quia
1829 2131 1864 2163 et
1883 2127 2064 2163 vindicare
2082 2138 2143 2163 eas
2162 2138 2327 2173 possum:

1235 2180 1319 2206 nam
1344 2182 1423 2206 cum
1448 2171 1575 2206 charta
1591 2182 1671 2207 mea
1696 2172 1752 2215 sit,
1778 2176 1813 2207 et
1855 2172 1926 2208 uod
1947 2173 2121 2218 scriptum
2141 2178 2195 2208 est
2213 2184 2328 2209 meum

1236 2219 1308 2251 est:
1343 2216 1406 2251 sed
1430 2216 1460 2252 si
1484 2216 1610 2251 charta
1633 2227 1712 2252 mea
1735 2228 1808 2252 non
1848 2218 1918 2261 uit,
1944 2218 2028 2263 quia
2051 2217 2230 2254 vindicare
2255 2230 2327 2254 non

1234 2271 1393 2306 possum,
1417 2272 1484 2297 nec
1509 2261 1556 2296 ad
1578 2262 1817 2298 exhibendum
1843 2264 2017 2308 experiri:
2041 2263 2078 2298 in
2102 2263 2239 2299 factum
2264 2264 2327 2309 igi-

1239 2309 1277 2341 15
1325 2311 1385 2341 tur
1408 2307 1493 2341 mihi
1518 2308 1695 2343 actionem
1721 2312 1921 2354 conpetere.
1971 2308 2161 2344 Sciendum
2186 2313 2240 2344 est
2263 2309 2324 2344 ad-

1234 2362 1356 2388 versus
1388 2363 1631 2404 possessorem
1654 2353 1724 2388 hac
1749 2353 1891 2389 actione
1915 2353 2090 2399 agendum
2114 2365 2186 2390 non
2211 2354 2326 2390 solum

1235 2407 1315 2432 eum
1340 2409 1400 2442 qui
1425 2398 1591 2441 civiliter,
1617 2398 1680 2433 sed
1705 2402 1741 2433 et
1765 2409 1845 2434 eum
1870 2400 1930 2445 qui
1954 2399 2166 2434 naturaliter
2187 2400 2323 2435 incum-

1233 2442 1297 2477 bat
1319 2442 1548 2487 possessioni.
1588 2443 1740 2489 denique
1760 2444 1980 2487 creditorem,
2007 2445 2067 2490 qui
2090 2444 2229 2490 pignori
2251 2455 2324 2480 rem

1234 2488 1384 2533 accepit,
1410 2488 1457 2523 ad
1482 2489 1719 2524 exhibendum
1743 2490 1857 2525 teneri
1906 2490 2017 2525 lacet:

1279 2531 1303 2569 4
1329 2532 1561 2569 POMPONIUS
1577 2534 1669 2570 libro
1690 2539 1796 2570 sexto
1815 2535 1865 2570 ad
1905 2535 2049 2570 abinum
2083 2545 2166 2569 nam
2186 2539 2221 2570 et
2244 2546 2324 2570 cum

1233 2589 1294 2620 eo,
1329 2578 1424 2623 apud
1458 2589 1560 2624 quem
1593 2579 1754 2624 deposita
1785 2580 1838 2615 vel
1863 2580 1921 2616 cui
1946 2579 2170 2616 commodata
2193 2580 2248 2616 vel
2270 2580 2322 2615 lo-

1233 2626 1316 2658 cata
1338 2634 1396 2659 res
1419 2624 1476 2666 sit,
1502 2625 1558 2669 agi
1582 2628 1711 2669 potest.

1279 2667 1302 2705 5
1336 2668 1532 2705 ULPIANUS
1564 2669 1656 2705 libro
1693 2670 1883 2705 vicensimo
1920 2674 2051 2715 quarto
2089 2670 2139 2706 ad
2170 2671 2323 2707 edictum

1233 2713 1356 2749 Celsus
1381 2714 1524 2749 scribit:
1551 2714 1581 2749 si
1605 2715 1684 2759 quis
1709 2725 1857 2757 merces,
1882 2724 1971 2760 quas
1996 2715 2220 2751 exvehendas
2238 2726 2322 2751 con-

1232 2759 1342 2801 duxit,
1367 2759 1402 2793 in
1427 2759 1554 2795 horreo
1578 2760 1710 2804 posuit,
1735 2770 1816 2795 cum
1841 2759 2060 2796 conductore
2083 2760 2129 2796 ad
2154 2761 2322 2796 exhiben-

1233 2804 1315 2839 dum
1348 2804 1405 2849 agi
1436 2808 1575 2849 potest:
1611 2805 1696 2840 item
1730 2805 1761 2840 si
1792 2809 1931 2840 mortuo
1969 2805 2186 2842 conductore
2219 2806 2323 2842 heres

1232 2849 1373 2890 existat,
1399 2860 1480 2884 cum
1503 2849 1635 2885 herede
1659 2849 1854 2895 agendum:
1880 2850 1944 2886 sed
1969 2851 1999 2886 si
2018 2861 2121 2887 nemo
2142 2852 2245 2887 heres
2265 2852 2321 2894 sit,

1232 2905 1313 2929 cum
1337 2894 1520 2930 horreario
1540 2895 1732 2940 agendum:
1759 2905 1842 2930 nam
1862 2895 1892 2931 si
1913 2906 1935 2931 a
1953 2896 2062 2939 nullo,
2087 2897 2213 2943 inquit,
2238 2908 2320 2942 pos-

1232 2939 1412 2982 sidentur,
1445 2950 1568 2974 verum
1599 2944 1654 2975 est
1685 2944 1747 2982 aut
1782 2941 2004 2976 horrearium
2038 2942 2224 2987 possidere
2259 2946 2323 2977 aut

1232 2989 1329 3020 certe
1339 2984 1399 3019 ille
1423 2988 1487 3026 est,
1509 2985 1568 3029 qui
1585 2986 1703 3037 possit
1725 2986 1901 3022 exhibere.
1937 2986 2032 3022 idem
2053 2988 2121 3022 ait:
2143 2987 2320 3033 quomodo

1232 3034 1351 3065 autem
1363 3029 1523 3074 possidet
1534 3041 1595 3075 qui
1607 3030 1786 3066 vehendas
1801 3031 1996 3067 conduxit?
2021 3042 2068 3067 an
2088 3033 2172 3078 quia
2193 3033 2321 3078 pignus

1230 3075 1353 3110 tenet?
1378 3095 1421 3100 —-
1446 3085 1537 3120 quae
1561 3086 1577 3110 s
1604 3077 1697 3111 ecies
1722 3077 1878 3112 ostendit
1897 3077 2003 3113 etiam
2024 3088 2096 3120 eos,
2122 3078 2182 3123 qui
2205 3077 2319 3113 facul-

1234 3124 1248 3154 1
1299 3124 1410 3155 tatem
1423 3120 1575 3155 exhiben
1600 3121 1768 3164 ihabent,
1791 3121 1837 3157 ad
1848 3122 2085 3158 exhibendum
2098 3123 2223 3158 teneri.
2260 3123 2318 3158 Iu-

1230 3169 1346 3200 nanus
1378 3175 1497 3200 autem
1526 3166 1578 3200 ita
1609 3166 1734 3202 scribit
1764 3167 1810 3202 ad
1841 3168 2079 3203 exhibendum
2102 3168 2243 3204 actione
2266 3172 2318 3202 te-

1231 3211 1307 3246 neri
1327 3220 1419 3253 eum,
1442 3211 1502 3255 qui
1521 3221 1638 3246 rerum
1658 3212 1713 3247 vel
1733 3212 1927 3257 legatorum
1941 3213 2195 3249 servandorum
2212 3222 2321 3248 causa

1230 3256 1267 3290 in
1291 3255 1518 3300 possessione
1542 3256 1598 3299 sit,
1623 3256 1688 3292 sed
1713 3261 1748 3293 et
1772 3268 1870 3301 eum,
1896 3259 1956 3303 qui
1979 3269 2065 3294 usus
2089 3258 2230 3294 fructus
2255 3269 2318 3293 no-

1231 3301 1325 3336 mine
1348 3311 1422 3335 rem
1445 3305 1583 3344 teneat,
1617 3303 1775 3347 quamvis
1807 3313 1874 3339 nec
1897 3304 1957 3339 hic
1981 3304 2103 3349 utique
2127 3303 2317 3348 possideat.

1230 3345 1315 3381 inde
1338 3346 1498 3381 Iulianus
1530 3347 1686 3398 quaerit,
1743 3351 1895 3384 uatenus
1927 3349 1993 3384 hos
2026 3352 2191 3394 oporteat
2221 3347 2318 3383 exhi-

1231 3391 1333 3426 bere:
1359 3395 1394 3426 et
1418 3391 1469 3426 ait
1491 3402 1645 3436 priorem
1670 3393 1729 3438 qui
1757 3404 1811 3428 em
1835 3394 1907 3436 sic,
1931 3398 1972 3429 ut
1996 3397 2097 3429 actor
2121 3393 2317 3438 possessio-

1231 3446 1311 3470 nem
1335 3436 1479 3479 habeat,
1503 3436 1534 3471 is
1558 3441 1677 3473 autem
1701 3449 1782 3473 cum
1806 3449 1875 3483 quo
1901 3442 2026 3484 agetur
2047 3438 2099 3473 rei
2123 3437 2319 3473 servandae

1232 3491 1342 3516 causa
1365 3481 1471 3516 sitin
1493 3483 1737 3526 possessione:
1770 3493 1850 3519 eum
1880 3494 1963 3519 vero
1996 3483 2056 3528 qui
2086 3493 2189 3518 usum
2220 3481 2316 3517 fruc-

84 3583 122 3622 (1)
147 3587 305 3620 resarcire
316 3588 357 3621 N

84 3629 126 3669 (³)
149 3629 192 3671 ei]
205 3632 301 3672 quasi
311 3645 374 3666 scr.

85 3671 267 3707 dominium
280 3677 313 3708 F

131 3722 174 3759 (6)
198 3721 263 3752 Ed.
278 3728 352 3755 1...3-
367 3730 393 3755 5.
408 3730 434 3756 τ.
445 3725 640 3759 9...13·Sab.
661 3731 689 3759 4.
703 3734 896 3761 6.8.14...20.
910 3728 1044 3761 -Bas
1071 3730 1122 3768 15,
1132 3736 1158 3761 4.

428 3595 470 3628 (2)
497 3591 739 3624 existimaverit
750 3593 842 3635 FN,
856 3594 1065 3626 existimaret
1077 3594 1111 3626 F
1117 3593 1163 3626 2S

466 3635 507 3675 (4)
533 3634 675 3669 alienam
688 3637 762 3670 dett.
864 3639 906 3679 (5)
930 3640 978 3672 sic
990 3638 1020 3672 S
1031 3651 1100 3672 cum
1113 3639 1159 3681 B,

1235 3593 1284 3636 Cf
1302 3594 1380 3627 cod.
1393 3595 1424 3634 3,
1439 3602 1475 3629 42
1547 3597 1589 3637 (7)
1614 3596 1665 3628 vis
1677 3596 1748 3629 eius
1761 3603 1792 3630 et
1803 3598 1854 3628 est
1866 3596 1928 3629 del.

1231 3651 1327 3671 mann
1409 3640 1453 3682 (9)
1479 3650 1519 3672 ex
1532 3641 1592 3674 ins.
1671 3641 1731 3682 (10)
1756 3640 1886 3673 actioni
1897 3640 1932 3672 F

1232 3690 1263 3716 et
1274 3683 1312 3723 S,
1323 3683 1372 3716 rei
1386 3694 1471 3726 quae
1483 3685 1635 3718 iudicata
1647 3688 1698 3718 est
1709 3686 1744 3718 F

2012 3596 2057 3636 (8)
2081 3594 2128 3626 rei
2143 3595 2202 3627 ins.
2216 3594 2316 3637 Hoffi

2006 3640 2062 3680 (11)
2086 3640 2135 3672 sic
2146 3639 2183 3672 B
2194 3639 2317 3672 Latine

1978 3784 2045 3817 19*
