2528 3918
133 133 269 167 mma
295 131 437 163 VERUM
464 131 521 162 ET
549 130 736 163 UXOREM

134 243 289 291 quinque
318 240 474 287 petenda
497 250 575 277 esse
597 238 694 285 apud
716 239 896 274 Plautium
920 240 1065 284 placuit,
1098 250 1219 286 quem-

133 286 342 330 admodum,
374 286 405 321 si
434 289 595 321 mortuus
626 288 692 327 est,
724 285 812 319 nihil
842 288 1040 329 peteretur:
1075 286 1105 321 si
1136 295 1218 321 vero

134 331 332 380 quindecim
356 330 482 376 dignus
513 330 582 372 sit,
617 339 691 364 non
721 329 801 374 plus
826 340 932 374 quam
956 330 1078 365 decem
1101 334 1221 376 potest

132 377 216 424 peti,
240 374 407 422 quoniam
430 378 577 411 eatenus
597 374 749 410 donator
767 375 958 419 pauperior
977 375 1096 411 factus
1114 379 1217 411 esset.

133 425 154 458 4
199 420 302 466 Quod
325 420 356 455 si
379 430 423 456 ex
447 420 568 456 decem
600 418 690 454 duos
723 428 842 454 servos
875 420 998 454 emerit
1029 424 1065 456 et
1098 431 1219 456 eorum

132 467 222 503 alter
239 468 401 501 mortuus
421 465 478 507 sit,
500 464 591 499 alter
610 463 734 499 decem
747 463 871 508 dignus
885 465 942 507 sit,
962 465 1073 501 ¹solet
1084 466 1217 511 quaeri.

132 515 168 548 et
197 510 356 557 plerique
387 513 423 545 et
452 509 669 554 Pomponius
708 509 881 544 interesse
910 513 1056 554 putant,
1099 514 1219 545 utrum

131 566 203 593 uno
226 555 340 602 pretio
364 554 539 590 venierint
561 564 608 588 an
633 553 797 589 diversis:
831 554 863 589 si
886 565 971 597 uno,
994 558 1073 590 tota
1097 555 1219 590 decem

176 600 305 643 tenda,
337 599 633 646 quemadmodum
664 599 694 634 si
723 609 797 634 una
827 609 884 634 res
917 604 1036 644 empta
1067 600 1220 636 deterior

147 650 229 682 acta
250 648 316 688 est,
339 645 395 680 vel
417 654 504 697 grex
526 644 582 679 vel
607 644 783 679 carrucha
815 648 850 679 et
881 644 1000 690 aliqua
1030 655 1114 691 pars
1137 645 1219 680 inde

130 691 299 738 perisset:
339 690 370 725 si
402 689 567 732 diversis,
599 689 669 724 hoc
700 688 814 724 solum
845 690 1062 734 petendum²
1117 690 1219 724 uanti

131 740 150 772 5
197 735 244 771 sit
265 738 404 780 emptus
429 735 490 780 qui
513 737 686 779 superest.
734 734 911 769 Iulianum
942 739 1088 779 putasse
1143 745 1218 770 om-

129 780 258 828 ponius
293 779 421 822 refert,
458 779 488 815 si
522 779 607 824 quid
639 789 704 824 per
739 789 819 814 eum
851 789 1005 822 servum,
1039 790 1143 825 quem
1175 790 1219 815 ex

129 825 280 862 nummis
304 835 327 860 a
350 825 477 860 marito
514 824 654 860 donatis
686 824 835 859 mulier³
865 825 1078 877 adquisisset
1114 824 1218 868 (forte

128 871 303 916 legatum,
336 869 582 910 hereditatem)
615 873 679 905 aut
708 873 834 914 partus
877 869 991 906 editus
1027 874 1138 912 esset,
1175 879 1217 905 eo

129 920 150 952 6
196 925 337 961 quoque
359 915 503 951 nomine
524 915 732 960 petitionem
762 914 964 950 faciendam
989 926 1077 951 esse.
1125 914 1219 950 Illud

129 964 280 1003 constat,
300 960 342 1003 si,
355 963 545 1005 antequam
564 970 586 994 a
605 960 680 996 viro
701 971 859 995 annuum
879 961 1068 1005 acciperet,
1092 960 1218 995 mulier

127 1007 206 1052 ipsa
236 1005 281 1041 de
311 1016 377 1042 suo
409 1009 473 1041 aut
504 1005 611 1040 etiam
640 1009 806 1040 mutuata
844 1005 1074 1050 impenderit,
1106 1005 1218 1041 videri

129 1054 147 1086 7
194 1054 335 1086 tantum
356 1051 429 1086 iam
453 1060 497 1085 ex
528 1060 647 1086 annuo
681 1054 941 1095 consumptum.
997 1050 1089 1085 Illud
1119 1054 1218 1086 recte

129 1096 262 1131 dictum
297 1095 420 1131 Celsus
458 1095 524 1130 ait:
573 1095 604 1131 si
649 1095 744 1139 dotis
787 1106 917 1131 usuras
953 1106 1091 1131 annuas
1126 1105 1218 1130 uxor

127 1141 300 1186 stipulata
338 1140 402 1184 sit,
435 1140 520 1176 licet
551 1141 584 1176 ei
613 1151 687 1177 non
720 1140 939 1183 debeantur,
999 1141 1059 1175 uia
1096 1144 1217 1176 tamen

128 1186 230 1232 quasi
253 1186 297 1222 de
321 1196 440 1222 annuo
467 1187 680 1229 convenerit,
704 1186 778 1231 peti
801 1186 943 1231 quidem
992 1186 1060 1221 otis
1083 1185 1215 1221 iudicio

126 1241 199 1267 non
221 1235 384 1277 possunt,
410 1231 633 1276 compensari
663 1234 783 1267 autem
813 1234 983 1276 possunt:
1016 1231 1109 1266 idem
1133 1241 1215 1276 ergo

127 1276 285 1312 dicemus
307 1276 347 1312 in
370 1276 527 1322 qualibet
550 1276 718 1321 pactione
741 1277 852 1311 annui
875 1277 1018 1312 nomine
1040 1275 1150 1312 facta.

172 1319 226 1359 29
250 1321 480 1357 POMPONIUS
508 1321 599 1357 libro
630 1325 761 1367 quarto
793 1321 928 1357 decimo
960 1321 1010 1356 ad
1041 1320 1215 1357 Sabinum

126 1365 165 1402 Si
186 1367 313 1402 mulier
347 1377 391 1403 ex
421 1366 575 1412 pecunia
606 1366 741 1402 donata
772 1370 930 1412 emptum
960 1377 1101 1402 servum
1130 1376 1215 1401 ven-

128 1411 276 1448 didisset
299 1415 335 1448 et
354 1411 463 1447 alium
476 1412 629 1455 emisset,
641 1412 876 1457 posteriorem
887 1411 1047 1457 periculo
1060 1411 1216 1446 mulieris

126 1467 205 1494 esse
234 1457 420 1493 Fulcinius
450 1457 612 1502 scripsit:
652 1457 749 1502 quod
779 1468 852 1493 non
886 1460 940 1493 est
969 1467 1109 1498 verum,
1134 1456 1218 1491 licet

128 1506 144 1538 1
193 1512 267 1538 non
291 1512 336 1538 ex
358 1512 397 1537 re
420 1502 539 1537 mariti
563 1506 703 1547 emptus
728 1502 784 1538 sit.
833 1501 871 1537 Si
892 1502 947 1537 vir
969 1502 1075 1537 uxori
1097 1502 1218 1536 lanam

126 1547 271 1583 donavit
285 1548 344 1583 et⁴
369 1558 413 1583 ex
430 1557 472 1583 ea
490 1547 574 1582 lana
591 1547 801 1583 vestimenta
821 1548 888 1583 sibi
909 1546 1073 1589 confecit,
1093 1546 1216 1582 uxoris

126 1602 205 1629 esse
227 1592 439 1629 vestimenta
460 1592 584 1628 Labeo
609 1593 677 1628 ait:

172 1635 226 1676 30
255 1637 378 1674 GAws
405 1638 497 1673 libro
529 1637 717 1673 undecimo
742 1637 792 1674 ad
814 1637 967 1673 edictum
985 1636 1217 1684 provinciale

126 1682 250 1719 utilem
272 1685 394 1718 tamen
415 1682 491 1718 viro
517 1687 728 1728 competere.

171 1725 222 1766 31
253 1727 481 1764 Poupoivws
509 1728 600 1764 libro
637 1731 768 1774 quarto
800 1728 936 1764 decimo
968 1727 1019 1763 ad
1041 1726 1216 1763 Sabinum

126 1773 196 1809 Sed
219 1773 251 1809 si
279 1773 334 1809 vir
366 1773 452 1808 lana
475 1783 541 1808 sua
564 1775 814 1809 vestimentum
836 1772 976 1808 mulieri
1009 1771 1215 1814 confecerit,

124 1818 283 1864 quamvis
313 1818 351 1853 id
380 1818 484 1854 uxori
515 1818 718 1854 confectum
754 1818 864 1853 fuerit
897 1822 932 1852 et
961 1817 1084 1853 uxoris
1117 1827 1214 1859 cura,

124 1867 244 1899 tamen
266 1863 333 1899 viri
357 1873 434 1899 esse
456 1874 571 1909 neque
593 1864 764 1909 impedire
774 1865 798 1906 ⁵,
824 1863 922 1908 quod
939 1863 977 1898 in
1000 1873 1042 1898 ea
1063 1872 1103 1897 re
1125 1872 1217 1897 uxor

124 1912 199 1944 tam
223 1919 306 1944 uam
317 1909 390 1944 lani
417 1908 522 1944 endia
532 1908 643 1944 fuerit
654 1913 689 1944 et
707 1908 966 1953 virinegotium
976 1907 1214 1953 111-0011181116.

130 1957 144 1989 1
220 1954 233 1989 i
263 1964 355 1989 uxor
401 1964 472 1989 ana
502 1964 586 1997 sua,
620 1954 737 1999 operis
768 1954 979 1989 ancillarum
1010 1952 1085 1995 viri,
1109 1952 1215 1988 vesti-

124 2003 245 2035 menta
270 1999 326 2035 sui
358 1999 501 2034 nomine
533 1998 689 2034 confecit
718 1999 924 2041 muliebria,
950 2002 986 2034 et
1007 1997 1217 2034 vestimenta

123 2044 280 2080 mulieris
305 2054 384 2080 esse
407 2047 443 2079 et
490 2055 530 2080 ro
556 2044 674 2090 operis
699 2045 909 2079 ancillarum
931 2043 1007 2079 viro
1031 2046 1216 2089 praestare

123 2089 212 2126 nihil
242 2089 388 2125 debere:
425 2055 489 2125 sed
527 2089 593 2125 viri
621 2090 764 2125 nomine
801 2090 1012 2125 vestimenta
1051 2087 1217 2124 confecta

123 2135 238 2170 virilia
259 2134 326 2170 viri
349 2144 437 2177 esse,
462 2139 503 2169 ut
524 2134 556 2170 is
579 2135 683 2170 lanae
714 2135 818 2170 uxori
847 2136 1009 2180 praestet
1042 2133 1214 2178 pretium:

124 2179 189 2216 sed
221 2179 254 2216 si
283 2190 357 2216 non
386 2179 500 2216 virilia
529 2180 763 2216 vestimenta⁷
803 2190 868 2215 suo
909 2179 1052 2215 nomine
1091 2177 1217 2213 mulier

124 2224 289 2268 confecit,
313 2224 376 2261 sed
400 2235 444 2260 ea
465 2225 539 2261 viro
564 2225 720 2268 donavit,
745 2235 818 2260 non
837 2225 956 2260 valere
975 2223 1215 2265 donationem,

125 2280 207 2306 cum
228 2270 291 2306 illa
313 2270 442 2313 valeat,
467 2271 572 2306 0111118
594 2270 660 2306 viri
683 2270 825 2306 nomine
849 2269 1021 2305 confecit:
1046 2279 1112 2304 nec
1137 2279 1215 2303 um-

124 2318 144 2351 2
192 2325 299 2361 quam
319 2325 447 2361 operas
459 2315 525 2350 viri
544 2315 756 2351 ancillarum
771 2315 954 2351 aestimari
965 2314 1140 2350 convenit.
1178 2312 1217 2348 Si

122 2360 176 2396 vir
205 2360 309 2396 uxori
341 2370 462 2396 aream
497 2360 681 2396 donaverit
715 2364 751 2396 et
781 2371 874 2396 uxor
903 2360 941 2395 in
981 2369 1024 2395 ea
1063 2358 1216 2394 insulam

124 2405 375 2448 aedificaverit,
401 2416 443 2442 ea
465 2405 583 2441 insula
601 2406 679 2442 sine
700 2405 809 2441 dubio
829 2405 948 2440 mariti
968 2408 1034 2447 est,
1055 2403 1119 2440 sed
1138 2413 1216 2439 eam

122 2451 320 2497 impensam
343 2450 526 2487 mulierem
549 2454 768 2486 servaturam
790 2451 929 2496 placet:
962 2460 1045 2485 nam
1077 2448 1109 2485 si
1139 2458 1215 2483 ma-

123 2495 214 2532 ritus
227 2495 384 2532 vindicet
401 2496 565 2539 insulam,
587 2497 822 2532 retentionem
840 2496 1022 2541 impensae
1033 2494 1216 2530 mulierem

124 2544 145 2578 3
190 2541 379 2578 facturam.
427 2540 466 2577 Si
489 2541 559 2577 duo
578 2541 758 2588 mancipia
779 2541 915 2577 fuerint
938 2540 1077 2586 singula
1100 2539 1215 2584 quinis

124 2586 249 2632 digna,
280 2586 345 2622 sed
375 2590 495 2622 utrum
520 2597 566 2622 ue
595 2587 675 2622 unis
699 2587 854 2632 quinque
877 2585 1079 2622 donationis
1105 2594 1216 2620 causa

124 2642 147 2668 a
178 2631 253 2668 viro
284 2631 423 2668 mulieri
454 2642 498 2668 ve
542 2635 669 2668 contra
698 2631 883 2674 venierint,
915 2631 1041 2666 melius
1077 2629 1216 2664 dicetur

125 2676 325 2713 communia
348 2686 391 2712 ea
421 2686 500 2713 esse
529 2687 595 2722 pro
618 2677 784 2722 portione
813 2676 919 2722 pretii
948 2685 1015 2712 nec
1045 2674 1215 2710 tandem⁹

124 2721 358 2767 spectandum
382 2732 472 2765 esse,
497 2722 623 2774 quanti
644 2722 824 2767 mancipia
847 2722 929 2764 sint,
954 2720 1019 2757 sed
1042 2723 1214 2765 quantum

125 2777 170 2803 ex
191 2767 307 2813 pretio
332 2766 533 2803 donationis
550 2777 662 2803 causa
677 2768 725 2803 sit
742 2767 946 2803 remissum:
977 2768 1003 2787 ¹⁰
1012 2766 1089 2801 sine
1105 2764 1213 2800 dubio

122 2811 207 2848 licet
225 2822 248 2848 a
265 2812 340 2848 viro
361 2812 418 2848 vel
436 2823 549 2849 uxore
567 2812 713 2848 minoris
735 2823 862 2855 emere,
883 2812 997 2848 sinon
1009 2811 1056 2846 sit
1075 2810 1213 2845 animus

123 2860 146 2893 4
192 2856 359 2893 donandi.
407 2856 446 2893 Si
467 2857 521 2894 vir
543 2858 647 2894 uxori
669 2858 726 2893 vel
750 2861 878 2894 contra
909 2856 995 2902 quid
1017 2854 1214 2891 vendiderit

124 2911 206 2938 vero
230 2902 345 2948 pretio
370 2905 406 2939 et
429 2902 633 2939 donationis
657 2913 769 2939 causa
791 2903 1035 2949 paciscantur,
1059 2911 1105 2936 ne
1128 2899 1214 2945 quid

124 2946 286 2984 venditor
316 2947 363 2984 ob
395 2957 474 2984 eam
502 2958 578 2984 rem
608 2952 784 2993 praestet,
817 2947 1008 2984 videndum
1033 2949 1105 2989 est,
1130 2944 1215 2990 quid

125 2991 208 3028 de¹¹
241 3002 284 3028 ea
306 2992 510 3029 venditione
531 2997 679 3039 agatur,
703 2997 825 3029 utrum
847 3003 905 3028 res
928 2991 1076 3028 venierit
1100 2994 1135 3026 et
1157 2993 1213 3025 to-

123 3040 199 3074 tum
221 3038 401 3083 negotium
423 3038 552 3082 valeat,
576 3049 624 3074 an
645 3049 729 3075 vero
750 3042 791 3074 ut
812 3049 856 3074 ea
874 3037 952 3074 sola
973 3036 1093 3083 pactio
1113 3035 1214 3070 irrita

125 3081 182 3126 sit,
207 3083 504 3135 quemadmodum
533 3083 636 3119 irrita
667 3087 781 3126 esset,
815 3084 846 3119 si
876 3086 960 3128 post
991 3084 1214 3117 contractam

125 3131 338 3173 emptionem
357 3138 450 3165 novo
463 3129 610 3165 consilio
626 3129 714 3164 inito
731 3128 768 3164 id
779 3128 879 3174 pacti
892 3127 1022 3163 fuisset
1038 3129 1159 3162 actum
1172 3125 1212 3160 ¹2.

125 3175 145 3207 5
190 3176 226 3208 et
247 3173 365 3209 verius
390 3177 445 3209 est
466 3179 613 3219 pactum
630 3174 816 3209 dumtaxat
830 3173 969 3208 irritum
993 3182 1081 3207 esse.
1117 3171 1214 3206 Idem

127 3216 295 3262 dicemus,
319 3218 351 3254 si
374 3218 576 3254 donationis
601 3229 712 3255 causa
734 3218 833 3271 pacti
856 3218 939 3260 sint,
963 3227 1008 3252 ne
1028 3216 1214 3268 fugitivum

126 3266 190 3298 aut
213 3273 373 3299 erronem
395 3268 589 3309 praestent,
613 3264 651 3299 id
668 3268 724 3300 est
742 3267 898 3308 integras
912 3263 938 3284 ¹³
961 3272 1039 3297 esse
1054 3265 1213 3296 act10nes

127 3310 148 3343 6
193 3307 374 3344 aedilicias
398 3312 434 3344 et
457 3319 502 3344 ex
526 3313 656 3355 empto.
704 3308 809 3354 Quod
838 3308 891 3343 vir
921 3307 1026 3343 uxori
1054 3306 1093 3341 in
1123 3305 1214 3341 diem

127 3351 242 3395 debet,
267 3353 343 3389 sine
364 3358 462 3390 metu
485 3354 688 3390 donationis
711 3363 884 3398 praesens
916 3352 1053 3388 solvere
1082 3354 1212 3402 potest,

127 3398 285 3442 quamvis
339 3399 564 3435 commodum
616 3399 787 3444 temporis
836 3398 1017 3434 retenta¹⁴
1062 3405 1215 3441 pecuma

128 3444 146 3475 Ἰ
194 3443 326 3478 sentire
348 3444 513 3488 potuer-lt.
550 3444 654 3489 Quod
676 3444 861 3489 legaturus
875 3444 904 3465 ²⁵
925 3441 1012 3477 mihi
1033 3445 1097 3476 aut
1110 3441 1213 3476 here-

131 3505 2096 3524 M

129 3557 168 3598 (1)
181 3556 262 3599 quid
271 3556 454 3600 petendum
465 3557 583 3590 sitim.
656 3558 699 3598 (2)
725 3555 902 3598 petendam
915 3556 950 3588 F
1023 3556 1066 3596 (3)
1080 3554 1214 3586 emisset

129 3601 190 3635 ine.
305 3603 348 3643 (4)
373 3612 412 3634 ea
431 3603 491 3635 ins.
609 3603 650 3643 (5)
683 3611 791 3643 neque
811 3601 975 3644 impedire
995 3600 1057 3633 del.
1079 3600 1132 3633 vel
1149 3611 1212 3632 scr.

129 3649 241 3679 tamen
260 3647 327 3679 viri
348 3647 494 3679 essehoc
514 3657 581 3678 non
605 3646 770 3689 impedire

130 3691 174 3732 (Ί)
196 3691 338 3724 vestime.
358 3691 394 3725 F
505 3691 548 3733 (8)
580 3691 696 3723 virilia
719 3693 778 3725 ins.
896 3691 940 3732 (9)
966 3694 1034 3722 tam
1057 3689 1213 3722 Huschke

131 3735 191 3777 (10)
215 3746 292 3768 nam
306 3738 366 3770 ins.
381 3737 541 3776 (similiter
555 3736 648 3776 Hal.)
765 3737 820 3776 (11)
845 3736 886 3768 de
899 3736 960 3768 del.
975 3735 1050 3768 Hal
1154 3734 1211 3772 (12)

1212 116 1295 165 315

908 3647 952 3687 (6)
978 3643 1219 3688 procuraretF'
1282 3643 1341 3682 (17)
1365 3640 1501 3672 fecisset
1512 3641 1572 3673 ins.

2148 129 2316 172 XXIIII
2348 134 2363 172 1

1293 240 1412 294 ditatis
1452 242 1603 295 nomine·
1632 243 1819 280 relicturus
1859 256 1915 288 es,
1972 251 2048 283 otes
2087 253 2231 294 rogatus
2263 259 2286 285 a
2314 260 2372 286 me

1291 297 1396 338 uxori
1419 297 1519 322 meae
1542 288 1739 333 rehnquere
1762 295 1799 324 et
1815 302 1886 326 non
1902 292 1934 326 vi
1961 297 2040 327 etur
2059 303 2101 328 ea
2119 304 2196 329 esse
2214 294 2370 337 donatio,

1291 341 1375 383 quia
1398 332 1486 367 nihil
1509 343 1554 368 ex
1577 333 1680 368 bonis
1705 335 1790 369 meis
1816 335 2044 372 deminuitur:
2069 338 2104 373 in
2129 350 2198 384 quo
2222 340 2371 375 maxime

1290 386 1442 412 ma1ores
1467 377 1614 413 donanti
1639 380 1856 415 succurrisse
1879 380 2051 417 Proculus
2075 384 2143 426 ait,
2176 394 2221 419 ne
2251 394 2372 420 amore

1290 421 1435 457 alterius
1469 422 1559 458 alter
1591 423 1864 467 despoliaretur,
1896 436 1967 461 non
2006 428 2107 471 quasi
2135 429 2318 464 malivolos
2332 431 2369 472 ¹⁶,

1291 468 1310 500 8
1357 477 1402 501 118
1433 467 1523 502 alter
1553 467 1765 512 locupletior
1798 468 1909 504 fieret.
1965 470 2001 505 Si
2034 472 2086 506 vir
2117 474 2218 508 uxori
2242 484 2370 510 munus

1288 511 1515 547 immodicum
1539 512 1695 547 calendis
1719 513 1859 548 Martiis
1884 519 1946 549 aut
1977 518 2085 551 natali
2116 518 2172 553 die
2204 518 2369 562 dedisset,

1289 555 1434 592 donatio
1459 561 1530 592 est:
1564 557 1627 592 sed
1651 558 1681 592 si
1694 559 1719 579 ¹⁷
1751 557 1939 602 impensas,
1966 571 2053 604 quas
2075 561 2210 597 faceret
2233 564 2369 607 mulier,

1289 603 1309 635 9
1357 612 1426 646 quo
1439 601 1624 637 honestius
1637 612 1677 638 se
1695 605 1867 645 tueretur,
1889 608 2014 639 contra
2036 611 2098 640 est.
2131 607 2212 642 Non
2232 609 2370 644 videtur

1287 645 1500 697 locupletior
1522 646 1621 682 facta
1654 657 1732 682 esse
1763 648 1906 691 mulier,
1939 650 1968 683 si
1992 654 2054 684 aut
2075 651 2111 685 in
2136 654 2282 696 opsonio
2307 659 2371 688 aut

1287 701 1324 725 in
1355 692 1545 736 unguentis
1577 695 1639 727 aut
1671 692 1707 726 in
1740 692 1881 727 cibariis
1912 692 2066 730 familiae
2106 696 2271 732 donatam
2302 699 2369 733 sibi

1291 738 1331 769 10
1363 780 1370 787 ·
1406 737 1568 771 ecuniam
1598 737 1818 782 impenderit.
1875 737 1973 781 Quae
2003 740 2054 773 vir
2086 741 2218 776 ciban'a
2248 744 2369 778 uxoris

1287 780 1304 814 f
1389 781 1442 816 'ae
1455 781 1664 817 iumentisve
1687 783 1914 827 praestiterit,
1940 794 2029 828 quae
2051 785 2088 819 in
2111 796 2178 820 usu
2192 788 2369 823 communi

1288 829 1401 868 erant,
1425 837 1499 861 non
1516 827 1766 862 condicentur:
1793 827 1887 872 quod
1905 828 1934 863 si
1954 827 2122 864 familiam
2143 831 2369 868 domesticam

1287 870 1408 950 gxgfis
1443 875 1506 906 aut
1535 872 1742 907 venaliciam
1772 873 1887 917 pavit,
1921 877 2044 908 contra
2074 878 2159 919 puto
2191 877 2370 913 observari

1312 925 1331 951 e
1357 925 1427 951 ere.

1333 957 1387 998 32
1418 959 1615 997 Urmws
1646 961 1736 998 libro
1770 963 1819 997 tri
1844 963 1952 997 esimo
1985 964 2087 997 tertio
2119 964 2167 998 ad
2198 964 2369 1001 Sabinum

1287 1004 1376 1040 Cum
1413 1006 1472 1041 hic
1510 1010 1625 1042 status
1666 1010 1760 1042 esset
1824 1007 2030 1042 onationum
2064 1008 2155 1043 inter
2189 1010 2299 1045 virum
2334 1015 2370 1046 et

1285 1061 1451 1093 uxorem,
1484 1062 1587 1096 quem
1619 1055 1726 1087 antea
1761 1052 1982 1094 rettulimus,
2021 1053 2213 1097 imperator
2250 1059 2371 1090 noster

1284 1095 1487 1148 Antoninus
1511 1097 1695 1142 Augustus
1720 1101 1803 1132 ante
1826 1107 2009 1132 excessum
2034 1097 2103 1132 divi
2120 1098 2236 1134 Severi
2259 1101 2370 1145 patris

1286 1151 1341 1176 sm
1381 1141 1543 1176 oratione
1580 1142 1619 1176 in
1649 1146 1777 1177 senatu
1808 1142 1931 1177 habita
1961 1146 2086 1177 auctor
2126 1143 2194 1178 fuit
2233 1145 2371 1180 senatui

1286 1186 1455 1221 censendi
1485 1186 1610 1222 Fulvio
1642 1187 1839 1223 Aemiliano
1872 1191 1907 1221 et
1929 1186 2093 1223 Nummio
2125 1188 2253 1224 Albino
2287 1200 2370 1225 con-

1289 1234 1303 1265 1
1356 1231 1493 1267 sulibus
1507 1232 1546 1274 ¹⁸,
1560 1236 1601 1266 ut
1613 1231 1746 1277 aliquid
1764 1233 1903 1267 laxaret
1916 1242 1959 1267 ex
1979 1232 2065 1267 iuris
2085 1233 2210 1277 rigore.
2249 1233 2370 1270 Oratio

1286 1279 1404 1311 autem
1425 1277 1648 1321 imperatoris
1669 1277 1782 1313 nostri
1802 1277 1844 1313 de
1858 1277 2107 1312 confirmandis
2122 1278 2371 1314 donationibus

1286 1332 1358 1373 non
1396 1322 1512 1357 solum
1546 1322 1593 1357 ad
1627 1332 1669 1357 ea
1702 1323 1875 1368 pertinet,
1911 1332 2002 1367 quae
2034 1322 2175 1358 nomine
2206 1325 2326 1359 uxoris
2350 1335 2372 1359 a

1285 1376 1359 1401 viro
1385 1370 1594 1412 comparata
1617 1370 1711 1410 sunt,
1736 1368 1800 1403 sed
1823 1367 1870 1402 ad
1893 1377 2013 1402 omnes
2038 1367 2247 1404 donationes
2278 1369 2370 1404 inter

1285 1411 1399 1446 virum
1423 1416 1458 1447 et
1481 1422 1628 1448 uxorem
1650 1412 1778 1455 factas,
1803 1416 1844 1447 ut
1858 1413 1885 1433 ¹⁹
1916 1415 1951 1447 81
1979 1412 2057 1456 ipso
2088 1412 2165 1447 iure
2196 1423 2252 1449 res
2283 1414 2372 1449 fiant

1286 1457 1362 1491 81118
1395 1457 1454 1491 0111
1483 1457 1636 1492 donatae
1667 1462 1752 1492 sunt
1783 1461 1819 1492 et
1849 1457 2016 1502 obligatio
2048 1457 2094 1492 sit
2127 1458 2235 1493 civilis
2269 1463 2304 1494 et
2327 1459 2370 1495 de

1285 1501 1447 1537 Falcidia
1485 1502 1548 1537 ubi
1611 1503 1699 1537 ossit
1729 1503 1847 1538 locum
1885 1502 2019 1537 habere
2048 1503 2272 1538 tractandum
2305 1504 2368 1539 sit:

1286 1547 1344 1582 cui
1367 1547 1485 1581 locum
1508 1547 1560 1582 ita
1600 1558 1660 1582 ore
1683 1548 1821 1592 opinor,
1846 1547 1948 1592 quasi
1978 1550 2188 1583 testamento
2214 1549 2260 1582 sit
2284 1559 2368 1584 con-

1286 1594 1305 1626 2
1363 1591 1543 1627 firmatum
1582 1592 1677 1637 quod
1716 1593 1885 1627 donatum
1924 1596 1988 1627 est.
2064 1593 2126 1626 Ait
2157 1594 2270 1629 oratio
2302 1593 2369 1629 ‘fas

1286 1640 1376 1672 ‘esse
1400 1647 1481 1672 eum
1504 1637 1645 1683 quidem
1669 1638 1729 1682 qui
1753 1637 1898 1673 donavit
1912 1637 1942 1658 ²⁰
1998 1637 2170 1672 aenitere:
2203 1638 2369 1673 heredem

1286 1685 1379 1717 ‘vero
1391 1682 1421 1703 ²¹
1436 1683 1571 1727 eripere
1585 1682 1737 1718 forsitan
1753 1683 1920 1718 adversus
1937 1692 1979 1717 vo
1995 1685 2153 1717 untatem
2168 1693 2369 1728 supremam

1286 1730 1305 1762 3
1354 1727 1440 1762 ‘eius
1464 1728 1525 1772 qui
1549 1728 1732 1763 donaverit
1755 1728 1883 1762 durum
1908 1730 1943 1761 et
1966 1736 2111 1761 avarum
2127 1728 2228 1762 esse'.
2274 1728 2365 1763 Pae-

1285 1772 1469 1807 nitentiam
1500 1773 1663 1818 accipere
1694 1772 1862 1808 debemus
1901 1782 2113 1816 supremam.
2160 1773 2310 1817 proinde
2339 1774 2370 1808 si

1284 1817 1389 1852 uxori
1424 1817 1568 1853 donavit
1581 1845 1590 1861 ,
1635 1817 1761 1853 deinde
1804 1828 1884 1853 eum
1919 1817 2115 1861 paenituit,
2150 1827 2233 1852 mox
2266 1817 2370 1853 desiit

1284 1862 1484 1908 paenitere,
1517 1863 1705 1898 dicendum
1738 1866 1792 1898 est
1823 1862 2048 1897 donationem
2080 1862 2215 1904 valere,
2246 1866 2287 1897 ut
2309 1873 2368 1898 su-

1283 1915 1445 1987 ¹{remum
1458 1908 1533 1943 eius
1547 1911 1747 1953 spectemus
1765 1905 1944 1948 iudicium,
1967 1906 2261 1951 quemadmodum
2275 1908 2370 1943 circa

1311 1952 1559 1988 deicommissa
1589 1953 1762 1995 solemus,
1794 1953 1850 1987 vel
1879 1952 1917 1987 in
1955 1951 2079 1996 legatis
2111 1962 2192 1986 011111
2224 1951 2268 1987 (18
2298 1952 2369 1988 (1011

1285 1998 1494 2043 exceptione
1532 1999 1697 2043 opposita
1734 2001 1949 2039 tractamus,
1987 2000 2028 2031 ut
2059 1996 2105 2031 sit
2135 1997 2369 2032 ambulatoria

1283 2043 1447 2079 voluntas
1490 2043 1565 2078 eius
1606 2053 1720 2088 usque
1761 2043 1808 2077 ad
1849 2042 1941 2077 vitae
1982 2051 2184 2086 supremum
2225 2042 2357 2077 exitum

1284 2091 1306 2123 4
1354 2087 1425 2123 Sed
1447 2088 1510 2123 ubi
1533 2089 1642 2123 semel
1666 2088 1875 2123 donatorem
1896 2086 2081 2132 paenituit,
2114 2086 2220 2121 etiam
2249 2087 2371 2122 heredi

1284 2132 1476 2168 revocandi
1495 2136 1709 2177 potestatem
1727 2132 1926 2174 tribuimus,
1940 2131 1970 2166 si
1981 2134 2153 2176 appareat
2165 2131 2370 2167 defunctum

1285 2177 1465 2213 evidenter
1487 2188 1675 2213 revocasse
1697 2177 1935 2213 voluntatem:
1970 2176 2065 2221 quod
2097 2176 2127 2210 si
2156 2176 2193 2210 in
2217 2176 2368 2212 obscuro

1285 2223 1350 2265 sit,
1382 2223 1571 2268 proclivior
1604 2233 1682 2258 esse
1713 2222 1819 2257 debet
1848 2221 1955 2257 iudex
1992 2221 2039 2255 ad
2071 2221 2367 2265 comprobandam

1285 2271 1304 2302 5
1353 2267 1591 2303 donationem.
1640 2268 1678 2303 Si
1697 2267 1845 2302 maritus
1867 2277 1909 2302 ea
1928 2276 2020 2311 quae
2032 2265 2215 2300 donaverit
2231 2266 2368 2311 pignori

1285 2312 1435 2355 dederit,
1460 2313 1584 2358 utique
1607 2323 1688 2348 eum
1710 2312 1928 2357 paenituisse
1951 2311 2125 2352 dicemus,
2149 2311 2233 2346 licet
2256 2311 2367 2346 domi-

1284 2358 1382 2393 nium
1404 2359 1561 2393 retinuit.
1588 2357 1673 2403 quid
1688 2361 1818 2399 tamen,
1839 2357 1869 2392 si
1887 2357 1956 2392 hoc
1973 2356 2089 2391 animo
2110 2355 2187 2397 fuit,
2209 2359 2250 2389 ut
2264 2356 2368 2390 vellet

1284 2403 1404 2438 adhuc
1436 2403 1631 2438 donatum?
1662 2402 1755 2447 finge
1785 2402 1822 2436 in
1853 2401 2109 2447 possessionem
2133 2400 2327 2444 precariam
2337 2401 2367 2421 ²²

1283 2449 1465 2483 mulierem
1487 2448 1699 2483 remansisse
1722 2451 1954 2492 paratamque
1970 2455 2046 2481 esse
2062 2444 2267 2480 satisfacere
2291 2455 2365 2480 cre-

1285 2493 1401 2529 ditori.
1427 2493 1615 2528 dicendum
1639 2498 1693 2527 est
1717 2492 1942 2527 donationem
1958 2491 2092 2525 valere:
2118 2500 2200 2524 nam
2210 2490 2241 2511 ²³
2264 2490 2295 2525 si
2319 2490 2364 2524 ab

1282 2538 1383 2574 initio
1410 2539 1442 2574 ei
1465 2549 1540 2574 rem
1563 2538 1754 2582 obligatam
1776 2537 1846 2572 hoc
1870 2536 1986 2570 animo
2011 2535 2188 2576 donasset,
2213 2534 2365 2570 dicerem

1283 2584 1349 2619 vim
1374 2584 1507 2619 habere
1530 2583 1775 2624 donationem,
1800 2585 1840 2616 ut
1863 2584 1989 2626 parata
2012 2579 2218 2615 satisfacere
2240 2579 2366 2614 mulier

1283 2629 1432 2664 haberet
1473 2628 1545 2663 doli
1577 2627 1835 2672 exceptionem:
1878 2625 1962 2677 quin
1992 2625 2097 2659 immo
2130 2627 2166 2659 et
2196 2624 2227 2660 si
2261 2625 2364 2659 satis-

1283 2674 1438 2716 fecisset,
1461 2673 1622 2718 potuisse
1645 2683 1722 2707 eam
1746 2681 1810 2716 per
1834 2670 1906 2706 doh
1929 2669 2172 2714 exceptionem
2186 2669 2364 2714 consequi,

1284 2722 1304 2755 6
1350 2723 1392 2754 ut
1422 2718 1490 2754 sibi
1520 2717 1732 2753 mandentur
1762 2716 1929 2751 actiones.
1993 2714 2030 2749 Si
2060 2714 2210 2749 donator
2243 2724 2366 2749 servus

1282 2764 1391 2800 fuerit
1414 2762 1561 2799 effectus
1591 2762 1736 2808 privati,
1770 2760 1955 2796 dicendum
1986 2763 2041 2795 est
2071 2770 2143 2794 non
2173 2759 2365 2804 impletam,

1283 2809 1346 2844 sed
1369 2811 1588 2853 peremptam
1612 2807 1856 2848 donationem,
1889 2804 2047 2850 quamvis
2079 2804 2185 2839 morti
2214 2804 2365 2839 servitus

1283 2857 1528 2899 comparetur:
1553 2851 1701 2897 proinde
1719 2855 1754 2886 et
1766 2851 1796 2886 si
1810 2851 1889 2896 ipsa
1907 2850 1945 2885 in
1964 2849 2167 2885 servitutem
2186 2849 2365 2894 redigatur

1283 2903 1302 2933 7
1351 2898 1408 2934 cui
1432 2898 1603 2933 donatum
1621 2900 1685 2939 est,
1705 2896 1862 2931 extincta
1878 2895 1945 2930 erit
1960 2894 2115 2930 donatio.
2164 2893 2202 2928 Si
2216 2894 2365 2929 maritus

1282 2943 1385 2979 uxori
1398 2942 1582 2978 donaverit
1595 2945 1630 2977 et
1646 2944 1795 2976 mortem
1812 2940 1880 2976 sibi
1891 2940 1937 2975 ob
1954 2940 2096 2975 sceleris
2113 2939 2364 2974 conscientiam

1283 2988 1494 3024 consciverit
1516 2987 1570 3022 vel
1595 2986 1701 3022 etiam
1716 2989 1799 3031 post
1815 2988 1962 3021 mortem
1978 2984 2148 3020 memoria
2171 2984 2245 3019 eius
2265 2983 2361 3018 dam-

1282 3037 1368 3069 nata
1392 3033 1448 3075 sit,
1472 3031 1698 3067 revocabitur
1722 3031 1884 3066 donatio:
1918 3029 2076 3075 quamvis
2108 3039 2150 3063 ea
2173 3038 2262 3073 quae
2285 3028 2362 3062 aliis

1284 3082 1303 3114 8
1352 3077 1535 3113 donaverit
1557 3076 1710 3118 valeant,
1735 3076 1765 3112 si
1787 3086 1860 3111 non
1875 3075 1998 3110 mortis
2017 3084 2127 3109 causa
2140 3073 2291 3108 donavit.
2325 3071 2363 3123 si

1282 3124 1381 3159 miles
1405 3122 1508 3158 uxori
1532 3121 1717 3157 donaverit
1741 3120 1784 3155 de
1808 3119 2049 3155 castrensibus
2072 3119 2174 3153 bonis
2198 3122 2233 3152 et
2254 3116 2361 3151 suerit

1283 3169 1490 3209 damnatus,
1524 3166 1608 3211 quia
1638 3165 1849 3211 permissum
1880 3168 1934 3199 est
1966 3164 1998 3199 ei
2028 3164 2072 3198 de
2094 3164 2149 3198 his
2172 3161 2294 3197 testari
2319 3160 2360 3211 (81

1282 3213 1386 3249 1110ᾱο
1407 3211 1610 3257 impetravit
1626 3215 1667 3245 ut
1682 3214 1834 3246 testetur
1853 3221 1933 3245 cum
1949 3209 2199 3248 damnaretur),
2218 3206 2361 3257 donatio

1281 3258 1430 3294 valebit:
1461 3267 1544 3291 nam
1579 3259 1616 3291 et
1649 3255 1773 3291 mortis
1805 3265 1916 3290 causa
1956 3254 2088 3288 donare
2110 3254 2262 3303 potent,
2302 3259 2359 3283 0111

1282 3306 1302 3338 9
1349 3302 1474 3338 testari
1496 3301 1707 3346 permissum
1730 3303 1795 3335 est.
1843 3298 1945 3344 Quod
1967 3299 2017 3333 ait
2029 3301 2140 3332 oratio
2161 3300 2359 3338 ‘consump-

1283 3348 1403 3390 ‘sisse’,
1429 3347 1481 3382 sic
1505 3346 1668 3391 accipere
1691 3345 1878 3386 debemus,
1911 3354 1956 3378 ne
1986 3343 2027 3384 is,
2053 3339 2359 3392 qui-donationem

1282 3392 1431 3437 accepit,
1455 3391 1666 3436 locupletior
1687 3390 1807 3425 factus
1830 3389 1893 3424 sit:
1926 3391 2078 3423 ceterum
2102 3396 2131 3420 81
2153 3384 2269 3435 factus
2293 3385 2361 3432 est,

1283 3437 1452 3474 orationis
1475 3435 1687 3471 beneficium
1709 3435 1827 3470 locum
1850 3433 2005 3468 habebit.
2030 3430 2092 3466 sed
2109 3434 2144 3464 et
2166 3439 2195 3463 81
2219 3438 2289 3462 11011
2312 3430 2363 3461 sit

1849 3547 1906 3585 (13)
1931 3545 2062 3584 integra
2083 3541 2115 3573 F
2224 3540 2280 3579 (14)
2305 3548 2359 3570 re·

2045 3586 2103 3627 (16)
2128 3583 2282 3616 malivolo
2294 3594 2354 3615 scr.

2125 3631 2170 3668 19)
2196 3628 2356 3660 moriente

2165 3681 2220 3711 1211
2245 3672 2316 3704 viro
2330 3671 2364 3704 F

1283 3552 1426 3584 fuissent
1439 3550 1513 3591 (del.
1526 3550 1651 3590 actum)
1671 3561 1733 3581 scr.

1282 3598 1495 3639 praesentata
1506 3607 1569 3628 scr.
1648 3596 1707 3635 (15)
1731 3590 1914 3633 legaturius
1930 3589 1961 3620 F

1668 3639 1729 3678 (18)
1756 3648 1839 3669 anno
1848 3646 1883 3677 p.
1902 3634 1934 3666 C.
1947 3631 2015 3684 206

1774 3684 1836 3720 (20)
1861 3687 1955 3720 posse
1968 3688 2026 3709 ms.

1281 3697 1319 3718 eo
1332 3685 1390 3727 qui
1403 3685 1542 3717 donavit
1554 3686 1615 3719 ins.

1684 3730 1744 3764 (23)
1772 3728 1804 3757 et
1818 3725 1876 3756 ins.

1282 3732 1343 3771 (22)
1369 3730 1523 3772 precaria
1537 3730 1572 3762 F

2021 3775 2085 3808 40·
