2528 3918
195 113 284 157 XII
315 115 352 156 1.
369 114 395 154 2

198 235 291 271 ‘dari
308 233 471 270 kalendis
489 231 620 267 futuris
639 231 686 267 sti
711 230 831 266 ulatus
849 234 905 266 est
922 230 1071 266 Publius
1082 230 1244 265 Maevius
1257 230 1280 271 ¹,

196 279 387 326 ‘spopondi
460 287 481 313 o
512 276 648 312 Lucius
706 275 798 312 'tius.
834 275 866 311 si
896 274 979 311 die²
1007 285 1117 320 supra
1147 274 1219 309 scri
1244 278 1283 308 ta

197 329 349 361 ‘summa
367 323 446 358 Pub
462 322 495 357 ‘o
514 320 655 357 Maevio
674 320 750 357 eive
767 319 815 356 ad
856 330 937 356 uem
954 330 998 356 ea
1016 329 1074 354 res
1092 319 1230 364 pertine
1255 319 1284 353 it

198 370 298 405 ‘data
317 368 435 404 soluta
454 366 584 402 satisve
607 375 650 402 eo
673 365 816 401 nomine
853 368 974 401 actum
996 375 1070 399 non
1093 364 1172 406 erit,
1196 367 1283 399 tunc

198 420 254 450 ‘eo
278 413 439 479 amplaius,
464 421 534 456 quo
557 410 809 463 post-solvam,
832 419 971 455 poenae
994 408 1136 460 nomine
1153 408 1192 443 in
1210 408 1283 444 dies

198 463 509 548 13¹m²⁸³¹¹531>u¹132¹a²5
519 455 917 542 gssffittffltffi,
933 454 1114 551 {3332331
1128 463 1205 543 mago
1208 453 1285 550 “¹235

199 549 288 584 ‘cius
312 547 439 582 Titius.
475 545 710 591 convenitque
731 545 825 580 inter
848 554 932 586 nos,
956 547 1009 579 uti
1031 543 1121 589 pro⁴
1144 543 1284 578 Maevio

203 598 257 629 ‘ex
277 601 415 628 summa
434 601 545 637 supra
563 591 698 636 scripta
716 594 917 625 menstruos
937 588 1126 640 refundere
1138 587 1285 640 debeam

206 637 378 673 ‘denarios
410 641 575 672 trecenos
598 646 642 671 ex
665 635 762 671 omni
784 644 921 670 summa
943 633 975 668 ei
997 632 1161 668 heredive
1185 633 1285 668 eius.’

199 682 401 728 quaesitum
423 686 479 716 est
501 681 547 716 de
568 680 783 726 obligatione
805 688 1006 720 usurarum,
1030 678 1197 723 quoniam
1219 689 1286 712 nu-

199 737 318 763 merus
341 726 526 768 mensium,
550 726 611 771 qui
633 724 802 761 solutioni
825 723 1059 775 competebat,
1082 722 1284 758 transierat.

200 772 382 814 dicebam,
436 771 495 806 uia
524 775 634 816 pacta
663 770 700 805 in
723 768 921 805 continenti
943 767 1043 803 facta
1065 767 1287 813 stipulationi

199 818 318 853 inesse
348 826 388 853 cr
433 820 559 858 untur,
591 814 741 860 perinde
770 823 866 855 esse,
898 823 942 848 ac
972 813 1004 848 si
1032 823 1099 858 per
1130 812 1287 857 singulos

199 871 340 897 menses
372 865 507 896 certam
536 860 725 906 pecuniam
757 857 969 903 stipulatus,
1001 856 1121 903 quoad
1150 857 1287 893 tardius

200 907 320 942 soluta
353 910 465 948 esset,
498 915 627 941 usuras
660 903 866 939 adiecisset:
901 902 1008 948 igitur
1041 901 1141 938 finito
1171 902 1287 948 primo

202 960 323 987 mense
352 951 489 996 primae
518 949 698 996 pensionis
729 958 857 983 usuras
889 957 1032 983 currere
1062 951 1099 983 et
1128 947 1289 983 similiter

200 1000 285 1042 post
307 995 504 1031 secundum
527 999 564 1030 et
587 994 730 1030 tertium
753 996 909 1028 tractum
931 1002 1062 1028 usuras
1085 1003 1171 1045 non.
1190 992 1286 1028 solu-

200 1047 260 1077 tae
282 1041 455 1086 pecuniae
478 1039 658 1085 pensionis
683 1038 866 1074 crescere⁵
888 1047 954 1073 nec
978 1041 1062 1073 ante
1084 1041 1191 1073 sortis
1214 1047 1288 1073 non

201 1086 341 1122 solutae
370 1095 498 1121 usuras
527 1085 601 1129 peti
630 1093 737 1128 posse
792 1092 877 1117 uam
905 1082 986 1127 ipsa
1015 1093 1093 1118 sors
1125 1082 1200 1128 peti
1206 1092 1287 1162 dpo-

200 1136 331 1167 tuerat.
375 1134 520 1176 pactum
551 1133 671 1164 autem
702 1138 772 1173 quo
828 1127 1028 1163 subiectum
1059 1131 1114 1163 est
1144 1128 1204 1173 qui
1230 1137 1287 1162 am

201 1176 370 1212 dicebant
392 1175 438 1210 ad
461 1174 567 1210 sortis
591 1173 802 1209 solutionem
824 1175 964 1208 tantum
986 1173 1183 1218 pertinere,
1215 1183 1288 1207 non

203 1221 312 1257 etiam
334 1220 382 1255 ad
404 1229 611 1261 usurarum,
644 1228 736 1263 quae
758 1217 878 1263 priore
900 1221 1004 1263 parte
1024 1217 1230 1262 simpliciter
1250 1218 1288 1252 in

202 1265 466 1311 stipulationem
488 1263 667 1299 venissent
688 1267 904 1308 pactumque
926 1262 963 1298 id
985 1266 1126 1297 tantum
1149 1262 1196 1298 ad
1227 1272 1287 1298 ex-

202 1310 401 1355 ceptionem
431 1309 602 1355 prodesse
633 1313 669 1343 et
698 1307 778 1343 ideo
801 1318 875 1343 non
898 1307 1018 1343 soluta
1039 1308 1192 1352 pecunia
1214 1311 1286 1343 sta-

203 1355 290 1390 tutis
312 1354 543 1400 pensionibus
568 1363 611 1388 ex
634 1353 692 1388 die
723 1352 964 1398 stipulationis
994 1362 1123 1388 usuras
1155 1352 1287 1395 deberi,

202 1404 311 1445 atque
343 1399 374 1435 si
408 1399 445 1434 id
478 1398 684 1434 nominatim
719 1401 814 1433 esset
848 1407 1065 1443 expressum.
1109 1397 1173 1433 sed
1207 1408 1288 1434 cum

202 1445 308 1481 sortis
331 1444 455 1489 petitio
476 1443 586 1479 dilata
605 1443 662 1485 sit,
687 1452 908 1488 consequens
929 1446 994 1485 est,
1017 1446 1059 1478 ut
1077 1443 1183 1478 etiam
1202 1453 1286 1478 usu-

201 1500 264 1525 rae
288 1499 332 1524 ex
355 1500 397 1525 eo
421 1493 590 1533 tempore,
615 1498 685 1533 quo
703 1497 840 1523 moram
858 1487 956 1530 fecit,
981 1487 1164 1530 accedant,
1190 1491 1226 1523 et
1245 1487 1287 1530 si,

202 1538 244 1570 ut
275 1534 335 1570 ille
368 1534 538 1579 putabat,
573 1532 622 1568 ad
656 1533 900 1578 exceptionem
933 1537 1073 1568 tantum
1103 1533 1288 1578 prodesset

201 1583 347 1625 pactum
372 1578 543 1624 (quamvis
568 1577 745 1613 sententia
768 1577 908 1613 diversa
925 1578 1144 1623 optinuerit),
1167 1581 1287 1613 tamen

203 1634 393 1659 usurarum
416 1623 585 1668 obligatio
608 1623 687 1668 ipso
710 1623 787 1658 iure
818 1634 892 1658 non
923 1623 1183 1659 committetur:
1215 1634 1288 1659 non

201 1669 294 1704 enim
316 1668 355 1703 in
376 1677 478 1704 mora
501 1672 556 1703 est
577 1668 627 1710 is,
657 1678 680 1703 a
711 1678 782 1713 quo
814 1668 968 1713 pecunia
990 1672 1136 1713 propter
1159 1678 1287 1713 excep-

201 1714 334 1749 tionem
357 1713 432 1758 peti
453 1723 527 1748 iion
549 1716 681 1757 potest.
717 1712 805 1748 sed⁶
827 1712 1074 1758 quantitatem,
1122 1723 1192 1749 uae
1214 1724 1287 1748 me-

202 1758 260 1794 dio
284 1762 444 1803 tempore
467 1757 654 1802 colligitur,
679 1757 725 1792 sti
751 1757 908 1801 ulamur,
934 1768 1015 1793 cum
1039 1768 1107 1793 con
1135 1758 1201 1793 ‘cio
1226 1769 1286 1794 ex-

202 1803 341 1845 stiterit,
366 1803 459 1838 sicut
483 1806 537 1838 est
559 1802 597 1837 in
619 1801 729 1837 fructi
754 1813 814 1837 us:
838 1802 931 1838 idem
954 1803 1046 1838 etin
1066 1803 1185 1839 usuris
1220 1813 1286 1848 po-

199 1852 270 1883 test
287 1848 453 1892 exprimi,
484 1852 526 1882 ut
555 1846 602 1882 ad
633 1847 725 1882 diem
754 1857 828 1883 non
858 1848 977 1883 soluta
1006 1848 1161 1893 pecunia
1192 1850 1286 1901 quo⁷

202 1893 372 1938 competit
394 1903 584 1928 usurarum
606 1892 748 1927 nomine
771 1902 815 1927 ex
839 1892 896 1928 die
918 1892 1151 1938 interpositae
1173 1898 1286 1938 stipu-

202 1938 347 1973 lationis
370 1941 581 1982 praestetur.

204 2028 211 2035 .
248 1981 298 2021 41
326 1983 550 2035 Jimjcnajvs
566 1982 657 2017 libro
677 1985 802 2018 octavo
820 1983 1070 2035 quaestionum
1105 1982 1206 2025 Eius,
1227 1983 1287 2028 qui

200 2027 613 2108 {offiffifflssss‘ssssffl
626 2027 1286 2118 igfflassssssfflffopffl‘iffissfflg

201 2117 292 2153 liber
316 2120 352 2153 et
374 2128 418 2152 ex
439 2121 542 2162 parte
565 2117 669 2153 heres
693 2121 772 2153 erat
794 2117 967 2163 scriptus:
1001 2118 1062 2162 qui
1092 2121 1208 2154 status
1232 2118 1287 2154 sui

201 2162 347 2207 ignarus
370 2162 541 2207 pecunias
564 2161 726 2197 defuncti
748 2166 813 2198 aut
835 2162 951 2208 exegit
973 2166 1037 2198 aut
1060 2163 1221 2206 credidit,
1246 2168 1287 2198 ut

202 2207 380 2243 interdum
411 2207 456 2242 sti
483 2207 644 2242 ularetur
668 2211 703 2242 et
724 2207 873 2252 pignora
896 2207 1085 2253 acciperet.
1123 2208 1285 2244 consule-

203 2252 310 2287 batur
332 2251 416 2304 quid
464 2262 484 2287 e
506 2251 561 2287 his
580 2252 668 2288 iuris
687 2256 792 2288 esset.
826 2252 994 2298 placebat
1012 2252 1190 2289 debitores
1209 2254 1285 2305 qui-

202 2297 282 2332 dem
313 2307 346 2332 ei
376 2297 437 2342 qui
467 2297 655 2333 solvissent
684 2297 856 2333 liberatos
889 2307 986 2340 esse,
1021 2297 1052 2333 si
1082 2298 1186 2334 modo
1218 2298 1286 2343 ipsi

202 2352 344 2387 quoque
372 2342 597 2386 ignorassent
630 2341 811 2378 dominum
835 2342 1039 2378 decessisse.
1077 2353 1198 2378 earum
1222 2353 1284 2378 au-

202 2390 275 2422 tem
298 2396 514 2422 summarum
537 2387 696 2430 nomine,
727 2397 821 2432 quae
851 2387 898 2423 ad
922 2387 1083 2423 Stichum
1106 2388 1284 2433 pervenis-

202 2435 294 2473 sent,
317 2431 473 2467 familiae
493 2431 723 2468 erciscimdae
741 2431 883 2478 quidem
901 2432 1078 2468 actionem
1096 2443 1169 2468 non
1189 2443 1285 2468 com-

204 2480 325 2556 petere
358 2476 611 2519 coheredibus,
643 2476 706 2512 sed
739 2477 961 2529 negotiorum

228 2521 343 2557 ebere.
379 2532 468 2566 quas
491 2532 574 2557 vero
598 2521 769 2567 pecunias
792 2533 870 2567 ipse
889 2522 986 2558 credi
1013 2523 1020 2530 '
1041 2526 1108 2566 set,
1133 2533 1194 2558 eas
1213 2534 1286 2558 non

204 2576 248 2601 ex
270 2566 403 2601 maiore
434 2571 553 2611 parte,
586 2577 693 2612 quam
716 2578 760 2603 ex
782 2578 855 2612 qua
876 2567 954 2613 ipse
975 2567 1079 2603 heres
1103 2567 1167 2611 sit,
1200 2568 1285 2603 alie-

204 2614 308 2646 natas
339 2621 433 2646 esse:
466 2621 549 2646 nam
581 2616 617 2647 et
640 2612 671 2647 si
693 2612 759 2647 tibi
780 2612 818 2647 in
840 2613 910 2649 hoc
934 2612 1090 2648 dederim
1112 2623 1285 2655 nummos,

204 2659 245 2690 ut
279 2666 339 2691 eos
375 2655 495 2691 Sticho
532 2656 674 2699 credas,
706 2656 833 2693 deinde
862 2661 1003 2693 mortuo
1034 2668 1090 2693 me
1120 2658 1285 2703 ignorans

204 2699 364 2742 dederis,
399 2701 605 2745 accipientis
640 2712 714 2738 non
747 2701 878 2738 facies:
914 2713 1030 2748 neque
1065 2702 1158 2738 enim
1193 2703 1287 2738 sicut

203 2744 292 2779 illud
314 2749 496 2789 receptum
520 2750 592 2789 est,
615 2750 657 2782 ut
679 2746 856 2783 debitores
879 2748 1055 2783 solventes
1079 2747 1112 2783 ei
1133 2747 1284 2783 liberen-

204 2793 273 2830 tur,
297 2790 348 2824 ita
370 2789 439 2825 hoc
463 2801 602 2835 quoque
623 2794 818 2837 receptum,
840 2795 882 2828 ut
900 2792 1079 2828 credendo
1098 2793 1287 2828 ιιιιιιιιιιοε8

204 2834 387 2869 alienaret.
447 2845 533 2871 uare
556 2836 586 2871 si
609 2836 708 2871 nulla
730 2836 912 2882 stipulatio
935 2837 1199 2880 intervenisset,
1223 2848 1285 2873 ne-

204 2889 274 2923 que
297 2882 338 2913 ut
361 2846 528 2931 creditam
551 2882 739 2925 pecuniam
768 2893 834 2927 pro
865 2886 967 2927 parte
998 2882 1182 2918 coheredis
1213 2883 1286 2927 peti

204 2933 311 2968 posse
335 2934 448 2967 neque
471 2935 618 2968 plgnora
641 2926 763 2962 teneri.
808 2926 905 2972 quod
927 2927 959 2963 si
982 2927 1173 2972 stipulatus
1197 2938 1284 2972 quo-

205 2977 275 3013 que
297 2971 409 3020 esset,
441 2968 605 3020 referret,
639 2970 931 3015 quemadmodum
954 2972 1145 3017 stipulatus
1168 2976 1283 3008 esset:

204 3022 287 3064 nam
322 3022 352 3047 si
366 3014 589 3064 ‘nominatim
618 3014 712 3051 forte
743 3016 837 3052 Titio
869 3016 1011 3052 domino
1047 3027 1112 3052 suo
1143 3020 1284 3052 mortuo

204 3067 275 3092 iam
299 3056 378 3092 dari
399 3058 590 3101 stipulatus
613 3059 677 3101 sit,
734 3061 836 3097 rocul
867 3061 975 3097 dubio
998 3061 1170 3097 inutiliter
1193 3066 1286 3097 esset

204 3101 406 3147 stipulatus.
422 3102 537 3154 ‘quod
560 3103 591 3138 si
613 3104 681 3139 sibi
729 3106 782 3140 ari
805 3106 995 3152 stipulatus
1020 3110 1131 3149 esset,
1164 3106 1283 3142 dicen-

204 3145 289 3199 dum
310 3145 499 3182 hereditati
522 3157 601 3182 eum
625 3148 838 3194 adquisisse:
868 3151 963 3187 sicut
993 3151 1085 3187 enim
1110 3151 1285 3187 nobismet

204 3201 291 3236 ipsis
314 3201 359 3227 ex
381 3200 421 3226 re
443 3195 566 3226 nostra
588 3203 653 3237 per
676 3204 754 3236 eos,
781 3196 841 3240 qui
862 3195 964 3231 liberi
986 3195 1042 3231 vel
1064 3196 1172 3232 alieni
1193 3197 1283 3232 servi

204 3235 301 3272 bona
322 3235 392 3272 fide
415 3237 586 3288 serviant,
611 3237 836 3289 adquiratur,
859 3240 911 3275 ita
933 3239 1122 3276 hereditati
1144 3251 1213 3286 quo
1239 3251 1284 3276 ue

204 3291 250 3316 ex
271 3290 310 3316 re
331 3280 546 3332 hereditaria
569 3281 717 3327 adquiri.
760 3289 843 3328 post
865 3285 999 3321 aditam
1022 3295 1106 3321 vero
1130 3296 1154 3321 a
1176 3295 1219 3321 co
1246 3296 1282 3321 e·

203 3325 348 3362 redibus
370 3325 601 3361 hereditatem
624 3337 696 3362 non
720 3337 831 3373 aeque
854 3330 944 3365 idem
967 3330 1037 3366 dici
1059 3334 1189 3375 potest,
1212 3331 1282 3365 uti-

203 3380 273 3416 que
295 3370 327 3407 si
349 3370 494 3407 scierint
516 3380 595 3406 eum
618 3371 685 3407 sibi
709 3373 915 3410 coheredem
940 3374 1085 3418 datum,
1115 3375 1282 3421 quoniam

1017 2482 1174 2513 estorum
1209 2477 1286 2513 dari

203 3483 246 3523 (ι)
268 3482 416 3515 maevius
427 3481 566 3525 publius
577 3483 621 3516 F*

715 3485 758 3525 (2)
784 3495 886 3526 supra
897 3487 1025 3529 scripta
1037 3489 1098 3521 ins.
1112 3487 1282 3532 Bynkers-

203 3527 286 3560 heah
383 3528 426 3569 (³)
451 3528 671 3580 tricenos-scr.

777 3531 819 3570 (4)
842 3532 915 3571 pro]
930 3531 1053 3564 Publio
1068 3533 1158 3566 den..·
1168 3533 1229 3566 sed
1238 3539 1284 3566 to-

203 3578 268 3606 tum
286 3584 406 3606 eomes
424 3582 486 3614 pro
498 3572 630 3605 Manno
650 3582 691 3605 ex
709 3583 837 3606 summa
858 3585 960 3616 supra
972 3577 1100 3619 scripta
1113 3577 1293 3611 insiticiam'

202 3617 248 3657 (5)
271 3616 383 3650 usuris
395 3627 428 3649 n.
441 3627 467 3650 s.
480 3627 514 3661 p.
527 3617 703 3660 pensiones
715 3628 861 3651 crescere
868 3631 931 3654 scr.

202 3663 247 3700 (7)
271 3661 361 3704 quod
373 3662 448 3696 deu.
528 3664 572 3704 (g)
596 3673 732 3696 nummo
743 3662 789 3696 F*
987 3622 1031 3662 (⁶)
1056 3619 1127 3665 Βθᾱ]
1138 3632 1205 3654 nisi
1219 3635 1285 3657 scr,

1276 103 1358 152 162

306 3706 315 3714 ·
331 3706 340 3714 ·
437 3708 445 3716 .
678 3709 686 3716 ·
869 3665 914 3705 (⁹)
939 3663 1106 3699 dominica
1119 3666 1286 3700 coleretur
1352 3669 1410 3720 (²³)
1436 3667 1483 3717 esd
1495 3671 1511 3706 5
1525 3673 1542 3701 3
1556 3669 1599 3711 es.
1614 3665 1793 3701 Marcellus
1805 3667 1850 3701 I).
1865 3668 1919 3707 37,
1934 3675 1977 3706 ιι),
1991 3675 2024 3702 ¹0

200 3703 316 3738 doben
330 3706 418 3739 idem
430 3719 490 3741 ms.
503 3707 567 3748 F·‚
581 3707 697 3741 delevit
709 3720 746 3740 m.
761 3708 891 3741 eadem:
903 3721 987 3750 quae
1000 3711 1083 3744 unde
1090 3712 1197 3755 petita
1207 3712 1283 3754 sint,
1352 3723 1411 3746 ins-
1425 3713 1483 3756 (qfi
1495 3711 1541 3745 D.
1555 3712 1609 3752 28,
1624 3719 1651 3752 ¹1,
1662 3719 1679 3746 8
1688 3714 1757 3755 pra)

2370 125 2437 158 DE

1350 232 1437 265 tunc
1460 238 1533 264 non
1555 233 1708 275 possunt
1729 230 1842 267 videri
1862 230 1980 267 bonae
2002 230 2086 267 fidei
2103 241 2327 276 possessores
2347 244 2436 280 esse,

1351 273 1412 319 qui
1434 283 1502 309 nec
1524 273 1730 319 possidendi
1759 275 1915 311 animum
1945 276 2129 312 haberent.
2165 277 2260 322 quod
2290 278 2321 314 si
2351 290 2435 325 pro-

1350 322 1507 364 ponatur
1529 318 1721 355 coheredes
1744 320 1820 357 eius
1842 320 1881 356 id
1901 320 2103 365 ignorasse,
2135 321 2231 367 quod
2251 321 2346 359 forte
2367 324 2436 370 ipsi

1352 372 1493 408 quoque
1516 373 1561 399 ex
1582 365 1796 401 necessariis
1818 364 1962 408 fuerint,
1986 369 2106 411 potest
2128 365 2247 403 adhuc
2268 367 2361 404 idem
2379 379 2436 406 re·

1352 407 1539 453 sponderi:
1572 419 1642 461 quo
1655 409 1807 461 ‚quidem
1830 420 1918 446 casu
1940 410 2027 445 illud
2059 414 2284 456 eventurum,
2315 417 2374 456 ut,

1353 463 1442 488 suae
1464 452 1710 490 condicionis⁹
1733 454 1925 491 coheredes
1947 455 2015 490 iste
2046 465 2169 491 servus
2200 456 2351 501 habeat,
2381 458 2438 494 in-

1352 498 1466 533 vicem
1489 498 1586 533 bona
1607 497 1678 534 fide
1700 500 1832 535 servire
1854 499 2053 536 videantur.

1399 540 1455 580 42
1482 542 1627 579 Casus
1654 543 1745 580 libro
1775 548 1880 580 sexto
1906 546 2124 591 diqestorum
2137 546 2165 567 ¹⁰
2211 546 2249 581 Si
2279 556 2344 593 ego
2376 547 2437 584 de-

1356 598 1432 623 cem
1450 588 1642 633 stipulatus
1655 598 1678 624 a
1689 588 1783 626 Titio
1803 589 1970 635 deinceps
1990 590 2139 635 stipuler
2157 589 2282 634 aSeio,
2302 596 2439 644 quanto

1355 632 1471 668 minus
1494 642 1517 668 a
1540 633 1635 668 Titio
1667 643 1755 670 cons
1800 635 1838 670 ui
1868 634 2020 680 possim:
2052 635 2083 670 si
2114 634 2235 671 decem
2257 640 2391 681 petiero
2415 648 2438 673 a

1356 678 1463 720 Titio,
1486 688 1560 714 non
1581 644 1889 730 liberamegeius,
1914 679 2071 724 alioquin
2093 680 2330 727 nequicquam
2352 682 2437 720 mihi

1357 727 1521 758 cavetur:
1553 726 1592 758 at
1622 733 1654 758 si
1682 723 1880 760 iudicatum
1910 723 2037 760 fecerit
2060 724 2194 768 Titius,
2226 725 2314 761 nihil
2344 727 2436 766 ultra

1357 767 1458 803 Seius
1489 767 1678 803 tenebitur.
1714 769 1777 805 sed
1807 770 1839 804 si
1869 779 1950 805 cum
1981 768 2062 805 Seio
2094 779 2216 815 egero,
2248 775 2437 815 quantum-

1357 823 1509 858 cumque
1539 815 1594 849 est
1623 823 1693 858 quo
1725 814 1842 849 minus
1873 824 1896 849 a
1918 813 2014 850 Titio
2046 814 2184 894 exigere
2213 819 2362 861 potuero
2394 827 2436 853 eo

1356 862 1534 903 tempore,
1565 868 1636 903 quo
1666 858 1836 894 iudicium
1858 858 1950 895 inter
1971 868 2029 894 me
2052 869 2071 895 e
2136 859 2228 895 eiuin
2251 865 2438 907 acceptum

1359 905 1375 937 1
1424 907 1490 943 est,
1509 906 1610 938 tanto
1629 903 1745 940 minus
1763 914 1786 939 a
1797 903 1892 940 Titio
1904 907 2030 948 postea
2040 907 2163 949 petere
2173 915 2329 950 possum.
2365 906 2437 942 La-

1355 947 1423 983 beo
1448 948 1510 990 ait,
1535 958 1616 984 cuin
1638 948 1761 984 decem
1784 948 1862 984 dari
1885 948 2042 984 curari¹¹
2064 949 2255 1002 stipulatus
2274 951 2334 994 sis,
2357 951 2438 987 ideo

1356 1003 1429 1027 non
1449 1002 1557 1038 posse
1586 996 1623 1028 te
1652 992 1775 1029 decem
1806 993 1893 1029 dare
1923 997 2087 1039 oportere
2116 994 2319 1040 intendere,
2355 996 2439 1042 quia

1357 1037 1464 1073 etiam
1492 1047 1594 1074 reum
1622 1038 1890 1083 locupletiorem
1922 1038 2040 1074 dando
2071 1040 2267 1084 promissor
2296 1040 2439 1077 liberari

1356 1082 1486 1128 possit:
1512 1093 1582 1128 quo
1606 1083 1744 1119 scilicet
1761 1083 1938 1128 significat
1955 1094 2028 1119 non
2047 1093 2125 1120 esse
2144 1095 2186 1120 co
2210 1085 2340 1122 endum
2359 1096 2439 1122 eum

1356 1128 1520 1173 accipere
1542 1127 1722 1171 iudicium,
1746 1129 1776 1164 si
1799 1139 1897 1164 reum
1921 1128 2134 1174 locupletem
2158 1140 2178 1166 o
2207 1133 2294 1166 erat.

1849 1265 1939 1304 11¹².

1356 1330 1417 1363 DE
1441 1330 1758 1363 IUREIUBANDO
1784 1331 1888 1364 SIVE
1911 1330 2203 1365 VOLUNTARIO
2228 1332 2331 1366 SIVE
2356 1334 2440 1367 NE·

1595 1374 1810 1408 GESSARIO
1835 1376 1939 1410 SIVE
1963 1375 2196 1409 IUDICIALI.

1405 1439 1423 1478 1
1455 1441 1578 1478 Gams
1593 1441 1685 1478 libro
1705 1443 1830 1488 quinto
1842 1443 2054 1479 adedictum
2061 1443 2288 1497 provinciale
2320 1444 2439 1480 Maxi·

1356 1497 1452 1521 mum
1482 1487 1674 1522 remedium
1699 1487 1998 1533 expediendarum
2020 1488 2135 1524 litium
2156 1488 2195 1524 in
2217 1499 2322 1524 usum
2345 1490 2440 1526 venit

1355 1531 1584 1567 iurisiurandi
1607 1532 1739 1577 religio,
1765 1543 1837 1578 qua
1858 1533 1913 1568 vel
1937 1544 1981 1568 ex
2003 1533 2169 1578 pactione
2190 1533 2346 1579 ipsorum
2369 1535 2440 1570 liti-

1355 1579 1518 1629 gatorum
1540 1577 1596 1613 vel
1620 1587 1665 1612 ex
1687 1578 1900 1613 auctoritate
1919 1578 2046 1613 iudicis
2067 1578 2278 1614 deciduntur
2297 1584 2439 1616 contro·

1355 1631 1502 1657 versiae.

1402 1664 1428 1703 2
1451 1666 1612 1703 PAULUS
1639 1667 1729 1703 libro
1761 1670 1885 1704 octavo
1917 1668 2053 1704 decimo
2084 1668 2134 1704 ad
2163 1668 2315 1704 edictum
2360 1669 2438 1705 Ius·

1355 1711 1545 1748 iurandum
1568 1712 1723 1757 speciem
1745 1713 1996 1748 transactionis
2022 1713 2180 1749 continet
2201 1715 2442 1760 maioremque

1355 1757 1466 1793 habet
1487 1757 1739 1793 auctoritatem
1762 1768 1868 1803 quam
1890 1768 1947 1794 res
1971 1757 2137 1794 iudicata.

1402 1799 1426 1840 3
1459 1801 1654 1838 Uzmws
1673 1802 1764 1838 libro
1787 1803 1977 1839 vicensimo
1999 1803 2156 1840 secundo
2180 1803 2230 1838 ad
2247 1803 2398 1839 edictum
2413 1804 2440 1826 ¹³

1355 1847 1417 1882 Ait
1439 1850 1602 1893 praetor:
1628 1847 1679 1883 ‘Si
1700 1847 1731 1883 is
1756 1858 1836 1883 cum
1859 1858 1929 1894 quo
1951 1852 2075 1894 agetur
2094 1847 2302 1884 condicione
2321 1848 2440 1884 delata

1356 1892 1557 1935 ‘iuraveritss
1594 1903 1676 1929 eum
1707 1902 1789 1928 cum
1820 1903 1890 1938 quo
1922 1897 2047 1938 agetur
2077 1893 2240 1946 accipere
2270 1893 2440 1929 debemus

1354 1938 1471 1983 ipsum
1493 1948 1605 1973 reum.
1636 1947 1703 1974 nec
1722 1937 1858 1973 frustra
1877 1938 2031 1974 adicitur
2049 1938 2270 1975 ‘condicione
2290 1938 2438 1974 delata':

1355 1993 1437 2018 nam
1461 1982 1491 2018 si
1513 1992 1596 2018 reus
1618 1982 1748 2018 iuravit
1770 1983 1909 2019 nemine
1932 1983 1964 2019 ei
1982 1983 2227 2019 iusiurandum
2246 1983 2440 2026 deferente,

1354 2031 1499 2073 praetor
1520 2027 1558 2063 id
1579 2027 1825 2063 iusiurandum
1847 2039 1919 2064 non
1942 2029 2118 2064 tuebitur:
2142 2028 2209 2064 sibi
2230 2028 2323 2064 enim
2342 2029 2439 2064 iura·

1354 2074 1422 2109 vit:
1447 2072 1606 2118 alioquin
1628 2072 1817 2109 facillimus
1860 2074 1985 2119 uisque
1999 2075 2026 2095 ¹⁴
2049 2073 2096 2109 ad
2113 2073 2358 2109 iusiurandum
2377 2073 2438 2110 de-

1355 2128 1502 2154 currens
1534 2117 1674 2154 nemine
1704 2118 1772 2153 sibi
1803 2118 1846 2153 de
1863 2122 1983 2154 erente
2005 2119 2250 2154 iusiurandum
2273 2118 2440 2155 oneribus

1358 2166 1372 2198 1
1423 2163 1605 2200 actionum
1628 2173 1668 2199 se
1690 2163 1865 2199 liberabit.
1912 2162 2070 2207 Quacum
2097 2173 2142 2199 ue
2161 2167 2279 2199 autem
2298 2164 2441 2200 actione

1379 2208 1434 2244 uis
1459 2208 1706 2250 conveniatur,
1738 2208 1769 2243 si
1791 2208 1976 2251 iuraverit,
2007 2220 2072 2254 pro
2100 2209 2170 2244 ciet
2200 2209 2232 2244 ei
2261 2209 2438 2244 iusiuran-

1355 2220 1458 2296 dum,
1490 2252 1563 2288 sive
1592 2253 1630 2288 in
1660 2263 1849 2298 personam
1881 2253 1953 2289 sive
1983 2253 2021 2289 in
2049 2264 2123 2289 rein
2147 2254 2219 2289 sive
2241 2253 2277 2289 in
2302 2253 2438 2289 factum

1355 2299 1427 2337 sive
1449 2297 1592 2343 poenali
1622 2298 1763 2333 actione
1793 2298 1847 2334 vel
1901 2298 1998 2334 uavis
2029 2299 2100 2334 alia
2131 2302 2259 2344 agatur
2290 2299 2363 2334 sive
2394 2298 2440 2334 de

1354 2346 1374 2379 2
1420 2342 1620 2379 interdicto.
1668 2342 1738 2378 Sed
1761 2346 1797 2378 et
1819 2343 1850 2378 si
1896 2353 1916 2378 e
1940 2343 2148 2379 condicione
2166 2353 2341 2388 personae
2360 2343 2437 2379 fue·

1354 2389 1400 2423 rit
1421 2388 1596 2430 iuratum,
1627 2391 1772 2433 praetor
1793 2387 2040 2424 iusiurandum
2070 2389 2246 2424 tuebitur:
2278 2392 2319 2423 ut
2350 2393 2439 2434 puta

1355 2433 1464 2469 detuli
1486 2432 1732 2468 iusiurandum
1757 2436 1792 2468 et
1814 2432 1939 2468 iurasti
1961 2433 1998 2468 in
2018 2436 2196 2478 potestate
2213 2443 2293 2468 mea
2311 2438 2347 2468 te
2366 2444 2438 2469 non

1355 2481 1374 2513 3
1423 2488 1519 2513 esse:
1545 2477 1716 2513 tuendum
1740 2477 1806 2513 erit
1827 2478 2083 2513 iusiurandum.
2121 2477 2223 2514 Unde
2245 2478 2438 2514 Marcellus

1354 2523 1478 2558 scribit
1500 2522 1607 2558 etiam
1631 2523 1675 2558 de
1698 2533 1740 2558 eo
1763 2522 1875 2558 iurari
1893 2533 2010 2568 posse,
2035 2533 2082 2558 an
2101 2532 2276 2568 praegnas
2296 2523 2342 2558 sit
2360 2534 2437 2558 mu-

1353 2568 1418 2603 lier
1440 2567 1494 2603 vel
1517 2578 1590 2603 non
1613 2568 1669 2610 sit,
1695 2571 1730 2603 et
1751 2567 1969 2603 iuriiurando
1994 2568 2178 2603 standum:
2203 2568 2354 2613 denique
2376 2568 2438 2610 ait,

1354 2613 1384 2648 si
1407 2613 1451 2648 de
1474 2613 1700 2658 possessione
1724 2616 1801 2647 erat
1823 2613 2003 2658 quaestio,
2035 2613 2169 2649 servari
2192 2616 2374 2658 oportere,
2407 2613 2438 2649 si

1353 2658 1447 2693 forte
1478 2657 1581 2702 quasi
1611 2668 1785 2703 praegnas
1809 2657 1860 2693 ire
1882 2658 1920 2692 in
1943 2658 2202 2710 possessionem
2225 2657 2367 2693 volebat
2390 2661 2437 2701 et,

1355 2714 1435 2738 cum
1458 2703 1492 2738 ei
1515 2702 1839 2745 contradiceretur,
1871 2703 1927 2738 vel
1949 2713 2028 2748 ipsa
2050 2702 2179 2738 iuravit
2201 2713 2240 2738 se
2262 2713 2436 2755 praegna-

1353 2753 1426 2783 tem
1448 2747 1503 2783 vel
1527 2751 1651 2783 contra
1673 2758 1751 2783 eam
1773 2747 1929 2783 iuratum
1952 2750 2024 2783 est:
2047 2758 2130 2783 nam
2153 2747 2184 2783 si
2202 2748 2292 2792 ipsa,
2315 2748 2382 2783 ibit
2399 2748 2436 2783 in

1354 2792 1616 2838 possessionem
1646 2791 1723 2828 sine
1756 2796 1871 2835 metu,
1907 2792 1939 2828 si
1968 2796 2094 2828 contra
2127 2802 2222 2836 eam,
2257 2803 2329 2829 non
2359 2792 2436 2835 ibit,

1354 2837 1513 2917 ffiiamvis
1548 2847 1629 2873 vere
1661 2847 1838 2890 praegnas
1866 2836 1998 2889 fuerit:
2041 2837 2288 2883 proderitque,
2322 2837 2438 2882 inquit

1394 2882 1560 2925 arcellus,
1584 2882 1723 2918 mulieri
1745 2885 1877 2918 iuranti
1898 2882 2153 2925 iusiurandum,
2177 2893 2224 2918 ne
2247 2882 2435 2918 convenia·

1354 2932 1412 2962 tur
1442 2927 1545 2973 quasi
1575 2927 1773 2963 calumniae
1803 2937 1913 2962 causa
1942 2927 2074 2963 ventris
2106 2928 2247 2963 nomine
2268 2926 2377 2965 fuerit
2398 2927 2435 2963 in

1353 2972 1613 3017 possessionem
1643 2982 1731 3008 neve
1761 2971 1831 3007 vim
1860 2971 2018 3016 patiatur
2040 2972 2077 3007 in
2101 2972 2334 3017 possessione.
2371 2971 2435 3008 sed

1353 3028 1400 3052 an
1422 3016 1669 3052 iusiurandum
1692 3027 1734 3052 eo
1757 3026 1871 3062 usque
1893 3017 2016 3062 prosit,
2041 3020 2082 3052 ut
2099 3021 2182 3062 post
2201 3017 2331 3052 editum
2351 3026 2434 3062 par·

1352 3066 1428 3097 tum
1450 3072 1523 3097 non
1554 3065 1766 3107 quaeratur,
1797 3071 1841 3096 ex
1873 3071 1915 3097 eo
1947 3061 2061 3097 editus
2092 3062 2139 3097 sit
2151 3062 2179 3084 ¹⁵
2209 3071 2257 3097 an
2287 3072 2359 3097 non
2389 3061 2436 3097 sit

1353 3106 1454 3142 cuius
1479 3116 1557 3142 esse
1580 3106 1730 3149 dicitur,
1762 3106 1957 3142 Marcellus
1979 3110 2130 3142 tractat:
2163 3110 2199 3142 et
2231 3107 2283 3142 ait
2305 3106 2434 3142 verita·

1353 3155 1423 3187 tem
1447 3161 1526 3187 esse
1548 3151 1797 3197 quaerendam,
1822 3151 1906 3196 quia
1928 3151 2173 3186 iusiurandum
2195 3151 2298 3187 alteri
2320 3160 2437 3196 neque

1351 3196 1499 3241 prodest
1522 3206 1637 3241 neque
1659 3199 1782 3232 nocet:
1807 3196 1930 3231 matris
1954 3196 2060 3241 igitur
2082 3195 2327 3231 iusiurandum
2351 3206 2434 3248 par-

1351 3242 1403 3276 tui
1427 3252 1499 3277 non
1521 3241 1701 3287 proficiet:
1732 3251 1799 3277 nec
1831 3241 1992 3283 nocebit,
2022 3241 2054 3276 si
2075 3244 2189 3276 mater
2211 3241 2376 3277 detulerit
2398 3245 2436 3276 et

1351 3289 1372 3321 4
1417 3286 1553 3321 iuretur
1584 3297 1628 3322 ex
1659 3295 1700 3322 eo
1731 3295 1915 3338 praegnas·
1939 3296 2011 3321 non
2042 3295 2130 3321 esse.
2178 3285 2291 3321 Iurari
2314 3290 2434 3338 autem

1350 3330 2291 3421 issssffit&effissffliffssrssfssfsse‘ssusshffoe‘mmm
2307 3340 2433 3411 1353&

1353 3490 1493 3522 nescitur
1550 3495 1610 3528 uo)
1625 3489 1700 3527 ads
1715 3490 1785 3540 ¹⁶s·
1802 3488 1965 3531 lupianus
1978 3489 2023 3521 D.
2039 3490 2092 3528 45,
2106 3495 2131 3528 ι,
2145 3496 2191 3529 ιτ,
2204 3496 2218 3523 ι
2290 3490 2344 3528 (ιι)
2358 3487 2431 3520 dari

1351 3533 1476 3574 curari]
1489 3532 1563 3566 dari
1574 3532 1638 3573 F’,
1651 3543 1762 3566 curari
1774 3532 1837 3566 F':
1850 3534 1892 3576 es:
1907 3533 1951 3566 D.
1966 3535 2021 3573 45,
2035 3541 2058 3573 ι,
2073 3540 2108 3567 67

1397 3579 1456 3618 (12)
1479 3578 1545 3611 Ed
1560 3585 1650 3612 ι...ιι.
1671 3579 1919 3612 ¹³...17.2o...22.
1934 3585 2054 3613 2⁶...2s.
2069 3584 2196 3617 somn:
2218 3577 2299 3611 Sab.
2321 3583 2364 3612 ιι.
2385 3583 2428 3611 is.

1351 3628 1395 3656 ιο.
1409 3629 1529 3656 ηψπ.
1542 3629 1663 3662 samm
1677 3622 1763 3666 Pap.
1777 3629 1825 3657 ιο.
1836 3629 1883 3656 ⁴2.
1895 3641 1938 3647 —
1951 3623 2036 3656 Bas.
2052 3623 2105 3662 22,
2120 3631 2146 3657 s.
2160 3640 2205 3647 —
2219 3623 2272 3666 Cf.
2290 3621 2367 3656 θοαί.
2382 3623 2427 3661 4,ι

2116 3668 2174 3710 (ιι)
2197 3667 2240 3700 ad
2253 3665 2429 3700 iurandum

1850 3713 1908 3752 (15)
1933 3712 1978 3744 sit
1991 3725 2050 3746 om.
2065 3711 2105 3744 Γ·
