2528 3918
193 113 401 156 XXXXV
435 117 452 155 1

243 231 320 272 123
359 234 623 270 wammam
658 234 748 270 libro
780 236 906 282 primo
937 236 1182 282 definitionum
1235 236 1274 272 Si

192 279 319 325 flagitii
338 278 492 315 faciendi
511 279 565 314 vel
583 279 671 315 facti
691 290 801 316 causa
821 286 996 327 concepta
1015 281 1062 317 sit
1081 281 1273 327 stipulatio,

194 325 239 360 ab
263 324 364 359 initio
388 334 460 360 non
483 324 587 359 valet.

243 367 322 406 124
355 368 461 404 Imm
496 369 586 405 libro
617 370 774 405 secundo
806 367 1053 416 definitionum
1107 370 1275 406 ‘Insulam

197 415 299 450 'intra
327 413 509 449 biennium
538 413 599 450 illo
628 413 708 450 loco
742 414 923 450 aedificari
956 415 1109 460 spondes
1118 415 1146 450 “?’
1193 420 1276 451 ante

194 459 301 494 finem
339 458 472 494 biennii
508 458 690 504 stipulatio
729 470 801 495 non
834 460 1082 503 committitur,
1117 461 1275 506 quamvis

194 514 276 540 reus
301 502 530 550 promittendi
560 514 633 539 non
656 504 896 540 aedificaverit
919 509 955 540 et
984 509 1123 540 tantum
1145 505 1277 541 residui

193 548 363 595 temporis
383 547 439 592 sit,
464 559 534 594 quo
553 547 754 585 aedificium
779 550 896 585 extrui
913 559 985 585 non
1008 551 1138 595 possit:
1162 559 1276 594 neque

194 594 287 630 enim
310 592 548 638 stipulationis
567 596 693 636 status,
719 594 819 629 cuius
845 594 918 629 dies
938 599 1055 630 certus
1073 595 1112 630 in
1133 594 1276 630 exordio

193 638 272 681 fuit,
297 648 340 674 ex
362 641 446 690 post
468 638 565 674 facto
589 642 757 674 mutatur.
797 639 904 684 idque
927 642 964 674 et
986 639 1024 674 in
1046 639 1277 685 stipulatione

194 683 323 719 iudicio
354 682 503 719 s1stendi
527 693 637 719 causa
658 683 756 719 facta
779 684 934 728 placuit,
964 684 1100 720 scilicet
1122 689 1163 720 ut
1193 689 1276 720 ante

196 728 288 764 diem
305 727 488 773 stipulatio
507 739 579 764 non
597 729 848 770 committatur,
871 728 925 764 ²si
943 732 1078 764 certum
1096 739 1175 766 esse
1194 740 1275 765 coe-

197 773 289 819 perit
338 783 439 808 arere
463 772 686 818 stipulationi
715 773 858 809 residuo
881 778 1041 819 tempore
1064 785 1135 810 non
1159 784 1275 820 posse.

243 784 335 855 123
347 817 402 853 ΡΑ
410 827 504 853 ULUS
524 818 615 854 libro
639 818 795 854 secundo
844 820 1067 854 uaestionum
1103 819 1192 855 Cum
1213 820 1275 854 sti-

193 863 360 908 pulamur
397 862 579 908 ‘quidquid
619 867 655 898 te
694 862 781 898 dare
841 873 945 899 acere
980 865 1145 909 oportet',
1190 864 1276 899 nihil

194 907 292 943 aliud
323 908 359 943 in
395 908 441 943 sti
467 908 661 943 ulationem
693 907 881 943 deducitur
911 919 1017 954 quam
1046 909 1142 954 quod
1171 919 1275 955 prae-

194 953 286 1033 ιεἰθιιιί
315 952 371 988 die
401 919 565 988 defletur:
602 953 669 987 hoc
701 953 795 988 enim
826 953 941 989 solum
971 954 1060 989 haec
1092 953 1275 1000 stipulatio

218 1002 424 1033 emonstrat.

242 1040 322 1080 126
347 1042 453 1077 IDEM
481 1042 571 1078 libro
595 1042 699 1077 tertio
732 1043 981 1088 quaestionum
1029 1043 1067 1079 Si
1087 1043 1140 1079 ita
1163 1044 1275 1090 stipu-

194 1087 287 1123 latus
312 1087 428 1122 fuero:
461 1087 510 1122 ‘Si
534 1087 648 1122 Titius
679 1087 805 1122 consul
827 1088 945 1123 factus
968 1088 1092 1132 fuerit,
1122 1092 1210 1124 tunc
1234 1099 1276 1124 ex

194 1132 274 1168 ‘hac
298 1132 355 1167 die
377 1132 414 1166 in
438 1142 549 1167 annos
574 1132 730 1176 singulos
755 1132 846 1167 dena
866 1133 952 1168 dare
970 1134 1172 1179 spondes?',
1195 1138 1278 1180 post

193 1177 384 1213 triennium
416 1176 622 1212 condicione
662 1177 836 1213 existente
870 1178 1016 1223 triginta
1048 1179 1122 1224 peti
1150 1183 1275 1224 potue-

197 1225 210 1256 1
260 1226 346 1257 runt
356 1223 379 1256 ³.
429 1221 543 1256 Titius
583 1232 605 1256 a
641 1221 780 1257 Maevio
817 1222 968 1257 fundum
1008 1223 1167 1259 detracto
1209 1235 1276 1259 usu

193 1266 314 1302 fructu
351 1266 542 1311 stipulatus
582 1270 637 1302 est
673 1271 709 1302 et
745 1267 791 1303 ab
828 1268 952 1303 eodem
988 1268 1145 1304 eiusdem
1175 1268 1277 1304 fundi

195 1323 299 1347 usum
321 1311 495 1346 fructum:
527 1310 619 1347 duae
644 1316 727 1347 sunt
751 1313 997 1358 stipulationes
1021 1318 1057 1349 et
1085 1315 1199 1349 minus
1224 1318 1278 1349 est

192 1357 230 1391 in
254 1367 295 1392 eo
320 1367 387 1391 usu
410 1356 548 1399 fructu,
585 1367 689 1401 quem
713 1367 778 1402 per
801 1368 839 1393 se
863 1358 942 1403 quis
964 1359 1139 1403 promisit,
1171 1369 1276 1412 quam

192 1402 229 1436 in
253 1412 311 1444 eo,
345 1401 404 1445 qui
435 1411 500 1446 pro
527 1401 690 1437 rietatem
722 1402 920 1438 comitatur.
975 1404 1127 1448 denique
1156 1414 1188 1439 sl
1216 1404 1276 1439 ille

193 1457 297 1482 usum
320 1445 476 1481 fructum
525 1446 638 1481 ederit
660 1457 811 1493 eumque
834 1448 1025 1493 stipulator
1046 1459 1119 1484 non
1143 1448 1275 1484 utendo

193 1491 360 1533 amiserit,
385 1490 558 1526 tradendo
603 1495 703 1527 ostea
721 1491 871 1528 fundum
890 1493 1051 1529 detracto
1070 1504 1138 1529 usu
1156 1493 1275 1529 fructu

193 1536 413 1571 liberabitur.
448 1546 522 1571 non
544 1503 637 1571 idgm
656 1537 827 1583 contingit
850 1538 892 1580 ei,
918 1538 979 1584 qui
1001 1538 1152 1574 fundum
1170 1539 1275 1584 pleno

192 1581 270 1616 iure
293 1581 456 1627 promisit
480 1584 516 1617 et
539 1592 642 1617 usum
672 1581 827 1618 fructum
851 1583 962 1627 dedit,
996 1583 1122 1619 deinde
1146 1584 1275 1620 amisso

194 1637 237 1662 eo
261 1626 516 1672 proprietatem
540 1627 616 1662 sine
639 1638 707 1662 usu
729 1627 850 1663 fructu
873 1629 1037 1665 tradidit:
1062 1629 1123 1665 ille
1145 1629 1274 1664 libera-

193 1676 254 1707 tus
289 1675 344 1707 est
374 1670 492 1707 dando
522 1682 627 1707 usum
649 1673 825 1715 fructum,
856 1673 915 1708 hic
937 1674 1037 1709 nulla
1059 1678 1163 1721 parte
1186 1674 1274 1710 obli-

192 1716 345 1761 gationis
369 1720 603 1759 exoneratur,
629 1717 696 1753 nisi
717 1718 824 1763 pleno
847 1718 924 1754 iure
946 1718 1097 1754 fundum
1121 1719 1277 1755 effecerit

194 1765 214 1796 2
261 1761 494 1806 stipulatoris.
543 1761 807 1808 ‘Chrysogonus
831 1763 947 1798 Flavii
971 1764 1122 1800 Candidi
1153 1774 1275 1800 servus

193 1810 306 1842 ‘actor
340 1805 483 1852 scripsit
493 1807 518 1848 ⁴,
554 1817 673 1842 coram
714 1808 960 1844 subscribente
995 1813 1031 1844 et
1065 1809 1276 1855 adsignante

193 1851 347 1887 ‘domino
365 1861 456 1893 meo,
481 1861 567 1887 acce
593 1851 663 1888 isse
684 1862 764 1888 eum
784 1863 807 1888 a
825 1853 916 1889 Iulio
934 1854 1040 1895 Zosa,
1058 1854 1135 1890 ¹'rem
1152 1858 1277 1899 agente

194 1896 287 1931 ‘Iulii
310 1895 531 1941 Quintilliani
554 1863 722 1940 azsentis,
745 1902 871 1933 mutua
891 1898 1038 1934 denaria
1053 1899 1160 1935 mille.
1186 1909 1275 1945 qua<

195 1941 284 1976 ‘dari
301 1940 531 1986 Quintilliano
555 1942 720 1977 heredive
745 1944 831 1986 eius,
856 1944 903 1979 ad
926 1954 1030 1989 quem
1054 1954 1096 1980 ea
1118 1955 1176 1981 res
1194 1955 1275 1991 per-

194 1986 351 2028 ‘tinebit‚
384 1986 546 2022 kalendis
569 1987 847 2032 Novembribus,
873 2000 964 2034 quae
985 1990 1170 2034 proximae
1194 1994 1277 2025 sunt

193 2031 363 2074 ‘futurae‚
396 2030 587 2076 stipulatus
612 2036 666 2068 est
689 2033 802 2069 Zosas
832 2033 981 2070 libertus
1005 2039 1042 2070 et
1071 2045 1145 2070 rem
1169 2045 1276 2081 agens

193 2075 438 2121 ‘Quintilliani‚
463 2077 657 2129 spopondit
675 2077 855 2114 Candidus
880 2079 1041 2115 dominus
1065 2090 1176 2116 meus.
1210 2081 1276 2115 sub

194 2122 261 2156 ‘die
293 2131 403 2166 supra
434 2126 569 2167 scripta
607 2122 637 2157 si
667 2123 755 2158 satis
785 2133 826 2158 eo
867 2125 1007 2160 nomine
1038 2125 1173 2160 factum
1204 2136 1276 2160 non

193 2166 291 2208 ‘erit,
334 2169 420 2201 tunc
456 2177 526 2210 quo
559 2170 643 2212 post
677 2168 834 2203 solvetur
843 2169 866 2212 ⁵,
909 2180 1098 2204 usurarum
1135 2170 1276 2206 nomine

193 2210 374 2250 ‘denarios
400 2215 481 2246 octo
511 2212 689 2256 praestari
717 2212 909 2258 stipulatus
940 2218 995 2250 est
1017 2215 1127 2250 Iulius
1152 2215 1275 2258 Zosas,

193 2255 400 2301 ‘spopondit
436 2255 582 2292 Flavius
614 2257 792 2294 Candidus
824 2258 988 2294 dominus
1019 2261 1143 2295 meus’.
1191 2261 1275 2296 sub-

193 2300 360 2346 scripsit⁶
383 2300 557 2336 dominus.
605 2302 792 2348 respondi:
816 2313 882 2356 per
904 2304 1052 2340 liberam
1073 2315 1274 2350 personam,

192 2356 285 2426 {uae
318 2355 433 2390 neque
467 2346 559 2381 iuri⁷
592 2352 714 2383 nostro
750 2348 912 2384 sub1ecta
948 2353 1002 2385 est
1034 2360 1149 2402 neque
1180 2351 1276 2386 bona

219 2391 263 2426 de
286 2391 388 2426 nobis
414 2392 531 2434 servit,
557 2391 806 2437 obligationem
830 2394 965 2429 nullam
988 2394 1175 2440 adquirere
1192 2406 1274 2441 pos-

193 2446 326 2472 sumus.
402 2446 469 2471 ane
487 2437 517 2471 si
540 2436 632 2472 liber
655 2438 760 2474 homo
782 2443 905 2475 nostro
923 2440 1065 2475 nomine
1088 2440 1275 2485 pecuniam

194 2481 297 2516 daret
330 2491 371 2516 ve
420 2491 521 2516 suam
556 2482 612 2517 vel
646 2486 821 2528 nostram,
857 2488 899 2519 ut
929 2485 1032 2520 nobis
1069 2485 1275 2528 solveretur,

193 2525 361 2605 obligatio
392 2526 496 2561 nobis
529 2527 701 2572 pecuniae
729 2528 885 2564 creditae
908 2529 1173 2574 adquireretur:
1214 2531 1275 2566 sed

193 2581 264 2616 quo
311 2571 460 2606 libertus
484 2576 635 2617 patrono
659 2572 736 2608 dari
759 2574 950 2619 stipulatus
974 2579 1039 2617 est,
1063 2575 1186 2611 inutile
1211 2580 1274 2629 est,

193 2620 234 2651 ut
256 2626 322 2651 nec
346 2616 393 2651 ad
416 2616 626 2652 solutionem
649 2617 814 2663 proficiat
838 2619 989 2654 adiectio
1015 2620 1188 2663 absentis,
1218 2631 1275 2656 cm

193 2661 432 2706 principaliter
455 2661 623 2706 obligatio
653 2663 900 2707 quaerebatur.
949 2666 1135 2709 superest·
1166 2676 1274 2710 quae-

193 2716 324 2749 ramus,
342 2716 389 2740 an
406 2717 449 2741 ex
460 2707 705 2743 numeratione
720 2708 799 2753 ipse
817 2708 877 2754 qui
894 2711 1072 2745 contraxit
1087 2711 1274 2756 pecuniam

194 2750 362 2786 creditam
382 2755 503 2795 petere
526 2753 655 2796 possit:
683 2753 786 2788 ⁹nam
806 2754 970 2799 quotiens
991 2756 1177 2800 pecuniam
1195 2766 1273 2791 mu-

193 2799 291 2830 tuam
324 2795 449 2831 dantes
481 2797 629 2832 eandem
658 2797 882 2843 stipulamur,
914 2810 986 2834 non
1017 2799 1108 2835 duae
1139 2801 1271 2846 obliga-

194 2840 308 2875 tiones
331 2844 537 2884 nascuntur,
563 2842 625 2877 sed
650 2853 722 2877 una
744 2844 943 2879 verborum.
985 2844 1092 2890 plane
1116 2845 1147 2881 si
1169 2856 1273 2891 prae-

194 2884 298 2920 cedat
311 2886 517 2929 numeratio,
536 2892 707 2939 sequatur
725 2888 918 2934 stipulatio,
938 2900 1008 2924 non
1021 2894 1076 2925 est
1087 2890 1274 2926 dicendum

195 2939 372 2965 recessum
396 2940 418 2964 a
441 2931 596 2966 naturah
625 2932 848 2977 obligatione.
898 2944 1049 2979 sequens
1079 2935 1272 2980 stipulatio,

194 2975 231 3010 in
253 2985 325 3020 qua
347 2974 423 3010 sine
446 2975 645 3012 adiectione
668 2978 819 3014 nominis
839 2989 969 3014 usuras
992 2979 1184 3025 stipulatus
1208 2985 1272 3023 est,

194 3030 266 3056 non
290 3019 413 3055 eodem
443 3020 527 3055 vitio
555 3021 697 3057 laborat
728 3025 857 3068 (neque
880 3024 973 3059 enim
1002 3024 1155 3070 maligne
1179 3025 1273 3061 acci·

193 3064 646 3154 ἒέἓὲἑέΐωῑῇξξὲῖθῗέἱέ
667 3066 1057 3159 ἓῖἕᾝῐῖῗῖἓιὲἷ
1072 3074 1272 3151 emitti:

324 3135 334 3151 ν

194 3164 384 3189 usurarum
413 3158 450 3190 et
479 3154 618 3200 cogitur
646 3166 723 3191 eam
753 3163 906 3204 patrono
936 3159 1071 3195 cedere.
1118 3171 1142 3206 p
1157 3171 1271 3196 erum-

194 3209 262 3244 que
292 3199 383 3234 enim
411 3199 448 3234 in
473 3199 761 3245 stipulationibus
792 3203 917 3245 verba,
950 3214 993 3239 ex
1025 3204 1153 3250 quibus
1183 3205 1271 3241 obli-

192 3243 289 3288 gatio
321 3244 452 3287 oritur,
486 3244 708 3290 inspicienda
739 3251 836 3285 sunt:
873 3258 957 3285 raro
987 3249 1104 3285 inesse
1131 3255 1201 3285 tem
1229 3261 1271 3286 us

192 3289 247 3323 vel
270 3289 512 3325 condicionem
535 3300 580 3325 ex
603 3300 663 3331 eo,
700 3291 795 3335 quod
818 3292 876 3337 agi
898 3294 1103 3346 apparebit,
1134 3295 1207 3331 inte
1234 3306 1270 3331 e-

191 3333 344 3378 gendum
375 3338 447 3370 est:
480 3345 670 3380 numquam
693 3346 899 3380 personam,
929 3340 998 3374 msi
1022 3349 1065 3375 ex
1091 3350 1191 3375 ressa
1214 3341 1269 3376 sit.

194 3382 214 3412 3
261 3378 299 3414 Si
327 3379 378 3414 ita
408 3380 598 3425 stipulatus
628 3380 730 3416 fuero
760 3385 795 3415 te
826 3383 904 3418 sisti
928 3387 979 3426 et,
1046 3384 1054 3391 '
1118 3384 1271 3428 steteris,

192 3423 326 3469 aliquid
356 3423 451 3466 dari,
483 3425 578 3470 quod
609 3425 827 3471 promittenti
860 3427 1077 3474 impossibile
1100 3434 1172 3466 est:
1209 3430 1270 3466 de-

193 3539 233 3580 (ι)
258 3539 341 3571 inter
360 3539 379 3571 1.
393 3546 443 3573 ιιι
457 3546 485 3572 et
497 3547 549 3573 ιιι
569 3539 744 3584 interponit
761 3540 924 3574 rubricam
944 3540 984 3574 de
995 3541 1172 3575 verborum
1184 3542 1268 3576 obli-

191 3582 381 3624 gationibus
389 3585 503 3626 (voluit
511 3595 554 3617 το
567 3585 671 3618 Γτου
683 3584 723 3618 de
735 3584 909 3618 verborum
921 3585 1195 3630 obligationibus)
1209 3588 1240 3620 F
1247 3588 1268 3631 ¹,

192 3628 254 3660 del.
269 3627 320 3660 F·
417 3631 461 3670 (2)
486 3631 519 3662 et
537 3631 597 3663 ins.
615 3642 678 3663 van
692 3631 731 3663 de
749 3630 860 3664 Water
959 3634 999 3672 (3)
1024 3635 1182 3674 poterunt
1194 3633 1267 3666 aeid.

192 3675 234 3711 (⁴)
258 3672 373 3715 scripsi
391 3675 463 3708 edd.
558 3674 602 3716 (5)
626 3684 736 3707 mense
755 3675 815 3708 ins.

191 3717 235 3757 (7)
259 3717 331 3750 iure
345 3718 377 3752 F
464 3721 507 3762 (s)
532 3721 571 3752 ut
587 3719 644 3752 im.
660 3718 709 3753 F*
801 3721 845 3760 (ο)
936 3721 1041 3765 magis
1053 3724 1102 3753 est
1112 3731 1155 3754 ne
1166 3722 1268 3764 possit
1282 3744 1293 3755 .

1263 113 1350 160 732

924 3676 956 3716 o)
979 3675 1222 3720 subscripsisset
1243 3677 1278 3711 Γ
1337 3677 1556 3711 exheredari?

1491 0 1561 46 ΨΧ

2085 131 2146 164 ΒΕ
2173 130 2417 165 munaum

1342 239 1459 272 tracta
1482 237 1639 274 secunda
1659 238 1889 285 stipulatione
1911 241 2010 285 prior
2031 246 2152 277 manet
2167 241 2262 277 utilis
2283 246 2320 277 et
2339 253 2419 286 per·

1343 281 1425 317 inde
1447 282 1534 326 erit,
1558 292 1602 318 ac
1624 283 1656 319 si
1678 289 1714 319 to
1737 284 1815 320 sisti
1838 285 2031 329 stipulatus
2055 296 2179 322 essem.

1393 324 1470 378 127
1486 329 1512 348 ¹⁰
1549 326 1750 381 5628on
1793 329 1884 365 libro
1918 330 2042 381 quinto
2084 332 2350 384 quaestionum‘
2385 332 2421 366 Si

1343 371 2210 465 {3P131321⁸..2¹.3¹.‘2.3⁰t1253t‚iiiimxiii&
2238 379 2422 456 {333²}

1343 461 1479 540 pupilssff
1512 461 1642 496 factam
1674 461 1838 514 decedat,
1870 474 1935 499 nec
1966 463 2156 518 fideiussor
2179 465 2246 517 erit
2275 469 2421 511 propter

1342 515 1622 603 ibipfieriffmiii
1635 506 2421 590 33ffi²t⁰3ffl1¹2⁰¹ssitimsssffieffltssffimiaffiiiff

1345 605 1460 630 sorem
1483 595 1677 640 obhgatum
1696 595 1743 631 ad
1792 607 1846 639 oc,
1870 601 1912 632 ut
1929 598 2006 634 vivo
2029 598 2171 634 homine
2192 599 2420 634 conveniatur

1344 640 1399 675 vel
1423 651 1466 675 ex
1488 650 1588 676 mora
1612 650 1678 676 sua
1726 645 1834 677 ostes..

1394 682 1472 723 128
1506 684 1561 720 ΡΑ
1569 695 1662 720 nos
1710 686 1786 722 ibro
1817 686 1952 723 decimo
1984 689 2231 734 quaestionum
2284 689 2322 723 Si
2351 689 2419 724 duo

1344 729 1396 764 rei
1418 729 1611 775 stipulandi
1633 729 1685 765 ita
1708 730 1921 773 extitissent,
1956 739 1996 767 ut
2027 733 2118 768 alter
2145 733 2297 776 utiliter,
2332 734 2421 769 alter

1343 774 1515 810 inutiliter
1537 774 1780 820 stipularetur,
1805 775 1848 820 ei,
1896 776 1933 811 ui
1955 787 2027 812 non
2045 778 2154 814 habet
2173 779 2420 823 promissorem

1345 820 1554 865 obligatum,
1594 830 1666 855 non
1700 824 1796 856 recte
1838 831 1878 856 so
1892 821 1984 856 vitur
2049 822 2132 867 quia
2168 833 2240 859 non
2277 823 2421 859 alterius

1345 866 1486 900 nomine
1509 865 1541 899 ei
1564 865 1723 907 solvitur,
1747 865 1811 901 sed
1834 876 1920 901 suae
1942 849 2185 911 obiigationis‚
2233 878 2301 903 uae
2323 869 2423 903 nulla

1346 913 1411 944 est.
1454 909 1577 945 eadem
1599 910 1736 945 ratione
1760 910 1822 955 qui
1844 910 2003 946 Stichum
2027 916 2090 947 aut
2112 912 2224 958 Pamp
2253 913 2336 947 'um
2359 913 2420 948 sti-

1345 954 1507 999 pulatur,
1541 955 1571 989 si
1593 954 1631 989 in
1653 965 1762 990 unum
1787 955 1985 991 constiterit
2009 957 2194 1002 obligatio,
2228 957 2310 1002 quia
2333 958 2423 993 alter

1345 998 1566 1045 stipulatoris
1586 1004 1674 1041 erat,
1699 999 1837 1036 etiamsi
1860 1000 2003 1036 desierit
2026 1001 2100 1036 eius
2124 1012 2213 1043 esse,
2237 1013 2309 1038 non
2325 1008 2422 1038 recte

1345 1044 1510 1086 solvitur,
1567 1044 1626 1079 uia
1657 1049 1807 1090 utraque
1836 1055 1895 1081 res
1918 1045 1965 1081 ad
1998 1046 2245 1092 obligationem
2267 1048 2420 1092 ponitur,

1344 1099 1416 1124 non
1439 1089 1486 1124 ad
1509 1100 1549 1125 so
1564 1089 1731 1125 utionem.

1394 1131 1473 1171 129
1498 1133 1700 1169 Scaevoia
1731 1134 1822 1170 libro
1851 1134 2058 1171 duodecimo
2092 1137 2338 1182 quaestionum
2386 1136 2421 1172 Si

1346 1178 2078 1262 ἓέἕὲῑεἰὶἷηῑῗῑὲΐιῗὲυξιιὲἔῗέωῖἓὲῗΐὲ
2102 1181 2422 1262 33202353115}

1346 1269 1503 1312 dabitur,
1544 1279 1651 1315 quam
1687 1270 1718 1305 si
1757 1274 1944 1315 utrumque
1981 1270 2116 1306 factum
2154 1271 2209 1306 sit.
2257 1270 2350 1306 idem
2385 1271 2421 1306 in

1345 1315 1579 1349 contrarium:
1615 1314 1713 1350 ‘dare
1743 1315 1913 1360 spondes,
1946 1315 1977 1351 si
2006 1325 2072 1351 nec
2103 1316 2201 1351 navis
2232 1317 2328 1351 venit
2357 1326 2422 1351 nec

1345 1358 1473 1394 ‘Titius
1498 1359 1623 1395 consul
1645 1359 1763 1395 factus
1793 1360 1840 1395 sit
1849 1360 1877 1394 Ὺ
1924 1361 2132 1406 exigendum
2155 1361 2240 1402 erit,
2271 1366 2313 1396 ut
2335 1371 2419 1396 neu«

1343 1407 1438 1438 trum
1461 1404 1597 1439 factum
1621 1404 1679 1440 sit.
1725 1405 1809 1440 huic
1841 1405 1963 1440 similis
1987 1405 2165 1451 scriptura
2188 1411 2258 1441 est:
2293 1406 2335 1441 ‘si
2359 1416 2420 1441 ne-

1345 1451 1426 1494 ‘que
1454 1450 1554 1484 navis
1584 1450 1679 1485 venit
1707 1459 1820 1502 neque
1843 1449 1958 1485 Titius
1988 1451 2113 1486 consul
2142 1450 2259 1486 factus
2290 1451 2380 1486 est?’
2394 1453 2420 1472 ¹¹

1344 1498 1383 1528 at
1414 1494 1444 1530 si
1476 1495 1542 1530 sic:
1575 1494 1706 1537 ‘dabis,
1739 1506 1769 1530 si
1800 1495 1899 1530 navis
1930 1495 2026 1530 venit
2055 1499 2118 1530 aut
2149 1495 2264 1530 Titius
2298 1496 2421 1531 consul

1345 1538 1472 1575 ‘factus
1497 1539 1576 1575 sit?’
1600 1539 1735 1575 sufficit
1757 1550 1867 1575 unum
1889 1539 2034 1575 factum.
2071 1544 2106 1575 et
2130 1544 2269 1575 contra:
2297 1540 2420 1582 ‘dabis‚

1345 1585 1387 1619 ‘si
1410 1584 1510 1620 navis
1533 1595 1606 1620 non
1624 1585 1720 1620 venit
1742 1588 1806 1620 aut
1825 1584 1940 1620 Titius
1960 1585 2085 1621 consul
2104 1585 2222 1620 factus
2243 1595 2314 1621 non
2334 1586 2420 1621 est?

1344 1628 1478 1665 sufficit
1502 1641 1612 1665 unum
1635 1640 1708 1665 non
1729 1629 1876 1665 factum.

1394 1671 1471 1712 130
1503 1674 1662 1710 PAULUS
1698 1674 1789 1711 libro
1830 1675 1956 1721 quinto
1996 1674 2132 1710 decimo
2175 1676 2419 1727 quaestionum

1344 1719 1448 1763 Quod
1471 1719 1600 1754 dicitur
1622 1723 1761 1764 patrem
1783 1720 1856 1755 filio
1876 1719 2013 1755 utiliter
2031 1720 2205 1765 stipulari,
2229 1721 2331 1765 quasi
2355 1721 2421 1756 sibi

1342 1764 1403 1800 ille
1435 1765 1682 1810 stipularetur,
1716 1765 1785 1800 hoc
1815 1765 1854 1800 in
1884 1765 1938 1800 his
1969 1775 2090 1800 verum
2114 1770 2185 1809 est,
2218 1775 2309 1810 quae
2337 1765 2422 1801 iuris

1344 1813 1429 1845 sunt
1451 1819 1611 1855 quaeque
1636 1809 1775 1855 adquiri
1797 1810 1893 1855 patri
1914 1814 2082 1855 possunt:
2115 1811 2271 1855 alioquin
2293 1810 2323 1846 si
2345 1811 2420 1846 fac-

1343 1858 1420 1889 tum
1444 1853 1650 1890 conferatur
1671 1855 1710 1889 in
1733 1865 1922 1900 personam
1944 1854 2025 1899 filii,
2054 1855 2189 1891 inutilis
2220 1855 2286 1890 erit
2309 1855 2420 1901 stipu-

1343 1899 1446 1943 latio,
1470 1900 1579 1935 veluti
1601 1904 1643 1934 ut
1664 1904 1785 1935 tenere
1809 1900 1841 1935 ei
1862 1901 1919 1935 vel
1942 1900 1994 1935 ire
2017 1910 2121 1945 agere
2144 1901 2261 1935 liceat.
2298 1903 2422 1936 contra

1345 1948 1464 1980 autem
1485 1944 1581 1980 filius
1613 1945 1719 1980 etiam
1742 1949 1783 1980 ut
1805 1945 1855 1980 ire
1885 1945 1979 1990 patri
2003 1945 2109 1980 liceat
2131 1945 2335 1991 stipulando
2360 1945 2420 1980 ad-

1345 1988 1461 2035 quiret
1483 1989 1532 2025 ei:
1556 1989 1662 2025 immo
1686 1994 1723 2025 et
1746 1989 1841 2036 quod
1864 1991 1900 2025 in
1925 2000 2025 2025 suam
2048 2001 2236 2035 personam
2261 1990 2422 2026 conferre

1344 2045 1414 2070 non
1439 2038 1571 2080 potest,
1594 2036 1663 2071 hoc
1686 2035 1781 2081 patri
1804 2035 1978 2081 adquirat.

1393 2076 1469 2117 131
1507 2079 1710 2116 SUAEVOLA
1747 2080 1838 2116 libro
1869 2081 1972 2115 tertio
2004 2080 2140 2116 decimo
2175 2081 2421 2127 quaestionum

1343 2124 1502 2160 Iulianus
1527 2125 1597 2160 scri
1625 2124 1688 2168 sit,
1721 2125 1751 2160 si
1784 2128 1839 2160 ‘ne
1863 2135 1908 2160 ue
1936 2135 2001 2171 per
2030 2129 2066 2160 te
2090 2135 2203 2170 neque
2232 2135 2298 2179 per
2320 2125 2420 2161 here-

1345 2170 1436 2205 ‘dem
1457 2172 1559 2205 tuum
1615 2171 1715 2205 itium
1738 2170 1837 2205 fieri¹
1856 2197 1865 2212 ‚
1891 2181 1961 2215 quo
1984 2169 2101 2206 minus
2123 2170 2208 2205 mihi
2229 2180 2282 2205 ire
2304 2169 2421 2205 liceat'

1344 2215 1504 2260 stipuler,
1528 2226 1601 2250 non
1624 2215 1739 2250 solum
1763 2215 1895 2250 Titium
1917 2215 2041 2257 teneri,
2065 2215 2096 2250 si
2118 2215 2325 2260 prohibeat,
2360 2215 2420 2250 sed

1346 2263 1361 2294 1
1411 2260 1518 2295 etiam
1542 2260 1733 2296 coheredes
1758 2260 1845 2295 eius.
1888 2259 1956 2304 Qui
1978 2259 2128 2295 fundum
2151 2260 2219 2295 sibi
2243 2264 2305 2295 aut
2328 2260 2420 2295 Titio

1344 2304 1422 2340 dari
1456 2305 1666 2357 stipulatur,
1703 2305 1861 2350 quamvis
1892 2305 2024 2341 fundus
2056 2304 2150 2340 Titio
2179 2305 2333 2341 traditus
2363 2306 2420 2349 sit,

1343 2349 1452 2385 nihilo
1475 2361 1591 2385 minus
1615 2354 1737 2396 petere
1760 2350 1910 2385 fundum
1931 2353 2069 2395 potest,
2100 2354 2141 2385 ut
2171 2350 2238 2386 sibi
2262 2350 2305 2385 de
2328 2350 2420 2386 evic-

1342 2395 1439 2430 tione
1462 2395 1709 2440 promittatur:
1733 2405 1817 2430 nam
1839 2395 1986 2430 interest
2005 2395 2091 2436 eius,
2117 2395 2200 2440 quia
2214 2396 2241 2416 ¹³
2263 2395 2420 2430 mandati

1344 2439 1484 2475 actione
1515 2439 1665 2475 fundum
1694 2443 1904 2486 recepturus
1936 2440 1982 2475 sit
2011 2450 2033 2475 a
2056 2440 2162 2475 Titio.
2209 2439 2273 2476 sed
2303 2439 2334 2476 si
2358 2439 2420 2475 do-

1343 2484 1496 2520 nationis
1521 2495 1632 2520 causa
1655 2485 1788 2520 Titium
1811 2485 2039 2531 interposuit,
2072 2485 2210 2520 dicetur
2231 2485 2421 2520 traditione

1342 2530 1505 2575 protinus
1528 2540 1627 2566 reum
1649 2530 1804 2565 liberari.

1392 2572 1470 2612 132
1506 2574 1562 2611 PA
1571 2585 1664 2610 (scos
1699 2575 1794 2613 ‚libro
1837 2575 1962 2621 quinto
1996 2574 2130 2611 decimo
2174 2576 2419 2621 quaestionum

1343 2619 1493 2664 Quidam
1517 2631 1598 2655 cum
1619 2619 1732 2655 filium
1755 2619 1909 2655 alienum
1931 2620 2137 2665 susciperet,
2162 2619 2315 2654 tradenti
2362 2631 2419 2654 ro-

1342 2665 1487 2701 miserat
1516 2669 1650 2700 certam
1680 2665 1854 2711 pecuniae
1877 2665 2128 2710 quantitatem,
2161 2665 2192 2700 si
2215 2674 2295 2700 eum
2319 2675 2340 2699 a
2357 2664 2421 2699 ‘ter

1367 2721 1450 2746 uam
1472 2714 1514 2745 ut
1534 2709 1646 2745 filium
1670 2711 1903 2746 observasset.
1951 2720 2100 2755 quaero,
2134 2709 2164 2745 si
2194 2709 2417 2755 postmodum

1342 2721 1447 2791 domo
1470 2765 1551 2791 eum
1574 2755 1772 2800 propulerit
1793 2755 1849 2790 vel
1866 2754 2021 2790 moriens
2044 2754 2132 2790 nihil
2154 2754 2188 2790 ei
2209 2758 2419 2790 testamento

1341 2801 1534 2846 reliquerit,
1559 2810 1606 2835 an
1629 2800 1810 2846 stipulatio
1831 2800 2078 2843 committetur,
2103 2804 2139 2835 et
2161 2799 2247 2845 quid
2269 2799 2418 2841 intersit,

1341 2849 1462 2880 utrum
1483 2845 1580 2881 filius
1603 2855 1649 2880 an
1673 2845 1838 2880 alumnus
1861 2845 1915 2880 vel
1945 2848 2116 2890 cognatus
2140 2844 2276 2889 agentis
2299 2844 2416 2879 fuerit.

1340 2895 1526 2935 praeterea
1556 2900 1709 2936 quaero,
1748 2890 1778 2926 si
1809 2890 1922 2924 filium
1953 2900 2056 2925 suum
2091 2889 2169 2934 quis
2202 2889 2353 2942 legitime
2383 2890 2419 2923 in

1341 2935 1569 2981 adoptionem
1599 2934 1736 2971 dederit
1766 2938 1803 2970 et
1830 2935 1900 2977 ita,
1940 2939 1980 2969 ut
2009 2945 2119 2980 supra
2150 2938 2320 2979 scriptum
2354 2938 2418 2975 est,

1341 2980 1524 3026 stipulatio
1556 2980 1799 3016 intercesserit
1829 2990 1979 3025 eumque
2009 2983 2111 3025 pater
2140 2978 2328 3024 adoptivus
2359 2988 2417 3013 ex-

1340 3025 1561 3061 heredaverit
1582 3024 1638 3060 vel
1661 3025 1951 3071 emancipaverit,
1983 3034 2030 3059 an
2053 3024 2234 3069 stipulatio
2260 3024 2418 3059 commit-

1340 3074 1448 3105 tatur.
1503 3069 1688 3115 respondi:
1734 3070 1919 3115 stipulatio
1959 3069 2056 3105 utilis
2099 3073 2154 3104 est
2187 3069 2224 3103 in
2269 3072 2418 3121 utroque

1341 3125 1445 3150 casu:
1490 3114 1616 3160 igitur,
1656 3115 1686 3150 si
1725 3120 1853 3151 contra
1887 3114 2153 3150 conventionem
2189 3113 2322 3149 factum
2361 3118 2417 3155 sit,

1341 3160 1579 3214 committetur
1602 3160 1647 3195 sti
1673 3160 1796 3213 ulatio.
1837 3159 1902 3195 sed
1923 3158 2104 3212 videamus
2127 3158 2280 3211 primum
2302 3158 2340 3193 in
2363 3167 2418 3199 eo,

1340 3205 1469 3286 3340
1499 3206 2038 3303 Ἓξιῖἕΐᾝέὥέἒέἓῗ
2065 3207 2419 3293 ἓὲἓὲωὲῗιιῖῧιρίὶῗ

1340 3295 1436 3331 circa
1457 3294 1569 3330 filium
1593 3296 1684 3330 solet
1707 3295 1844 3332 facere:
1867 3294 1978 3340 igitur
1994 3303 2066 3328 non
2090 3293 2194 3328 aliter
2208 3303 2289 3328 eum
2312 3302 2418 3338 quam

1338 3342 1380 3375 ut
1401 3339 1514 3375 filium
1537 3340 1747 3376 observavit.
1784 3350 1866 3386 ergo
1892 3338 2127 3375 exheredatus
2151 3337 2196 3373 de
2218 3337 2416 3373 inofficioso

1339 3388 1432 3430 agat.
1471 3384 1557 3430 quid
1581 3395 1663 3430 ergo
1688 3385 1856 3427 dicemus,
1881 3385 1912 3421 si
1937 3387 1973 3418 et
1995 3384 2124 3419 meruit
2146 3382 2418 3418 exheredari‘?¹⁴

1338 3428 1581 3475 emancipatus
1614 3431 1720 3475 plane
1750 3434 1786 3466 et
1817 3431 1885 3465 hoc
1916 3428 2073 3465 remedio
2105 3427 2251 3464 carebit.
2307 3437 2417 3472 quare

1337 3543 1495 3577 similiave
1514 3544 1573 3577 ins.
1666 3545 1727 3587 (ιο)
1750 3543 1853 3576 -D.
1867 3545 1978 3585 50,1·1,
1994 3550 2030 3576 ss
2123 3542 2180 3583 (ιι)
2203 3541 2283 3575 huic
2301 3540 2419 3573 similis

1338 3612 1346 3621 .
1357 3613 1364 3620 .
1375 3612 1384 3621 .
1405 3588 1511 3620 faetus
1523 3590 1573 3621 ent
1591 3596 1648 3623 aut
1663 3590 1779 3632 spuria
1796 3595 1871 3622 sunt
1887 3596 1945 3622 aut
1957 3593 2111 3630 corrupta
2203 3587 2261 3627 (12)
2285 3586 2378 3618 fleret
2395 3585 2425 3617 F

1338 3633 1396 3675 (18)
1420 3633 1478 3675 qui
1499 3633 1532 3665 F
1533 3633 1547 3653 ²
1581 3634 1697 3721 8ιῖἓν)
1720 3634 1924 3721 ἵέιῗνᾱίηατ
1948 3632 2144 3666 observavit.
2174 3630 2256 3674 quid
2274 3641 2352 3673 ergo
2371 3654 2378 3662 .
2390 3653 2415 3663 .-
