<?xml version="1.0" encoding="UTF-8"?>
<!DOCTYPE html PUBLIC "-//W3C//DTD XHTML 1.0 Transitional//EN"
    "http://www.w3.org/TR/xhtml1/DTD/xhtml1-transitional.dtd">
<html xmlns="http://www.w3.org/1999/xhtml" xml:lang="en" lang="en">
 <head>
  <title>
</title>
<meta http-equiv="Content-Type" content="text/html;charset=utf-8" />
  <meta name='ocr-system' content='tesseract 3.04.00' />
  <meta name='ocr-capabilities' content='ocr_page ocr_carea ocr_par ocr_line ocrx_word'/>
</head>
<body>
  <div class='ocr_page' id='page_1' title='image "./corpusjuriscivil01krueuoft_0176.png"; bbox 0 0 2528 3918; ppageno 0'>
   <div class='ocr_carea' id='block_1_1' title="bbox 158 125 297 170">
    <p class='ocr_par' dir='ltr' id='par_1_1' title="bbox 158 125 297 170">
     <span class='ocr_line' id='line_1_1' title="bbox 158 125 297 170; baseline -0.058 1"><span class='ocrx_word' id='word_1_1' title='bbox 158 125 297 170; x_wconf 81' lang='lat'>11114</span> 
     </span>
    </p>
   </div>
   <div class='ocr_carea' id='block_1_2' title="bbox 151 244 1249 3624">
    <p class='ocr_par' dir='ltr' id='par_1_2' title="bbox 157 244 1244 329">
     <span class='ocr_line' id='line_1_2' title="bbox 157 244 1244 328; baseline -0.004 -44"><span class='ocrx_word' id='word_1_2' title='bbox 157 247 303 328; x_wconf 36' lang='lat' dir='ltr'><strong>turgt-10</strong></span> <span class='ocrx_word' id='word_1_3' title='bbox 325 246 496 282; x_wconf 86' lang='lat' dir='ltr'><strong>universis</strong></span> <span class='ocrx_word' id='word_1_4' title='bbox 521 245 669 291; x_wconf 82' lang='lat' dir='ltr'><strong>negotiis</strong></span> <span class='ocrx_word' id='word_1_5' title='bbox 692 244 855 291; x_wconf 79' lang='lat' dir='ltr'>gerendis</span> <span class='ocrx_word' id='word_1_6' title='bbox 881 245 1017 291; x_wconf 77' lang='lat' dir='ltr'><strong>alleget,</strong></span> <span class='ocrx_word' id='word_1_7' title='bbox 1043 255 1114 281; x_wconf 92' lang='lat' dir='ltr'><strong>non</strong></span> <span class='ocrx_word' id='word_1_8' title='bbox 1139 244 1244 281; x_wconf 87' lang='lat' dir='ltr'><strong>debet</strong></span> 
     </span>
     <span class='ocr_line' id='line_1_3' title="bbox 158 303 285 329; baseline -0.016 0"><span class='ocrx_word' id='word_1_9' title='bbox 158 303 205 329; x_wconf 88' lang='lat' dir='ltr'><strong>au</strong></span> <span class='ocrx_word' id='word_1_10' title='bbox 232 304 285 328; x_wconf 82' lang='lat' dir='ltr'><strong>m.</strong></span> 
     </span>
    </p>

    <p class='ocr_par' dir='ltr' id='par_1_3' title="bbox 157 334 1246 599">
     <span class='ocr_line' id='line_1_4' title="bbox 206 334 1246 379; baseline -0.006 -4"><span class='ocrx_word' id='word_1_11' title='bbox 206 336 259 375; x_wconf 86' lang='lat'><strong>26</strong></span> <span class='ocrx_word' id='word_1_12' title='bbox 284 336 444 373; x_wconf 72' lang='lat' dir='ltr'><strong>PszUs</strong></span> <span class='ocrx_word' id='word_1_13' title='bbox 463 336 553 372; x_wconf 78' lang='lat' dir='ltr'><strong>libro</strong></span> <span class='ocrx_word' id='word_1_14' title='bbox 578 334 766 372; x_wconf 70' lang='lat' dir='ltr'><strong>undecimo</strong></span> <span class='ocrx_word' id='word_1_15' title='bbox 800 335 851 372; x_wconf 82' lang='lat' dir='ltr'><strong>ad</strong></span> <span class='ocrx_word' id='word_1_16' title='bbox 878 336 1031 372; x_wconf 80' lang='lat' dir='ltr'><strong>edictum</strong></span> <span class='ocrx_word' id='word_1_17' title='bbox 1079 334 1182 379; x_wconf 84' lang='lat' dir='ltr'><strong>Quod</strong></span> <span class='ocrx_word' id='word_1_18' title='bbox 1215 334 1246 370; x_wconf 92' lang='lat' dir='ltr'><strong>si</strong></span> 
     </span>
     <span class='ocr_line' id='line_1_5' title="bbox 158 379 1244 432; baseline -0.006 -12"><span class='ocrx_word' id='word_1_19' title='bbox 158 383 203 419; x_wconf 88' lang='lat' dir='ltr'><strong>de</strong></span> <span class='ocrx_word' id='word_1_20' title='bbox 226 382 372 429; x_wconf 89' lang='lat' dir='ltr'><strong>speciali</strong></span> <span class='ocrx_word' id='word_1_21' title='bbox 394 380 565 416; x_wconf 91' lang='lat' dir='ltr'><strong>mandatu</strong></span> <span class='ocrx_word' id='word_1_22' title='bbox 589 380 789 425; x_wconf 78' lang='lat' dir='ltr'>dubitetur,</span> <span class='ocrx_word' id='word_1_23' title='bbox 815 392 896 417; x_wconf 91' lang='lat' dir='ltr'><strong>cum</strong></span> <span class='ocrx_word' id='word_1_24' title='bbox 918 379 1096 416; x_wconf 83' lang='lat' dir='ltr'><strong>restitutio</strong></span> <span class='ocrx_word' id='word_1_25' title='bbox 1121 382 1244 432; x_wconf 79' lang='lat' dir='ltr'><strong>postu·</strong></span> 
     </span>
     <span class='ocr_line' id='line_1_6' title="bbox 157 424 1245 471; baseline -0.005 -7"><span class='ocrx_word' id='word_1_26' title='bbox 157 428 267 470; x_wconf 85' lang='lat' dir='ltr'><strong>letur,</strong></span> <span class='ocrx_word' id='word_1_27' title='bbox 302 426 511 471; x_wconf 88' lang='lat' dir='ltr'><strong>interposita</strong></span> <span class='ocrx_word' id='word_1_28' title='bbox 543 425 774 471; x_wconf 75' lang='lat' dir='ltr'><strong>stipulatione</strong></span> <span class='ocrx_word' id='word_1_29' title='bbox 808 430 923 462; x_wconf 91' lang='lat' dir='ltr'><strong>ratam</strong></span> <span class='ocrx_word' id='word_1_30' title='bbox 958 435 1032 460; x_wconf 88' lang='lat' dir='ltr'><strong>rem</strong></span> <span class='ocrx_word' id='word_1_31' title='bbox 1065 424 1245 460; x_wconf 88' lang='lat' dir='ltr'><strong>dommum</strong></span> 
     </span>
     <span class='ocr_line' id='line_1_7' title="bbox 160 469 1246 522; baseline -0.004 -15"><span class='ocrx_word' id='word_1_32' title='bbox 160 476 175 509; x_wconf 84' lang='lat'>1</span> <span class='ocrx_word' id='word_1_33' title='bbox 225 472 428 508; x_wconf 89' lang='lat' dir='ltr'><strong>habiturum</strong></span> <span class='ocrx_word' id='word_1_34' title='bbox 452 471 504 506; x_wconf 87' lang='lat' dir='ltr'><strong>rei</strong></span> <span class='ocrx_word' id='word_1_35' title='bbox 527 474 646 517; x_wconf 89' lang='lat' dir='ltr'><strong>potest</strong></span> <span class='ocrx_word' id='word_1_36' title='bbox 664 471 813 507; x_wconf 77' lang='lat' dir='ltr'><strong>mederi.</strong></span> <span class='ocrx_word' id='word_1_37' title='bbox 851 470 952 515; x_wconf 87' lang='lat' dir='ltr'><strong>Quod</strong></span> <span class='ocrx_word' id='word_1_38' title='bbox 977 470 1006 505; x_wconf 89' lang='lat' dir='ltr'><strong>si</strong></span> <span class='ocrx_word' id='word_1_39' title='bbox 1030 470 1071 511; x_wconf 92' lang='lat' dir='ltr'><strong>is,</strong></span> <span class='ocrx_word' id='word_1_40' title='bbox 1097 470 1157 522; x_wconf 81' lang='lat' dir='ltr'><strong>qui</strong></span> <span class='ocrx_word' id='word_1_41' title='bbox 1178 469 1246 504; x_wconf 89' lang='lat' dir='ltr'><strong>cir-</strong></span> 
     </span>
     <span class='ocr_line' id='line_1_8' title="bbox 158 514 1245 562; baseline -0.005 -8"><span class='ocrx_word' id='word_1_42' title='bbox 158 516 427 562; x_wconf 83' lang='lat' dir='ltr'><strong>cumscripsisse</strong></span> <span class='ocrx_word' id='word_1_43' title='bbox 450 516 591 559; x_wconf 89' lang='lat' dir='ltr'><strong>dicitur,</strong></span> <span class='ocrx_word' id='word_1_44' title='bbox 615 516 727 559; x_wconf 90' lang='lat' dir='ltr'><strong>absit,</strong></span> <span class='ocrx_word' id='word_1_45' title='bbox 753 516 919 552; x_wconf 86' lang='lat' dir='ltr'><strong>defensor</strong></span> <span class='ocrx_word' id='word_1_46' title='bbox 944 515 1018 550; x_wconf 91' lang='lat' dir='ltr'><strong>eius</strong></span> <span class='ocrx_word' id='word_1_47' title='bbox 1043 518 1130 550; x_wconf 79' lang='lat' dir='ltr'><strong>satis</strong></span> <span class='ocrx_word' id='word_1_48' title='bbox 1154 514 1245 550; x_wconf 92' lang='lat' dir='ltr'><strong>iudi·</strong></span> 
     </span>
     <span class='ocr_line' id='line_1_9' title="bbox 157 561 676 599; baseline -0.006 0"><span class='ocrx_word' id='word_1_49' title='bbox 157 566 280 599; x_wconf 88' lang='lat' dir='ltr'><strong>catum</strong></span> <span class='ocrx_word' id='word_1_50' title='bbox 303 561 392 597; x_wconf 76' lang='lat' dir='ltr'><strong>solvi</strong></span> <span class='ocrx_word' id='word_1_51' title='bbox 416 561 501 597; x_wconf 89' lang='lat' dir='ltr'><strong>dare</strong></span> <span class='ocrx_word' id='word_1_52' title='bbox 525 561 676 597; x_wconf 83' lang='lat' dir='ltr'>debebit.</span> 
     </span>
    </p>

    <p class='ocr_par' dir='ltr' id='par_1_4' title="bbox 151 601 1249 2317">
     <span class='ocr_line' id='line_1_10' title="bbox 203 601 1248 659; baseline -0.008 -15"><span class='ocrx_word' id='word_1_53' title='bbox 203 606 255 645; x_wconf 87' lang='lat'><strong>27</strong></span> <span class='ocrx_word' id='word_1_54' title='bbox 297 607 420 643; x_wconf 62' lang='grc' dir='ltr'><em>(ἔωσε</em></span> <span class='ocrx_word' id='word_1_55' title='bbox 451 606 543 643; x_wconf 76' lang='lat' dir='ltr'><strong>libro</strong></span> <span class='ocrx_word' id='word_1_56' title='bbox 575 611 709 659; x_wconf 76' lang='lat' dir='ltr'><strong>quarto</strong></span> <span class='ocrx_word' id='word_1_57' title='bbox 753 605 803 640; x_wconf 85' lang='lat' dir='ltr'><strong>ad</strong></span> <span class='ocrx_word' id='word_1_58' title='bbox 834 604 988 640; x_wconf 78' lang='lat' dir='ltr'><strong>edictum</strong></span> <span class='ocrx_word' id='word_1_59' title='bbox 1017 601 1248 650; x_wconf 80' lang='lat' dir='ltr'><em>provinciale</em></span> 
     </span>
     <span class='ocr_line' id='line_1_11' title="bbox 155 647 1246 703; baseline -0.008 -14"><span class='ocrx_word' id='word_1_60' title='bbox 155 653 255 689; x_wconf 88' lang='lat' dir='ltr'><strong>Patri</strong></span> <span class='ocrx_word' id='word_1_61' title='bbox 312 662 352 687; x_wconf 90' lang='lat' dir='ltr'><strong>ro</strong></span> <span class='ocrx_word' id='word_1_62' title='bbox 383 651 456 688; x_wconf 90' lang='lat' dir='ltr'><strong>filio</strong></span> <span class='ocrx_word' id='word_1_63' title='bbox 489 650 690 687; x_wconf 79' lang='lat' dir='ltr'><strong>omnimodo</strong></span> <span class='ocrx_word' id='word_1_64' title='bbox 718 648 939 703; x_wconf 83' lang='lat' dir='ltr'><strong>praestanda</strong></span> <span class='ocrx_word' id='word_1_65' title='bbox 968 647 1147 683; x_wconf 83' lang='lat' dir='ltr'><strong>restitutio</strong></span> <span class='ocrx_word' id='word_1_66' title='bbox 1179 650 1246 700; x_wconf 74' lang='lat' dir='ltr'><strong>est,</strong></span> 
     </span>
     <span class='ocr_line' id='line_1_12' title="bbox 155 693 1249 742; baseline -0.007 -8"><span class='ocrx_word' id='word_1_67' title='bbox 155 698 240 734; x_wconf 89' lang='lat' dir='ltr'><strong>licet</strong></span> <span class='ocrx_word' id='word_1_68' title='bbox 315 707 356 732; x_wconf 90' lang='lat' dir='ltr'><strong>us</strong></span> <span class='ocrx_word' id='word_1_69' title='bbox 380 696 520 732; x_wconf 88' lang='lat' dir='ltr'><strong>restitui</strong></span> <span class='ocrx_word' id='word_1_70' title='bbox 544 696 643 739; x_wconf 90' lang='lat' dir='ltr'><strong>nolit,</strong></span> <span class='ocrx_word' id='word_1_71' title='bbox 668 706 751 742; x_wconf 78' lang='lat' dir='ltr'><strong>qula</strong></span> <span class='ocrx_word' id='word_1_72' title='bbox 774 695 886 740; x_wconf 87' lang='lat' dir='ltr'><strong>patris</strong></span> <span class='ocrx_word' id='word_1_73' title='bbox 910 693 1108 739; x_wconf 85' lang='lat' dir='ltr'><strong>periculum</strong></span> <span class='ocrx_word' id='word_1_74' title='bbox 1132 696 1249 737; x_wconf 77' lang='lat' dir='ltr'><strong>agltur</strong></span> 
     </span>
     <span class='ocr_line' id='line_1_13' title="bbox 156 741 1244 790; baseline -0.007 -11"><span class='ocrx_word' id='word_1_75' title='bbox 156 744 217 790; x_wconf 93' lang='lat' dir='ltr'><strong>qui</strong></span> <span class='ocrx_word' id='word_1_76' title='bbox 241 742 286 778; x_wconf 89' lang='lat' dir='ltr'><strong>de</strong></span> <span class='ocrx_word' id='word_1_77' title='bbox 307 741 448 788; x_wconf 87' lang='lat' dir='ltr'><strong>peculio</strong></span> <span class='ocrx_word' id='word_1_78' title='bbox 472 746 625 778; x_wconf 88' lang='lat' dir='ltr'><strong>tenetur.</strong></span> <span class='ocrx_word' id='word_1_79' title='bbox 662 752 706 777; x_wconf 84' lang='lat' dir='ltr'><strong>ex</strong></span> <span class='ocrx_word' id='word_1_80' title='bbox 730 750 800 786; x_wconf 92' lang='lat' dir='ltr'><strong>quo</strong></span> <span class='ocrx_word' id='word_1_81' title='bbox 825 742 978 785; x_wconf 90' lang='lat' dir='ltr'><strong>apparet</strong></span> <span class='ocrx_word' id='word_1_82' title='bbox 1001 741 1149 790; x_wconf 37' lang='lat' dir='ltr'><strong>‚ceteros</strong></span> <span class='ocrx_word' id='word_1_83' title='bbox 1183 747 1244 789; x_wconf 80' lang='lat' dir='ltr'><strong>co-</strong></span> 
     </span>
     <span class='ocr_line' id='line_1_14' title="bbox 154 782 1248 834; baseline -0.005 -11"><span class='ocrx_word' id='word_1_84' title='bbox 154 788 305 834; x_wconf 87' lang='lat' dir='ltr'><strong>gnatos¹</strong></span> <span class='ocrx_word' id='word_1_85' title='bbox 330 787 385 823; x_wconf 80' lang='lat' dir='ltr'><strong>vel</strong></span> <span class='ocrx_word' id='word_1_86' title='bbox 397 786 533 822; x_wconf 88' lang='lat' dir='ltr'><strong>adfines</strong></span> <span class='ocrx_word' id='word_1_87' title='bbox 546 787 690 822; x_wconf 87' lang='lat' dir='ltr'><strong>alterius</strong></span> <span class='ocrx_word' id='word_1_88' title='bbox 713 795 790 821; x_wconf 92' lang='lat' dir='ltr'><strong>esse</strong></span> <span class='ocrx_word' id='word_1_89' title='bbox 810 784 1041 825; x_wconf 89' lang='lat' dir='ltr'><strong>condicioms,</strong></span> <span class='ocrx_word' id='word_1_90' title='bbox 1066 792 1132 818; x_wconf 90' lang='lat' dir='ltr'><strong>nec</strong></span> <span class='ocrx_word' id='word_1_91' title='bbox 1145 782 1248 818; x_wconf 88' lang='lat' dir='ltr'><strong>ahter</strong></span> 
     </span>
     <span class='ocr_line' id='line_1_15' title="bbox 155 827 1247 878; baseline -0.006 -9"><span class='ocrx_word' id='word_1_92' title='bbox 155 832 272 869; x_wconf 90' lang='lat' dir='ltr'><strong>audiri</strong></span> <span class='ocrx_word' id='word_1_93' title='bbox 303 836 488 878; x_wconf 84' lang='lat' dir='ltr'><strong>oportere,</strong></span> <span class='ocrx_word' id='word_1_94' title='bbox 521 843 628 878; x_wconf 89' lang='lat' dir='ltr'><strong>quam</strong></span> <span class='ocrx_word' id='word_1_95' title='bbox 660 831 689 867; x_wconf 90' lang='lat' dir='ltr'><strong>si</strong></span> <span class='ocrx_word' id='word_1_96' title='bbox 722 841 765 865; x_wconf 88' lang='lat' dir='ltr'><strong>ex</strong></span> <span class='ocrx_word' id='word_1_97' title='bbox 795 830 978 865; x_wconf 87' lang='lat' dir='ltr'><strong>voluntate</strong></span> <span class='ocrx_word' id='word_1_98' title='bbox 1009 827 1247 863; x_wconf 89' lang='lat' dir='ltr'><strong>adulescentis</strong></span> 
     </span>
     <span class='ocr_line' id='line_1_16' title="bbox 154 873 1245 925; baseline -0.007 -11"><span class='ocrx_word' id='word_1_99' title='bbox 154 878 338 924; x_wconf 84' lang='lat' dir='ltr'><strong>postulent</strong></span> <span class='ocrx_word' id='word_1_100' title='bbox 360 881 424 913; x_wconf 87' lang='lat' dir='ltr'><strong>aut</strong></span> <span class='ocrx_word' id='word_1_101' title='bbox 447 877 522 913; x_wconf 89' lang='lat' dir='ltr'><strong>eius</strong></span> <span class='ocrx_word' id='word_1_102' title='bbox 547 877 639 912; x_wconf 89' lang='lat' dir='ltr'><strong>vitae</strong></span> <span class='ocrx_word' id='word_1_103' title='bbox 663 877 710 911; x_wconf 91' lang='lat' dir='ltr'><strong>sit</strong></span> <span class='ocrx_word' id='word_1_104' title='bbox 732 875 800 910; x_wconf 90' lang='lat' dir='ltr'><strong>iste</strong></span> <span class='ocrx_word' id='word_1_105' title='bbox 823 874 1043 925; x_wconf 72' lang='lat' dir='ltr'><strong>adulescens,</strong></span> <span class='ocrx_word' id='word_1_106' title='bbox 1067 876 1109 908; x_wconf 89' lang='lat' dir='ltr'><strong>ut</strong></span> <span class='ocrx_word' id='word_1_107' title='bbox 1120 873 1245 908; x_wconf 88' lang='lat' dir='ltr'><strong>merito</strong></span> 
     </span>
     <span class='ocr_line' id='line_1_17' title="bbox 160 919 1245 964; baseline -0.006 -5"><span class='ocrx_word' id='word_1_108' title='bbox 160 927 172 958; x_wconf 92' lang='lat'>1</span> <span class='ocrx_word' id='word_1_109' title='bbox 226 922 332 958; x_wconf 90' lang='lat' dir='ltr'><strong>etiam</strong></span> <span class='ocrx_word' id='word_1_110' title='bbox 344 922 448 958; x_wconf 90' lang='lat' dir='ltr'><strong>bonis</strong></span> <span class='ocrx_word' id='word_1_111' title='bbox 462 923 493 958; x_wconf 91' lang='lat' dir='ltr'><strong>ei</strong></span> <span class='ocrx_word' id='word_1_112' title='bbox 506 922 634 957; x_wconf 88' lang='lat' dir='ltr'><strong>debeat</strong></span> <span class='ocrx_word' id='word_1_113' title='bbox 646 919 820 956; x_wconf 87' lang='lat' dir='ltr'><strong>interdici.</strong></span> <span class='ocrx_word' id='word_1_114' title='bbox 858 919 894 954; x_wconf 88' lang='lat' dir='ltr'><strong>Si</strong></span> <span class='ocrx_word' id='word_1_115' title='bbox 915 927 1116 964; x_wconf 84' lang='lat' dir='ltr'><strong>pecuniam,</strong></span> <span class='ocrx_word' id='word_1_116' title='bbox 1163 927 1245 952; x_wconf 92' lang='lat' dir='ltr'><strong>uam</strong></span> 
     </span>
     <span class='ocr_line' id='line_1_18' title="bbox 154 963 1248 1012; baseline -0.005 -8"><span class='ocrx_word' id='word_1_117' title='bbox 154 971 315 1004; x_wconf 86' lang='lat' dir='ltr'><strong>mutuam</strong></span> <span class='ocrx_word' id='word_1_118' title='bbox 347 967 462 1003; x_wconf 88' lang='lat' dir='ltr'><strong>minor</strong></span> <span class='ocrx_word' id='word_1_119' title='bbox 493 967 651 1012; x_wconf 89' lang='lat' dir='ltr'><strong>accepit,</strong></span> <span class='ocrx_word' id='word_1_120' title='bbox 693 964 894 1010; x_wconf 88' lang='lat' dir='ltr'><strong>dissipavit,</strong></span> <span class='ocrx_word' id='word_1_121' title='bbox 935 964 1110 1008; x_wconf 88' lang='lat' dir='ltr'><strong>denegare</strong></span> <span class='ocrx_word' id='word_1_122' title='bbox 1167 963 1248 998; x_wconf 89' lang='lat' dir='ltr'><strong>ebet</strong></span> 
     </span>
     <span class='ocr_line' id='line_1_19' title="bbox 154 1007 1246 1059; baseline -0.006 -10"><span class='ocrx_word' id='word_1_123' title='bbox 154 1012 347 1059; x_wconf 92' lang='lat' dir='ltr'><strong>proconsul</strong></span> <span class='ocrx_word' id='word_1_124' title='bbox 372 1012 538 1048; x_wconf 89' lang='lat' dir='ltr'><strong>creditori</strong></span> <span class='ocrx_word' id='word_1_125' title='bbox 562 1012 731 1047; x_wconf 88' lang='lat' dir='ltr'><strong>adversus</strong></span> <span class='ocrx_word' id='word_1_126' title='bbox 756 1020 836 1045; x_wconf 91' lang='lat' dir='ltr'><strong>eum</strong></span> <span class='ocrx_word' id='word_1_127' title='bbox 861 1009 1051 1044; x_wconf 79' lang='lat' dir='ltr'><strong>actionem.</strong></span> <span class='ocrx_word' id='word_1_128' title='bbox 1089 1007 1184 1053; x_wconf 90' lang='lat' dir='ltr'><strong>quod</strong></span> <span class='ocrx_word' id='word_1_129' title='bbox 1217 1008 1246 1043; x_wconf 89' lang='lat' dir='ltr'><strong>si</strong></span> 
     </span>
     <span class='ocr_line' id='line_1_20' title="bbox 153 1051 1245 1107; baseline -0.006 -13"><span class='ocrx_word' id='word_1_130' title='bbox 153 1058 269 1104; x_wconf 84' lang='lat' dir='ltr'><strong>egenti</strong></span> <span class='ocrx_word' id='word_1_131' title='bbox 292 1058 407 1092; x_wconf 84' lang='lat' dir='ltr'><strong>minor</strong></span> <span class='ocrx_word' id='word_1_132' title='bbox 431 1057 629 1099; x_wconf 81' lang='lat' dir='ltr'><strong>crediderit,</strong></span> <span class='ocrx_word' id='word_1_133' title='bbox 655 1056 802 1091; x_wconf 87' lang='lat' dir='ltr'><strong>ulterius</strong></span> <span class='ocrx_word' id='word_1_134' title='bbox 815 1051 1080 1107; x_wconf 83' lang='lat' dir='ltr'><strong>procedendum</strong></span> <span class='ocrx_word' id='word_1_135' title='bbox 1094 1064 1166 1088; x_wconf 92' lang='lat' dir='ltr'><strong>non</strong></span> <span class='ocrx_word' id='word_1_136' title='bbox 1180 1057 1245 1095; x_wconf 88' lang='lat' dir='ltr'><strong>est,</strong></span> 
     </span>
     <span class='ocr_line' id='line_1_21' title="bbox 155 1098 1248 1149; baseline -0.005 -11"><span class='ocrx_word' id='word_1_137' title='bbox 155 1113 261 1149; x_wconf 90' lang='lat' dir='ltr'><strong>quam</strong></span> <span class='ocrx_word' id='word_1_138' title='bbox 286 1107 326 1137; x_wconf 90' lang='lat' dir='ltr'><strong>ut</strong></span> <span class='ocrx_word' id='word_1_139' title='bbox 348 1102 517 1138; x_wconf 88' lang='lat' dir='ltr'><strong>iubeatur</strong></span> <span class='ocrx_word' id='word_1_140' title='bbox 539 1101 674 1137; x_wconf 90' lang='lat' dir='ltr'><strong>iuvenis</strong></span> <span class='ocrx_word' id='word_1_141' title='bbox 699 1100 900 1135; x_wconf 82' lang='lat' dir='ltr'><strong>actionibus</strong></span> <span class='ocrx_word' id='word_1_142' title='bbox 925 1099 1010 1142; x_wconf 82' lang='lat' dir='ltr'><strong>suis,</strong></span> <span class='ocrx_word' id='word_1_143' title='bbox 1035 1108 1126 1144; x_wconf 89' lang='lat' dir='ltr'><strong>quas</strong></span> <span class='ocrx_word' id='word_1_144' title='bbox 1137 1098 1248 1133; x_wconf 89' lang='lat' dir='ltr'><strong>habet</strong></span> 
     </span>
     <span class='ocr_line' id='line_1_22' title="bbox 156 1142 1247 1192; baseline -0.005 -9"><span class='ocrx_word' id='word_1_145' title='bbox 156 1147 326 1183; x_wconf 87' lang='lat' dir='ltr'><strong>adversus</strong></span> <span class='ocrx_word' id='word_1_146' title='bbox 351 1158 430 1182; x_wconf 90' lang='lat' dir='ltr'><strong>eum</strong></span> <span class='ocrx_word' id='word_1_147' title='bbox 466 1147 522 1182; x_wconf 87' lang='lat' dir='ltr'><strong>cui</strong></span> <span class='ocrx_word' id='word_1_148' title='bbox 553 1147 630 1192; x_wconf 87' lang='lat' dir='ltr'><strong>ipse</strong></span> <span class='ocrx_word' id='word_1_149' title='bbox 662 1144 887 1187; x_wconf 87' lang='lat' dir='ltr'><strong>credidisset,</strong></span> <span class='ocrx_word' id='word_1_150' title='bbox 920 1143 1046 1179; x_wconf 89' lang='lat' dir='ltr'><strong>cedere</strong></span> <span class='ocrx_word' id='word_1_151' title='bbox 1079 1142 1247 1179; x_wconf 90' lang='lat' dir='ltr'><strong>creditori</strong></span> 
     </span>
     <span class='ocr_line' id='line_1_23' title="bbox 153 1188 1246 1238; baseline -0.005 -10"><span class='ocrx_word' id='word_1_152' title='bbox 153 1203 231 1229; x_wconf 92' lang='lat' dir='ltr'><strong>suo.</strong></span> <span class='ocrx_word' id='word_1_153' title='bbox 268 1192 453 1238; x_wconf 77' lang='lat' dir='ltr'><strong>praedium</strong></span> <span class='ocrx_word' id='word_1_154' title='bbox 477 1201 617 1237; x_wconf 90' lang='lat' dir='ltr'><strong>quoque</strong></span> <span class='ocrx_word' id='word_1_155' title='bbox 641 1191 671 1226; x_wconf 88' lang='lat' dir='ltr'><strong>si</strong></span> <span class='ocrx_word' id='word_1_156' title='bbox 695 1201 738 1226; x_wconf 89' lang='lat' dir='ltr'><strong>ex</strong></span> <span class='ocrx_word' id='word_1_157' title='bbox 764 1200 805 1225; x_wconf 89' lang='lat' dir='ltr'><strong>ea</strong></span> <span class='ocrx_word' id='word_1_158' title='bbox 828 1189 982 1235; x_wconf 87' lang='lat' dir='ltr'><strong>pecunia</strong></span> <span class='ocrx_word' id='word_1_159' title='bbox 1005 1188 1117 1234; x_wconf 92' lang='lat' dir='ltr'><strong>pluris</strong></span> <span class='ocrx_word' id='word_1_160' title='bbox 1140 1198 1246 1234; x_wconf 88' lang='lat' dir='ltr'><strong>quam</strong></span> 
     </span>
     <span class='ocr_line' id='line_1_24' title="bbox 153 1233 1247 1283; baseline -0.005 -10"><span class='ocrx_word' id='word_1_161' title='bbox 153 1241 338 1283; x_wconf 86' lang='lat' dir='ltr'><strong>oporteret</strong></span> <span class='ocrx_word' id='word_1_162' title='bbox 362 1238 464 1279; x_wconf 88' lang='lat' dir='ltr'><strong>emit,</strong></span> <span class='ocrx_word' id='word_1_163' title='bbox 489 1237 539 1271; x_wconf 88' lang='lat' dir='ltr'><strong>ita</strong></span> <span class='ocrx_word' id='word_1_164' title='bbox 563 1235 797 1282; x_wconf 85' lang='lat' dir='ltr'><strong>temperanda</strong></span> <span class='ocrx_word' id='word_1_165' title='bbox 819 1245 877 1270; x_wconf 90' lang='lat' dir='ltr'><strong>res</strong></span> <span class='ocrx_word' id='word_1_166' title='bbox 902 1234 990 1276; x_wconf 91' lang='lat' dir='ltr'><strong>erit,</strong></span> <span class='ocrx_word' id='word_1_167' title='bbox 1015 1237 1056 1269; x_wconf 91' lang='lat' dir='ltr'><strong>ut</strong></span> <span class='ocrx_word' id='word_1_168' title='bbox 1079 1233 1247 1269; x_wconf 87' lang='lat' dir='ltr'><strong>iubeatur</strong></span> 
     </span>
     <span class='ocr_line' id='line_1_25' title="bbox 154 1278 1247 1327; baseline -0.005 -9"><span class='ocrx_word' id='word_1_169' title='bbox 154 1283 317 1318; x_wconf 89' lang='lat' dir='ltr'><strong>venditor</strong></span> <span class='ocrx_word' id='word_1_170' title='bbox 339 1282 477 1317; x_wconf 89' lang='lat' dir='ltr'><strong>reddito</strong></span> <span class='ocrx_word' id='word_1_171' title='bbox 509 1283 623 1327; x_wconf 87' lang='lat' dir='ltr'><strong>pretio</strong></span> <span class='ocrx_word' id='word_1_172' title='bbox 654 1281 855 1326; x_wconf 88' lang='lat' dir='ltr'><strong>reciperare</strong></span> <span class='ocrx_word' id='word_1_173' title='bbox 885 1279 1091 1324; x_wconf 84' lang='lat' dir='ltr'><strong>praedium,</strong></span> <span class='ocrx_word' id='word_1_174' title='bbox 1123 1278 1176 1314; x_wconf 89' lang='lat' dir='ltr'><strong>ita</strong></span> <span class='ocrx_word' id='word_1_175' title='bbox 1206 1283 1247 1313; x_wconf 92' lang='lat' dir='ltr'><strong>ut</strong></span> 
     </span>
     <span class='ocr_line' id='line_1_26' title="bbox 153 1324 1245 1364; baseline -0.005 -1"><span class='ocrx_word' id='word_1_176' title='bbox 153 1328 231 1364; x_wconf 90' lang='lat' dir='ltr'><strong>sine</strong></span> <span class='ocrx_word' id='word_1_177' title='bbox 263 1328 409 1363; x_wconf 88' lang='lat' dir='ltr'><strong>alterius</strong></span> <span class='ocrx_word' id='word_1_178' title='bbox 442 1327 570 1362; x_wconf 90' lang='lat' dir='ltr'><strong>damno</strong></span> <span class='ocrx_word' id='word_1_179' title='bbox 604 1326 710 1361; x_wconf 89' lang='lat' dir='ltr'><strong>etiam</strong></span> <span class='ocrx_word' id='word_1_180' title='bbox 743 1325 899 1361; x_wconf 82' lang='lat' dir='ltr'><strong>creditor</strong></span> <span class='ocrx_word' id='word_1_181' title='bbox 930 1334 952 1359; x_wconf 90' lang='lat' dir='ltr'><strong>a</strong></span> <span class='ocrx_word' id='word_1_182' title='bbox 982 1324 1109 1359; x_wconf 84' lang='lat' dir='ltr'><strong>iuvene</strong></span> <span class='ocrx_word' id='word_1_183' title='bbox 1142 1334 1245 1359; x_wconf 90' lang='lat' dir='ltr'><strong>suum</strong></span> 
     </span>
     <span class='ocr_line' id='line_1_27' title="bbox 154 1369 1246 1418; baseline -0.005 -9"><span class='ocrx_word' id='word_1_184' title='bbox 154 1377 406 1418; x_wconf 82' lang='lat' dir='ltr'><strong>consequatur.</strong></span> <span class='ocrx_word' id='word_1_185' title='bbox 442 1382 485 1407; x_wconf 88' lang='lat' dir='ltr'><strong>ex</strong></span> <span class='ocrx_word' id='word_1_186' title='bbox 509 1382 579 1417; x_wconf 90' lang='lat' dir='ltr'><strong>quo</strong></span> <span class='ocrx_word' id='word_1_187' title='bbox 605 1370 742 1406; x_wconf 89' lang='lat' dir='ltr'><strong>scilicet</strong></span> <span class='ocrx_word' id='word_1_188' title='bbox 765 1370 869 1406; x_wconf 90' lang='lat' dir='ltr'><strong>simul</strong></span> <span class='ocrx_word' id='word_1_189' title='bbox 888 1369 1136 1414; x_wconf 82' lang='lat' dir='ltr'><strong>intellegimus,</strong></span> <span class='ocrx_word' id='word_1_190' title='bbox 1161 1369 1246 1414; x_wconf 87' lang='lat' dir='ltr'><strong>quid</strong></span> 
     </span>
     <span class='ocr_line' id='line_1_28' title="bbox 153 1414 1247 1462; baseline -0.005 -8"><span class='ocrx_word' id='word_1_191' title='bbox 153 1418 336 1454; x_wconf 85' lang='lat' dir='ltr'><strong>observari</strong></span> <span class='ocrx_word' id='word_1_192' title='bbox 356 1421 531 1462; x_wconf 85' lang='lat' dir='ltr'><strong>oporteat,</strong></span> <span class='ocrx_word' id='word_1_193' title='bbox 555 1416 585 1452; x_wconf 90' lang='lat' dir='ltr'><strong>si</strong></span> <span class='ocrx_word' id='word_1_194' title='bbox 607 1426 672 1451; x_wconf 87' lang='lat' dir='ltr'><strong>sua</strong></span> <span class='ocrx_word' id='word_1_195' title='bbox 691 1415 846 1461; x_wconf 89' lang='lat' dir='ltr'><strong>pecunia</strong></span> <span class='ocrx_word' id='word_1_196' title='bbox 857 1414 970 1460; x_wconf 93' lang='lat' dir='ltr'><strong>pluris</strong></span> <span class='ocrx_word' id='word_1_197' title='bbox 984 1424 1092 1460; x_wconf 90' lang='lat' dir='ltr'><strong>quam</strong></span> <span class='ocrx_word' id='word_1_198' title='bbox 1105 1417 1247 1459; x_wconf 87' lang='lat' dir='ltr'><strong>oportet</strong></span> 
     </span>
     <span class='ocr_line' id='line_1_29' title="bbox 154 1458 1244 1506; baseline -0.004 -8"><span class='ocrx_word' id='word_1_199' title='bbox 154 1462 297 1505; x_wconf 88' lang='lat' dir='ltr'><strong>emerit,</strong></span> <span class='ocrx_word' id='word_1_200' title='bbox 331 1466 371 1497; x_wconf 92' lang='lat' dir='ltr'><strong>ut</strong></span> <span class='ocrx_word' id='word_1_201' title='bbox 401 1465 521 1497; x_wconf 89' lang='lat' dir='ltr'><strong>tamen</strong></span> <span class='ocrx_word' id='word_1_202' title='bbox 552 1462 621 1497; x_wconf 91' lang='lat' dir='ltr'><strong>hoc</strong></span> <span class='ocrx_word' id='word_1_203' title='bbox 654 1461 713 1496; x_wconf 85' lang='lat' dir='ltr'><strong>et²</strong></span> <span class='ocrx_word' id='word_1_204' title='bbox 737 1460 922 1506; x_wconf 78' lang='lat' dir='ltr'><strong>superiore</strong></span> <span class='ocrx_word' id='word_1_205' title='bbox 953 1469 1041 1495; x_wconf 88' lang='lat' dir='ltr'><strong>casu</strong></span> <span class='ocrx_word' id='word_1_206' title='bbox 1071 1458 1244 1501; x_wconf 86' lang='lat' dir='ltr'><strong>venditor,</strong></span> 
     </span>
     <span class='ocr_line' id='line_1_30' title="bbox 153 1506 1244 1554; baseline -0.004 -11"><span class='ocrx_word' id='word_1_207' title='bbox 153 1508 214 1554; x_wconf 91' lang='lat' dir='ltr'><strong>qui</strong></span> <span class='ocrx_word' id='word_1_208' title='bbox 238 1507 391 1553; x_wconf 88' lang='lat' dir='ltr'><strong>pretium</strong></span> <span class='ocrx_word' id='word_1_209' title='bbox 414 1506 577 1549; x_wconf 85' lang='lat' dir='ltr'><strong>reddidit,</strong></span> <span class='ocrx_word' id='word_1_210' title='bbox 603 1506 709 1542; x_wconf 87' lang='lat' dir='ltr'><strong>etiam</strong></span> <span class='ocrx_word' id='word_1_211' title='bbox 728 1515 870 1547; x_wconf 89' lang='lat' dir='ltr'><strong>usuras,</strong></span> <span class='ocrx_word' id='word_1_212' title='bbox 919 1514 985 1540; x_wconf 91' lang='lat' dir='ltr'><strong>uas</strong></span> <span class='ocrx_word' id='word_1_213' title='bbox 1011 1515 1055 1540; x_wconf 89' lang='lat' dir='ltr'><strong>ex</strong></span> <span class='ocrx_word' id='word_1_214' title='bbox 1075 1514 1117 1540; x_wconf 91' lang='lat' dir='ltr'><strong>ea</strong></span> <span class='ocrx_word' id='word_1_215' title='bbox 1135 1514 1244 1550; x_wconf 92' lang='lat' dir='ltr'><strong>pecu—</strong></span> 
     </span>
     <span class='ocr_line' id='line_1_31' title="bbox 153 1549 1244 1597; baseline -0.003 -10"><span class='ocrx_word' id='word_1_216' title='bbox 153 1553 213 1588; x_wconf 92' lang='lat' dir='ltr'><strong>nia</strong></span> <span class='ocrx_word' id='word_1_217' title='bbox 236 1552 394 1597; x_wconf 85' lang='lat' dir='ltr'><strong>percepit</strong></span> <span class='ocrx_word' id='word_1_218' title='bbox 418 1555 481 1586; x_wconf 89' lang='lat' dir='ltr'><strong>aut</strong></span> <span class='ocrx_word' id='word_1_219' title='bbox 503 1552 688 1597; x_wconf 87' lang='lat' dir='ltr'><strong>percipere</strong></span> <span class='ocrx_word' id='word_1_220' title='bbox 711 1550 839 1596; x_wconf 90' lang='lat' dir='ltr'><strong>potuit,</strong></span> <span class='ocrx_word' id='word_1_221' title='bbox 863 1560 903 1585; x_wconf 90' lang='lat' dir='ltr'><strong>re</strong></span> <span class='ocrx_word' id='word_1_222' title='bbox 929 1550 1009 1592; x_wconf 86' lang='lat' dir='ltr'><strong>dat,</strong></span> <span class='ocrx_word' id='word_1_223' title='bbox 1035 1553 1070 1585; x_wconf 92' lang='lat' dir='ltr'><strong>et</strong></span> <span class='ocrx_word' id='word_1_224' title='bbox 1092 1549 1244 1591; x_wconf 89' lang='lat' dir='ltr'><strong>fructus,</strong></span> 
     </span>
     <span class='ocr_line' id='line_1_32' title="bbox 153 1594 1245 1644; baseline -0.003 -12"><span class='ocrx_word' id='word_1_225' title='bbox 153 1597 281 1644; x_wconf 91' lang='lat' dir='ltr'><strong>quibus</strong></span> <span class='ocrx_word' id='word_1_226' title='bbox 305 1596 518 1642; x_wconf 89' lang='lat' dir='ltr'><strong>locupletior</strong></span> <span class='ocrx_word' id='word_1_227' title='bbox 539 1596 659 1632; x_wconf 89' lang='lat' dir='ltr'><strong>factus</strong></span> <span class='ocrx_word' id='word_1_228' title='bbox 692 1600 747 1631; x_wconf 90' lang='lat' dir='ltr'><strong>est</strong></span> <span class='ocrx_word' id='word_1_229' title='bbox 776 1595 932 1638; x_wconf 91' lang='lat' dir='ltr'><strong>iuvenis,</strong></span> <span class='ocrx_word' id='word_1_230' title='bbox 964 1595 1125 1640; x_wconf 88' lang='lat' dir='ltr'><strong>recipiat.</strong></span> <span class='ocrx_word' id='word_1_231' title='bbox 1161 1594 1245 1629; x_wconf 91' lang='lat' dir='ltr'><strong>item</strong></span> 
     </span>
     <span class='ocr_line' id='line_1_33' title="bbox 153 1639 1246 1687; baseline -0.003 -10"><span class='ocrx_word' id='word_1_232' title='bbox 153 1653 195 1678; x_wconf 91' lang='lat' dir='ltr'><strong>ex</strong></span> <span class='ocrx_word' id='word_1_233' title='bbox 220 1642 358 1677; x_wconf 90' lang='lat' dir='ltr'><strong>diverso</strong></span> <span class='ocrx_word' id='word_1_234' title='bbox 382 1642 413 1677; x_wconf 90' lang='lat' dir='ltr'><strong>si</strong></span> <span class='ocrx_word' id='word_1_235' title='bbox 435 1641 572 1677; x_wconf 90' lang='lat' dir='ltr'><strong>minore</strong></span> <span class='ocrx_word' id='word_1_236' title='bbox 594 1641 710 1687; x_wconf 88' lang='lat' dir='ltr'><strong>pretio</strong></span> <span class='ocrx_word' id='word_1_237' title='bbox 735 1651 842 1687; x_wconf 88' lang='lat' dir='ltr'><strong>quam</strong></span> <span class='ocrx_word' id='word_1_238' title='bbox 875 1644 1018 1686; x_wconf 88' lang='lat' dir='ltr'><strong>oportet</strong></span> <span class='ocrx_word' id='word_1_239' title='bbox 1048 1639 1246 1675; x_wconf 86' lang='lat' dir='ltr'><strong>vendiderit</strong></span> 
     </span>
     <span class='ocr_line' id='line_1_34' title="bbox 152 1685 1245 1732; baseline -0.003 -10"><span class='ocrx_word' id='word_1_240' title='bbox 152 1687 382 1729; x_wconf 77' lang='lat' dir='ltr'><strong>adulescens,</strong></span> <span class='ocrx_word' id='word_1_241' title='bbox 419 1690 559 1732; x_wconf 86' lang='lat' dir='ltr'><strong>emptor</strong></span> <span class='ocrx_word' id='word_1_242' title='bbox 593 1685 736 1732; x_wconf 90' lang='lat' dir='ltr'><strong>quidem</strong></span> <span class='ocrx_word' id='word_1_243' title='bbox 770 1686 885 1721; x_wconf 92' lang='lat' dir='ltr'><strong>iuberi</strong></span> <span class='ocrx_word' id='word_1_244' title='bbox 919 1685 1064 1721; x_wconf 90' lang='lat' dir='ltr'><strong>debebit</strong></span> <span class='ocrx_word' id='word_1_245' title='bbox 1097 1685 1245 1730; x_wconf 89' lang='lat' dir='ltr'><strong>praedia</strong></span> 
     </span>
     <span class='ocr_line' id='line_1_35' title="bbox 154 1731 1245 1774; baseline -0.003 -7"><span class='ocrx_word' id='word_1_246' title='bbox 154 1743 236 1768; x_wconf 90' lang='lat' dir='ltr'><strong>cum</strong></span> <span class='ocrx_word' id='word_1_247' title='bbox 258 1731 436 1767; x_wconf 82' lang='lat' dir='ltr'><strong>fructibus</strong></span> <span class='ocrx_word' id='word_1_248' title='bbox 460 1732 667 1774; x_wconf 87' lang='lat' dir='ltr'><strong>restituere,</strong></span> <span class='ocrx_word' id='word_1_249' title='bbox 699 1731 836 1766; x_wconf 89' lang='lat' dir='ltr'><strong>iuvenis</strong></span> <span class='ocrx_word' id='word_1_250' title='bbox 867 1735 988 1766; x_wconf 90' lang='lat' dir='ltr'><strong>autem</strong></span> <span class='ocrx_word' id='word_1_251' title='bbox 1021 1733 1169 1766; x_wconf 88' lang='lat' dir='ltr'><strong>eatenus</strong></span> <span class='ocrx_word' id='word_1_252' title='bbox 1201 1740 1245 1764; x_wconf 86' lang='lat' dir='ltr'><strong>ex</strong></span> 
     </span>
     <span class='ocr_line' id='line_1_36' title="bbox 151 1775 1246 1823; baseline -0.003 -11"><span class='ocrx_word' id='word_1_253' title='bbox 151 1777 266 1823; x_wconf 90' lang='lat' dir='ltr'><strong>pretio</strong></span> <span class='ocrx_word' id='word_1_254' title='bbox 290 1776 458 1818; x_wconf 87' lang='lat' dir='ltr'><strong>reddere,</strong></span> <span class='ocrx_word' id='word_1_255' title='bbox 491 1782 667 1822; x_wconf 86' lang='lat' dir='ltr'><strong>quatenus</strong></span> <span class='ocrx_word' id='word_1_256' title='bbox 701 1787 746 1812; x_wconf 88' lang='lat' dir='ltr'><strong>ex</strong></span> <span class='ocrx_word' id='word_1_257' title='bbox 777 1786 819 1811; x_wconf 90' lang='lat' dir='ltr'><strong>ea</strong></span> <span class='ocrx_word' id='word_1_258' title='bbox 849 1775 1003 1821; x_wconf 87' lang='lat' dir='ltr'><strong>pecunia</strong></span> <span class='ocrx_word' id='word_1_259' title='bbox 1033 1775 1246 1820; x_wconf 87' lang='lat' dir='ltr'><strong>locupletior</strong></span> 
     </span>
     <span class='ocr_line' id='line_1_37' title="bbox 152 1819 1246 1866; baseline -0.003 -9"><span class='ocrx_word' id='word_1_260' title='bbox 152 1825 172 1858; x_wconf 83' lang='lat'>2</span> <span class='ocrx_word' id='word_1_261' title='bbox 221 1826 286 1857; x_wconf 90' lang='lat' dir='ltr'><strong>est.</strong></span> <span class='ocrx_word' id='word_1_262' title='bbox 334 1821 372 1857; x_wconf 87' lang='lat' dir='ltr'><strong>Si</strong></span> <span class='ocrx_word' id='word_1_263' title='bbox 402 1822 518 1857; x_wconf 89' lang='lat' dir='ltr'><strong>minor</strong></span> <span class='ocrx_word' id='word_1_264' title='bbox 549 1822 652 1857; x_wconf 89' lang='lat' dir='ltr'><strong>annis</strong></span> <span class='ocrx_word' id='word_1_265' title='bbox 684 1821 807 1866; x_wconf 83' lang='lat' dir='ltr'><strong>viginti</strong></span> <span class='ocrx_word' id='word_1_266' title='bbox 863 1821 995 1866; x_wconf 90' lang='lat' dir='ltr'><strong>uinque</strong></span> <span class='ocrx_word' id='word_1_267' title='bbox 1026 1819 1103 1855; x_wconf 90' lang='lat' dir='ltr'><strong>sine</strong></span> <span class='ocrx_word' id='word_1_268' title='bbox 1135 1829 1246 1855; x_wconf 87' lang='lat' dir='ltr'><strong>causa</strong></span> 
     </span>
     <span class='ocr_line' id='line_1_38' title="bbox 152 1865 1245 1918; baseline -0.002 -16"><span class='ocrx_word' id='word_1_269' title='bbox 152 1866 305 1903; x_wconf 88' lang='lat' dir='ltr'><strong>debitori</strong></span> <span class='ocrx_word' id='word_1_270' title='bbox 328 1870 516 1912; x_wconf 89' lang='lat' dir='ltr'><strong>acceptum</strong></span> <span class='ocrx_word' id='word_1_271' title='bbox 540 1867 679 1909; x_wconf 87' lang='lat' dir='ltr'><strong>tulerit,</strong></span> <span class='ocrx_word' id='word_1_272' title='bbox 711 1877 784 1901; x_wconf 92' lang='lat' dir='ltr'><strong>non</strong></span> <span class='ocrx_word' id='word_1_273' title='bbox 807 1876 848 1901; x_wconf 94' lang='lat' dir='ltr'><strong>so</strong></span> <span class='ocrx_word' id='word_1_274' title='bbox 864 1877 923 1900; x_wconf 92' lang='lat' dir='ltr'><strong>um</strong></span> <span class='ocrx_word' id='word_1_275' title='bbox 946 1866 983 1900; x_wconf 92' lang='lat' dir='ltr'><strong>in</strong></span> <span class='ocrx_word' id='word_1_276' title='bbox 1013 1865 1149 1918; x_wconf 85' lang='lat' dir='ltr'><strong>ipsum,</strong></span> <span class='ocrx_word' id='word_1_277' title='bbox 1182 1865 1245 1900; x_wconf 90' lang='lat' dir='ltr'><strong>sed</strong></span> 
     </span>
     <span class='ocr_line' id='line_1_39' title="bbox 152 1909 1243 1957; baseline -0.003 -9"><span class='ocrx_word' id='word_1_278' title='bbox 152 1916 189 1948; x_wconf 87' lang='lat' dir='ltr'><strong>et</strong></span> <span class='ocrx_word' id='word_1_279' title='bbox 211 1912 248 1948; x_wconf 90' lang='lat' dir='ltr'><strong>in</strong></span> <span class='ocrx_word' id='word_1_280' title='bbox 270 1911 498 1948; x_wconf 88' lang='lat' dir='ltr'><strong>fideiussores</strong></span> <span class='ocrx_word' id='word_1_281' title='bbox 523 1915 558 1946; x_wconf 90' lang='lat' dir='ltr'><strong>et</strong></span> <span class='ocrx_word' id='word_1_282' title='bbox 579 1912 617 1946; x_wconf 91' lang='lat' dir='ltr'><strong>in</strong></span> <span class='ocrx_word' id='word_1_283' title='bbox 648 1911 798 1957; x_wconf 86' lang='lat' dir='ltr'><strong>pignora</strong></span> <span class='ocrx_word' id='word_1_284' title='bbox 829 1911 924 1946; x_wconf 88' lang='lat' dir='ltr'><strong>actio</strong></span> <span class='ocrx_word' id='word_1_285' title='bbox 957 1910 1097 1945; x_wconf 81' lang='lat' dir='ltr'><strong>restitui</strong></span> <span class='ocrx_word' id='word_1_286' title='bbox 1128 1909 1243 1946; x_wconf 90' lang='lat' dir='ltr'><strong>debet.</strong></span> 
     </span>
     <span class='ocr_line' id='line_1_40' title="bbox 152 1955 1246 2001; baseline -0.002 -9"><span class='ocrx_word' id='word_1_287' title='bbox 152 1960 188 1992; x_wconf 92' lang='lat' dir='ltr'><strong>et</strong></span> <span class='ocrx_word' id='word_1_288' title='bbox 200 1957 232 1993; x_wconf 92' lang='lat' dir='ltr'><strong>si</strong></span> <span class='ocrx_word' id='word_1_289' title='bbox 244 1967 289 1992; x_wconf 88' lang='lat' dir='ltr'><strong>ex</strong></span> <span class='ocrx_word' id='word_1_290' title='bbox 301 1956 440 1993; x_wconf 89' lang='lat' dir='ltr'><strong>duobus</strong></span> <span class='ocrx_word' id='word_1_291' title='bbox 454 1957 523 1992; x_wconf 90' lang='lat' dir='ltr'><strong>reis</strong></span> <span class='ocrx_word' id='word_1_292' title='bbox 536 1957 639 1992; x_wconf 87' lang='lat' dir='ltr'><strong>alteri</strong></span> <span class='ocrx_word' id='word_1_293' title='bbox 652 1967 738 1992; x_wconf 90' lang='lat' dir='ltr'><strong>acce</strong></span> <span class='ocrx_word' id='word_1_294' title='bbox 764 1961 839 1991; x_wconf 88' lang='lat' dir='ltr'><strong>tum</strong></span> <span class='ocrx_word' id='word_1_295' title='bbox 851 1956 984 1998; x_wconf 90' lang='lat' dir='ltr'><strong>tulerit,</strong></span> <span class='ocrx_word' id='word_1_296' title='bbox 1005 1955 1043 1990; x_wconf 92' lang='lat' dir='ltr'><strong>in</strong></span> <span class='ocrx_word' id='word_1_297' title='bbox 1056 1959 1246 2001; x_wconf 90' lang='lat' dir='ltr'><strong>utrumque</strong></span> 
     </span>
     <span class='ocr_line' id='line_1_41' title="bbox 153 1968 1245 2053; baseline -0.003 -15"><span class='ocrx_word' id='word_1_298' title='bbox 153 2004 173 2038; x_wconf 83' lang='lat'>3</span> <span class='ocrx_word' id='word_1_299' title='bbox 220 2001 443 2038; x_wconf 88' lang='lat' dir='ltr'><strong>restituenda</strong></span> <span class='ocrx_word' id='word_1_300' title='bbox 478 2005 532 2037; x_wconf 90' lang='lat' dir='ltr'><strong>est</strong></span> <span class='ocrx_word' id='word_1_301' title='bbox 567 2001 673 2037; x_wconf 90' lang='lat' dir='ltr'><strong>actio.</strong></span> <span class='ocrx_word' id='word_1_302' title='bbox 730 1968 787 2036; x_wconf 56' lang='grc' dir='ltr'><strong>ἔκ</strong></span> <span class='ocrx_word' id='word_1_303' title='bbox 821 2001 889 2036; x_wconf 92' lang='lat' dir='ltr'><strong>hoc</strong></span> <span class='ocrx_word' id='word_1_304' title='bbox 926 2000 1179 2053; x_wconf 71' lang='lat' dir='ltr'><strong>intellegimus,</strong></span> <span class='ocrx_word' id='word_1_305' title='bbox 1215 2001 1245 2035; x_wconf 91' lang='lat' dir='ltr'><strong>si</strong></span> 
     </span>
     <span class='ocr_line' id='line_1_42' title="bbox 153 2045 1244 2089; baseline -0.001 -7"><span class='ocrx_word' id='word_1_306' title='bbox 153 2046 361 2082; x_wconf 74' lang='lat' dir='ltr'><strong>damnosam</strong></span> <span class='ocrx_word' id='word_1_307' title='bbox 384 2047 453 2083; x_wconf 91' lang='lat' dir='ltr'><strong>sibi</strong></span> <span class='ocrx_word' id='word_1_308' title='bbox 476 2047 701 2082; x_wconf 83' lang='lat' dir='ltr'><strong>novationem</strong></span> <span class='ocrx_word' id='word_1_309' title='bbox 724 2046 861 2089; x_wconf 85' lang='lat' dir='ltr'><strong>fecerit,</strong></span> <span class='ocrx_word' id='word_1_310' title='bbox 885 2046 979 2082; x_wconf 85' lang='lat' dir='ltr'><strong>forte</strong></span> <span class='ocrx_word' id='word_1_311' title='bbox 998 2056 1028 2081; x_wconf 80' lang='lat' dir='ltr'><strong>si</strong></span> <span class='ocrx_word' id='word_1_312' title='bbox 1049 2046 1095 2080; x_wconf 91' lang='lat' dir='ltr'><strong>ab</strong></span> <span class='ocrx_word' id='word_1_313' title='bbox 1115 2045 1244 2081; x_wconf 88' lang='lat' dir='ltr'><strong>1doneo</strong></span> 
     </span>
     <span class='ocr_line' id='line_1_43' title="bbox 154 2090 1244 2137; baseline -0.002 -10"><span class='ocrx_word' id='word_1_314' title='bbox 154 2091 316 2127; x_wconf 88' lang='lat' dir='ltr'><strong>debitore</strong></span> <span class='ocrx_word' id='word_1_315' title='bbox 348 2091 394 2127; x_wconf 91' lang='lat' dir='ltr'><strong>ad</strong></span> <span class='ocrx_word' id='word_1_316' title='bbox 426 2092 568 2137; x_wconf 91' lang='lat' dir='ltr'><strong>inopem</strong></span> <span class='ocrx_word' id='word_1_317' title='bbox 592 2091 746 2127; x_wconf 88' lang='lat' dir='ltr'><strong>novandi</strong></span> <span class='ocrx_word' id='word_1_318' title='bbox 771 2101 883 2127; x_wconf 88' lang='lat' dir='ltr'><strong>causa</strong></span> <span class='ocrx_word' id='word_1_319' title='bbox 905 2090 1131 2126; x_wconf 84' lang='lat' dir='ltr'><strong>transtulerit</strong></span> <span class='ocrx_word' id='word_1_320' title='bbox 1154 2090 1244 2126; x_wconf 88' lang='lat' dir='ltr'><strong>obli-</strong></span> 
     </span>
     <span class='ocr_line' id='line_1_44' title="bbox 151 2135 1243 2182; baseline -0.002 -10"><span class='ocrx_word' id='word_1_321' title='bbox 151 2137 348 2182; x_wconf 81' lang='lat' dir='ltr'><strong>gationem,</strong></span> <span class='ocrx_word' id='word_1_322' title='bbox 381 2140 547 2182; x_wconf 88' lang='lat' dir='ltr'><strong>oportere</strong></span> <span class='ocrx_word' id='word_1_323' title='bbox 579 2147 659 2172; x_wconf 89' lang='lat' dir='ltr'><strong>eum</strong></span> <span class='ocrx_word' id='word_1_324' title='bbox 682 2136 720 2172; x_wconf 92' lang='lat' dir='ltr'><strong>in</strong></span> <span class='ocrx_word' id='word_1_325' title='bbox 743 2136 897 2182; x_wconf 76' lang='lat' dir='ltr'><strong>priorem</strong></span> <span class='ocrx_word' id='word_1_326' title='bbox 921 2136 1118 2171; x_wconf 88' lang='lat' dir='ltr'><strong>debitorem</strong></span> <span class='ocrx_word' id='word_1_327' title='bbox 1141 2135 1243 2171; x_wconf 89' lang='lat' dir='ltr'><strong>resti-</strong></span> 
     </span>
     <span class='ocr_line' id='line_1_45' title="bbox 152 2180 1245 2228; baseline -0.002 -11"><span class='ocrx_word' id='word_1_328' title='bbox 152 2185 174 2217; x_wconf 76' lang='lat'>4</span> <span class='ocrx_word' id='word_1_329' title='bbox 220 2181 284 2217; x_wconf 90' lang='lat' dir='ltr'><strong>tui.</strong></span> <span class='ocrx_word' id='word_1_330' title='bbox 338 2181 518 2218; x_wconf 89' lang='lat' dir='ltr'><strong>Adversus</strong></span> <span class='ocrx_word' id='word_1_331' title='bbox 551 2192 612 2217; x_wconf 90' lang='lat' dir='ltr'><strong>eos</strong></span> <span class='ocrx_word' id='word_1_332' title='bbox 645 2191 787 2228; x_wconf 89' lang='lat' dir='ltr'><strong>quoque</strong></span> <span class='ocrx_word' id='word_1_333' title='bbox 816 2181 994 2216; x_wconf 85' lang='lat' dir='ltr'><strong>restitutio</strong></span> <span class='ocrx_word' id='word_1_334' title='bbox 1027 2180 1245 2226; x_wconf 88' lang='lat' dir='ltr'><strong>praestanda</strong></span> 
     </span>
     <span class='ocr_line' id='line_1_46' title="bbox 153 2225 1243 2272; baseline -0.003 -9"><span class='ocrx_word' id='word_1_335' title='bbox 153 2230 218 2269; x_wconf 88' lang='lat' dir='ltr'><strong>est,</strong></span> <span class='ocrx_word' id='word_1_336' title='bbox 243 2237 392 2272; x_wconf 91' lang='lat' dir='ltr'><strong>quorum</strong></span> <span class='ocrx_word' id='word_1_337' title='bbox 415 2227 459 2262; x_wconf 88' lang='lat' dir='ltr'><strong>de</strong></span> <span class='ocrx_word' id='word_1_338' title='bbox 484 2226 565 2263; x_wconf 93' lang='lat' dir='ltr'><strong>dolo</strong></span> <span class='ocrx_word' id='word_1_339' title='bbox 586 2237 691 2272; x_wconf 87' lang='lat' dir='ltr'><strong>agere</strong></span> <span class='ocrx_word' id='word_1_340' title='bbox 711 2237 783 2262; x_wconf 93' lang='lat' dir='ltr'><strong>non</strong></span> <span class='ocrx_word' id='word_1_341' title='bbox 801 2226 1029 2272; x_wconf 89' lang='lat' dir='ltr'><strong>permittitur,</strong></span> <span class='ocrx_word' id='word_1_342' title='bbox 1054 2225 1123 2261; x_wconf 88' lang='lat' dir='ltr'><strong>nisi</strong></span> <span class='ocrx_word' id='word_1_343' title='bbox 1134 2235 1243 2271; x_wconf 89' lang='lat' dir='ltr'><strong>quae-</strong></span> 
     </span>
     <span class='ocr_line' id='line_1_47' title="bbox 152 2271 1006 2317; baseline -0.001 -10"><span class='ocrx_word' id='word_1_344' title='bbox 152 2271 234 2307; x_wconf 87' lang='lat' dir='ltr'><strong>dam</strong></span> <span class='ocrx_word' id='word_1_345' title='bbox 258 2282 433 2317; x_wconf 87' lang='lat' dir='ltr'><strong>personae</strong></span> <span class='ocrx_word' id='word_1_346' title='bbox 457 2282 474 2307; x_wconf 90' lang='lat' dir='ltr'><strong>s</strong></span> <span class='ocrx_word' id='word_1_347' title='bbox 502 2271 604 2308; x_wconf 90' lang='lat' dir='ltr'><strong>eciali</strong></span> <span class='ocrx_word' id='word_1_348' title='bbox 626 2272 703 2317; x_wconf 84' lang='lat' dir='ltr'><strong>lege</strong></span> <span class='ocrx_word' id='word_1_349' title='bbox 727 2274 899 2316; x_wconf 81' lang='lat' dir='ltr'><strong>exceptae</strong></span> <span class='ocrx_word' id='word_1_350' title='bbox 923 2271 1006 2307; x_wconf 87' lang='lat' dir='ltr'><strong>sint.</strong></span> 
     </span>
    </p>

    <p class='ocr_par' dir='ltr' id='par_1_5' title="bbox 152 2313 1244 2488">
     <span class='ocr_line' id='line_1_48' title="bbox 198 2313 1244 2363; baseline -0.003 -10"><span class='ocrx_word' id='word_1_351' title='bbox 198 2313 252 2354; x_wconf 84' lang='lat'><strong>28</strong></span> <span class='ocrx_word' id='word_1_352' title='bbox 280 2316 426 2353; x_wconf 68' lang='lat' dir='ltr'><strong>Casus</strong></span> <span class='ocrx_word' id='word_1_353' title='bbox 446 2317 475 2352; x_wconf 79' lang='lat' dir='ltr'><strong>li</strong></span> <span class='ocrx_word' id='word_1_354' title='bbox 496 2328 538 2353; x_wconf 91' lang='lat' dir='ltr'><strong>ro</strong></span> <span class='ocrx_word' id='word_1_355' title='bbox 561 2317 720 2353; x_wconf 79' lang='lat' dir='ltr'><strong>secundo</strong></span> <span class='ocrx_word' id='word_1_356' title='bbox 744 2316 965 2363; x_wconf 78' lang='lat' dir='ltr'><strong>diqestorum</strong></span> <span class='ocrx_word' id='word_1_357' title='bbox 1014 2315 1103 2350; x_wconf 89' lang='lat' dir='ltr'><strong>Cum</strong></span> <span class='ocrx_word' id='word_1_358' title='bbox 1127 2315 1244 2351; x_wconf 90' lang='lat' dir='ltr'><strong>minor</strong></span> 
     </span>
     <span class='ocr_line' id='line_1_49' title="bbox 152 2361 1242 2408; baseline -0.002 -11"><span class='ocrx_word' id='word_1_359' title='bbox 152 2372 259 2407; x_wconf 87' lang='lat' dir='ltr'><strong>quam</strong></span> <span class='ocrx_word' id='word_1_360' title='bbox 283 2362 439 2408; x_wconf 89' lang='lat' dir='ltr'><strong>quinque</strong></span> <span class='ocrx_word' id='word_1_361' title='bbox 473 2365 509 2397; x_wconf 92' lang='lat' dir='ltr'><strong>et</strong></span> <span class='ocrx_word' id='word_1_362' title='bbox 538 2362 660 2407; x_wconf 81' lang='lat' dir='ltr'><strong>viginti</strong></span> <span class='ocrx_word' id='word_1_363' title='bbox 691 2361 794 2405; x_wconf 86' lang='lat' dir='ltr'><strong>annis</strong></span> <span class='ocrx_word' id='word_1_364' title='bbox 825 2361 996 2397; x_wconf 88' lang='lat' dir='ltr'><strong>adversus</strong></span> <span class='ocrx_word' id='word_1_365' title='bbox 1028 2371 1130 2403; x_wconf 90' lang='lat' dir='ltr'><strong>eum,</strong></span> <span class='ocrx_word' id='word_1_366' title='bbox 1164 2371 1242 2395; x_wconf 91' lang='lat' dir='ltr'><strong>cum</strong></span> 
     </span>
     <span class='ocr_line' id='line_1_50' title="bbox 152 2405 1243 2460; baseline -0.002 -18"><span class='ocrx_word' id='word_1_367' title='bbox 152 2417 222 2459; x_wconf 77' lang='lat' dir='ltr'><strong>quo</strong></span> <span class='ocrx_word' id='word_1_368' title='bbox 245 2407 382 2442; x_wconf 83' lang='lat' dir='ltr'><strong>tutelae</strong></span> <span class='ocrx_word' id='word_1_369' title='bbox 406 2407 495 2460; x_wconf 74' lang='lat' dir='ltr'><strong>egit,</strong></span> <span class='ocrx_word' id='word_1_370' title='bbox 519 2407 738 2450; x_wconf 88' lang='lat' dir='ltr'><strong>restituitur,</strong></span> <span class='ocrx_word' id='word_1_371' title='bbox 762 2417 835 2442; x_wconf 91' lang='lat' dir='ltr'><strong>non</strong></span> <span class='ocrx_word' id='word_1_372' title='bbox 858 2406 937 2442; x_wconf 92' lang='lat' dir='ltr'><strong>ideo</strong></span> <span class='ocrx_word' id='word_1_373' title='bbox 962 2405 1074 2441; x_wconf 89' lang='lat' dir='ltr'><strong>tutori</strong></span> <span class='ocrx_word' id='word_1_374' title='bbox 1099 2410 1243 2441; x_wconf 88' lang='lat' dir='ltr'><strong>contra-</strong></span> 
     </span>
     <span class='ocr_line' id='line_1_51' title="bbox 152 2451 963 2488; baseline 0 -2"><span class='ocrx_word' id='word_1_375' title='bbox 152 2462 242 2487; x_wconf 80' lang='lat' dir='ltr'><strong>rium</strong></span> <span class='ocrx_word' id='word_1_376' title='bbox 265 2452 400 2487; x_wconf 86' lang='lat' dir='ltr'><strong>tutelae</strong></span> <span class='ocrx_word' id='word_1_377' title='bbox 423 2452 594 2488; x_wconf 86' lang='lat' dir='ltr'><strong>mdicium</strong></span> <span class='ocrx_word' id='word_1_378' title='bbox 616 2451 874 2488; x_wconf 90' lang='lat' dir='ltr'><strong>restituendum</strong></span> <span class='ocrx_word' id='word_1_379' title='bbox 899 2455 963 2487; x_wconf 88' lang='lat' dir='ltr'><strong>est.</strong></span> 
     </span>
    </p>

    <p class='ocr_par' dir='ltr' id='par_1_6' title="bbox 198 2494 1244 2544">
     <span class='ocr_line' id='line_1_52' title="bbox 198 2494 1244 2544; baseline -0.004 -10"><span class='ocrx_word' id='word_1_380' title='bbox 198 2494 252 2534; x_wconf 85' lang='lat'><strong>29</strong></span> <span class='ocrx_word' id='word_1_381' title='bbox 266 2496 310 2532; x_wconf 91' lang='lat' dir='ltr'><em>M</em></span> <span class='ocrx_word' id='word_1_382' title='bbox 310 2506 522 2533; x_wconf 64' lang='lat' dir='ltr'><strong>ona-srmvs</strong></span> <span class='ocrx_word' id='word_1_383' title='bbox 529 2497 621 2534; x_wconf 81' lang='lat' dir='ltr'><strong>libro</strong></span> <span class='ocrx_word' id='word_1_384' title='bbox 634 2497 792 2533; x_wconf 81' lang='lat' dir='ltr'><strong>secundo</strong></span> <span class='ocrx_word' id='word_1_385' title='bbox 803 2507 1060 2544; x_wconf 80' lang='lat' dir='ltr'><strong>responsorum</strong></span> <span class='ocrx_word' id='word_1_386' title='bbox 1092 2495 1244 2531; x_wconf 85' lang='lat' dir='ltr'><strong>Etiamsi</strong></span> 
     </span>
    </p>

    <p class='ocr_par' dir='ltr' id='par_1_7' title="bbox 152 2541 1244 3388">
     <span class='ocr_line' id='line_1_53' title="bbox 178 2541 1243 2594; baseline -0.002 -16"><span class='ocrx_word' id='word_1_387' title='bbox 178 2545 255 2579; x_wconf 86' lang='lat' dir='ltr'><strong>atre</strong></span> <span class='ocrx_word' id='word_1_388' title='bbox 278 2541 472 2588; x_wconf 83' lang='lat' dir='ltr'><strong>eodemque</strong></span> <span class='ocrx_word' id='word_1_389' title='bbox 494 2546 614 2578; x_wconf 91' lang='lat' dir='ltr'><strong>tutore</strong></span> <span class='ocrx_word' id='word_1_390' title='bbox 638 2547 786 2578; x_wconf 88' lang='lat' dir='ltr'><strong>auctore</strong></span> <span class='ocrx_word' id='word_1_391' title='bbox 809 2541 965 2587; x_wconf 91' lang='lat' dir='ltr'><strong>pupillus</strong></span> <span class='ocrx_word' id='word_1_392' title='bbox 999 2545 1128 2594; x_wconf 85' lang='lat' dir='ltr'><strong>captus</strong></span> <span class='ocrx_word' id='word_1_393' title='bbox 1159 2551 1243 2587; x_wconf 89' lang='lat' dir='ltr'><strong>pro-</strong></span> 
     </span>
     <span class='ocr_line' id='line_1_54' title="bbox 152 2555 1243 2634; baseline -0.003 -10"><span class='ocrx_word' id='word_1_394' title='bbox 152 2555 230 2624; x_wconf 62' lang='lat' dir='ltr'><strong>gari</strong></span> <span class='ocrx_word' id='word_1_395' title='bbox 254 2587 379 2634; x_wconf 84' lang='lat' dir='ltr'><strong>possit,</strong></span> <span class='ocrx_word' id='word_1_396' title='bbox 404 2592 605 2623; x_wconf 85' lang='lat' dir='ltr'><strong>curatorem</strong></span> <span class='ocrx_word' id='word_1_397' title='bbox 629 2591 756 2633; x_wconf 89' lang='lat' dir='ltr'><strong>postea</strong></span> <span class='ocrx_word' id='word_1_398' title='bbox 775 2587 807 2622; x_wconf 88' lang='lat' dir='ltr'><strong>ei</strong></span> <span class='ocrx_word' id='word_1_399' title='bbox 827 2586 949 2622; x_wconf 91' lang='lat' dir='ltr'><strong>datum</strong></span> <span class='ocrx_word' id='word_1_400' title='bbox 968 2596 1111 2622; x_wconf 90' lang='lat' dir='ltr'><strong>nomme</strong></span> <span class='ocrx_word' id='word_1_401' title='bbox 1131 2586 1143 2621; x_wconf 93' lang='lat' dir='ltr'><strong>i</strong></span> <span class='ocrx_word' id='word_1_402' title='bbox 1170 2585 1243 2621; x_wconf 91' lang='lat' dir='ltr'><strong>sius</strong></span> 
     </span>
     <span class='ocr_line' id='line_1_55' title="bbox 152 2631 1240 2679; baseline -0.002 -11"><span class='ocrx_word' id='word_1_403' title='bbox 152 2634 189 2669; x_wconf 94' lang='lat' dir='ltr'><strong>in</strong></span> <span class='ocrx_word' id='word_1_404' title='bbox 222 2634 396 2679; x_wconf 83' lang='lat' dir='ltr'><strong>integrum</strong></span> <span class='ocrx_word' id='word_1_405' title='bbox 429 2633 690 2670; x_wconf 84' lang='lat' dir='ltr'><strong>restitutionem</strong></span> <span class='ocrx_word' id='word_1_406' title='bbox 750 2632 906 2668; x_wconf 89' lang='lat' dir='ltr'><strong>ostulare</strong></span> <span class='ocrx_word' id='word_1_407' title='bbox 941 2643 1013 2667; x_wconf 90' lang='lat' dir='ltr'><strong>non</strong></span> <span class='ocrx_word' id='word_1_408' title='bbox 1049 2631 1153 2677; x_wconf 86' lang='lat' dir='ltr'><strong>prolu</strong></span> <span class='ocrx_word' id='word_1_409' title='bbox 1180 2631 1240 2666; x_wconf 88' lang='lat' dir='ltr'><strong>eri.</strong></span> 
     </span>
     <span class='ocr_line' id='line_1_56' title="bbox 156 2643 1242 2729; baseline -0.002 -16"><span class='ocrx_word' id='word_1_410' title='bbox 156 2681 170 2713; x_wconf 84' lang='lat'><em>1</em></span> <span class='ocrx_word' id='word_1_411' title='bbox 221 2678 278 2713; x_wconf 89' lang='lat' dir='ltr'><strong>Ex</strong></span> <span class='ocrx_word' id='word_1_412' title='bbox 303 2689 414 2714; x_wconf 87' lang='lat' dir='ltr'><strong>causa</strong></span> <span class='ocrx_word' id='word_1_413' title='bbox 438 2677 633 2715; x_wconf 82' lang='lat' dir='ltr'><strong>curationis</strong></span> <span class='ocrx_word' id='word_1_414' title='bbox 658 2643 895 2715; x_wconf 45' lang='lat' dir='ltr'><strong>condemnata</strong></span> <span class='ocrx_word' id='word_1_415' title='bbox 917 2677 1054 2722; x_wconf 90' lang='lat' dir='ltr'><strong>pupilla</strong></span> <span class='ocrx_word' id='word_1_416' title='bbox 1072 2676 1242 2729; x_wconf 77' lang='lat' dir='ltr'><strong>adversus</strong></span> 
     </span>
     <span class='ocr_line' id='line_1_57' title="bbox 153 2720 1241 2768; baseline -0.002 -10"><span class='ocrx_word' id='word_1_417' title='bbox 153 2734 263 2758; x_wconf 91' lang='lat' dir='ltr'><strong>unum</strong></span> <span class='ocrx_word' id='word_1_418' title='bbox 288 2727 397 2768; x_wconf 90' lang='lat' dir='ltr'><strong>caput</strong></span> <span class='ocrx_word' id='word_1_419' title='bbox 420 2725 616 2760; x_wconf 90' lang='lat' dir='ltr'><strong>sententiae</strong></span> <span class='ocrx_word' id='word_1_420' title='bbox 639 2722 778 2760; x_wconf 89' lang='lat' dir='ltr'><strong>restitui</strong></span> <span class='ocrx_word' id='word_1_421' title='bbox 802 2722 955 2765; x_wconf 87' lang='lat' dir='ltr'><strong>volebat,</strong></span> <span class='ocrx_word' id='word_1_422' title='bbox 981 2726 1017 2757; x_wconf 90' lang='lat' dir='ltr'><strong>et</strong></span> <span class='ocrx_word' id='word_1_423' title='bbox 1040 2722 1124 2768; x_wconf 90' lang='lat' dir='ltr'><strong>quia</strong></span> <span class='ocrx_word' id='word_1_424' title='bbox 1146 2720 1241 2757; x_wconf 79' lang='lat' dir='ltr'><strong>vide-</strong></span> 
     </span>
     <span class='ocr_line' id='line_1_58' title="bbox 153 2766 1244 2816; baseline -0.002 -13"><span class='ocrx_word' id='word_1_425' title='bbox 153 2768 272 2803; x_wconf 91' lang='lat' dir='ltr'><strong>turin</strong></span> <span class='ocrx_word' id='word_1_426' title='bbox 306 2768 433 2804; x_wconf 88' lang='lat' dir='ltr'><strong>ceteris</strong></span> <span class='ocrx_word' id='word_1_427' title='bbox 463 2769 535 2805; x_wconf 90' lang='lat' dir='ltr'><strong>litis</strong></span> <span class='ocrx_word' id='word_1_428' title='bbox 567 2770 753 2816; x_wconf 86' lang='lat' dir='ltr'><strong>speciebus</strong></span> <span class='ocrx_word' id='word_1_429' title='bbox 785 2770 943 2805; x_wconf 89' lang='lat' dir='ltr'><strong>relevata</strong></span> <span class='ocrx_word' id='word_1_430' title='bbox 972 2766 1105 2810; x_wconf 88' lang='lat' dir='ltr'><strong>fuisse,</strong></span> <span class='ocrx_word' id='word_1_431' title='bbox 1141 2770 1244 2802; x_wconf 86' lang='lat' dir='ltr'><strong>actor</strong></span> 
     </span>
     <span class='ocr_line' id='line_1_59' title="bbox 154 2811 1242 2860; baseline -0.001 -13"><span class='ocrx_word' id='word_1_432' title='bbox 154 2812 267 2848; x_wconf 85' lang='lat' dir='ltr'><strong>maior</strong></span> <span class='ocrx_word' id='word_1_433' title='bbox 290 2817 417 2856; x_wconf 88' lang='lat' dir='ltr'><strong>aetate,</strong></span> <span class='ocrx_word' id='word_1_434' title='bbox 443 2814 503 2860; x_wconf 90' lang='lat' dir='ltr'><strong>qui</strong></span> <span class='ocrx_word' id='word_1_435' title='bbox 526 2814 705 2860; x_wconf 86' lang='lat' dir='ltr'><strong>adquievit</strong></span> <span class='ocrx_word' id='word_1_436' title='bbox 728 2819 814 2850; x_wconf 92' lang='lat' dir='ltr'><strong>tunc</strong></span> <span class='ocrx_word' id='word_1_437' title='bbox 837 2814 1006 2860; x_wconf 89' lang='lat' dir='ltr'><strong>temporis</strong></span> <span class='ocrx_word' id='word_1_438' title='bbox 1031 2811 1242 2854; x_wconf 88' lang='lat' dir='ltr'><strong>sententiae,</strong></span> 
     </span>
     <span class='ocr_line' id='line_1_60' title="bbox 154 2857 1242 2895; baseline 0 -2"><span class='ocrx_word' id='word_1_439' title='bbox 154 2857 298 2893; x_wconf 90' lang='lat' dir='ltr'><strong>dicebat</strong></span> <span class='ocrx_word' id='word_1_440' title='bbox 327 2862 440 2894; x_wconf 88' lang='lat' dir='ltr'><strong>totam</strong></span> <span class='ocrx_word' id='word_1_441' title='bbox 474 2858 602 2895; x_wconf 89' lang='lat' dir='ltr'><strong>debere</strong></span> <span class='ocrx_word' id='word_1_442' title='bbox 633 2860 730 2895; x_wconf 85' lang='lat' dir='ltr'><strong>litem</strong></span> <span class='ocrx_word' id='word_1_443' title='bbox 765 2859 961 2895; x_wconf 84' lang='lat' dir='ltr'><strong>restaurari</strong></span> <span class='ocrx_word' id='word_1_444' title='bbox 972 2860 996 2894; x_wconf 83' lang='lat'><strong>³.</strong></span> <span class='ocrx_word' id='word_1_445' title='bbox 1046 2857 1242 2894; x_wconf 76' lang='lat' dir='ltr'><strong>⁴Modesti-</strong></span> 
     </span>
     <span class='ocr_line' id='line_1_61' title="bbox 154 2903 1240 2957; baseline 0.002 -19"><span class='ocrx_word' id='word_1_446' title='bbox 154 2913 222 2939; x_wconf 86' lang='lat' dir='ltr'><strong>nus</strong></span> <span class='ocrx_word' id='word_1_447' title='bbox 258 2903 460 2948; x_wconf 86' lang='lat' dir='ltr'><strong>respondit,</strong></span> <span class='ocrx_word' id='word_1_448' title='bbox 503 2905 532 2940; x_wconf 90' lang='lat' dir='ltr'><strong>si</strong></span> <span class='ocrx_word' id='word_1_449' title='bbox 569 2906 723 2950; x_wconf 88' lang='lat' dir='ltr'><strong>species,</strong></span> <span class='ocrx_word' id='word_1_450' title='bbox 756 2905 793 2940; x_wconf 91' lang='lat' dir='ltr'><strong>in</strong></span> <span class='ocrx_word' id='word_1_451' title='bbox 834 2915 905 2950; x_wconf 91' lang='lat' dir='ltr'><strong>qua</strong></span> <span class='ocrx_word' id='word_1_452' title='bbox 943 2904 1081 2957; x_wconf 90' lang='lat' dir='ltr'><strong>pupilla</strong></span> <span class='ocrx_word' id='word_1_453' title='bbox 1114 2904 1153 2939; x_wconf 90' lang='lat' dir='ltr'><strong>in</strong></span> <span class='ocrx_word' id='word_1_454' title='bbox 1185 2903 1240 2940; x_wconf 87' lang='lat' dir='ltr'><strong>in·</strong></span> 
     </span>
     <span class='ocr_line' id='line_1_62' title="bbox 153 2948 1241 2995; baseline 0.002 -13"><span class='ocrx_word' id='word_1_455' title='bbox 153 2952 291 2993; x_wconf 80' lang='lat' dir='ltr'><strong>tegrum</strong></span> <span class='ocrx_word' id='word_1_456' title='bbox 315 2949 453 2983; x_wconf 89' lang='lat' dir='ltr'><strong>restitui</strong></span> <span class='ocrx_word' id='word_1_457' title='bbox 478 2948 673 2992; x_wconf 88' lang='lat' dir='ltr'><strong>desiderat,</strong></span> <span class='ocrx_word' id='word_1_458' title='bbox 708 2950 835 2985; x_wconf 89' lang='lat' dir='ltr'><strong>ceteris</strong></span> <span class='ocrx_word' id='word_1_459' title='bbox 860 2950 1048 2995; x_wconf 76' lang='lat' dir='ltr'><strong>speciebus</strong></span> <span class='ocrx_word' id='word_1_460' title='bbox 1077 2959 1150 2985; x_wconf 90' lang='lat' dir='ltr'><strong>non</strong></span> <span class='ocrx_word' id='word_1_461' title='bbox 1180 2959 1241 2984; x_wconf 90' lang='lat' dir='ltr'><strong>co-</strong></span> 
     </span>
     <span class='ocr_line' id='line_1_63' title="bbox 154 2992 1244 3039; baseline 0.002 -12"><span class='ocrx_word' id='word_1_462' title='bbox 154 2992 288 3035; x_wconf 86' lang='lat' dir='ltr'><strong>haeret,</strong></span> <span class='ocrx_word' id='word_1_463' title='bbox 302 2993 387 3028; x_wconf 87' lang='lat' dir='ltr'><strong>nihil</strong></span> <span class='ocrx_word' id='word_1_464' title='bbox 399 2995 561 3039; x_wconf 89' lang='lat' dir='ltr'><strong>proponi,</strong></span> <span class='ocrx_word' id='word_1_465' title='bbox 584 3006 648 3030; x_wconf 92' lang='lat' dir='ltr'><strong>cur</strong></span> <span class='ocrx_word' id='word_1_466' title='bbox 668 3005 690 3030; x_wconf 91' lang='lat' dir='ltr'><strong>a</strong></span> <span class='ocrx_word' id='word_1_467' title='bbox 709 2999 787 3031; x_wconf 87' lang='lat' dir='ltr'><strong>tota</strong></span> <span class='ocrx_word' id='word_1_468' title='bbox 806 2995 983 3030; x_wconf 88' lang='lat' dir='ltr'><strong>sententia</strong></span> <span class='ocrx_word' id='word_1_469' title='bbox 1001 2994 1121 3030; x_wconf 88' lang='lat' dir='ltr'><strong>recedi</strong></span> <span class='ocrx_word' id='word_1_470' title='bbox 1141 2998 1244 3029; x_wconf 90' lang='lat' dir='ltr'><strong>actor</strong></span> 
     </span>
     <span class='ocr_line' id='line_1_64' title="bbox 155 3037 1242 3085; baseline 0.002 -13"><span class='ocrx_word' id='word_1_471' title='bbox 155 3040 175 3073; x_wconf 85' lang='lat'><strong>2</strong></span> <span class='ocrx_word' id='word_1_472' title='bbox 222 3037 408 3083; x_wconf 88' lang='lat' dir='ltr'><strong>postulans</strong></span> <span class='ocrx_word' id='word_1_473' title='bbox 432 3038 628 3075; x_wconf 88' lang='lat' dir='ltr'><strong>audiendus</strong></span> <span class='ocrx_word' id='word_1_474' title='bbox 653 3043 717 3075; x_wconf 89' lang='lat' dir='ltr'><strong>est.</strong></span> <span class='ocrx_word' id='word_1_475' title='bbox 762 3039 800 3075; x_wconf 88' lang='lat' dir='ltr'><strong>Si</strong></span> <span class='ocrx_word' id='word_1_476' title='bbox 823 3039 1021 3076; x_wconf 89' lang='lat' dir='ltr'><strong>hereditate</strong></span> <span class='ocrx_word' id='word_1_477' title='bbox 1044 3039 1158 3085; x_wconf 87' lang='lat' dir='ltr'><strong>patris</strong></span> <span class='ocrx_word' id='word_1_478' title='bbox 1182 3048 1242 3074; x_wconf 88' lang='lat' dir='ltr'><strong>ae-</strong></span> 
     </span>
     <span class='ocr_line' id='line_1_65' title="bbox 154 3082 1242 3129; baseline 0.003 -12"><span class='ocrx_word' id='word_1_479' title='bbox 154 3082 239 3118; x_wconf 85' lang='lat' dir='ltr'><strong>tatis</strong></span> <span class='ocrx_word' id='word_1_480' title='bbox 262 3082 434 3118; x_wconf 88' lang='lat' dir='ltr'><strong>beneficio</strong></span> <span class='ocrx_word' id='word_1_481' title='bbox 458 3084 495 3118; x_wconf 91' lang='lat' dir='ltr'><strong>in</strong></span> <span class='ocrx_word' id='word_1_482' title='bbox 518 3084 691 3129; x_wconf 82' lang='lat' dir='ltr'><strong>integrum</strong></span> <span class='ocrx_word' id='word_1_483' title='bbox 716 3085 901 3120; x_wconf 88' lang='lat' dir='ltr'><strong>restitutus</strong></span> <span class='ocrx_word' id='word_1_484' title='bbox 925 3085 1099 3120; x_wconf 87' lang='lat' dir='ltr'><strong>abstinuit</strong></span> <span class='ocrx_word' id='word_1_485' title='bbox 1121 3094 1160 3120; x_wconf 89' lang='lat' dir='ltr'><strong>se</strong></span> <span class='ocrx_word' id='word_1_486' title='bbox 1179 3094 1242 3119; x_wconf 91' lang='lat' dir='ltr'><strong>ne·</strong></span> 
     </span>
     <span class='ocr_line' id='line_1_66' title="bbox 154 3127 1242 3175; baseline 0.001 -12"><span class='ocrx_word' id='word_1_487' title='bbox 154 3128 248 3163; x_wconf 84' lang='lat' dir='ltr'><strong>mine</strong></span> <span class='ocrx_word' id='word_1_488' title='bbox 272 3127 316 3163; x_wconf 90' lang='lat' dir='ltr'><strong>de</strong></span> <span class='ocrx_word' id='word_1_489' title='bbox 339 3127 573 3164; x_wconf 87' lang='lat' dir='ltr'><strong>creditoribus</strong></span> <span class='ocrx_word' id='word_1_490' title='bbox 598 3130 755 3174; x_wconf 89' lang='lat' dir='ltr'><strong>paternis</strong></span> <span class='ocrx_word' id='word_1_491' title='bbox 779 3134 967 3175; x_wconf 87' lang='lat' dir='ltr'><strong>praesente</strong></span> <span class='ocrx_word' id='word_1_492' title='bbox 991 3130 1046 3165; x_wconf 84' lang='lat' dir='ltr'><strong>vel</strong></span> <span class='ocrx_word' id='word_1_493' title='bbox 1069 3129 1116 3165; x_wconf 87' lang='lat' dir='ltr'><strong>ad</strong></span> <span class='ocrx_word' id='word_1_494' title='bbox 1136 3139 1242 3175; x_wconf 80' lang='lat' dir='ltr'><strong>agen·</strong></span> 
     </span>
     <span class='ocr_line' id='line_1_67' title="bbox 154 3172 1244 3218; baseline 0.001 -10"><span class='ocrx_word' id='word_1_495' title='bbox 154 3172 239 3209; x_wconf 89' lang='lat' dir='ltr'><strong>dum</strong></span> <span class='ocrx_word' id='word_1_496' title='bbox 263 3183 286 3208; x_wconf 91' lang='lat' dir='ltr'><strong>a</strong></span> <span class='ocrx_word' id='word_1_497' title='bbox 307 3173 496 3218; x_wconf 85' lang='lat' dir='ltr'><strong>praeside⁵</strong></span> <span class='ocrx_word' id='word_1_498' title='bbox 520 3178 678 3216; x_wconf 82' lang='lat' dir='ltr'><strong>evocato,</strong></span> <span class='ocrx_word' id='word_1_499' title='bbox 703 3185 750 3209; x_wconf 91' lang='lat' dir='ltr'><strong>an</strong></span> <span class='ocrx_word' id='word_1_500' title='bbox 775 3185 817 3210; x_wconf 87' lang='lat' dir='ltr'><strong>ea</strong></span> <span class='ocrx_word' id='word_1_501' title='bbox 836 3175 1013 3211; x_wconf 89' lang='lat' dir='ltr'><strong>restitutio</strong></span> <span class='ocrx_word' id='word_1_502' title='bbox 1028 3178 1126 3210; x_wconf 92' lang='lat' dir='ltr'><strong>recte</strong></span> <span class='ocrx_word' id='word_1_503' title='bbox 1144 3174 1244 3210; x_wconf 88' lang='lat' dir='ltr'><strong>facta</strong></span> 
     </span>
     <span class='ocr_line' id='line_1_68' title="bbox 154 3217 1241 3265; baseline 0.001 -11"><span class='ocrx_word' id='word_1_504' title='bbox 154 3217 326 3260; x_wconf 82' lang='lat' dir='ltr'><strong>videatur,</strong></span> <span class='ocrx_word' id='word_1_505' title='bbox 351 3218 544 3263; x_wconf 89' lang='lat' dir='ltr'><strong>quaeritur.</strong></span> <span class='ocrx_word' id='word_1_506' title='bbox 582 3219 826 3254; x_wconf 82' lang='lat' dir='ltr'><strong>⁴Modestinus</strong></span> <span class='ocrx_word' id='word_1_507' title='bbox 847 3219 1041 3265; x_wconf 89' lang='lat' dir='ltr'><strong>respondit,</strong></span> <span class='ocrx_word' id='word_1_508' title='bbox 1067 3230 1149 3255; x_wconf 91' lang='lat' dir='ltr'><strong>cum</strong></span> <span class='ocrx_word' id='word_1_509' title='bbox 1169 3230 1241 3255; x_wconf 90' lang='lat' dir='ltr'><strong>non</strong></span> 
     </span>
     <span class='ocr_line' id='line_1_69' title="bbox 156 3262 1242 3309; baseline 0.001 -10"><span class='ocrx_word' id='word_1_510' title='bbox 156 3263 311 3299; x_wconf 86' lang='lat' dir='ltr'><strong>evocatis</strong></span> <span class='ocrx_word' id='word_1_511' title='bbox 336 3262 571 3299; x_wconf 80' lang='lat' dir='ltr'><strong>creditoribus</strong></span> <span class='ocrx_word' id='word_1_512' title='bbox 595 3264 631 3298; x_wconf 92' lang='lat' dir='ltr'><strong>in</strong></span> <span class='ocrx_word' id='word_1_513' title='bbox 655 3265 829 3309; x_wconf 80' lang='lat' dir='ltr'><strong>integrum</strong></span> <span class='ocrx_word' id='word_1_514' title='bbox 853 3265 1087 3300; x_wconf 85' lang='lat' dir='ltr'><strong>restitutionis</strong></span> <span class='ocrx_word' id='word_1_515' title='bbox 1120 3264 1242 3300; x_wconf 87' lang='lat' dir='ltr'><strong>decre-</strong></span> 
     </span>
     <span class='ocr_line' id='line_1_70' title="bbox 154 3307 1242 3388; baseline 0.002 -45"><span class='ocrx_word' id='word_1_516' title='bbox 154 3311 230 3343; x_wconf 87' lang='lat' dir='ltr'><strong>tum</strong></span> <span class='ocrx_word' id='word_1_517' title='bbox 243 3307 501 3388; x_wconf 38' lang='lat' dir='ltr'><strong>‘ingl-erpositum</strong></span> <span class='ocrx_word' id='word_1_518' title='bbox 526 3314 758 3354; x_wconf 87' lang='lat' dir='ltr'><strong>proponatur,</strong></span> <span class='ocrx_word' id='word_1_519' title='bbox 783 3310 924 3344; x_wconf 88' lang='lat' dir='ltr'><strong>minime</strong></span> <span class='ocrx_word' id='word_1_520' title='bbox 948 3310 983 3345; x_wconf 89' lang='lat' dir='ltr'><strong>id</strong></span> <span class='ocrx_word' id='word_1_521' title='bbox 1008 3309 1242 3345; x_wconf 86' lang='lat' dir='ltr'><strong>creditoribus</strong></span> 
     </span>
    </p>

    <p class='ocr_par' dir='ltr' id='par_1_8' title="bbox 180 3363 430 3388">
     <span class='ocr_line' id='line_1_71' title="bbox 180 3363 430 3388; baseline 0 0"><span class='ocrx_word' id='word_1_522' title='bbox 180 3363 278 3388; x_wconf 80' lang='lat' dir='ltr'><strong>raeiu</strong></span> <span class='ocrx_word' id='word_1_523' title='bbox 317 3363 430 3388; x_wconf 88' lang='lat' dir='ltr'><strong>casse.</strong></span> 
     </span>
    </p>

    <p class='ocr_par' dir='ltr' id='par_1_9' title="bbox 154 3364 1243 3624">
     <span class='ocr_line' id='line_1_72' title="bbox 154 3364 1243 3443; baseline -0.001 -7"><span class='ocrx_word' id='word_1_524' title='bbox 154 3364 178 3399; x_wconf 66' lang='lat' dir='ltr'><strong>p</strong></span> <span class='ocrx_word' id='word_1_525' title='bbox 201 3395 255 3436; x_wconf 90' lang='lat'><strong>30</strong></span> <span class='ocrx_word' id='word_1_526' title='bbox 280 3396 528 3434; x_wconf 53' lang='lat' dir='ltr'><strong>Pammnvs</strong></span> <span class='ocrx_word' id='word_1_527' title='bbox 548 3397 639 3433; x_wconf 79' lang='lat' dir='ltr'><strong>libro</strong></span> <span class='ocrx_word' id='word_1_528' title='bbox 664 3399 768 3433; x_wconf 78' lang='lat' dir='ltr'><strong>tertio</strong></span> <span class='ocrx_word' id='word_1_529' title='bbox 793 3401 1041 3443; x_wconf 75' lang='lat' dir='ltr'><strong>quaestionum</strong></span> <span class='ocrx_word' id='word_1_530' title='bbox 1089 3399 1126 3435; x_wconf 90' lang='lat' dir='ltr'><strong>Si</strong></span> <span class='ocrx_word' id='word_1_531' title='bbox 1150 3398 1243 3435; x_wconf 88' lang='lat' dir='ltr'><strong>filius</strong></span> 
     </span>
     <span class='ocr_line' id='line_1_73' title="bbox 155 3443 1242 3489; baseline 0.002 -11"><span class='ocrx_word' id='word_1_532' title='bbox 155 3443 410 3488; x_wconf 86' lang='lat' dir='ltr'><strong>emancipatus,</strong></span> <span class='ocrx_word' id='word_1_533' title='bbox 436 3446 561 3479; x_wconf 89' lang='lat' dir='ltr'><strong>contra</strong></span> <span class='ocrx_word' id='word_1_534' title='bbox 584 3443 725 3478; x_wconf 87' lang='lat' dir='ltr'><strong>tabulas</strong></span> <span class='ocrx_word' id='word_1_535' title='bbox 745 3453 816 3478; x_wconf 93' lang='lat' dir='ltr'><strong>non</strong></span> <span class='ocrx_word' id='word_1_536' title='bbox 837 3448 985 3489; x_wconf 86' lang='lat' dir='ltr'><strong>accepta</strong></span> <span class='ocrx_word' id='word_1_537' title='bbox 1007 3444 1242 3489; x_wconf 88' lang='lat' dir='ltr'><strong>possessione,</strong></span> 
     </span>
     <span class='ocr_line' id='line_1_74' title="bbox 154 3487 1243 3539; baseline 0.002 -16"><span class='ocrx_word' id='word_1_538' title='bbox 154 3493 238 3533; x_wconf 88' lang='lat' dir='ltr'><strong>post</strong></span> <span class='ocrx_word' id='word_1_539' title='bbox 260 3487 465 3524; x_wconf 86' lang='lat' dir='ltr'><strong>inchoatam</strong></span> <span class='ocrx_word' id='word_1_540' title='bbox 488 3487 722 3524; x_wconf 87' lang='lat' dir='ltr'><strong>restitutionis</strong></span> <span class='ocrx_word' id='word_1_541' title='bbox 745 3489 998 3539; x_wconf 86' lang='lat' dir='ltr'><strong>quaestionem,</strong></span> <span class='ocrx_word' id='word_1_542' title='bbox 1024 3490 1179 3534; x_wconf 85' lang='lat' dir='ltr'><strong>legatum</strong></span> <span class='ocrx_word' id='word_1_543' title='bbox 1200 3499 1243 3525; x_wconf 86' lang='lat' dir='ltr'><strong>ex</strong></span> 
     </span>
     <span class='ocr_line' id='line_1_75' title="bbox 154 3532 1242 3579; baseline 0.001 -11"><span class='ocrx_word' id='word_1_544' title='bbox 154 3536 367 3569; x_wconf 86' lang='lat' dir='ltr'><strong>testamento</strong></span> <span class='ocrx_word' id='word_1_545' title='bbox 380 3532 492 3578; x_wconf 82' lang='lat' dir='ltr'><strong>patris</strong></span> <span class='ocrx_word' id='word_1_546' title='bbox 511 3533 625 3568; x_wconf 89' lang='lat' dir='ltr'><strong>maior</strong></span> <span class='ocrx_word' id='word_1_547' title='bbox 643 3533 764 3577; x_wconf 76' lang='lat' dir='ltr'><strong>viginti</strong></span> <span class='ocrx_word' id='word_1_548' title='bbox 786 3533 941 3578; x_wconf 89' lang='lat' dir='ltr'><strong>quinque</strong></span> <span class='ocrx_word' id='word_1_549' title='bbox 961 3535 1063 3569; x_wconf 83' lang='lat' dir='ltr'><strong>annis</strong></span> <span class='ocrx_word' id='word_1_550' title='bbox 1083 3534 1242 3579; x_wconf 88' lang='lat' dir='ltr'><strong>petisset,</strong></span> 
     </span>
     <span class='ocr_line' id='line_1_76' title="bbox 155 3577 1240 3624; baseline 0.002 -11"><span class='ocrx_word' id='word_1_551' title='bbox 155 3577 205 3613; x_wconf 87' lang='lat' dir='ltr'><strong>liti</strong></span> <span class='ocrx_word' id='word_1_552' title='bbox 230 3578 433 3613; x_wconf 87' lang='lat' dir='ltr'><strong>renuntiare</strong></span> <span class='ocrx_word' id='word_1_553' title='bbox 456 3577 604 3621; x_wconf 77' lang='lat' dir='ltr'><strong>videtur,</strong></span> <span class='ocrx_word' id='word_1_554' title='bbox 629 3587 710 3613; x_wconf 90' lang='lat' dir='ltr'><strong>cum</strong></span> <span class='ocrx_word' id='word_1_555' title='bbox 735 3581 771 3612; x_wconf 89' lang='lat' dir='ltr'><strong>et</strong></span> <span class='ocrx_word' id='word_1_556' title='bbox 793 3578 822 3612; x_wconf 88' lang='lat' dir='ltr'><strong>si</strong></span> <span class='ocrx_word' id='word_1_557' title='bbox 847 3578 1020 3613; x_wconf 86' lang='lat' dir='ltr'><strong>bonorum</strong></span> <span class='ocrx_word' id='word_1_558' title='bbox 1044 3579 1240 3624; x_wconf 90' lang='lat' dir='ltr'><strong>possessio-</strong></span> 
     </span>
    </p>
   </div>
   <div class='ocr_carea' id='block_1_3' title="bbox 157 3689 1242 3778">
    <p class='ocr_par' dir='ltr' id='par_1_10' title="bbox 157 3689 1242 3778">
     <span class='ocr_line' id='line_1_77' title="bbox 157 3689 1241 3734; baseline 0.002 -11"><span class='ocrx_word' id='word_1_559' title='bbox 157 3691 197 3731; x_wconf 78' lang='grc' dir='ltr'><strong>(ι)</strong></span> <span class='ocrx_word' id='word_1_560' title='bbox 220 3691 269 3723; x_wconf 74' lang='lat' dir='ltr'><strong>eie</strong></span> <span class='ocrx_word' id='word_1_561' title='bbox 280 3689 365 3724; x_wconf 73' lang='lat' dir='ltr'><strong>F&#39;S</strong></span> <span class='ocrx_word' id='word_1_562' title='bbox 374 3702 443 3724; x_wconf 83' lang='lat' dir='ltr'><strong>cum</strong></span> <span class='ocrx_word' id='word_1_563' title='bbox 456 3690 501 3734; x_wconf 85' lang='lat' dir='ltr'><strong>B,</strong></span> <span class='ocrx_word' id='word_1_564' title='bbox 515 3693 659 3733; x_wconf 76' lang='lat' dir='ltr'><strong>agnatos</strong></span> <span class='ocrx_word' id='word_1_565' title='bbox 672 3689 725 3723; x_wconf 64' lang='grc' dir='ltr'><strong>Γ*</strong></span> <span class='ocrx_word' id='word_1_566' title='bbox 796 3691 838 3730; x_wconf 85' lang='lat'><strong>(2)</strong></span> <span class='ocrx_word' id='word_1_567' title='bbox 864 3700 904 3722; x_wconf 85' lang='lat' dir='ltr'><strong>ex</strong></span> <span class='ocrx_word' id='word_1_568' title='bbox 916 3690 976 3723; x_wconf 86' lang='lat' dir='ltr'><strong>FS</strong></span> <span class='ocrx_word' id='word_1_569' title='bbox 1051 3695 1093 3732; x_wconf 80' lang='grc'><strong>(3)</strong></span> <span class='ocrx_word' id='word_1_570' title='bbox 1118 3694 1166 3725; x_wconf 76' lang='lat' dir='ltr'><strong>sic</strong></span> <span class='ocrx_word' id='word_1_571' title='bbox 1177 3691 1241 3732; x_wconf 66' lang='lat' dir='ltr'><strong>F‘,</strong></span> 
     </span>
     <span class='ocr_line' id='line_1_78' title="bbox 157 3734 1242 3778; baseline 0.002 -11"><span class='ocrx_word' id='word_1_572' title='bbox 157 3738 344 3768; x_wconf 87' lang='lat' dir='ltr'><strong>restaurare</strong></span> <span class='ocrx_word' id='word_1_573' title='bbox 356 3735 439 3769; x_wconf 81' lang='lat' dir='ltr'><strong>F¹S</strong></span> <span class='ocrx_word' id='word_1_574' title='bbox 623 3738 667 3777; x_wconf 73' lang='grc'><strong>(4)</strong></span> <span class='ocrx_word' id='word_1_575' title='bbox 691 3734 872 3768; x_wconf 82' lang='lat' dir='ltr'><strong>herennius</strong></span> <span class='ocrx_word' id='word_1_576' title='bbox 886 3742 1020 3778; x_wconf 77' lang='lat' dir='ltr'><strong>utroque</strong></span> <span class='ocrx_word' id='word_1_577' title='bbox 1034 3736 1101 3769; x_wconf 87' lang='lat' dir='ltr'><strong>loco</strong></span> <span class='ocrx_word' id='word_1_578' title='bbox 1115 3738 1174 3769; x_wconf 67' lang='lat' dir='ltr'><strong>ins.</strong></span> <span class='ocrx_word' id='word_1_579' title='bbox 1190 3736 1242 3769; x_wconf 78' lang='lat' dir='ltr'><strong>F²</strong></span> 
     </span>
    </p>
   </div>
   <div class='ocr_carea' id='block_1_4' title="bbox 1258 120 2406 175">
    <p class='ocr_par' dir='ltr' id='par_1_11' title="bbox 1258 120 2406 175">
     <span class='ocr_line' id='line_1_79' title="bbox 1258 120 2406 175; baseline 0.005 -7"><span class='ocrx_word' id='word_1_580' title='bbox 1258 120 1313 168; x_wconf 89' lang='grc'><strong>60</strong></span> <span class='ocrx_word' id='word_1_581' title='bbox 2066 140 2126 170; x_wconf 76' lang='lat' dir='ltr'><strong>os</strong></span> <span class='ocrx_word' id='word_1_582' title='bbox 2156 140 2406 175; x_wconf 75' lang='lat' dir='ltr'><strong>immamus</strong></span> 
     </span>
    </p>
   </div>
   <div class='ocr_carea' id='block_1_5' title="bbox 1312 244 2412 2354">
    <p class='ocr_par' dir='ltr' id='par_1_12' title="bbox 1314 244 2409 338">
     <span class='ocr_line' id='line_1_80' title="bbox 1314 244 2409 299; baseline 0.007 -20"><span class='ocrx_word' id='word_1_583' title='bbox 1314 245 1368 297; x_wconf 76' lang='lat' dir='ltr'><strong>nis</strong></span> <span class='ocrx_word' id='word_1_584' title='bbox 1392 247 1464 280; x_wconf 90' lang='lat' dir='ltr'><strong>tem</strong></span> <span class='ocrx_word' id='word_1_585' title='bbox 1490 255 1533 281; x_wconf 90' lang='lat' dir='ltr'><strong>us</strong></span> <span class='ocrx_word' id='word_1_586' title='bbox 1557 244 1762 299; x_wconf 74' lang='lat' dir='ltr'><strong>largiretur,</strong></span> <span class='ocrx_word' id='word_1_587' title='bbox 1795 247 1909 284; x_wconf 89' lang='lat' dir='ltr'><strong>electo</strong></span> <span class='ocrx_word' id='word_1_588' title='bbox 1941 247 2073 285; x_wconf 87' lang='lat' dir='ltr'><strong>iudicio</strong></span> <span class='ocrx_word' id='word_1_589' title='bbox 2109 248 2269 286; x_wconf 85' lang='lat' dir='ltr'><strong>defuncti</strong></span> <span class='ocrx_word' id='word_1_590' title='bbox 2301 260 2409 297; x_wconf 87' lang='lat' dir='ltr'><strong>repu-</strong></span> 
     </span>
     <span class='ocr_line' id='line_1_81' title="bbox 1314 289 2189 338; baseline 0.005 -13"><span class='ocrx_word' id='word_1_591' title='bbox 1314 290 1450 325; x_wconf 79' lang='lat' dir='ltr'><strong>diatum</strong></span> <span class='ocrx_word' id='word_1_592' title='bbox 1501 289 1685 326; x_wconf 77' lang='lat' dir='ltr'><strong>eneficium</strong></span> <span class='ocrx_word' id='word_1_593' title='bbox 1709 292 1887 338; x_wconf 88' lang='lat' dir='ltr'><strong>praetoris</strong></span> <span class='ocrx_word' id='word_1_594' title='bbox 1912 292 2189 330; x_wconf 84' lang='lat' dir='ltr'><strong>existimaretur.</strong></span> 
     </span>
    </p>

    <p class='ocr_par' dir='ltr' id='par_1_13' title="bbox 1314 331 2410 785">
     <span class='ocr_line' id='line_1_82' title="bbox 1360 331 2408 389; baseline 0.004 -17"><span class='ocrx_word' id='word_1_595' title='bbox 1360 331 1411 372; x_wconf 87' lang='lat'><strong>31</strong></span> <span class='ocrx_word' id='word_1_596' title='bbox 1438 333 1548 370; x_wconf 71' lang='lat' dir='ltr'><strong>Imm</strong></span> <span class='ocrx_word' id='word_1_597' title='bbox 1566 335 1671 389; x_wconf 42' lang='lat' dir='ltr'><strong>libr-0.</strong></span> <span class='ocrx_word' id='word_1_598' title='bbox 1681 347 1778 373; x_wconf 84' lang='lat' dir='ltr'><strong>nono</strong></span> <span class='ocrx_word' id='word_1_599' title='bbox 1800 348 2058 384; x_wconf 82' lang='lat' dir='ltr'><strong>responsorum</strong></span> <span class='ocrx_word' id='word_1_600' title='bbox 2093 338 2130 374; x_wconf 91' lang='lat' dir='ltr'><strong>Si</strong></span> <span class='ocrx_word' id='word_1_601' title='bbox 2150 339 2287 383; x_wconf 88' lang='lat' dir='ltr'><strong>mulier,</strong></span> <span class='ocrx_word' id='word_1_602' title='bbox 2307 345 2408 386; x_wconf 88' lang='lat' dir='ltr'><strong>post·</strong></span> 
     </span>
     <span class='ocr_line' id='line_1_83' title="bbox 1315 379 2410 432; baseline 0.006 -18"><span class='ocrx_word' id='word_1_603' title='bbox 1315 389 1421 432; x_wconf 75' lang='lat' dir='ltr'><strong>quam</strong></span> <span class='ocrx_word' id='word_1_604' title='bbox 1443 379 1547 415; x_wconf 90' lang='lat' dir='ltr'><strong>heres</strong></span> <span class='ocrx_word' id='word_1_605' title='bbox 1572 384 1700 424; x_wconf 74' lang='lat' dir='ltr'><strong>extitit,</strong></span> <span class='ocrx_word' id='word_1_606' title='bbox 1722 392 1788 427; x_wconf 89' lang='lat' dir='ltr'><strong>pro</strong></span> <span class='ocrx_word' id='word_1_607' title='bbox 1816 386 1871 417; x_wconf 90' lang='lat' dir='ltr'><strong>ter</strong></span> <span class='ocrx_word' id='word_1_608' title='bbox 1894 387 2048 427; x_wconf 83' lang='lat' dir='ltr'><strong>aetatem</strong></span> <span class='ocrx_word' id='word_1_609' title='bbox 2073 384 2277 420; x_wconf 89' lang='lat' dir='ltr'><strong>abstinendi</strong></span> <span class='ocrx_word' id='word_1_610' title='bbox 2299 395 2410 422; x_wconf 91' lang='lat' dir='ltr'><strong>causa</strong></span> 
     </span>
     <span class='ocr_line' id='line_1_84' title="bbox 1314 426 2410 471; baseline 0.005 -12"><span class='ocrx_word' id='word_1_611' title='bbox 1314 436 1350 459; x_wconf 86' lang='grc' dir='ltr'><strong>ιιι</strong></span> <span class='ocrx_word' id='word_1_612' title='bbox 1374 428 1550 470; x_wconf 79' lang='lat' dir='ltr'><strong>integrum</strong></span> <span class='ocrx_word' id='word_1_613' title='bbox 1582 426 1749 462; x_wconf 89' lang='lat' dir='ltr'><strong>restituta</strong></span> <span class='ocrx_word' id='word_1_614' title='bbox 1795 427 1905 471; x_wconf 89' lang='lat' dir='ltr'><strong>uerit,</strong></span> <span class='ocrx_word' id='word_1_615' title='bbox 1940 438 2061 464; x_wconf 83' lang='lat' dir='ltr'><strong>servos</strong></span> <span class='ocrx_word' id='word_1_616' title='bbox 2093 429 2330 465; x_wconf 88' lang='lat' dir='ltr'><strong>hereditarios</strong></span> <span class='ocrx_word' id='word_1_617' title='bbox 2363 441 2410 466; x_wconf 85' lang='lat' dir='ltr'><strong>ex</strong></span> 
     </span>
     <span class='ocr_line' id='line_1_85' title="bbox 1315 469 2409 523; baseline 0.005 -19"><span class='ocrx_word' id='word_1_618' title='bbox 1315 469 1588 506; x_wconf 89' lang='lat' dir='ltr'><strong>fideicommisso</strong></span> <span class='ocrx_word' id='word_1_619' title='bbox 1609 471 1659 523; x_wconf 74' lang='lat' dir='ltr'><strong>ab</strong></span> <span class='ocrx_word' id='word_1_620' title='bbox 1683 481 1727 507; x_wconf 87' lang='lat' dir='ltr'><strong>ea</strong></span> <span class='ocrx_word' id='word_1_621' title='bbox 1749 477 1847 508; x_wconf 88' lang='lat' dir='ltr'><strong>recte</strong></span> <span class='ocrx_word' id='word_1_622' title='bbox 1869 474 2108 509; x_wconf 86' lang='lat' dir='ltr'><strong>manumissos</strong></span> <span class='ocrx_word' id='word_1_623' title='bbox 2129 474 2283 510; x_wconf 90' lang='lat' dir='ltr'><strong>retinere</strong></span> <span class='ocrx_word' id='word_1_624' title='bbox 2301 474 2409 511; x_wconf 87' lang='lat' dir='ltr'><strong>liber-</strong></span> 
     </span>
     <span class='ocr_line' id='line_1_86' title="bbox 1315 515 2409 566; baseline 0.005 -17"><span class='ocrx_word' id='word_1_625' title='bbox 1315 518 1427 550; x_wconf 91' lang='lat' dir='ltr'><strong>tatem</strong></span> <span class='ocrx_word' id='word_1_626' title='bbox 1449 515 1636 561; x_wconf 83' lang='lat' dir='ltr'><strong>respondl:</strong></span> <span class='ocrx_word' id='word_1_627' title='bbox 1661 527 1729 553; x_wconf 90' lang='lat' dir='ltr'><strong>nec</strong></span> <span class='ocrx_word' id='word_1_628' title='bbox 1753 521 1859 553; x_wconf 89' lang='lat' dir='ltr'><strong>erunt</strong></span> <span class='ocrx_word' id='word_1_629' title='bbox 1883 518 2031 563; x_wconf 86' lang='lat' dir='ltr'><strong>cogendi</strong></span> <span class='ocrx_word' id='word_1_630' title='bbox 2051 519 2173 564; x_wconf 89' lang='lat' dir='ltr'><strong>viginti</strong></span> <span class='ocrx_word' id='word_1_631' title='bbox 2194 529 2323 555; x_wconf 87' lang='lat' dir='ltr'><strong>aureos</strong></span> <span class='ocrx_word' id='word_1_632' title='bbox 2343 531 2409 566; x_wconf 92' lang='lat' dir='ltr'><strong>pro</strong></span> 
     </span>
     <span class='ocr_line' id='line_1_87' title="bbox 1314 559 2409 610; baseline 0.005 -16"><span class='ocrx_word' id='word_1_633' title='bbox 1314 559 1480 596; x_wconf 88' lang='lat' dir='ltr'><strong>libertate</strong></span> <span class='ocrx_word' id='word_1_634' title='bbox 1498 560 1685 597; x_wconf 88' lang='lat' dir='ltr'><strong>retinenda</strong></span> <span class='ocrx_word' id='word_1_635' title='bbox 1705 561 1916 608; x_wconf 88' lang='lat' dir='ltr'><strong>dependere,</strong></span> <span class='ocrx_word' id='word_1_636' title='bbox 1941 574 2048 609; x_wconf 85' lang='lat' dir='ltr'><strong>quam</strong></span> <span class='ocrx_word' id='word_1_637' title='bbox 2068 564 2145 600; x_wconf 89' lang='lat' dir='ltr'><strong>iure</strong></span> <span class='ocrx_word' id='word_1_638' title='bbox 2166 565 2300 610; x_wconf 90' lang='lat' dir='ltr'><strong>optimo</strong></span> <span class='ocrx_word' id='word_1_639' title='bbox 2323 575 2409 600; x_wconf 90' lang='lat' dir='ltr'><strong>con-</strong></span> 
     </span>
     <span class='ocr_line' id='line_1_88' title="bbox 1315 604 2410 657; baseline 0.005 -18"><span class='ocrx_word' id='word_1_640' title='bbox 1315 604 1444 657; x_wconf 49' lang='lat' dir='ltr'><strong>secuti·</strong></span> <span class='ocrx_word' id='word_1_641' title='bbox 1459 604 1635 642; x_wconf 89' lang='lat' dir='ltr'><strong>videntur.</strong></span> <span class='ocrx_word' id='word_1_642' title='bbox 1671 617 1754 642; x_wconf 89' lang='lat' dir='ltr'><strong>nam</strong></span> <span class='ocrx_word' id='word_1_643' title='bbox 1786 610 1822 643; x_wconf 90' lang='lat' dir='ltr'><strong>et</strong></span> <span class='ocrx_word' id='word_1_644' title='bbox 1853 607 1883 643; x_wconf 91' lang='lat' dir='ltr'><strong>si</strong></span> <span class='ocrx_word' id='word_1_645' title='bbox 1916 608 2060 654; x_wconf 87' lang='lat' dir='ltr'><strong>quidam</strong></span> <span class='ocrx_word' id='word_1_646' title='bbox 2094 619 2138 645; x_wconf 93' lang='lat' dir='ltr'><strong>ex</strong></span> <span class='ocrx_word' id='word_1_647' title='bbox 2172 609 2410 645; x_wconf 91' lang='lat' dir='ltr'><strong>creditoribus</strong></span> 
     </span>
     <span class='ocr_line' id='line_1_89' title="bbox 1315 652 2408 700; baseline 0.005 -16"><span class='ocrx_word' id='word_1_648' title='bbox 1315 659 1506 695; x_wconf 79' lang='lat' dir='ltr'><strong>pecuniam</strong></span> <span class='ocrx_word' id='word_1_649' title='bbox 1517 660 1619 686; x_wconf 86' lang='lat' dir='ltr'><strong>suam</strong></span> <span class='ocrx_word' id='word_1_650' title='bbox 1631 657 1715 687; x_wconf 87' lang='lat' dir='ltr'><strong>ante</strong></span> <span class='ocrx_word' id='word_1_651' title='bbox 1725 652 1986 688; x_wconf 90' lang='lat' dir='ltr'><strong>restitutionem</strong></span> <span class='ocrx_word' id='word_1_652' title='bbox 2008 654 2054 689; x_wconf 91' lang='lat' dir='ltr'><strong>ab</strong></span> <span class='ocrx_word' id='word_1_653' title='bbox 2075 663 2119 689; x_wconf 87' lang='lat' dir='ltr'><strong>ea</strong></span> <span class='ocrx_word' id='word_1_654' title='bbox 2136 654 2408 700; x_wconf 85' lang='lat' dir='ltr'><strong>reciperassent,</strong></span> 
     </span>
     <span class='ocr_line' id='line_1_90' title="bbox 1317 696 2407 746; baseline 0.006 -17"><span class='ocrx_word' id='word_1_655' title='bbox 1317 698 1516 730; x_wconf 90' lang='lat' dir='ltr'><strong>ceterorum</strong></span> <span class='ocrx_word' id='word_1_656' title='bbox 1539 696 1697 741; x_wconf 86' lang='lat' dir='ltr'><strong>querella</strong></span> <span class='ocrx_word' id='word_1_657' title='bbox 1721 701 1846 733; x_wconf 87' lang='lat' dir='ltr'><strong>contra</strong></span> <span class='ocrx_word' id='word_1_658' title='bbox 1870 707 1931 733; x_wconf 90' lang='lat' dir='ltr'><strong>eos</strong></span> <span class='ocrx_word' id='word_1_659' title='bbox 1956 698 2016 743; x_wconf 91' lang='lat' dir='ltr'><strong>qui</strong></span> <span class='ocrx_word' id='word_1_660' title='bbox 2040 703 2259 745; x_wconf 89' lang='lat' dir='ltr'><strong>acceperunt</strong></span> <span class='ocrx_word' id='word_1_661' title='bbox 2281 703 2322 734; x_wconf 93' lang='lat' dir='ltr'><strong>ut</strong></span> <span class='ocrx_word' id='word_1_662' title='bbox 2344 710 2407 746; x_wconf 88' lang='lat' dir='ltr'><strong>pe-</strong></span> 
     </span>
     <span class='ocr_line' id='line_1_91' title="bbox 1317 740 2080 785; baseline 0.004 -10"><span class='ocrx_word' id='word_1_663' title='bbox 1317 740 1424 775; x_wconf 88' lang='lat' dir='ltr'><strong>cunia</strong></span> <span class='ocrx_word' id='word_1_664' title='bbox 1448 741 1740 785; x_wconf 90' lang='lat' dir='ltr'><strong>communicetur,</strong></span> <span class='ocrx_word' id='word_1_665' title='bbox 1765 753 1837 778; x_wconf 89' lang='lat' dir='ltr'><strong>non</strong></span> <span class='ocrx_word' id='word_1_666' title='bbox 1861 742 2080 778; x_wconf 89' lang='lat' dir='ltr'><strong>admittetur.</strong></span> 
     </span>
    </p>

    <p class='ocr_par' dir='ltr' id='par_1_14' title="bbox 1314 782 2412 1722">
     <span class='ocr_line' id='line_1_92' title="bbox 1363 782 2409 838; baseline 0.003 -16"><span class='ocrx_word' id='word_1_667' title='bbox 1363 782 1416 838; x_wconf 71' lang='lat'><strong>{32</strong></span> <span class='ocrx_word' id='word_1_668' title='bbox 1441 784 1602 822; x_wconf 74' lang='lat' dir='ltr'><strong>PAULUs</strong></span> <span class='ocrx_word' id='word_1_669' title='bbox 1618 786 1709 822; x_wconf 81' lang='lat' dir='ltr'><strong>libro</strong></span> <span class='ocrx_word' id='word_1_670' title='bbox 1714 789 1839 834; x_wconf 81' lang='lat' dir='ltr'><strong>primo</strong></span> <span class='ocrx_word' id='word_1_671' title='bbox 1861 789 2111 833; x_wconf 80' lang='lat' dir='ltr'><strong>quaestionum</strong></span> <span class='ocrx_word' id='word_1_672' title='bbox 2146 788 2267 824; x_wconf 84' lang='lat' dir='ltr'><strong>Minor</strong></span> <span class='ocrx_word' id='word_1_673' title='bbox 2286 789 2409 835; x_wconf 86' lang='lat' dir='ltr'><strong>viginti</strong></span> 
     </span>
     <span class='ocr_line' id='line_1_93' title="bbox 1315 830 2408 909; baseline 0.005 -44"><span class='ocrx_word' id='word_1_674' title='bbox 1315 840 1473 909; x_wconf 50' lang='lat' dir='ltr'><strong>qumque</strong></span> <span class='ocrx_word' id='word_1_675' title='bbox 1507 830 1611 866; x_wconf 88' lang='lat' dir='ltr'><strong>annis</strong></span> <span class='ocrx_word' id='word_1_676' title='bbox 1647 831 1744 867; x_wconf 88' lang='lat' dir='ltr'><strong>adito</strong></span> <span class='ocrx_word' id='word_1_677' title='bbox 1784 832 1948 877; x_wconf 88' lang='lat' dir='ltr'><strong>praeside</strong></span> <span class='ocrx_word' id='word_1_678' title='bbox 1989 843 2034 868; x_wconf 90' lang='lat' dir='ltr'><strong>ex</strong></span> <span class='ocrx_word' id='word_1_679' title='bbox 2066 838 2216 878; x_wconf 88' lang='lat' dir='ltr'><strong>aspectu</strong></span> <span class='ocrx_word' id='word_1_680' title='bbox 2248 835 2408 879; x_wconf 89' lang='lat' dir='ltr'><strong>corporis</strong></span> 
     </span>
     <span class='ocr_line' id='line_1_94' title="bbox 1332 875 2409 928; baseline 0.005 -18"><span class='ocrx_word' id='word_1_681' title='bbox 1332 875 1408 911; x_wconf 89' lang='lat' dir='ltr'><strong>also</strong></span> <span class='ocrx_word' id='word_1_682' title='bbox 1426 875 1598 928; x_wconf 81' lang='lat' dir='ltr'><strong>probavit</strong></span> <span class='ocrx_word' id='word_1_683' title='bbox 1620 876 1816 922; x_wconf 87' lang='lat' dir='ltr'><strong>perfectam</strong></span> <span class='ocrx_word' id='word_1_684' title='bbox 1840 880 2014 913; x_wconf 89' lang='lat' dir='ltr'><strong>aetatem:</strong></span> <span class='ocrx_word' id='word_1_685' title='bbox 2040 882 2226 915; x_wconf 86' lang='lat' dir='ltr'><strong>curatores</strong></span> <span class='ocrx_word' id='word_1_686' title='bbox 2251 890 2331 915; x_wconf 91' lang='lat' dir='ltr'><strong>cum</strong></span> <span class='ocrx_word' id='word_1_687' title='bbox 2355 880 2409 915; x_wconf 92' lang='lat' dir='ltr'><strong>in·</strong></span> 
     </span>
     <span class='ocr_line' id='line_1_95' title="bbox 1316 920 2408 968; baseline 0.004 -13"><span class='ocrx_word' id='word_1_688' title='bbox 1316 920 1536 956; x_wconf 79' lang='lat' dir='ltr'><strong>tellexissent</strong></span> <span class='ocrx_word' id='word_1_689' title='bbox 1567 931 1645 957; x_wconf 88' lang='lat' dir='ltr'><strong>esse</strong></span> <span class='ocrx_word' id='word_1_690' title='bbox 1677 922 1848 958; x_wconf 90' lang='lat' dir='ltr'><strong>minorem</strong></span> <span class='ocrx_word' id='word_1_691' title='bbox 1879 927 2197 968; x_wconf 85' lang='lat' dir='ltr'><strong>perseveraverunt</strong></span> <span class='ocrx_word' id='word_1_692' title='bbox 2227 924 2265 959; x_wconf 91' lang='lat' dir='ltr'><strong>in</strong></span> <span class='ocrx_word' id='word_1_693' title='bbox 2297 924 2408 959; x_wconf 88' lang='lat' dir='ltr'><strong>admi-</strong></span> 
     </span>
     <span class='ocr_line' id='line_1_96' title="bbox 1317 965 2409 1013; baseline 0.005 -13"><span class='ocrx_word' id='word_1_694' title='bbox 1317 965 1547 1001; x_wconf 85' lang='lat' dir='ltr'><strong>nistratione:</strong></span> <span class='ocrx_word' id='word_1_695' title='bbox 1578 966 1694 1003; x_wconf 90' lang='lat' dir='ltr'><strong>medio</strong></span> <span class='ocrx_word' id='word_1_696' title='bbox 1707 968 1721 988; x_wconf 79' lang='lat'>⁰</span> <span class='ocrx_word' id='word_1_697' title='bbox 1744 970 1905 1013; x_wconf 89' lang='lat' dir='ltr'><strong>tempore</strong></span> <span class='ocrx_word' id='word_1_698' title='bbox 1928 971 2012 1013; x_wconf 91' lang='lat' dir='ltr'><strong>post</strong></span> <span class='ocrx_word' id='word_1_699' title='bbox 2034 968 2224 1013; x_wconf 91' lang='lat' dir='ltr'><strong>probatam</strong></span> <span class='ocrx_word' id='word_1_700' title='bbox 2256 973 2409 1005; x_wconf 90' lang='lat' dir='ltr'><strong>aetatem</strong></span> 
     </span>
     <span class='ocr_line' id='line_1_97' title="bbox 1317 1010 2411 1056; baseline 0.005 -12"><span class='ocrx_word' id='word_1_701' title='bbox 1317 1014 1401 1045; x_wconf 89' lang='lat' dir='ltr'><strong>ante</strong></span> <span class='ocrx_word' id='word_1_702' title='bbox 1430 1010 1615 1056; x_wconf 91' lang='lat' dir='ltr'><strong>impletum</strong></span> <span class='ocrx_word' id='word_1_703' title='bbox 1645 1012 1877 1048; x_wconf 85' lang='lat' dir='ltr'><strong>vicensimum</strong></span> <span class='ocrx_word' id='word_1_704' title='bbox 1933 1013 2072 1048; x_wconf 91' lang='lat' dir='ltr'><strong>uintum</strong></span> <span class='ocrx_word' id='word_1_705' title='bbox 2104 1023 2238 1049; x_wconf 87' lang='lat' dir='ltr'><strong>annum</strong></span> <span class='ocrx_word' id='word_1_706' title='bbox 2271 1014 2411 1050; x_wconf 88' lang='lat' dir='ltr'><strong>solutae</strong></span> 
     </span>
     <span class='ocr_line' id='line_1_98' title="bbox 1317 1055 2410 1104; baseline 0.005 -14"><span class='ocrx_word' id='word_1_707' title='bbox 1317 1059 1400 1091; x_wconf 93' lang='lat' dir='ltr'><strong>sunt</strong></span> <span class='ocrx_word' id='word_1_708' title='bbox 1423 1055 1643 1091; x_wconf 81' lang='lat' dir='ltr'><strong>adulescenti</strong></span> <span class='ocrx_word' id='word_1_709' title='bbox 1674 1057 1849 1102; x_wconf 88' lang='lat' dir='ltr'><strong>pecuniae</strong></span> <span class='ocrx_word' id='word_1_710' title='bbox 1880 1057 1924 1093; x_wconf 90' lang='lat' dir='ltr'><strong>de</strong></span> <span class='ocrx_word' id='word_1_711' title='bbox 1949 1058 2022 1093; x_wconf 89' lang='lat' dir='ltr'><strong>itae</strong></span> <span class='ocrx_word' id='word_1_712' title='bbox 2052 1068 2185 1104; x_wconf 90' lang='lat' dir='ltr'><strong>easque</strong></span> <span class='ocrx_word' id='word_1_713' title='bbox 2208 1059 2301 1094; x_wconf 88' lang='lat' dir='ltr'><strong>male</strong></span> <span class='ocrx_word' id='word_1_714' title='bbox 2325 1070 2410 1095; x_wconf 91' lang='lat' dir='ltr'><strong>con-</strong></span> 
     </span>
     <span class='ocr_line' id='line_1_99' title="bbox 1316 1101 2410 1150; baseline 0.005 -15"><span class='ocrx_word' id='word_1_715' title='bbox 1316 1101 1478 1146; x_wconf 90' lang='lat' dir='ltr'><strong>sumpsit.</strong></span> <span class='ocrx_word' id='word_1_716' title='bbox 1516 1111 1650 1147; x_wconf 88' lang='lat' dir='ltr'><strong>quaero</strong></span> <span class='ocrx_word' id='word_1_717' title='bbox 1675 1102 1778 1138; x_wconf 91' lang='lat' dir='ltr'><strong>cuius</strong></span> <span class='ocrx_word' id='word_1_718' title='bbox 1802 1103 1849 1138; x_wconf 92' lang='lat' dir='ltr'><strong>sit</strong></span> <span class='ocrx_word' id='word_1_719' title='bbox 1871 1102 2088 1148; x_wconf 91' lang='lat' dir='ltr'><strong>periculum:</strong></span> <span class='ocrx_word' id='word_1_720' title='bbox 2114 1107 2150 1139; x_wconf 90' lang='lat' dir='ltr'><strong>et</strong></span> <span class='ocrx_word' id='word_1_721' title='bbox 2162 1103 2248 1150; x_wconf 90' lang='lat' dir='ltr'><strong>quid</strong></span> <span class='ocrx_word' id='word_1_722' title='bbox 2260 1103 2291 1139; x_wconf 89' lang='lat' dir='ltr'><strong>si</strong></span> <span class='ocrx_word' id='word_1_723' title='bbox 2305 1115 2410 1140; x_wconf 87' lang='lat' dir='ltr'><strong>cura-</strong></span> 
     </span>
     <span class='ocr_line' id='line_1_100' title="bbox 1315 1146 2410 1200; baseline 0.004 -20"><span class='ocrx_word' id='word_1_724' title='bbox 1315 1150 1412 1182; x_wconf 90' lang='lat' dir='ltr'><strong>tores</strong></span> <span class='ocrx_word' id='word_1_725' title='bbox 1437 1156 1579 1198; x_wconf 86' lang='lat' dir='ltr'><strong>quoque</strong></span> <span class='ocrx_word' id='word_1_726' title='bbox 1601 1146 1639 1182; x_wconf 90' lang='lat' dir='ltr'><strong>in</strong></span> <span class='ocrx_word' id='word_1_727' title='bbox 1663 1146 1787 1183; x_wconf 89' lang='lat' dir='ltr'><strong>eodem</strong></span> <span class='ocrx_word' id='word_1_728' title='bbox 1812 1157 1932 1183; x_wconf 89' lang='lat' dir='ltr'><strong>errore</strong></span> <span class='ocrx_word' id='word_1_729' title='bbox 1954 1152 2254 1200; x_wconf 84' lang='lat' dir='ltr'><strong>perseverassent,</strong></span> <span class='ocrx_word' id='word_1_730' title='bbox 2278 1152 2320 1184; x_wconf 92' lang='lat' dir='ltr'><strong>ut</strong></span> <span class='ocrx_word' id='word_1_731' title='bbox 2342 1160 2410 1195; x_wconf 92' lang='lat' dir='ltr'><strong>pu-</strong></span> 
     </span>
     <span class='ocr_line' id='line_1_101' title="bbox 1318 1193 2409 1230; baseline 0.005 -5"><span class='ocrx_word' id='word_1_732' title='bbox 1318 1194 1438 1226; x_wconf 90' lang='lat' dir='ltr'><strong>tarent</strong></span> <span class='ocrx_word' id='word_1_733' title='bbox 1460 1201 1629 1226; x_wconf 78' lang='lat' dir='ltr'><strong>maiorem</strong></span> <span class='ocrx_word' id='word_1_734' title='bbox 1654 1202 1732 1228; x_wconf 89' lang='lat' dir='ltr'><strong>esse</strong></span> <span class='ocrx_word' id='word_1_735' title='bbox 1756 1196 1793 1228; x_wconf 90' lang='lat' dir='ltr'><strong>et</strong></span> <span class='ocrx_word' id='word_1_736' title='bbox 1815 1193 2074 1228; x_wconf 81' lang='lat' dir='ltr'><strong>abstinulssent</strong></span> <span class='ocrx_word' id='word_1_737' title='bbox 2097 1203 2138 1229; x_wconf 89' lang='lat' dir='ltr'><strong>se</strong></span> <span class='ocrx_word' id='word_1_738' title='bbox 2161 1194 2207 1229; x_wconf 89' lang='lat' dir='ltr'><strong>ab</strong></span> <span class='ocrx_word' id='word_1_739' title='bbox 2239 1193 2409 1230; x_wconf 87' lang='lat' dir='ltr'><strong>adminis-</strong></span> 
     </span>
     <span class='ocr_line' id='line_1_102' title="bbox 1315 1236 2410 1291; baseline 0.004 -20"><span class='ocrx_word' id='word_1_740' title='bbox 1315 1236 1481 1278; x_wconf 88' lang='lat' dir='ltr'><strong>tratione,</strong></span> <span class='ocrx_word' id='word_1_741' title='bbox 1504 1236 1724 1272; x_wconf 89' lang='lat' dir='ltr'><strong>curationem</strong></span> <span class='ocrx_word' id='word_1_742' title='bbox 1744 1237 1852 1273; x_wconf 89' lang='lat' dir='ltr'><strong>etiam</strong></span> <span class='ocrx_word' id='word_1_743' title='bbox 1871 1238 2124 1281; x_wconf 89' lang='lat' dir='ltr'><strong>restituissent,</strong></span> <span class='ocrx_word' id='word_1_744' title='bbox 2146 1249 2193 1273; x_wconf 89' lang='lat' dir='ltr'><strong>an</strong></span> <span class='ocrx_word' id='word_1_745' title='bbox 2212 1238 2410 1291; x_wconf 90' lang='lat' dir='ltr'><strong>periculum</strong></span> 
     </span>
     <span class='ocr_line' id='line_1_103' title="bbox 1316 1281 2411 1362; baseline 0.005 -47"><span class='ocrx_word' id='word_1_746' title='bbox 1316 1281 1497 1334; x_wconf 88' lang='lat' dir='ltr'><strong>temporis,</strong></span> <span class='ocrx_word' id='word_1_747' title='bbox 1523 1281 1619 1327; x_wconf 88' lang='lat' dir='ltr'><strong>quod</strong></span> <span class='ocrx_word' id='word_1_748' title='bbox 1641 1285 1726 1327; x_wconf 92' lang='lat' dir='ltr'><strong>post</strong></span> <span class='ocrx_word' id='word_1_749' title='bbox 1747 1282 1938 1362; x_wconf 52' lang='grc' dir='ltr'>Ἐοδειιαιιι</span> <span class='ocrx_word' id='word_1_750' title='bbox 1962 1286 2116 1319; x_wconf 87' lang='lat' dir='ltr'><strong>aetatem</strong></span> <span class='ocrx_word' id='word_1_751' title='bbox 2140 1287 2258 1326; x_wconf 76' lang='lat' dir='ltr'><strong>cessit,</strong></span> <span class='ocrx_word' id='word_1_752' title='bbox 2284 1284 2330 1319; x_wconf 90' lang='lat' dir='ltr'><strong>ad</strong></span> <span class='ocrx_word' id='word_1_753' title='bbox 2350 1294 2411 1320; x_wconf 89' lang='lat' dir='ltr'><strong>eos</strong></span> 
     </span>
     <span class='ocr_line' id='line_1_104' title="bbox 1315 1326 2406 1373; baseline 0.003 -12"><span class='ocrx_word' id='word_1_754' title='bbox 1315 1326 1518 1371; x_wconf 82' lang='lat' dir='ltr'><strong>pertineat?</strong></span> <span class='ocrx_word' id='word_1_755' title='bbox 1547 1326 1734 1372; x_wconf 86' lang='lat' dir='ltr'><strong>respondi:</strong></span> <span class='ocrx_word' id='word_1_756' title='bbox 1786 1327 1794 1335; x_wconf 89' lang='lat'>&#39;</span> <span class='ocrx_word' id='word_1_757' title='bbox 1820 1327 1881 1373; x_wconf 89' lang='lat' dir='ltr'><strong>qui</strong></span> <span class='ocrx_word' id='word_1_758' title='bbox 1913 1327 2033 1363; x_wconf 91' lang='lat' dir='ltr'><strong>debita</strong></span> <span class='ocrx_word' id='word_1_759' title='bbox 2065 1328 2292 1364; x_wconf 86' lang='lat' dir='ltr'><strong>exsolverunt</strong></span> <span class='ocrx_word' id='word_1_760' title='bbox 2321 1329 2406 1365; x_wconf 89' lang='lat' dir='ltr'><strong>libe-</strong></span> 
     </span>
     <span class='ocr_line' id='line_1_105' title="bbox 1314 1371 2412 1420; baseline 0.003 -14"><span class='ocrx_word' id='word_1_761' title='bbox 1314 1371 1385 1406; x_wconf 88' lang='lat' dir='ltr'><strong>rati</strong></span> <span class='ocrx_word' id='word_1_762' title='bbox 1419 1372 1497 1407; x_wconf 91' lang='lat' dir='ltr'><strong>iure</strong></span> <span class='ocrx_word' id='word_1_763' title='bbox 1531 1371 1610 1416; x_wconf 91' lang='lat' dir='ltr'><strong>ipso</strong></span> <span class='ocrx_word' id='word_1_764' title='bbox 1646 1383 1718 1407; x_wconf 92' lang='lat' dir='ltr'><strong>non</strong></span> <span class='ocrx_word' id='word_1_765' title='bbox 1751 1372 1881 1408; x_wconf 89' lang='lat' dir='ltr'><strong>debent</strong></span> <span class='ocrx_word' id='word_1_766' title='bbox 1909 1372 2038 1408; x_wconf 89' lang='lat' dir='ltr'><strong>iterum</strong></span> <span class='ocrx_word' id='word_1_767' title='bbox 2070 1374 2261 1409; x_wconf 88' lang='lat' dir='ltr'><strong>conveniri.</strong></span> <span class='ocrx_word' id='word_1_768' title='bbox 2304 1374 2412 1420; x_wconf 89' lang='lat' dir='ltr'><strong>plane</strong></span> 
     </span>
     <span class='ocr_line' id='line_1_106' title="bbox 1316 1416 2409 1464; baseline 0.003 -13"><span class='ocrx_word' id='word_1_769' title='bbox 1316 1420 1513 1459; x_wconf 83' lang='lat' dir='ltr'><strong>curatores,</strong></span> <span class='ocrx_word' id='word_1_770' title='bbox 1539 1416 1600 1462; x_wconf 86' lang='lat' dir='ltr'><strong>qui</strong></span> <span class='ocrx_word' id='word_1_771' title='bbox 1624 1417 1777 1453; x_wconf 88' lang='lat' dir='ltr'><strong>scientes</strong></span> <span class='ocrx_word' id='word_1_772' title='bbox 1803 1427 1883 1453; x_wconf 89' lang='lat' dir='ltr'><strong>eum</strong></span> <span class='ocrx_word' id='word_1_773' title='bbox 1906 1417 2079 1454; x_wconf 88' lang='lat' dir='ltr'><strong>minorem</strong></span> <span class='ocrx_word' id='word_1_774' title='bbox 2104 1428 2183 1454; x_wconf 87' lang='lat' dir='ltr'><strong>esse</strong></span> <span class='ocrx_word' id='word_1_775' title='bbox 2205 1429 2409 1464; x_wconf 86' lang='lat' dir='ltr'><strong>persevera-</strong></span> 
     </span>
     <span class='ocr_line' id='line_1_107' title="bbox 1314 1461 2409 1517; baseline 0.004 -21"><span class='ocrx_word' id='word_1_776' title='bbox 1314 1465 1443 1497; x_wconf 90' lang='lat' dir='ltr'><strong>verunt</strong></span> <span class='ocrx_word' id='word_1_777' title='bbox 1464 1461 1502 1496; x_wconf 93' lang='lat' dir='ltr'><strong>in</strong></span> <span class='ocrx_word' id='word_1_778' title='bbox 1527 1461 1651 1497; x_wconf 90' lang='lat' dir='ltr'><strong>eodem</strong></span> <span class='ocrx_word' id='word_1_779' title='bbox 1675 1461 1808 1506; x_wconf 86' lang='lat' dir='ltr'><strong>officio,</strong></span> <span class='ocrx_word' id='word_1_780' title='bbox 1833 1473 1906 1498; x_wconf 89' lang='lat' dir='ltr'><strong>non</strong></span> <span class='ocrx_word' id='word_1_781' title='bbox 1931 1462 2133 1500; x_wconf 90' lang='lat' dir='ltr'><strong>debuerunt</strong></span> <span class='ocrx_word' id='word_1_782' title='bbox 2152 1474 2232 1499; x_wconf 89' lang='lat' dir='ltr'><strong>eum</strong></span> <span class='ocrx_word' id='word_1_783' title='bbox 2248 1463 2327 1517; x_wconf 85' lang='lat' dir='ltr'><strong>pati</strong></span> <span class='ocrx_word' id='word_1_784' title='bbox 2348 1474 2409 1500; x_wconf 90' lang='lat' dir='ltr'><strong>ac-</strong></span> 
     </span>
     <span class='ocr_line' id='line_1_108' title="bbox 1316 1506 2409 1552; baseline 0.004 -11"><span class='ocrx_word' id='word_1_785' title='bbox 1316 1506 1433 1552; x_wconf 91' lang='lat' dir='ltr'><strong>cipere</strong></span> <span class='ocrx_word' id='word_1_786' title='bbox 1456 1506 1628 1552; x_wconf 90' lang='lat' dir='ltr'><strong>pecunias</strong></span> <span class='ocrx_word' id='word_1_787' title='bbox 1653 1507 1792 1543; x_wconf 90' lang='lat' dir='ltr'><strong>debitas</strong></span> <span class='ocrx_word' id='word_1_788' title='bbox 1817 1511 1852 1543; x_wconf 89' lang='lat' dir='ltr'><strong>et</strong></span> <span class='ocrx_word' id='word_1_789' title='bbox 1876 1508 2057 1544; x_wconf 90' lang='lat' dir='ltr'><strong>debebunt</strong></span> <span class='ocrx_word' id='word_1_790' title='bbox 2072 1508 2143 1544; x_wconf 88' lang='lat' dir='ltr'><strong>hoc</strong></span> <span class='ocrx_word' id='word_1_791' title='bbox 2162 1519 2304 1544; x_wconf 79' lang='lat' dir='ltr'><strong>nomine</strong></span> <span class='ocrx_word' id='word_1_792' title='bbox 2324 1519 2409 1545; x_wconf 93' lang='lat' dir='ltr'><strong>con-</strong></span> 
     </span>
     <span class='ocr_line' id='line_1_109' title="bbox 1314 1551 2411 1599; baseline 0.004 -13"><span class='ocrx_word' id='word_1_793' title='bbox 1314 1551 1436 1587; x_wconf 85' lang='lat' dir='ltr'><strong>veniri.</strong></span> <span class='ocrx_word' id='word_1_794' title='bbox 1474 1551 1570 1597; x_wconf 92' lang='lat' dir='ltr'><strong>quod</strong></span> <span class='ocrx_word' id='word_1_795' title='bbox 1593 1552 1624 1587; x_wconf 91' lang='lat' dir='ltr'><strong>si</strong></span> <span class='ocrx_word' id='word_1_796' title='bbox 1649 1556 1685 1588; x_wconf 92' lang='lat' dir='ltr'><strong>et</strong></span> <span class='ocrx_word' id='word_1_797' title='bbox 1707 1552 1775 1598; x_wconf 90' lang='lat' dir='ltr'><strong>ipsi</strong></span> <span class='ocrx_word' id='word_1_798' title='bbox 1800 1552 1943 1588; x_wconf 88' lang='lat' dir='ltr'><strong>decreto</strong></span> <span class='ocrx_word' id='word_1_799' title='bbox 1975 1553 2149 1599; x_wconf 87' lang='lat' dir='ltr'><strong>praesidis</strong></span> <span class='ocrx_word' id='word_1_800' title='bbox 2183 1553 2411 1590; x_wconf 87' lang='lat' dir='ltr'><strong>crediderunt</strong></span> 
     </span>
     <span class='ocr_line' id='line_1_110' title="bbox 1316 1596 2410 1635; baseline 0.004 -4"><span class='ocrx_word' id='word_1_801' title='bbox 1316 1599 1352 1632; x_wconf 90' lang='lat' dir='ltr'><strong>et</strong></span> <span class='ocrx_word' id='word_1_802' title='bbox 1375 1596 1624 1632; x_wconf 90' lang='lat' dir='ltr'><strong>administrare</strong></span> <span class='ocrx_word' id='word_1_803' title='bbox 1647 1602 1878 1633; x_wconf 83' lang='lat' dir='ltr'><strong>cessaverunt</strong></span> <span class='ocrx_word' id='word_1_804' title='bbox 1908 1598 1964 1633; x_wconf 90' lang='lat' dir='ltr'><strong>vel</strong></span> <span class='ocrx_word' id='word_1_805' title='bbox 1996 1599 2102 1634; x_wconf 89' lang='lat' dir='ltr'><strong>etiam</strong></span> <span class='ocrx_word' id='word_1_806' title='bbox 2132 1599 2307 1634; x_wconf 89' lang='lat' dir='ltr'><strong>rationem</strong></span> <span class='ocrx_word' id='word_1_807' title='bbox 2330 1599 2410 1635; x_wconf 88' lang='lat' dir='ltr'><strong>red·</strong></span> 
     </span>
     <span class='ocr_line' id='line_1_111' title="bbox 1316 1641 2410 1694; baseline 0.004 -18"><span class='ocrx_word' id='word_1_808' title='bbox 1316 1641 1493 1694; x_wconf 81' lang='lat' dir='ltr'><strong>diderunt,</strong></span> <span class='ocrx_word' id='word_1_809' title='bbox 1514 1642 1646 1678; x_wconf 92' lang='lat' dir='ltr'><strong>similes</strong></span> <span class='ocrx_word' id='word_1_810' title='bbox 1659 1646 1743 1678; x_wconf 90' lang='lat' dir='ltr'><strong>sunt</strong></span> <span class='ocrx_word' id='word_1_811' title='bbox 1764 1642 1890 1679; x_wconf 89' lang='lat' dir='ltr'><strong>ceteris</strong></span> <span class='ocrx_word' id='word_1_812' title='bbox 1912 1642 2144 1687; x_wconf 89' lang='lat' dir='ltr'><strong>debitoribus,</strong></span> <span class='ocrx_word' id='word_1_813' title='bbox 2164 1643 2317 1690; x_wconf 90' lang='lat' dir='ltr'><strong>ideoque</strong></span> <span class='ocrx_word' id='word_1_814' title='bbox 2336 1655 2410 1680; x_wconf 91' lang='lat' dir='ltr'><strong>non</strong></span> 
     </span>
     <span class='ocr_line' id='line_1_112' title="bbox 1315 1691 1587 1722; baseline 0.004 -1"><span class='ocrx_word' id='word_1_815' title='bbox 1315 1691 1587 1722; x_wconf 75' lang='lat' dir='ltr'><strong>conveniuntur.</strong></span> 
     </span>
    </p>

    <p class='ocr_par' dir='ltr' id='par_1_15' title="bbox 1314 1729 2411 1914">
     <span class='ocr_line' id='line_1_113' title="bbox 1361 1729 2408 1778; baseline 0 -9"><span class='ocrx_word' id='word_1_816' title='bbox 1361 1729 1414 1769; x_wconf 88' lang='lat'><strong>33</strong></span> <span class='ocrx_word' id='word_1_817' title='bbox 1440 1732 1648 1767; x_wconf 66' lang='lat' dir='ltr'><strong>Ast-fumos</strong></span> <span class='ocrx_word' id='word_1_818' title='bbox 1665 1731 1822 1768; x_wconf 58' lang='lat' dir='ltr'><strong>Valens</strong></span> <span class='ocrx_word' id='word_1_819' title='bbox 1831 1732 1923 1769; x_wconf 82' lang='lat' dir='ltr'><strong>libro</strong></span> <span class='ocrx_word' id='word_1_820' title='bbox 1935 1736 2042 1769; x_wconf 77' lang='lat' dir='ltr'><strong>sexto</strong></span> <span class='ocrx_word' id='word_1_821' title='bbox 2051 1733 2408 1778; x_wconf 70' lang='lat' dir='ltr'><strong>fideicommzssorum</strong></span> 
     </span>
     <span class='ocr_line' id='line_1_114' title="bbox 1315 1777 2409 1829; baseline 0.002 -17"><span class='ocrx_word' id='word_1_822' title='bbox 1315 1777 1353 1812; x_wconf 89' lang='lat' dir='ltr'><strong>Si</strong></span> <span class='ocrx_word' id='word_1_823' title='bbox 1376 1777 1492 1814; x_wconf 87' lang='lat' dir='ltr'><strong>minor</strong></span> <span class='ocrx_word' id='word_1_824' title='bbox 1512 1777 1635 1829; x_wconf 77' lang='lat' dir='ltr'><strong>viginti</strong></span> <span class='ocrx_word' id='word_1_825' title='bbox 1659 1777 1815 1823; x_wconf 90' lang='lat' dir='ltr'><strong>quinque</strong></span> <span class='ocrx_word' id='word_1_826' title='bbox 1836 1777 1939 1813; x_wconf 88' lang='lat' dir='ltr'><strong>annis</strong></span> <span class='ocrx_word' id='word_1_827' title='bbox 1959 1787 2100 1813; x_wconf 88' lang='lat' dir='ltr'><strong>servum</strong></span> <span class='ocrx_word' id='word_1_828' title='bbox 2117 1788 2233 1821; x_wconf 89' lang='lat' dir='ltr'><strong>suum,</strong></span> <span class='ocrx_word' id='word_1_829' title='bbox 2257 1778 2318 1824; x_wconf 91' lang='lat' dir='ltr'><strong>qui</strong></span> <span class='ocrx_word' id='word_1_830' title='bbox 2328 1779 2409 1824; x_wconf 88' lang='lat' dir='ltr'><strong>plu-</strong></span> 
     </span>
     <span class='ocr_line' id='line_1_115' title="bbox 1314 1822 2411 1867; baseline 0.002 -10"><span class='ocrx_word' id='word_1_831' title='bbox 1314 1822 1363 1857; x_wconf 90' lang='lat' dir='ltr'><strong>ris</strong></span> <span class='ocrx_word' id='word_1_832' title='bbox 1373 1822 1399 1865; x_wconf 87' lang='lat'><strong>⁷,</strong></span> <span class='ocrx_word' id='word_1_833' title='bbox 1424 1832 1532 1867; x_wconf 90' lang='lat' dir='ltr'><strong>quam</strong></span> <span class='ocrx_word' id='word_1_834' title='bbox 1553 1833 1590 1857; x_wconf 81' lang='lat' dir='ltr'><strong>in</strong></span> <span class='ocrx_word' id='word_1_835' title='bbox 1614 1825 1827 1858; x_wconf 89' lang='lat' dir='ltr'><strong>testamento</strong></span> <span class='ocrx_word' id='word_1_836' title='bbox 1852 1823 1884 1858; x_wconf 92' lang='lat' dir='ltr'><strong>ei</strong></span> <span class='ocrx_word' id='word_1_837' title='bbox 1906 1823 2062 1867; x_wconf 85' lang='lat' dir='ltr'><strong>legatum</strong></span> <span class='ocrx_word' id='word_1_838' title='bbox 2079 1823 2137 1866; x_wconf 91' lang='lat' dir='ltr'><strong>sit,</strong></span> <span class='ocrx_word' id='word_1_839' title='bbox 2161 1824 2411 1859; x_wconf 90' lang='lat' dir='ltr'><strong>manumittere</strong></span> 
     </span>
     <span class='ocr_line' id='line_1_116' title="bbox 1314 1866 2410 1914; baseline 0.002 -12"><span class='ocrx_word' id='word_1_840' title='bbox 1314 1870 1461 1912; x_wconf 88' lang='lat' dir='ltr'><strong>rogatus</strong></span> <span class='ocrx_word' id='word_1_841' title='bbox 1484 1866 1594 1902; x_wconf 87' lang='lat' dir='ltr'><strong>fuerit</strong></span> <span class='ocrx_word' id='word_1_842' title='bbox 1618 1870 1654 1902; x_wconf 90' lang='lat' dir='ltr'><strong>et</strong></span> <span class='ocrx_word' id='word_1_843' title='bbox 1683 1867 1841 1912; x_wconf 89' lang='lat' dir='ltr'><strong>legatum</strong></span> <span class='ocrx_word' id='word_1_844' title='bbox 1874 1868 2075 1913; x_wconf 87' lang='lat' dir='ltr'><strong>acceperit,</strong></span> <span class='ocrx_word' id='word_1_845' title='bbox 2107 1879 2180 1904; x_wconf 90' lang='lat' dir='ltr'><strong>non</strong></span> <span class='ocrx_word' id='word_1_846' title='bbox 2212 1869 2410 1914; x_wconf 85' lang='lat' dir='ltr'><strong>cogendum</strong></span> 
     </span>
    </p>

    <p class='ocr_par' dir='ltr' id='par_1_16' title="bbox 1340 1911 2408 1960">
     <span class='ocr_line' id='line_1_117' title="bbox 1340 1911 2408 1960; baseline 0.002 -13"><span class='ocrx_word' id='word_1_847' title='bbox 1340 1916 1500 1948; x_wconf 88' lang='lat' dir='ltr'><strong>raestare</strong></span> <span class='ocrx_word' id='word_1_848' title='bbox 1522 1912 1742 1956; x_wconf 86' lang='lat' dir='ltr'><strong>libertatem,</strong></span> <span class='ocrx_word' id='word_1_849' title='bbox 1774 1912 1805 1948; x_wconf 92' lang='lat' dir='ltr'><strong>si</strong></span> <span class='ocrx_word' id='word_1_850' title='bbox 1828 1912 1983 1958; x_wconf 86' lang='lat' dir='ltr'><strong>legatum</strong></span> <span class='ocrx_word' id='word_1_851' title='bbox 2005 1911 2155 1948; x_wconf 85' lang='lat' dir='ltr'><strong>reddere</strong></span> <span class='ocrx_word' id='word_1_852' title='bbox 2177 1918 2327 1960; x_wconf 86' lang='lat' dir='ltr'><strong>paratus</strong></span> <span class='ocrx_word' id='word_1_853' title='bbox 2351 1914 2408 1956; x_wconf 91' lang='lat' dir='ltr'><strong>sit,</strong></span> 
     </span>
    </p>

    <p class='ocr_par' dir='ltr' id='par_1_17' title="bbox 1312 1957 2411 2354">
     <span class='ocr_line' id='line_1_118' title="bbox 1333 1957 2408 2003; baseline 0.002 -11"><span class='ocrx_word' id='word_1_854' title='bbox 1333 1957 1474 1993; x_wconf 89' lang='lat' dir='ltr'><strong>ulianus</strong></span> <span class='ocrx_word' id='word_1_855' title='bbox 1485 1957 1689 2003; x_wconf 83' lang='lat' dir='ltr'><strong>respondit:</strong></span> <span class='ocrx_word' id='word_1_856' title='bbox 1714 1961 1756 1992; x_wconf 92' lang='lat' dir='ltr'><strong>ut</strong></span> <span class='ocrx_word' id='word_1_857' title='bbox 1778 1957 2077 2003; x_wconf 89' lang='lat' dir='ltr'><strong>quemadmodum</strong></span> <span class='ocrx_word' id='word_1_858' title='bbox 2101 1958 2297 1994; x_wconf 89' lang='lat' dir='ltr'><strong>maioribus</strong></span> <span class='ocrx_word' id='word_1_859' title='bbox 2319 1958 2408 1994; x_wconf 90' lang='lat' dir='ltr'><strong>libe-</strong></span> 
     </span>
     <span class='ocr_line' id='line_1_119' title="bbox 1313 2002 2409 2048; baseline 0.002 -11"><span class='ocrx_word' id='word_1_860' title='bbox 1313 2013 1393 2037; x_wconf 89' lang='lat' dir='ltr'><strong>rum</strong></span> <span class='ocrx_word' id='word_1_861' title='bbox 1417 2002 1464 2037; x_wconf 92' lang='lat' dir='ltr'><strong>sit</strong></span> <span class='ocrx_word' id='word_1_862' title='bbox 1486 2012 1559 2038; x_wconf 90' lang='lat' dir='ltr'><strong>non</strong></span> <span class='ocrx_word' id='word_1_863' title='bbox 1584 2002 1758 2048; x_wconf 91' lang='lat' dir='ltr'><strong>accipere,</strong></span> <span class='ocrx_word' id='word_1_864' title='bbox 1785 2003 1815 2038; x_wconf 91' lang='lat' dir='ltr'><strong>si</strong></span> <span class='ocrx_word' id='word_1_865' title='bbox 1838 2002 1953 2039; x_wconf 90' lang='lat' dir='ltr'><strong>nolint</strong></span> <span class='ocrx_word' id='word_1_866' title='bbox 1974 2003 2236 2047; x_wconf 90' lang='lat' dir='ltr'><strong>manumittere,</strong></span> <span class='ocrx_word' id='word_1_867' title='bbox 2260 2003 2313 2039; x_wconf 90' lang='lat' dir='ltr'><strong>sic</strong></span> <span class='ocrx_word' id='word_1_868' title='bbox 2324 2003 2409 2039; x_wconf 89' lang='lat' dir='ltr'><strong>huic</strong></span> 
     </span>
     <span class='ocr_line' id='line_1_120' title="bbox 1314 2046 2407 2092; baseline 0.002 -10"><span class='ocrx_word' id='word_1_869' title='bbox 1314 2046 1477 2083; x_wconf 90' lang='lat' dir='ltr'><strong>reddenti</strong></span> <span class='ocrx_word' id='word_1_870' title='bbox 1499 2047 1656 2092; x_wconf 83' lang='lat' dir='ltr'><strong>legatum</strong></span> <span class='ocrx_word' id='word_1_871' title='bbox 1679 2047 1876 2083; x_wconf 90' lang='lat' dir='ltr'><strong>necessitas</strong></span> <span class='ocrx_word' id='word_1_872' title='bbox 1899 2047 2170 2083; x_wconf 87' lang='lat' dir='ltr'><strong>manumittendi</strong></span> <span class='ocrx_word' id='word_1_873' title='bbox 2192 2048 2407 2084; x_wconf 90' lang='lat' dir='ltr'><strong>remittatur.</strong></span> 
     </span>
     <span class='ocr_line' id='line_1_121' title="bbox 1337 2089 2411 2147; baseline 0.002 -20"><span class='ocrx_word' id='word_1_874' title='bbox 1337 2137 1345 2145; x_wconf 43' lang='lat'><strong>·</strong></span> <span class='ocrx_word' id='word_1_875' title='bbox 1360 2089 1433 2145; x_wconf 46' lang='lat'><strong>34·</strong></span> <span class='ocrx_word' id='word_1_876' title='bbox 1449 2092 1506 2127; x_wconf 71' lang='grc' dir='ltr'><strong>ΡΛ</strong></span> <span class='ocrx_word' id='word_1_877' title='bbox 1514 2102 1610 2146; x_wconf 65' lang='lat' dir='ltr'><strong>otus</strong></span> <span class='ocrx_word' id='word_1_878' title='bbox 1637 2092 1737 2145; x_wconf 46' lang='lat' dir='ltr'><strong>libro·</strong></span> <span class='ocrx_word' id='word_1_879' title='bbox 1758 2093 1883 2146; x_wconf 59' lang='lat' dir='ltr'><strong>primo</strong></span> <span class='ocrx_word' id='word_1_880' title='bbox 1918 2094 2195 2147; x_wconf 48' lang='lat' dir='ltr'><strong>sententiarum·</strong></span> <span class='ocrx_word' id='word_1_881' title='bbox 2222 2093 2261 2129; x_wconf 88' lang='lat' dir='ltr'><strong>Si</strong></span> <span class='ocrx_word' id='word_1_882' title='bbox 2294 2094 2411 2147; x_wconf 77' lang='lat' dir='ltr'><strong>minor</strong></span> 
     </span>
     <span class='ocr_line' id='line_1_122' title="bbox 1314 2137 2409 2234; baseline 0.002 -17"><span class='ocrx_word' id='word_1_883' title='bbox 1314 2140 1569 2234; x_wconf 58' lang='lat' dir='ltr'><strong>{fflistffuffie</strong></span> <span class='ocrx_word' id='word_1_884' title='bbox 1578 2147 1638 2218; x_wconf 63' lang='lat'><strong>¹³5.</strong></span> <span class='ocrx_word' id='word_1_885' title='bbox 1654 2137 1861 2218; x_wconf 49' lang='grc' dir='ltr'>ἶὲιωὲιιῗέ</span> <span class='ocrx_word' id='word_1_886' title='bbox 1875 2137 2409 2229; x_wconf 49' lang='grc' dir='ltr'><strong>οξᾙὲῃέὲῗᾝῗὲοᾞῗέ</strong></span> 
     </span>
     <span class='ocr_line' id='line_1_123' title="bbox 1312 2227 2407 2274; baseline 0.002 -12"><span class='ocrx_word' id='word_1_887' title='bbox 1312 2230 1383 2262; x_wconf 85' lang='grc' dir='ltr'>ιιοι·</span> <span class='ocrx_word' id='word_1_888' title='bbox 1416 2238 1460 2262; x_wconf 88' lang='lat' dir='ltr'><strong>ex</strong></span> <span class='ocrx_word' id='word_1_889' title='bbox 1490 2228 1559 2262; x_wconf 90' lang='lat' dir='ltr'><strong>hoc</strong></span> <span class='ocrx_word' id='word_1_890' title='bbox 1591 2227 1795 2263; x_wconf 86' lang='lat' dir='ltr'><strong>inveniatur</strong></span> <span class='ocrx_word' id='word_1_891' title='bbox 1825 2227 1897 2263; x_wconf 90' lang='lat' dir='ltr'><strong>litis</strong></span> <span class='ocrx_word' id='word_1_892' title='bbox 1931 2231 2155 2263; x_wconf 88' lang='lat' dir='ltr'><strong>contestatae</strong></span> <span class='ocrx_word' id='word_1_893' title='bbox 2185 2232 2346 2274; x_wconf 88' lang='lat' dir='ltr'><strong>tempore</strong></span> <span class='ocrx_word' id='word_1_894' title='bbox 2376 2229 2407 2264; x_wconf 92' lang='lat' dir='ltr'><strong>is</strong></span> 
     </span>
     <span class='ocr_line' id='line_1_124' title="bbox 1316 2272 2407 2325; baseline 0.001 -18"><span class='ocrx_word' id='word_1_895' title='bbox 1316 2275 1330 2307; x_wconf 86' lang='lat'>1</span> <span class='ocrx_word' id='word_1_896' title='bbox 1381 2272 1443 2317; x_wconf 90' lang='lat' dir='ltr'><strong>qui</strong></span> <span class='ocrx_word' id='word_1_897' title='bbox 1466 2272 1617 2317; x_wconf 90' lang='lat' dir='ltr'><strong>accepit.</strong></span> <span class='ocrx_word' id='word_1_898' title='bbox 1665 2272 1824 2308; x_wconf 81' lang='lat' dir='ltr'><strong>Minores</strong></span> <span class='ocrx_word' id='word_1_899' title='bbox 1856 2272 1887 2308; x_wconf 90' lang='lat' dir='ltr'><strong>si</strong></span> <span class='ocrx_word' id='word_1_900' title='bbox 1917 2272 1955 2307; x_wconf 93' lang='lat' dir='ltr'><strong>in</strong></span> <span class='ocrx_word' id='word_1_901' title='bbox 1977 2272 2131 2308; x_wconf 91' lang='lat' dir='ltr'><strong>iudicem</strong></span> <span class='ocrx_word' id='word_1_902' title='bbox 2156 2273 2407 2325; x_wconf 82' lang='lat' dir='ltr'><strong>compromise-</strong></span> 
     </span>
     <span class='ocr_line' id='line_1_125' title="bbox 2262 2318 2407 2354; baseline 0 -1"><span class='ocrx_word' id='word_1_903' title='bbox 2262 2318 2407 2354; x_wconf 86' lang='lat' dir='ltr'><strong>restitu-</strong></span> 
     </span>
    </p>
   </div>
   <div class='ocr_carea' id='block_1_6' title="bbox 1312 2316 2405 2399">
    <p class='ocr_par' dir='ltr' id='par_1_18' title="bbox 1312 2316 2405 2399">
     <span class='ocr_line' id='line_1_126' title="bbox 1312 2316 2264 2397; baseline 0 -45"><span class='ocrx_word' id='word_1_904' title='bbox 1312 2320 1397 2352; x_wconf 89' lang='lat' dir='ltr'><strong>runt</strong></span> <span class='ocrx_word' id='word_1_905' title='bbox 1420 2321 1456 2352; x_wconf 91' lang='lat' dir='ltr'><strong>et</strong></span> <span class='ocrx_word' id='word_1_906' title='bbox 1478 2320 1598 2352; x_wconf 88' lang='lat' dir='ltr'><strong>tutore</strong></span> <span class='ocrx_word' id='word_1_907' title='bbox 1620 2319 1770 2353; x_wconf 89' lang='lat' dir='ltr'><strong>auctore</strong></span> <span class='ocrx_word' id='word_1_908' title='bbox 1793 2316 1955 2397; x_wconf 61' lang='lat' dir='ltr'><strong>stipiulati</strong></span> <span class='ocrx_word' id='word_1_909' title='bbox 1977 2321 2083 2360; x_wconf 89' lang='lat' dir='ltr'><strong>sunt,</strong></span> <span class='ocrx_word' id='word_1_910' title='bbox 2113 2317 2150 2353; x_wconf 87' lang='lat' dir='ltr'><strong>in</strong></span> <span class='ocrx_word' id='word_1_911' title='bbox 2256 2363 2264 2371; x_wconf 45' lang='grc'><strong>-</strong></span> 
     </span>
     <span class='ocr_line' id='line_1_127' title="bbox 2215 2363 2405 2399; baseline -0.005 0"><span class='ocrx_word' id='word_1_912' title='bbox 2215 2363 2405 2399; x_wconf 82' lang='lat' dir='ltr'><strong>esiderant.</strong></span> 
     </span>
    </p>
   </div>
   <div class='ocr_carea' id='block_1_7' title="bbox 1310 2362 2408 3135">
    <p class='ocr_par' dir='ltr' id='par_1_19' title="bbox 1312 2362 2158 2408">
     <span class='ocr_line' id='line_1_128' title="bbox 1312 2362 2158 2408; baseline 0.002 -12"><span class='ocrx_word' id='word_1_913' title='bbox 1312 2362 1446 2398; x_wconf 90' lang='lat' dir='ltr'><strong>tionem</strong></span> <span class='ocrx_word' id='word_1_914' title='bbox 1471 2362 1643 2398; x_wconf 87' lang='lat' dir='ltr'><strong>adversus</strong></span> <span class='ocrx_word' id='word_1_915' title='bbox 1665 2362 1774 2397; x_wconf 91' lang='lat' dir='ltr'><strong>talem</strong></span> <span class='ocrx_word' id='word_1_916' title='bbox 1797 2363 1843 2398; x_wconf 94' lang='lat' dir='ltr'><strong>ob</strong></span> <span class='ocrx_word' id='word_1_917' title='bbox 1870 2362 2050 2408; x_wconf 82' lang='lat' dir='ltr'><strong>gationem</strong></span> <span class='ocrx_word' id='word_1_918' title='bbox 2080 2362 2158 2398; x_wconf 90' lang='lat' dir='ltr'><strong>iure</strong></span> 
     </span>
    </p>

    <p class='ocr_par' dir='ltr' id='par_1_20' title="bbox 1311 2404 2408 2713">
     <span class='ocr_line' id='line_1_129' title="bbox 1359 2404 2405 2455; baseline -0.002 -11"><span class='ocrx_word' id='word_1_919' title='bbox 1359 2404 1413 2444; x_wconf 87' lang='lat'><strong>35</strong></span> <span class='ocrx_word' id='word_1_920' title='bbox 1438 2407 1896 2443; x_wconf 65' lang='lat' dir='ltr'><strong>Hrnuoommvvsubro</strong></span> <span class='ocrx_word' id='word_1_921' title='bbox 1942 2408 2034 2443; x_wconf 80' lang='lat' dir='ltr'><strong>rimo</strong></span> <span class='ocrx_word' id='word_1_922' title='bbox 2055 2408 2148 2443; x_wconf 75' lang='lat' dir='ltr'><strong>iuris</strong></span> <span class='ocrx_word' id='word_1_923' title='bbox 2167 2409 2405 2455; x_wconf 77' lang='lat' dir='ltr'><strong>epitomarum</strong></span> 
     </span>
     <span class='ocr_line' id='line_1_130' title="bbox 1314 2451 2408 2498; baseline 0.002 -11"><span class='ocrx_word' id='word_1_924' title='bbox 1314 2451 1351 2487; x_wconf 87' lang='lat' dir='ltr'><strong>Si</strong></span> <span class='ocrx_word' id='word_1_925' title='bbox 1374 2452 1411 2488; x_wconf 90' lang='lat' dir='ltr'><strong>in</strong></span> <span class='ocrx_word' id='word_1_926' title='bbox 1435 2452 1650 2498; x_wconf 88' lang='lat' dir='ltr'><strong>emptionem</strong></span> <span class='ocrx_word' id='word_1_927' title='bbox 1673 2462 1784 2497; x_wconf 89' lang='lat' dir='ltr'><strong>penes</strong></span> <span class='ocrx_word' id='word_1_928' title='bbox 1809 2462 1847 2488; x_wconf 90' lang='lat' dir='ltr'><strong>se</strong></span> <span class='ocrx_word' id='word_1_929' title='bbox 1871 2463 1914 2488; x_wconf 93' lang='lat' dir='ltr'><strong>co</strong></span> <span class='ocrx_word' id='word_1_930' title='bbox 1942 2456 2038 2487; x_wconf 87' lang='lat' dir='ltr'><strong>atam</strong></span> <span class='ocrx_word' id='word_1_931' title='bbox 2062 2452 2178 2488; x_wconf 90' lang='lat' dir='ltr'><strong>minor</strong></span> <span class='ocrx_word' id='word_1_932' title='bbox 2208 2452 2408 2489; x_wconf 89' lang='lat' dir='ltr'><strong>adiectione</strong></span> 
     </span>
     <span class='ocr_line' id='line_1_131' title="bbox 1313 2497 2406 2543; baseline 0.002 -11"><span class='ocrx_word' id='word_1_933' title='bbox 1313 2497 1358 2533; x_wconf 91' lang='lat' dir='ltr'><strong>ab</strong></span> <span class='ocrx_word' id='word_1_934' title='bbox 1384 2497 1454 2533; x_wconf 90' lang='lat' dir='ltr'><strong>alio</strong></span> <span class='ocrx_word' id='word_1_935' title='bbox 1479 2500 1685 2543; x_wconf 90' lang='lat' dir='ltr'><strong>superetur,</strong></span> <span class='ocrx_word' id='word_1_936' title='bbox 1717 2497 1912 2543; x_wconf 88' lang='lat' dir='ltr'><strong>implorans</strong></span> <span class='ocrx_word' id='word_1_937' title='bbox 1942 2497 1981 2532; x_wconf 91' lang='lat' dir='ltr'><strong>in</strong></span> <span class='ocrx_word' id='word_1_938' title='bbox 2011 2497 2049 2533; x_wconf 91' lang='lat' dir='ltr'><strong>in</strong></span> <span class='ocrx_word' id='word_1_939' title='bbox 2210 2498 2406 2534; x_wconf 90' lang='lat' dir='ltr'><strong>restitutio·</strong></span> 
     </span>
     <span class='ocr_line' id='line_1_132' title="bbox 1313 2542 2404 2588; baseline 0.001 -11"><span class='ocrx_word' id='word_1_940' title='bbox 1313 2553 1393 2578; x_wconf 89' lang='lat' dir='ltr'><strong>nem</strong></span> <span class='ocrx_word' id='word_1_941' title='bbox 1425 2542 1610 2585; x_wconf 89' lang='lat' dir='ltr'><strong>audietur,</strong></span> <span class='ocrx_word' id='word_1_942' title='bbox 1642 2543 1673 2577; x_wconf 89' lang='lat' dir='ltr'><strong>si</strong></span> <span class='ocrx_word' id='word_1_943' title='bbox 1705 2543 1780 2578; x_wconf 89' lang='lat' dir='ltr'><strong>eius</strong></span> <span class='ocrx_word' id='word_1_944' title='bbox 1812 2542 1985 2578; x_wconf 88' lang='lat' dir='ltr'><strong>interesse</strong></span> <span class='ocrx_word' id='word_1_945' title='bbox 2015 2546 2170 2588; x_wconf 89' lang='lat' dir='ltr'><strong>emptam</strong></span> <span class='ocrx_word' id='word_1_946' title='bbox 2193 2543 2239 2579; x_wconf 89' lang='lat' dir='ltr'><strong>ab</strong></span> <span class='ocrx_word' id='word_1_947' title='bbox 2264 2553 2305 2579; x_wconf 89' lang='lat' dir='ltr'><strong>eo</strong></span> <span class='ocrx_word' id='word_1_948' title='bbox 2330 2553 2404 2578; x_wconf 88' lang='lat' dir='ltr'><strong>rem</strong></span> 
     </span>
     <span class='ocr_line' id='line_1_133' title="bbox 1311 2587 2402 2633; baseline 0.001 -11"><span class='ocrx_word' id='word_1_949' title='bbox 1311 2587 1423 2623; x_wconf 89' lang='lat' dir='ltr'><strong>fuisse</strong></span> <span class='ocrx_word' id='word_1_950' title='bbox 1446 2587 1684 2633; x_wconf 73' lang='lat' dir='ltr'><strong>adprobem,</strong></span> <span class='ocrx_word' id='word_1_951' title='bbox 1708 2587 1817 2623; x_wconf 90' lang='lat' dir='ltr'><strong>veluti</strong></span> <span class='ocrx_word' id='word_1_952' title='bbox 1841 2587 1937 2633; x_wconf 91' lang='lat' dir='ltr'><strong>quod</strong></span> <span class='ocrx_word' id='word_1_953' title='bbox 1959 2587 2135 2623; x_wconf 89' lang='lat' dir='ltr'><strong>maiorum</strong></span> <span class='ocrx_word' id='word_1_954' title='bbox 2158 2587 2233 2623; x_wconf 91' lang='lat' dir='ltr'><strong>eius</strong></span> <span class='ocrx_word' id='word_1_955' title='bbox 2256 2587 2402 2624; x_wconf 85' lang='lat' dir='ltr'><strong>fuisset:</strong></span> 
     </span>
     <span class='ocr_line' id='line_1_134' title="bbox 1314 2631 2405 2713; baseline 0.002 -46"><span class='ocrx_word' id='word_1_956' title='bbox 1314 2634 1454 2713; x_wconf 56' lang='lat' dir='ltr'><strong>⁸tanlilen</strong></span> <span class='ocrx_word' id='word_1_957' title='bbox 1466 2638 1507 2668; x_wconf 82' lang='grc' dir='ltr'><strong>ιιι</strong></span> <span class='ocrx_word' id='word_1_958' title='bbox 1518 2631 1566 2675; x_wconf 82' lang='lat' dir='ltr'><strong>id,</strong></span> <span class='ocrx_word' id='word_1_959' title='bbox 1591 2632 1688 2678; x_wconf 88' lang='lat' dir='ltr'><strong>quod</strong></span> <span class='ocrx_word' id='word_1_960' title='bbox 1712 2643 1757 2668; x_wconf 89' lang='lat' dir='ltr'><strong>ex</strong></span> <span class='ocrx_word' id='word_1_961' title='bbox 1779 2633 1975 2669; x_wconf 87' lang='lat' dir='ltr'><strong>licitatione</strong></span> <span class='ocrx_word' id='word_1_962' title='bbox 1997 2632 2160 2675; x_wconf 87' lang='lat' dir='ltr'><strong>accessit,</strong></span> <span class='ocrx_word' id='word_1_963' title='bbox 2185 2632 2262 2678; x_wconf 90' lang='lat' dir='ltr'><strong>ipse</strong></span> <span class='ocrx_word' id='word_1_964' title='bbox 2278 2632 2405 2669; x_wconf 85' lang='lat' dir='ltr'><strong>offerat</strong></span> 
     </span>
     <span class='ocr_line' id='line_1_135' title="bbox 1311 2677 1495 2713; baseline 0 0"><span class='ocrx_word' id='word_1_965' title='bbox 1311 2689 1377 2713; x_wconf 88' lang='lat' dir='ltr'><strong>ven</strong></span> <span class='ocrx_word' id='word_1_966' title='bbox 1405 2677 1495 2713; x_wconf 68' lang='lat' dir='ltr'><strong>&#39;tori</strong></span> 
     </span>
    </p>

    <p class='ocr_par' dir='ltr' id='par_1_21' title="bbox 1310 2720 2405 2858">
     <span class='ocr_line' id='line_1_136' title="bbox 1357 2720 2405 2769; baseline -0.002 -10"><span class='ocrx_word' id='word_1_967' title='bbox 1357 2720 1412 2760; x_wconf 88' lang='grc'><strong>36</strong></span> <span class='ocrx_word' id='word_1_968' title='bbox 1437 2722 1494 2758; x_wconf 73' lang='lat' dir='ltr'><strong>PA</strong></span> <span class='ocrx_word' id='word_1_969' title='bbox 1503 2732 1598 2758; x_wconf 76' lang='lat' dir='ltr'><strong>mos</strong></span> <span class='ocrx_word' id='word_1_970' title='bbox 1625 2722 1718 2758; x_wconf 78' lang='lat' dir='ltr'><strong>libro</strong></span> <span class='ocrx_word' id='word_1_971' title='bbox 1751 2723 1877 2769; x_wconf 75' lang='lat' dir='ltr'><strong>quinto</strong></span> <span class='ocrx_word' id='word_1_972' title='bbox 1907 2722 2166 2757; x_wconf 80' lang='lat' dir='ltr'><strong>sententiarum</strong></span> <span class='ocrx_word' id='word_1_973' title='bbox 2211 2722 2332 2757; x_wconf 85' lang='lat' dir='ltr'><strong>Minor</strong></span> <span class='ocrx_word' id='word_1_974' title='bbox 2353 2721 2405 2757; x_wconf 88' lang='lat' dir='ltr'><strong>vi-</strong></span> 
     </span>
     <span class='ocr_line' id='line_1_137' title="bbox 1310 2766 2404 2813; baseline -0.001 -10"><span class='ocrx_word' id='word_1_975' title='bbox 1310 2767 1399 2813; x_wconf 86' lang='lat' dir='ltr'><strong>ginti</strong></span> <span class='ocrx_word' id='word_1_976' title='bbox 1432 2768 1589 2813; x_wconf 89' lang='lat' dir='ltr'><strong>quinque</strong></span> <span class='ocrx_word' id='word_1_977' title='bbox 1612 2768 1716 2803; x_wconf 88' lang='lat' dir='ltr'><strong>annis</strong></span> <span class='ocrx_word' id='word_1_978' title='bbox 1740 2767 1907 2803; x_wconf 88' lang='lat' dir='ltr'><strong>omissam</strong></span> <span class='ocrx_word' id='word_1_979' title='bbox 1931 2766 2179 2812; x_wconf 84' lang='lat' dir='ltr'><strong>allegationem</strong></span> <span class='ocrx_word' id='word_1_980' title='bbox 2202 2777 2268 2813; x_wconf 88' lang='lat' dir='ltr'><strong>per</strong></span> <span class='ocrx_word' id='word_1_981' title='bbox 2288 2767 2327 2802; x_wconf 92' lang='lat' dir='ltr'><strong>in</strong></span> <span class='ocrx_word' id='word_1_982' title='bbox 2349 2767 2404 2802; x_wconf 91' lang='lat' dir='ltr'><strong>in·</strong></span> 
     </span>
     <span class='ocr_line' id='line_1_138' title="bbox 1311 2812 2244 2858; baseline -0.001 -10"><span class='ocrx_word' id='word_1_983' title='bbox 1311 2818 1327 2848; x_wconf 89' lang='lat' dir='ltr'><strong>t</strong></span> <span class='ocrx_word' id='word_1_984' title='bbox 1414 2824 1449 2848; x_wconf 92' lang='lat' dir='ltr'><strong>m</strong></span> <span class='ocrx_word' id='word_1_985' title='bbox 1473 2813 1710 2849; x_wconf 89' lang='lat' dir='ltr'><strong>restitutionis</strong></span> <span class='ocrx_word' id='word_1_986' title='bbox 1734 2812 1906 2848; x_wconf 86' lang='lat' dir='ltr'><strong>auxilium</strong></span> <span class='ocrx_word' id='word_1_987' title='bbox 1928 2815 2092 2857; x_wconf 89' lang='lat' dir='ltr'><strong>repetere</strong></span> <span class='ocrx_word' id='word_1_988' title='bbox 2114 2815 2244 2858; x_wconf 86' lang='lat' dir='ltr'><strong>potest.</strong></span> 
     </span>
    </p>

    <p class='ocr_par' dir='ltr' id='par_1_22' title="bbox 1311 2856 2404 3135">
     <span class='ocr_line' id='line_1_139' title="bbox 1387 2856 2403 2904; baseline -0.002 -10"><span class='ocrx_word' id='word_1_989' title='bbox 1387 2856 1411 2895; x_wconf 88' lang='lat'><strong>7</strong></span> <span class='ocrx_word' id='word_1_990' title='bbox 1439 2858 1718 2894; x_wconf 68' lang='lat' dir='ltr'><strong>Tarmomvs</strong></span> <span class='ocrx_word' id='word_1_991' title='bbox 1734 2857 1826 2893; x_wconf 75' lang='lat' dir='ltr'><strong>libro</strong></span> <span class='ocrx_word' id='word_1_992' title='bbox 1847 2857 1953 2892; x_wconf 73' lang='lat' dir='ltr'><strong>tertio</strong></span> <span class='ocrx_word' id='word_1_993' title='bbox 1971 2856 2256 2904; x_wconf 56' lang='lat' dir='ltr'><strong>dats-putationum</strong></span> <span class='ocrx_word' id='word_1_994' title='bbox 2290 2856 2403 2892; x_wconf 85' lang='lat' dir='ltr'><strong>Auxi-</strong></span> 
     </span>
     <span class='ocr_line' id='line_1_140' title="bbox 1311 2901 2403 2955; baseline -0.004 -15"><span class='ocrx_word' id='word_1_995' title='bbox 1311 2904 1399 2940; x_wconf 88' lang='lat' dir='ltr'><strong>lium</strong></span> <span class='ocrx_word' id='word_1_996' title='bbox 1410 2903 1447 2940; x_wconf 92' lang='lat' dir='ltr'><strong>in</strong></span> <span class='ocrx_word' id='word_1_997' title='bbox 1458 2903 1635 2948; x_wconf 82' lang='lat' dir='ltr'><strong>integrum</strong></span> <span class='ocrx_word' id='word_1_998' title='bbox 1646 2901 1881 2938; x_wconf 89' lang='lat' dir='ltr'><strong>restitutionis</strong></span> <span class='ocrx_word' id='word_1_999' title='bbox 1895 2902 2186 2938; x_wconf 86' lang='lat' dir='ltr'><strong>exsecutionibus</strong></span> <span class='ocrx_word' id='word_1_1000' title='bbox 2201 2911 2403 2955; x_wconf 83' lang='lat' dir='ltr'><strong>poenarum</strong></span> 
     </span>
     <span class='ocr_line' id='line_1_141' title="bbox 1312 2946 2402 2996; baseline -0.004 -10"><span class='ocrx_word' id='word_1_1001' title='bbox 1312 2953 1478 2996; x_wconf 83' lang='lat' dir='ltr'><strong>paratum</strong></span> <span class='ocrx_word' id='word_1_1002' title='bbox 1501 2958 1572 2985; x_wconf 91' lang='lat' dir='ltr'><strong>non</strong></span> <span class='ocrx_word' id='word_1_1003' title='bbox 1597 2950 1669 2983; x_wconf 79' lang='lat' dir='ltr'><strong>est:</strong></span> <span class='ocrx_word' id='word_1_1004' title='bbox 1692 2946 1845 2992; x_wconf 89' lang='lat' dir='ltr'><strong>ideoque</strong></span> <span class='ocrx_word' id='word_1_1005' title='bbox 1868 2947 2078 2982; x_wconf 84' lang='lat' dir='ltr'><strong>iniuriarum</strong></span> <span class='ocrx_word' id='word_1_1006' title='bbox 2102 2947 2272 2982; x_wconf 78' lang='lat' dir='ltr'><strong>iudicium</strong></span> <span class='ocrx_word' id='word_1_1007' title='bbox 2293 2946 2402 2982; x_wconf 90' lang='lat' dir='ltr'><strong>semel</strong></span> 
     </span>
     <span class='ocr_line' id='line_1_142' title="bbox 1315 2991 2404 3046; baseline -0.005 -15"><span class='ocrx_word' id='word_1_1008' title='bbox 1315 2999 1326 3030; x_wconf 90' lang='grc'>1</span> <span class='ocrx_word' id='word_1_1009' title='bbox 1380 2995 1550 3031; x_wconf 90' lang='lat' dir='ltr'><strong>omissum</strong></span> <span class='ocrx_word' id='word_1_1010' title='bbox 1572 2992 1685 3046; x_wconf 86' lang='lat' dir='ltr'><strong>repeti</strong></span> <span class='ocrx_word' id='word_1_1011' title='bbox 1707 3002 1779 3028; x_wconf 91' lang='lat' dir='ltr'><strong>non</strong></span> <span class='ocrx_word' id='word_1_1012' title='bbox 1829 2995 1933 3028; x_wconf 87' lang='lat' dir='ltr'><strong>otest.</strong></span> <span class='ocrx_word' id='word_1_1013' title='bbox 1981 2992 2052 3028; x_wconf 88' lang='lat' dir='ltr'><strong>Sed</strong></span> <span class='ocrx_word' id='word_1_1014' title='bbox 2083 2996 2120 3028; x_wconf 87' lang='lat' dir='ltr'><strong>et</strong></span> <span class='ocrx_word' id='word_1_1015' title='bbox 2148 2992 2187 3027; x_wconf 91' lang='lat' dir='ltr'><strong>in</strong></span> <span class='ocrx_word' id='word_1_1016' title='bbox 2218 2991 2404 3037; x_wconf 81' lang='lat' dir='ltr'><strong>sexaginta</strong></span> 
     </span>
     <span class='ocr_line' id='line_1_143' title="bbox 1312 3036 2401 3086; baseline -0.004 -11"><span class='ocrx_word' id='word_1_1017' title='bbox 1312 3040 1438 3075; x_wconf 88' lang='lat' dir='ltr'><strong>diebus</strong></span> <span class='ocrx_word' id='word_1_1018' title='bbox 1449 3038 1665 3086; x_wconf 79' lang='lat' dir='ltr'><strong>praeteritis,</strong></span> <span class='ocrx_word' id='word_1_1019' title='bbox 1684 3037 1722 3073; x_wconf 90' lang='lat' dir='ltr'><strong>in</strong></span> <span class='ocrx_word' id='word_1_1020' title='bbox 1743 3037 1804 3083; x_wconf 89' lang='lat' dir='ltr'><strong>qui</strong></span> <span class='ocrx_word' id='word_1_1021' title='bbox 1830 3047 1872 3073; x_wconf 90' lang='lat' dir='ltr'><strong>us</strong></span> <span class='ocrx_word' id='word_1_1022' title='bbox 1892 3037 1969 3072; x_wconf 90' lang='lat' dir='ltr'><strong>iure</strong></span> <span class='ocrx_word' id='word_1_1023' title='bbox 1990 3037 2107 3073; x_wconf 86' lang='lat' dir='ltr'><strong>mariti</strong></span> <span class='ocrx_word' id='word_1_1024' title='bbox 2127 3037 2204 3072; x_wconf 90' lang='lat' dir='ltr'><strong>sine</strong></span> <span class='ocrx_word' id='word_1_1025' title='bbox 2225 3036 2401 3072; x_wconf 84' lang='lat' dir='ltr'><strong>calumnia</strong></span> 
     </span>
     <span class='ocr_line' id='line_1_144' title="bbox 1311 3081 2402 3135; baseline -0.004 -15"><span class='ocrx_word' id='word_1_1026' title='bbox 1311 3085 1364 3120; x_wconf 88' lang='lat' dir='ltr'><strong>vir</strong></span> <span class='ocrx_word' id='word_1_1027' title='bbox 1386 3093 1559 3120; x_wconf 89' lang='lat' dir='ltr'><strong>accusare</strong></span> <span class='ocrx_word' id='word_1_1028' title='bbox 1581 3083 1762 3118; x_wconf 88' lang='lat' dir='ltr'><strong>mulierem</strong></span> <span class='ocrx_word' id='word_1_1029' title='bbox 1786 3081 1951 3117; x_wconf 88' lang='lat' dir='ltr'><strong>adulterii</strong></span> <span class='ocrx_word' id='word_1_1030' title='bbox 1974 3086 2112 3135; x_wconf 76' lang='lat' dir='ltr'><strong>potest,</strong></span> <span class='ocrx_word' id='word_1_1031' title='bbox 2145 3082 2339 3134; x_wconf 81' lang='lat' dir='ltr'><strong>denegatur</strong></span> <span class='ocrx_word' id='word_1_1032' title='bbox 2370 3081 2402 3116; x_wconf 90' lang='lat' dir='ltr'><strong>ei</strong></span> 
     </span>
    </p>
   </div>
   <div class='ocr_carea' id='block_1_8' title="bbox 1311 3127 2402 3221">
    <p class='ocr_par' dir='ltr' id='par_1_23' title="bbox 1311 3127 2402 3221">
     <span class='ocr_line' id='line_1_145' title="bbox 1311 3127 2401 3174; baseline -0.004 -9"><span class='ocrx_word' id='word_1_1033' title='bbox 1311 3130 1347 3165; x_wconf 92' lang='lat' dir='ltr'><strong>in</strong></span> <span class='ocrx_word' id='word_1_1034' title='bbox 1367 3129 1543 3174; x_wconf 75' lang='lat' dir='ltr'><strong>integrum</strong></span> <span class='ocrx_word' id='word_1_1035' title='bbox 1563 3127 1759 3164; x_wconf 89' lang='lat' dir='ltr'><strong>restitutio:</strong></span> <span class='ocrx_word' id='word_1_1036' title='bbox 1785 3127 1879 3172; x_wconf 89' lang='lat' dir='ltr'><strong>quod</strong></span> <span class='ocrx_word' id='word_1_1037' title='bbox 1898 3127 1954 3162; x_wconf 91' lang='lat' dir='ltr'><strong>ius</strong></span> <span class='ocrx_word' id='word_1_1038' title='bbox 1979 3137 2148 3163; x_wconf 79' lang='lat' dir='ltr'><strong>omissum</strong></span> <span class='ocrx_word' id='word_1_1039' title='bbox 2171 3137 2202 3162; x_wconf 73' lang='lat' dir='ltr'><strong>si</strong></span> <span class='ocrx_word' id='word_1_1040' title='bbox 2225 3136 2322 3161; x_wconf 89' lang='lat' dir='ltr'><strong>nunc</strong></span> <span class='ocrx_word' id='word_1_1041' title='bbox 2345 3136 2401 3161; x_wconf 87' lang='lat' dir='ltr'><strong>re-</strong></span> 
     </span>
     <span class='ocr_line' id='line_1_146' title="bbox 1311 3170 2402 3221; baseline -0.004 -11"><span class='ocrx_word' id='word_1_1042' title='bbox 1311 3177 1434 3221; x_wconf 83' lang='lat' dir='ltr'><strong>petere</strong></span> <span class='ocrx_word' id='word_1_1043' title='bbox 1464 3173 1558 3216; x_wconf 89' lang='lat' dir='ltr'><strong>vult,</strong></span> <span class='ocrx_word' id='word_1_1044' title='bbox 1592 3172 1677 3219; x_wconf 90' lang='lat' dir='ltr'><strong>quid</strong></span> <span class='ocrx_word' id='word_1_1045' title='bbox 1700 3171 1798 3207; x_wconf 89' lang='lat' dir='ltr'><strong>aliud</strong></span> <span class='ocrx_word' id='word_1_1046' title='bbox 1822 3182 1928 3217; x_wconf 89' lang='lat' dir='ltr'><strong>quam</strong></span> <span class='ocrx_word' id='word_1_1047' title='bbox 1953 3172 2073 3207; x_wconf 88' lang='lat' dir='ltr'><strong>delicti</strong></span> <span class='ocrx_word' id='word_1_1048' title='bbox 2095 3171 2250 3213; x_wconf 90' lang='lat' dir='ltr'><strong>veniam,</strong></span> <span class='ocrx_word' id='word_1_1049' title='bbox 2286 3170 2323 3206; x_wconf 90' lang='lat' dir='ltr'><strong>id</strong></span> <span class='ocrx_word' id='word_1_1050' title='bbox 2345 3174 2402 3206; x_wconf 87' lang='lat' dir='ltr'><strong>est</strong></span> 
     </span>
    </p>
   </div>
   <div class='ocr_carea' id='block_1_9' title="bbox 1311 3215 2400 3729">
    <p class='ocr_par' dir='ltr' id='par_1_24' title="bbox 1311 3215 2400 3729">
     <span class='ocr_line' id='line_1_147' title="bbox 1312 3215 2400 3263; baseline -0.004 -8"><span class='ocrx_word' id='word_1_1051' title='bbox 1312 3218 1511 3255; x_wconf 87' lang='lat' dir='ltr'><strong>calumniae</strong></span> <span class='ocrx_word' id='word_1_1052' title='bbox 1543 3217 1783 3263; x_wconf 86' lang='lat' dir='ltr'><strong>deprecatur?</strong></span> <span class='ocrx_word' id='word_1_1053' title='bbox 1815 3221 1852 3252; x_wconf 91' lang='lat' dir='ltr'><strong>et</strong></span> <span class='ocrx_word' id='word_1_1054' title='bbox 1875 3227 1955 3252; x_wconf 91' lang='lat' dir='ltr'><strong>cum</strong></span> <span class='ocrx_word' id='word_1_1055' title='bbox 1980 3227 2095 3262; x_wconf 87' lang='lat' dir='ltr'><strong>neque</strong></span> <span class='ocrx_word' id='word_1_1056' title='bbox 2117 3216 2155 3251; x_wconf 91' lang='lat' dir='ltr'><strong>in</strong></span> <span class='ocrx_word' id='word_1_1057' title='bbox 2178 3215 2315 3251; x_wconf 88' lang='lat' dir='ltr'><strong>delictis</strong></span> <span class='ocrx_word' id='word_1_1058' title='bbox 2337 3225 2400 3251; x_wconf 89' lang='lat' dir='ltr'><strong>ne-</strong></span> 
     </span>
     <span class='ocr_line' id='line_1_148' title="bbox 1312 3262 2399 3314; baseline -0.004 -14"><span class='ocrx_word' id='word_1_1059' title='bbox 1312 3274 1381 3310; x_wconf 91' lang='lat' dir='ltr'><strong>que</strong></span> <span class='ocrx_word' id='word_1_1060' title='bbox 1414 3264 1452 3299; x_wconf 91' lang='lat' dir='ltr'><strong>in</strong></span> <span class='ocrx_word' id='word_1_1061' title='bbox 1487 3262 1803 3299; x_wconf 86' lang='lat' dir='ltr'><strong>calumniatoribus</strong></span> <span class='ocrx_word' id='word_1_1062' title='bbox 1834 3266 2035 3314; x_wconf 87' lang='lat' dir='ltr'><strong>praetorem</strong></span> <span class='ocrx_word' id='word_1_1063' title='bbox 2059 3270 2269 3297; x_wconf 88' lang='lat' dir='ltr'><strong>succurrere</strong></span> <span class='ocrx_word' id='word_1_1064' title='bbox 2291 3270 2399 3313; x_wconf 76' lang='lat' dir='ltr'><strong>opor-</strong></span> 
     </span>
     <span class='ocr_line' id='line_1_149' title="bbox 1312 3306 2400 3351; baseline -0.004 -6"><span class='ocrx_word' id='word_1_1065' title='bbox 1312 3314 1386 3345; x_wconf 88' lang='lat' dir='ltr'><strong>tere</strong></span> <span class='ocrx_word' id='word_1_1066' title='bbox 1410 3308 1498 3344; x_wconf 81' lang='lat' dir='ltr'><strong>certi</strong></span> <span class='ocrx_word' id='word_1_1067' title='bbox 1521 3308 1607 3344; x_wconf 91' lang='lat' dir='ltr'><strong>iuris</strong></span> <span class='ocrx_word' id='word_1_1068' title='bbox 1631 3307 1689 3350; x_wconf 89' lang='lat' dir='ltr'><strong>sit,</strong></span> <span class='ocrx_word' id='word_1_1069' title='bbox 1713 3307 1869 3342; x_wconf 76' lang='lat' dir='ltr'><strong>cessabit</strong></span> <span class='ocrx_word' id='word_1_1070' title='bbox 1891 3307 1928 3342; x_wconf 92' lang='lat' dir='ltr'><strong>in</strong></span> <span class='ocrx_word' id='word_1_1071' title='bbox 1947 3307 2123 3351; x_wconf 83' lang='lat' dir='ltr'><strong>integrum</strong></span> <span class='ocrx_word' id='word_1_1072' title='bbox 2142 3306 2331 3346; x_wconf 84' lang='lat' dir='ltr'><strong>restitutio.</strong></span> <span class='ocrx_word' id='word_1_1073' title='bbox 2362 3315 2400 3340; x_wconf 89' lang='grc' dir='ltr'><strong>ιιι</strong></span> 
     </span>
     <span class='ocr_line' id='line_1_150' title="bbox 1312 3351 2398 3403; baseline -0.003 -14"><span class='ocrx_word' id='word_1_1074' title='bbox 1312 3353 1448 3389; x_wconf 90' lang='lat' dir='ltr'><strong>delictis</strong></span> <span class='ocrx_word' id='word_1_1075' title='bbox 1472 3357 1592 3389; x_wconf 90' lang='lat' dir='ltr'><strong>autem</strong></span> <span class='ocrx_word' id='word_1_1076' title='bbox 1615 3352 1731 3388; x_wconf 89' lang='lat' dir='ltr'><strong>minor</strong></span> <span class='ocrx_word' id='word_1_1077' title='bbox 1754 3352 1857 3387; x_wconf 91' lang='lat' dir='ltr'><strong>annis</strong></span> <span class='ocrx_word' id='word_1_1078' title='bbox 1877 3351 1999 3396; x_wconf 81' lang='lat' dir='ltr'><strong>viginti</strong></span> <span class='ocrx_word' id='word_1_1079' title='bbox 2020 3351 2176 3403; x_wconf 85' lang='lat' dir='ltr'><strong>quinque</strong></span> <span class='ocrx_word' id='word_1_1080' title='bbox 2194 3361 2267 3386; x_wconf 92' lang='lat' dir='ltr'><strong>non</strong></span> <span class='ocrx_word' id='word_1_1081' title='bbox 2286 3360 2398 3403; x_wconf 77' lang='lat' dir='ltr'><strong>mere·</strong></span> 
     </span>
     <span class='ocr_line' id='line_1_151' title="bbox 1311 3395 2398 3444; baseline -0.003 -10"><span class='ocrx_word' id='word_1_1082' title='bbox 1311 3403 1372 3434; x_wconf 89' lang='lat' dir='ltr'><strong>tur</strong></span> <span class='ocrx_word' id='word_1_1083' title='bbox 1401 3398 1439 3434; x_wconf 92' lang='lat' dir='ltr'><strong>in</strong></span> <span class='ocrx_word' id='word_1_1084' title='bbox 1469 3398 1645 3444; x_wconf 80' lang='lat' dir='ltr'><strong>integrum</strong></span> <span class='ocrx_word' id='word_1_1085' title='bbox 1676 3397 1954 3438; x_wconf 89' lang='lat' dir='ltr'><strong>restitutionem,</strong></span> <span class='ocrx_word' id='word_1_1086' title='bbox 1990 3400 2112 3442; x_wconf 74' lang='lat' dir='ltr'><strong>utique</strong></span> <span class='ocrx_word' id='word_1_1087' title='bbox 2149 3395 2398 3437; x_wconf 80' lang='lat' dir='ltr'><strong>atrocioribus,</strong></span> 
     </span>
     <span class='ocr_line' id='line_1_152' title="bbox 1311 3440 2397 3489; baseline -0.005 -9"><span class='ocrx_word' id='word_1_1088' title='bbox 1311 3444 1380 3480; x_wconf 91' lang='lat' dir='ltr'><strong>nisi</strong></span> <span class='ocrx_word' id='word_1_1089' title='bbox 1391 3447 1568 3489; x_wconf 88' lang='lat' dir='ltr'><strong>quatenus</strong></span> <span class='ocrx_word' id='word_1_1090' title='bbox 1579 3441 1756 3478; x_wconf 88' lang='lat' dir='ltr'><strong>interdum</strong></span> <span class='ocrx_word' id='word_1_1091' title='bbox 1767 3441 1947 3477; x_wconf 90' lang='lat' dir='ltr'><strong>miseratio</strong></span> <span class='ocrx_word' id='word_1_1092' title='bbox 1968 3441 2095 3476; x_wconf 88' lang='lat' dir='ltr'><strong>aetatis</strong></span> <span class='ocrx_word' id='word_1_1093' title='bbox 2118 3440 2165 3476; x_wconf 91' lang='lat' dir='ltr'><strong>ad</strong></span> <span class='ocrx_word' id='word_1_1094' title='bbox 2185 3440 2397 3476; x_wconf 89' lang='lat' dir='ltr'><strong>mediocrem</strong></span> 
     </span>
     <span class='ocr_line' id='line_1_153' title="bbox 1311 3484 2400 3534; baseline -0.005 -10"><span class='ocrx_word' id='word_1_1095' title='bbox 1311 3499 1462 3534; x_wconf 85' lang='lat' dir='ltr'><strong>poenam</strong></span> <span class='ocrx_word' id='word_1_1096' title='bbox 1473 3487 1625 3524; x_wconf 90' lang='lat' dir='ltr'><strong>iudicem</strong></span> <span class='ocrx_word' id='word_1_1097' title='bbox 1648 3486 1866 3533; x_wconf 84' lang='lat' dir='ltr'><strong>produxerit.</strong></span> <span class='ocrx_word' id='word_1_1098' title='bbox 1902 3485 1966 3522; x_wconf 92' lang='lat' dir='ltr'><strong>sed</strong></span> <span class='ocrx_word' id='word_1_1099' title='bbox 1989 3490 2030 3521; x_wconf 90' lang='lat' dir='ltr'><strong>ut</strong></span> <span class='ocrx_word' id='word_1_1100' title='bbox 2053 3485 2099 3521; x_wconf 87' lang='lat' dir='ltr'><strong>ad</strong></span> <span class='ocrx_word' id='word_1_1101' title='bbox 2118 3485 2204 3531; x_wconf 82' lang='lat' dir='ltr'><strong>legis</strong></span> <span class='ocrx_word' id='word_1_1102' title='bbox 2223 3484 2337 3520; x_wconf 89' lang='lat' dir='ltr'><strong>Iuliae</strong></span> <span class='ocrx_word' id='word_1_1103' title='bbox 2354 3484 2400 3520; x_wconf 91' lang='lat' dir='ltr'><strong>de</strong></span> 
     </span>
     <span class='ocr_line' id='line_1_154' title="bbox 1312 3529 2400 3578; baseline -0.005 -9"><span class='ocrx_word' id='word_1_1104' title='bbox 1312 3533 1497 3569; x_wconf 87' lang='lat' dir='ltr'><strong>adulteriis</strong></span> <span class='ocrx_word' id='word_1_1105' title='bbox 1517 3531 1722 3569; x_wconf 89' lang='lat' dir='ltr'><strong>coercendis</strong></span> <span class='ocrx_word' id='word_1_1106' title='bbox 1734 3534 1928 3578; x_wconf 89' lang='lat' dir='ltr'><strong>praecepta</strong></span> <span class='ocrx_word' id='word_1_1107' title='bbox 1939 3531 2132 3573; x_wconf 88' lang='lat' dir='ltr'><strong>veniamus,</strong></span> <span class='ocrx_word' id='word_1_1108' title='bbox 2156 3531 2280 3576; x_wconf 88' lang='lat' dir='ltr'><strong>utique</strong></span> <span class='ocrx_word' id='word_1_1109' title='bbox 2299 3529 2400 3565; x_wconf 90' lang='lat' dir='ltr'><strong>nulla</strong></span> 
     </span>
     <span class='ocr_line' id='line_1_155' title="bbox 1312 3574 2399 3624; baseline -0.004 -10"><span class='ocrx_word' id='word_1_1110' title='bbox 1312 3578 1514 3624; x_wconf 89' lang='lat' dir='ltr'><strong>deprecatio</strong></span> <span class='ocrx_word' id='word_1_1111' title='bbox 1547 3576 1714 3613; x_wconf 86' lang='lat' dir='ltr'><strong>adulterii</strong></span> <span class='ocrx_word' id='word_1_1112' title='bbox 1743 3586 1880 3623; x_wconf 85' lang='lat' dir='ltr'><strong>poenae</strong></span> <span class='ocrx_word' id='word_1_1113' title='bbox 1911 3580 1984 3619; x_wconf 87' lang='lat' dir='ltr'><strong>est,</strong></span> <span class='ocrx_word' id='word_1_1114' title='bbox 2020 3577 2049 3612; x_wconf 93' lang='lat' dir='ltr'><strong>si</strong></span> <span class='ocrx_word' id='word_1_1115' title='bbox 2080 3586 2120 3611; x_wconf 91' lang='lat' dir='ltr'><strong>se</strong></span> <span class='ocrx_word' id='word_1_1116' title='bbox 2149 3575 2266 3611; x_wconf 90' lang='lat' dir='ltr'><strong>minor</strong></span> <span class='ocrx_word' id='word_1_1117' title='bbox 2283 3574 2399 3610; x_wconf 85' lang='lat' dir='ltr'><strong>&#39;annis</strong></span> 
     </span>
     <span class='ocr_line' id='line_1_156' title="bbox 2214 3688 2398 3729; baseline -0.005 -8"><span class='ocrx_word' id='word_1_1118' title='bbox 2214 3690 2256 3729; x_wconf 76' lang='grc' dir='ltr'><strong>(ἲ)</strong></span> <span class='ocrx_word' id='word_1_1119' title='bbox 2280 3688 2398 3721; x_wconf 71' lang='lat' dir='ltr'><strong>sitias.</strong></span> 
     </span>
    </p>
   </div>
   <div class='ocr_carea' id='block_1_10' title="bbox 1314 3687 2143 3735">
    <p class='ocr_par' dir='ltr' id='par_1_25' title="bbox 1314 3687 2143 3735">
     <span class='ocr_line' id='line_1_157' title="bbox 1314 3687 2143 3735; baseline -0.007 -9"><span class='ocrx_word' id='word_1_1120' title='bbox 1314 3693 1356 3733; x_wconf 82' lang='grc'><strong>(5)</strong></span> <span class='ocrx_word' id='word_1_1121' title='bbox 1381 3690 1503 3735; x_wconf 84' lang='lat' dir='ltr'><strong>praede</strong></span> <span class='ocrx_word' id='word_1_1122' title='bbox 1517 3691 1551 3723; x_wconf 86' lang='lat' dir='ltr'><em>F</em></span> <span class='ocrx_word' id='word_1_1123' title='bbox 1629 3691 1675 3732; x_wconf 74' lang='lat' dir='ltr'><strong>(a)</strong></span> <span class='ocrx_word' id='word_1_1124' title='bbox 1699 3688 2025 3722; x_wconf 85' lang='lat' dir='ltr'><strong>administrationem</strong></span> <span class='ocrx_word' id='word_1_1125' title='bbox 2038 3687 2095 3721; x_wconf 90' lang='lat' dir='ltr'><strong>dio</strong></span> <span class='ocrx_word' id='word_1_1126' title='bbox 2107 3688 2143 3721; x_wconf 86' lang='lat' dir='ltr'><strong>F&#39;</strong></span> 
     </span>
    </p>
   </div>
   <div class='ocr_carea' id='block_1_11' title="bbox 1313 3735 1552 3779">
    <p class='ocr_par' dir='ltr' id='par_1_26' title="bbox 1313 3735 1552 3779">
     <span class='ocr_line' id='line_1_158' title="bbox 1313 3735 1552 3779; baseline -0.013 -8"><span class='ocrx_word' id='word_1_1127' title='bbox 1313 3738 1359 3779; x_wconf 75' lang='lat' dir='ltr'><strong>(s)</strong></span> <span class='ocrx_word' id='word_1_1128' title='bbox 1383 3736 1434 3769; x_wconf 71' lang='lat' dir='ltr'><strong>aa</strong></span> <span class='ocrx_word' id='word_1_1129' title='bbox 1447 3737 1508 3770; x_wconf 61' lang='lat' dir='ltr'><strong>im.</strong></span> <span class='ocrx_word' id='word_1_1130' title='bbox 1521 3735 1552 3769; x_wconf 81' lang='lat' dir='ltr'><strong>s</strong></span> 
     </span>
    </p>
   </div>
  </div>
 </body>
</html>
