2528 3918
190 144 462 187 XXXXVIII
494 147 545 187 10

191 312 296 364 sicuti
326 268 1139 350 11οῇῐὲξῖἰίοἳξιὲθᾚωωῖἰῗξεηηιέειιαοέιιὲῗιέ
1142 272 1269 348 oigxziit,

190 357 316 393 bondis
339 357 457 393 locum
473 357 598 393 habet:
622 357 720 403 prius
743 357 836 394 enim
860 363 1003 404 oportet
1026 369 1103 394 esse
1127 358 1270 403 aliquod

190 405 442 439 testamentum
471 401 527 437 vel
557 411 629 437 non
659 402 737 438 iure
764 402 917 446 factum,
951 407 991 438 ut
1013 408 1161 439 senatus
1185 413 1270 438 con-

192 447 286 482 sulto
310 447 410 483 locus
434 447 490 482 sit.
537 457 620 482 nam
650 451 686 483 et
712 447 843 484 falsum
874 452 1124 484 testamentum
1147 447 1184 483 id
1209 448 1269 483 de-

189 502 287 528 mum
316 495 415 528 recte
436 491 584 535 dicitur,
615 492 727 538 quod,
755 492 786 529 si
808 493 1045 529 adulterinum
1068 503 1140 528 non
1166 498 1269 534 esset,

190 547 313 573 verum
339 540 458 572 tamen
488 541 738 573 testamentum
767 542 865 574 recte
894 538 1030 573 dicetur
1044 539 1066 573 ¹.
1114 538 1272 573 similiter

190 582 298 628 igitur
320 586 357 617 et
379 593 451 617 non
473 581 551 618 iure
573 582 708 618 factum
731 586 981 618 testamentum
1004 582 1041 617 id
1060 583 1269 628 appellatur,

189 627 229 663 in
251 637 322 672 quo
346 626 378 662 si
401 627 519 662 omnia
540 626 610 663 rite
631 627 730 663 facta
750 632 886 671 essent,
915 628 993 663 iure
1017 627 1152 663 factum
1175 627 1269 663 dice-

195 676 208 707 1
259 675 368 707 retur.
416 671 454 707 Si
479 672 663 709 institutus
693 673 797 708 lieres
826 672 1134 708 exheredationem
1158 673 1270 708 nomi-

190 717 302 753 natim
324 716 389 752 fflii
411 716 468 753 vel
485 717 636 753 aliarum
685 727 891 753 ersonarum
909 717 1102 761 adscribat,
1126 722 1270 753 senatus

191 765 212 796 2
259 762 423 798 consulto
447 766 599 798 tenetur.
646 729 814 798 §imiliter
845 766 880 797 et
901 762 950 805 is,
987 762 1049 807 qui
1070 762 1270 814 libertatem

191 267 315 311 fuerit,
345 277 379 302 m

191 817 260 842 sua
281 817 390 842 manu
412 806 543 842 ademit
570 807 685 844 servi²
713 808 896 843 testatoris
927 811 964 843 et
991 807 1143 842 maxime
1168 818 1225 843 cui
1249 818 1271 842 a

191 862 230 888 se
252 852 371 897 legata
392 851 449 887 vel
470 851 743 888 fideicommissa
766 852 851 887 data
873 855 991 895 erant,
1014 856 1160 888 senatus
1185 863 1270 888 con-

191 901 210 931 :3
256 897 353 933 sulto
385 900 536 933 tenetur.
592 897 630 933 Si
660 898 857 942 patronus³
896 901 1111 933 testamento
1151 898 1271 933 liberti

191 945 346 987 iegatum
374 941 444 978 sibi
471 942 654 988 scripserit
683 946 719 977 et
741 942 844 977 venia
873 942 921 977 im
946 947 1063 978 etrata
1092 942 1271 978 abstinere

190 987 305 1032 legato
328 987 449 1023 iussus
472 991 537 1031 est,
562 998 609 1022 an
632 988 906 1022 emolumentum
955 998 1104 1023 onerum
1127 999 1269 1033 posses-

190 1032 301 1068 sionis
325 1036 451 1068 contra
473 1032 614 1068 tabulas
638 1033 771 1067 habere
793 1032 933 1077 possit?
957 1037 994 1068 et
1016 1033 1127 1077 magis
1142 1033 1271 1079 placet

189 1076 790 1158 3⁰uffi⁸52·..303.1‘1”333st3²{3
814 1082 1112 1175 “3533‘1352121223
1119 1082 1202 1158 3113?
1210 1082 1269 1159 αἲξ

791 1149 801 1164 9

188 1167 344 1209 beretur‚
369 1167 437 1203 sibi
460 1167 689 1211 adscripserit
718 1171 753 1202 et
775 1167 936 1203 similiter
958 1169 1061 1204 venia
1083 1168 1272 1213 impetrata

189 1212 370 1248 abstinere
393 1222 431 1247 se
454 1212 570 1257 legato
594 1212 803 1255 iubeantur,
839 1217 903 1248 aut
931 1213 1069 1249 mulieri
1092 1213 1184 1249 dotis
1209 1218 1272 1248 aut

191 1257 358 1293 creditori
390 1257 485 1293 actio
514 1267 581 1293 sua
611 1257 777 1303 denegari
807 1257 929 1301 debet,
959 1269 1006 1294 ne
1029 1269 1150 1294 eorum
1173 1262 1270 1294 uter-

189 1313 258 1347 que
282 1302 430 1338 merito⁴
454 1302 573 1338 debito
597 1307 728 1338 careat.

235 1344 260 1384 7
284 1346 521 1383 MARGIANUS
548 1347 639 1383 libro
668 1348 825 1383 secundo
855 1349 1116 1384 institutionum
1162 1349 1270 1384 Nullo

188 1392 294 1428 modo
331 1392 425 1428 servi
463 1403 544 1428 cum
582 1392 732 1428 dominis
765 1393 840 1428 suis
877 1394 1072 1429 consistere
1107 1397 1270 1439 possunt,

189 1448 270 1473 cum
294 1447 339 1473 ne
363 1437 504 1482 quidem
533 1438 675 1473 omnino
705 1437 782 1473 iure
811 1438 905 1473 civili
927 1449 1044 1484 neque
1065 1439 1144 1475 iure
1167 1450 1270 1484 prae-

187 1483 281 1518 torio
312 1492 427 1528 neque
456 1486 559 1518 extra
589 1483 748 1519 ordinem
779 1493 858 1518 com
884 1486 1071 1519 utantur⁵:
1113 1488 1270 1530 praeter-

189 1538 296 1573 quam
326 1527 422 1573 quod
452 1527 695 1564 favorabiliter
726 1527 799 1563 divi
862 1539 967 1564 arcus
998 1532 1035 1564 et
1058 1528 1272 1565 Commodus

189 1573 469 1618 rescripserunt,
500 1583 582 1609 cum
606 1583 729 1609 servus
752 1578 975 1617 quereretur,
1008 1574 1105 1619 quod
1128 1575 1273 1610 tabulae

189 1618 410 1660 testamenti,
448 1618 577 1663 quibus
608 1618 642 1654 ei
665 1618 751 1653 data
775 1622 853 1653 erat
876 1619 1039 1662 libertas,
1074 1620 1271 1665 subprime-

188 1667 330 1705 rentur,
364 1663 620 1699 admittendum
650 1663 697 1698 ad
728 1664 914 1709 suppressi
937 1665 1140 1700 testamenti
1164 1675 1271 1700 accu-

188 1708 375 1744 sationem.

234 1750 258 1790 8
290 1752 485 1790 Uzmivos
512 1753 602 1789 libro
630 1754 782 1800 septimo
813 1753 858 1788 de
889 1754 1016 1800 officio
1039 1755 1273 1806 proconsulis

188 1798 409 1850 Quicumque
436 1808 598 1834 nummos
629 1809 759 1834 aureos
789 1799 920 1844 partim
943 1803 1111 1842 raserint,
1143 1800 1273 1845 partim

188 1844 359 1879 tinxerint
391 1843 448 1879 vel
477 1843 662 1879 finxerint:
699 1844 732 1880 si
770 1843 912 1889 quidem
947 1844 1051 1880 liberi
1081 1850 1185 1887 sunt,
1226 1845 1273 1880 ad

187 1888 320 1970 ¹1:ng
352 1888 449 1932 dari,
486 1889 520 1924 si
550 1888 660 1932 servi,
699 1899 836 1925 summo
865 1889 1041 1934 supplicio
1073 1889 1179 1925 adfici
1211 1890 1272 1926 de-

233 1937 285 1969 nt.

233 1976 285 2017 9⁰
322 1978 429 2014 IDEM
470 1978 562 2014 libro
597 1982 722 2014 octavo
765 1979 810 2014 de
848 1980 977 2026 officio
1016 1980 1272 2026 proconsulis⁷

187 2024 218 2059 1.
262 2033 283 2060 e
306 2023 471 2060 Cornelia
501 2027 666 2067 cavetur,
701 2026 761 2066 ut,
796 2024 856 2070 qui
878 2025 916 2060 in
939 2035 1066 2061 aurum
1089 2025 1164 2061 vitii
1189 2025 1273 2070 quid

187 2034 374 2111 adediderit,
398 2069 460 2121 qui
483 2072 670 2121 argenteos
693 2080 856 2105 nummos
879 2070 1099 2106 adulterinos
1122 2070 1271 2113 flaverit,

193 2118 205 2150 l
255 2113 339 2150 falsi
362 2115 507 2150 crimine
525 2118 652 2149 teneri.
683 2114 821 2150 Eadem
871 2125 961 2151 oena
979 2115 1148 2151 adficitur
1166 2116 1273 2151 etiam

187 2159 219 2196 is
266 2159 322 2201 ui,
355 2170 437 2195 cum
491 2159 656 2195 rohibere
685 2159 758 2195 tale
782 2160 843 2204 qui
890 2164 1031 2205 posset,
1054 2171 1128 2197 non
1150 2161 1271 2206 prohi-

188 2208 210 2240 2
282 2204 345 2239 uit.
392 2204 449 2239 Ea
476 2214 531 2239 em
558 2204 637 2249 lege
671 2204 899 2249 exprimitur,
931 2216 976 2241 ne
1007 2206 1086 2251 quis
1110 2217 1272 2242 nummos

187 2261 206 2286 s
295 2259 355 2285 eos
386 2249 574 2295 plumbeos
603 2259 720 2285 emere
750 2250 903 2286 vendere
926 2250 1008 2286 dolo
1032 2251 1127 2287 malo
1154 2251 1271 2287 vellet.

188 2299 209 2330 3
288 2296 403 2330 oena⁸
437 2294 525 2340 legis
557 2294 742 2330 Corneliae
778 2295 960 2340 irrogatur
997 2295 1047 2340 ei,
1089 2295 1150 2341 qui
1188 2296 1273 2342 quid

189 2339 287 2375 aliud
311 2349 418 2385 quam
440 2339 478 2374 in
502 2340 742 2375 testament0⁹
772 2341 888 2376 sciens
918 2340 1000 2376 dolo
1025 2341 1119 2377 malo
1141 2341 1273 2377 falsum

188 2385 379 2430 signaverit
397 2384 571 2429 signarive
591 2385 780 2427 curaverit,
802 2385 888 2421 item
908 2385 969 2439 qui
979 2387 1008 2408 ¹⁰
1031 2385 1142 2422 falsas
1160 2389 1272 2422 testa-

186 2430 304 2466 tiones
327 2429 510 2465 faciendas
534 2430 781 2466 testimoniave
798 2430 895 2467 falsa
916 2431 1066 2467 invicem
1084 2431 1271 2467 dicenda¹¹

188 2479 211 2510 4
256 2474 339 2511 dolo
368 2474 462 2510 malo
493 2474 655 2510 coierint.
701 2474 770 2520 Qui
802 2476 998 2512 delatorem
1029 2476 1205 2512 summisit
1234 2476 1273 2512 in

187 2530 298 2556 causa
314 2519 534 2566 pecuniaria,
557 2519 681 2556 eadem
705 2530 822 2566 poena
840 2525 993 2565 tenetur,
1019 2532 1090 2567 qua
1106 2525 1273 2558 tenentur

187 2565 224 2601 hi
271 2565 309 2601 ui
332 2566 378 2601 ob
400 2565 629 2601 instruendas
652 2565 733 2601 lites
757 2566 947 2612 pecuniam
970 2577 1056 2603 acce
1082 2570 1197 2603 erunt.

238 2609 255 2648 1
312 2609 455 2646 Macra
488 2610 579 2646 libro
597 2611 721 2657 primo
737 2611 970 2657 publicorum
984 2613 1012 2634 ¹²
1092 2622 1112 2648 e
1134 2622 1189 2656 eo,
1213 2612 1272 2658 qui

187 2655 221 2692 ei
249 2656 288 2691 in
316 2655 418 2691 cuius
474 2658 626 2691 otestate
641 2656 668 2677 ¹³
701 2660 756 2692 est
788 2656 891 2701 eique
914 2656 976 2702 qui
997 2657 1036 2692 in
1059 2657 1184 2693 eadem
1207 2667 1271 2702 po-

186 2703 317 2737 testate
340 2704 396 2736 est
486 2699 666 2745 cripserit,
691 2700 779 2736 nihil
802 2705 948 2738 senatus
973 2702 1146 2738 consultis
1170 2712 1272 2739 cave-

186 2749 262 2782 tur:
286 2744 351 2781 sed
373 2744 443 2781 hoc
490 2755 609 2790 uoque
629 2755 717 2782 casu
735 2746 966 2782 committitur
984 2746 1023 2782 in
1040 2747 1165 2792 legem,
1189 2748 1273 2793 quia

187 2790 294 2826 huius
324 2790 377 2826 rei
408 2800 485 2826 emo
501 2793 683 2826 timentum
713 2790 760 2826 ad
783 2795 921 2836 patrem
944 2791 1167 2828 dominumve
1190 2802 1271 2838 per-

186 2836 287 2878 tinet,
312 2834 360 2871 ad
382 2845 488 2881 quem
510 2836 724 2880 pertineret,
754 2835 785 2872 si
808 2836 903 2873 filius
926 2847 1093 2874 servusve
1116 2837 1185 2874 sibi
1207 2837 1270 2873 ad-

191 2884 205 2916 1
255 2880 493 2925 scripsissent.
540 2880 634 2916 Illud
665 2885 823 2924 constat,
858 2882 890 2917 si
912 2886 1081 2918 extraneo
1105 2883 1184 2928 quis
1207 2883 1271 2918 ad-

187 2925 371 2971 scripserit
403 2925 577 2970 legatum,
620 2926 704 2962 lIcet
745 2930 872 2971 postea
907 2927 984 2963 vivo
1028 2930 1201 2964 testatore
1234 2927 1273 2963 in

187 2974 366 3017 potestate
388 2979 470 3006 eum
492 2970 626 3006 habere
650 2972 825 3016 coeperit,
849 2976 997 3009 senatus
1021 2973 1194 3008 consultis
1217 2972 1271 3009 lo·

186 3026 267 3052 cum
290 3026 363 3052 non
386 3025 477 3051 esse.

236 3059 283 3098 11
318 3059 556 3096 Mamaos
588 3059 680 3095 libro
705 3062 829 3107 primo
859 3061 904 3097 de
933 3062 1080 3098 iudiciis
1115 3062 1272 3109 publicis

187 3105 224 3141 Si
254 3109 359 3152 pater
385 3104 461 3141 filio
491 3105 707 3157 suo-militi,
738 3116 842 3159 quem
873 3107 984 3143 habet
1012 3107 1050 3142 in
1080 3111 1270 3152 potestate,

186 3153 401 3187 testamento
450 3149 699 3186 commilitonis
741 3151 805 3186 tilii
849 3151 984 3196 aliquid
1028 3152 1269 3198 adscripserit,

187 3206 292 3241 quem
322 3195 584 3231 conmilitonem
618 3195 654 3230 in
676 3196 802 3231 militia
824 3197 938 3232 novit:
973 3197 1058 3243 quia
1080 3198 1175 3243 patri
1198 3208 1270 3234 non

186 3240 404 3286 adquiritur,
438 3244 540 3276 extra
567 3250 718 3286 poenam
750 3245 815 3276 est.
863 3246 899 3277 et
930 3253 1013 3278 cum
1040 3243 1147 3278 matri
1174 3243 1270 3279 filius

187 3285 443 3331 adscripscrat,
480 3285 553 3321 divi
583 3284 712 3321 fratres
743 3286 1022 3331 rescripserunt,
1059 3297 1141 3324 cum
1167 3287 1271 3324 iussu

186 3330 369 3368 testatoris
391 3330 462 3366 hoc
485 3330 640 3376 scripsit,
664 3331 875 3376 impunitum
898 3342 978 3368 eum
1001 3342 1081 3369 esse
1102 3336 1270 3369 matrem-

186 3386 256 3422 que
281 3385 411 3421 capere
432 3385 550 3422 posse.

187 3491 227 3529 (i)
252 3499 321 3521 non
340 3491 433 3531 esset,
452 3489 508 3523 sed
527 3500 653 3531 verum,
673 3491 904 3523 testamentum
922 3492 1010 3523 recte
1022 3490 1189 3525 diceretur
1204 3500 1267 3525 rer.

187 3535 232 3577 (2)
254 3543 349 3567 servo
361 3535 433 3568 edd.
514 3536 559 3576 (3)
582 3535 619 3567 in
633 3537 692 3568 ina.
707 3535 759 3568 Γ*
841 3536 885 3576 (4)
909 3534 1076 3568 immerito
1087 3536 1268 3581 Hoffinann

186 3578 231 3619 (ὅ)
254 3579 503 3622 computantur]
512 3581 676 3623 putantur
687 3580 739 3613 vel
748 3579 926 3613 consistere
933 3589 1026 3622 posse
1033 3583 1197 3623 putantur
1204 3594 1267 3615 scr.

187 3624 233 3665 (θ)
259 3628 275 3662 5
290 3630 308 3658 ³
319 3640 364 3653 -ι
380 3624 461 3659 Coa.
474 3626 506 3665 8,
518 3632 546 3664 ’1,
562 3633 570 3658 ι
664 3627 708 3666 (7)
733 3624 794 3657 sub
807 3623 908 3657 titulo
920 3624 960 3657 de
970 3634 1079 3667 poena
1089 3625 1173 3667 legis
1184 3625 1267 3659 Cor-

187 3667 294 3700 neliae
311 3670 577 3702 testamentariae
595 3671 672 3702 add.
699 3670 777 3702 Coll.
888 3673 931 3710 (s)
979 3673 1126 3702 raeterea
1142 3670 1266 3703 sactum

186 3713 235 3743 est
245 3716 378 3746 senatus
394 3713 580 3746 consultum
602 3713 729 3746 Libone
748 3716 781 3746 et
792 3713 926 3747 Statilio
965 3724 1048 3747 auro
1064 3714 1266 3756 oonsulibus,

185 3761 254 3793 quo
270 3767 377 3797 poena
401 3758 479 3791 Coa.
578 3764 622 3799 (9)
646 3758 684 3791 in
701 3757 908 3800 “stamentol
929 3761 1160 3792 testamentum
1183 3761 1264 3794 Cau.

1256 143 1339 193 8⁰4

1484 31 1491 87 *a

1493 84 1561 180 Ὗ

1679 161 1743 191 DE
1769 160 1889 192 LEGE
1919 161 2143 192 CORNELIA
2172 162 2232 192 DE
2260 160 2411 193 FAles

1388 266 1438 305 12
1471 268 1714 306 Psmmuvs
1738 271 1829 307 libro
1862 272 1965 307 tertio
1996 271 2131 306 decimo
2161 282 2412 318 responsorum

1338 313 1426 349 Cum
1457 312 1537 348 falsi
1568 324 1650 350 reus
1679 319 1762 351 ante
1793 316 1926 351 crimen
1954 316 2091 351 illatum
2115 320 2180 351 aut
2201 316 2412 352 sententiam

1338 358 1469 394 dictam
1499 359 1571 393 vita
1602 358 1756 402 decedit,
1791 365 1952 397 cessante
1977 361 2141 396 Cornelia
2163 361 2259 406 quod
2281 362 2414 398 scelere

1338 403 1538 448 quaesitum
1561 407 1617 439 est
1639 404 1761 441 heredi
1783 417 1855 442 non
1878 406 2099 450 relinquitur.

1388 446 1436 501 13
1460 448 1567 502 [ηε-Μ
1593 448 1684 484 libro
1713 451 1837 496 quinto
1860 451 1995 487 decimo
2019 461 2272 498 responsorum
2317 450 2415 488 Falsi

1338 503 1489 529 nominis
1512 493 1567 529 vel
1591 495 1808 539 cognominis
1828 495 2049 532 adseveratio
2073 505 2190 541 poena
2211 495 2293 532 falsi
2315 506 2413 532 coer·

1345 543 1352 572 1
1406 542 1517 574 cetur.
1548 539 1679 575 Ordine
1697 539 1927 576 decurionum
1945 541 2066 577 decem
2084 541 2186 576 annis
2204 540 2415 577 advocatum

1339 587 1491 625 motum,
1522 584 1581 628 qui
1604 583 1734 620 falsum
1758 584 2030 621 instrumentum
2054 590 2288 631 cognoscente
2311 597 2414 631 prae-

1338 628 1412 663 side
1432 628 1603 671 recitavit‚
1625 633 1708 674 post
1725 629 1829 665 finem
1841 631 2010 676 temporis
2028 630 2232 676 dignitatem
2250 631 2416 676 respondi

1338 673 1547 718 reciperare,
1572 674 1740 718 quoniam
1762 675 1798 709 in
1824 675 2021 711 Corneliam
2045 676 2136 711 falso
2159 676 2320 718 recitato,
2345 687 2415 711 non

1338 718 1435 753 facto
1459 729 1531 753 non
1554 718 1688 754 incidit.
1736 719 1858 755 eadem
1889 721 2026 756 ratione
2061 721 2238 766 plebeium
2262 721 2308 756 ob
2332 731 2416 756 ean-

1339 763 1418 798 dem
1442 773 1587 799 causam
1617 764 1724 800 exilio
1753 765 1968 810 temporario
1999 766 2163 811 punitum
2191 765 2418 802 decurionem

1338 812 1422 853 post
1443 808 1596 843 reditum
1617 814 1715 845 recte
1739 810 1864 845 creari.

1390 851 1438 889 14
1471 852 1527 888 ΡΑ
1535 863 1629 889 (aas
1655 855 1745 890 libro
1770 855 1958 891 vicensimo
1988 855 2145 891 secundo
2167 855 2417 908 quaestionum

1339 898 1450 934 Filius
1480 899 1723 944 emancipatus
1761 910 1842 935 cum
1881 900 2054 937 scriberet
2083 903 2196 953 patris
2226 903 2418 936 testamen-

1338 947 1425 985 tum,
1449 943 1548 978 iussu
1571 945 1683 989 patris
1707 954 1809 980 servo
1828 946 2006 981 communi
2028 944 2114 980 Titii
2135 949 2173 981 et
2194 955 2260 981 suo
2272 945 2300 967 ¹⁴
2323 946 2417 989 lega·

1338 992 1414 1022 tum
1445 988 1655 1034 adscripsit:
1694 1000 1825 1034 quaero
1857 990 1935 1035 quis
1966 990 2083 1026 exitus
2114 989 2331 1035 quaestionis
2360 990 2417 1026 sit.

1338 1033 1539 1078 respondit:
1557 1034 1685 1114 (plures
1709 1035 1936 1080 quaestiones
1959 1034 2185 1071 coniunxisti.
2221 1038 2257 1071 et
2279 1034 2419 1080 quidem

1339 1082 1511 1123 quantum
1533 1089 1556 1114 a
1603 1084 1749 1115 senatus
1774 1081 1985 1123 consultum,
2009 1091 2080 1126 quo
2102 1080 2332 1125 prohibemur
2354 1090 2418 1115 no-

1339 1124 1394 1159 bis
1426 1124 1481 1159 vel
1512 1123 1585 1166 his,
1621 1135 1711 1170 quos
1734 1125 1771 1160 in
1794 1129 1973 1170 potestate
1995 1125 2184 1168 habemus,
2215 1124 2420 1160 adscribere

1339 1168 1510 1214 legatum,
1547 1170 1791 1223 emancipatus
1829 1180 1970 1216 quoque
2015 1170 2109 1206 filius
2145 1170 2267 1205 eadem
2303 1180 2416 1214 poena

1339 1214 1535 1255 tenebitur,
1573 1215 1656 1250 licet
1691 1226 1793 1251 iussu
1839 1216 1951 1261 patris
1992 1215 2190 1261 scripseritt
2228 1219 2419 1251 excusatus

1340 1259 1432 1294 enim
1455 1259 1486 1294 is
1509 1259 1647 1295 videtur
1669 1260 1729 1305 qui
1751 1261 1789 1296 in
1811 1264 1989 1306 potestate
2013 1264 2068 1296 est
2090 1260 2142 1296 sic
2165 1263 2207 1295 ut
2229 1270 2362 1301 servus,
2388 1260 2416 1295 si

1339 1308 1459 1339 tamen
1487 1304 1623 1340 iussum
1655 1315 1699 1340 ex
1727 1305 1990 1351 subscriptione
2021 1306 2203 1341 testatoris
2227 1310 2415 1351 appareat:

1343 1352 1357 1383 1
1407 1350 1459 1385 sic
1479 1350 1571 1385 enim
1591 1350 1710 1386 inveni
1727 1355 1889 1386 senatum
1909 1351 2100 1387 censuisse.
2133 1350 2291 1403 Sequens
2312 1360 2419 1395 quae-

1340 1394 1407 1430 stio
1430 1399 1496 1438 est,
1521 1405 1578 1438 an,
1603 1395 1771 1440 quoniam
1793 1396 1914 1440 placet
1935 1395 1973 1431 id
1996 1395 2091 1441 quod
2110 1395 2230 1431 illicite
2249 1395 2419 1441 scriptum

1341 1443 1394 1474 est
1417 1450 1483 1484 pro
1508 1451 1579 1475 non
1603 1441 1736 1486 scripto
1760 1451 1856 1483 esse,
1887 1440 1983 1486 quod
2006 1451 2107 1477 servo
2132 1440 2310 1477 communi
2332 1441 2420 1476 scri-

1340 1484 1456 1520 bentis
1487 1490 1524 1520 et
1553 1485 1698 1520 alterius
1730 1486 1950 1531 adscriptum
1981 1489 2054 1528 est,
2090 1490 2209 1521 utrum
2239 1485 2277 1520 in
2307 1488 2421 1521 totum

1339 1540 1404 1574 pro
1429 1540 1501 1565 non
1525 1530 1659 1576 scripto
1683 1530 1730 1566 sit
1752 1541 1799 1566 aii
1823 1535 1996 1576 quantum
2025 1530 2072 1566 ad
2095 1541 2175 1567 eum
2198 1534 2337 1566 tantum
2360 1531 2421 1575 qui

1339 1574 1459 1610 adseri
1484 1575 1547 1617 sit,
1571 1579 1728 1611 ceterum
1751 1577 1848 1612 socio
1871 1579 1987 1612 totum
2016 1576 2198 1612 debeatur.
2246 1580 2284 1611 et
2304 1575 2421 1611 inveni

1340 1620 1463 1655 Marce
1491 1631 1550 1655 um
1581 1621 1677 1666 apud
1700 1621 1877 1657 Iulianum
1905 1621 2107 1657 adnotasse.
2153 1631 2235 1656 nam
2258 1631 2338 1656 cum
2362 1621 2421 1656 Iu-

1341 1664 1458 1700 lianus
1497 1665 1717 1710 scripsisset,
1757 1666 1788 1702 si
1821 1666 1890 1702 sibi
1928 1670 1964 1701 et
1995 1666 2088 1701 Titio
2128 1666 2330 1712 scripsisset
2359 1670 2422 1701 aut

1340 1720 1442 1746 servo
1466 1711 1661 1754 communi,
1693 1722 1774 1746 cum
1796 1722 1862 1757 pro
1886 1722 1958 1747 non
1979 1712 2113 1757 scripto
2136 1711 2234 1755 sit¹⁵,
2256 1710 2421 1746 facillime

1341 1755 1465 1800 quaeri
1479 1756 1505 1776 ¹⁶
1535 1766 1661 1801 posse,
1725 1761 1875 1791 uantum
1906 1756 2001 1792 Titio
2024 1760 2062 1792 et
2091 1755 2189 1792 socio
2213 1756 2421 1802 adquiratur

1340 1800 1408 1835 ita:
1433 1800 1542 1836 adicit
1564 1801 1632 1837 iste
1643 1802 1669 1823 ¹⁷
1730 1802 1902 1837 arcellus:
1928 1801 2222 1846 quemadmodum
2242 1801 2339 1837 socio
2359 1801 2421 1837 de-

1342 1845 1501 1888 bebitur,
1539 1846 1571 1882 si
1601 1847 1703 1891 quasi
1741 1846 1872 1882 falsum
1903 1857 2032 1882 nomen
2061 1846 2155 1883 servi
2184 1846 2421 1883 subducitur?

1341 1891 1438 1935 quod
1468 1895 1505 1926 et
1540 1891 1578 1926 in
1608 1891 1788 1937 praesenti
1828 1891 2036 1937 quaestione
2065 1891 2325 1928 observandum
2355 1895 2421 1927 est.

1343 1940 1360 1970 2
1406 1935 1560 1972 Maritus
1591 1947 1731 1973 servum
1761 1937 1916 1973 dotalem
1945 1937 2150 1973 manumisit
2179 1941 2217 1972 et
2245 1937 2283 1972 in
2311 1940 2416 1973 testa-

1340 1984 1460 2016 mento
1491 1981 1568 2017 eius
1599 1982 1754 2028 legatum
1784 1982 1854 2018 sibi
1885 1981 2086 2027 adscripsit.
2132 1982 2331 2027 quaesitum
2354 1986 2420 2023 est,

1341 2025 1427 2071 quid
1450 2026 1578 2062 mulier
1599 2037 1644 2062 ex
1666 2028 1744 2072 lege
1768 2027 1858 2062 Iulia
1880 2027 2050 2072 consequi
2097 2027 2197 2063 ossit.
2236 2037 2293 2063 res
2343 2027 2420 2062 ndi:

1341 2076 1377 2107 et
1398 2075 1590 2117 patronum
1620 2072 1775 2108 incidere
1805 2074 1843 2107 in
1871 2083 2023 2117 poenam
2052 2083 2073 2108 e
2100 2072 2161 2108 'cti
2190 2071 2260 2108 divi
2312 2072 2422 2108 laudii

1340 2116 1530 2152 dicendum
1551 2121 1608 2153 est
1630 2120 1667 2153 et
1688 2117 1799 2153 filium
1823 2117 2101 2163 emancipatum,
2133 2118 2216 2153 licet
2239 2117 2422 2164 praeteriti

1340 2162 1478 2241 possint
1501 2166 1621 2207 petere
1649 2163 1911 2207 possessionem
1943 2163 2128 2198 bonorum.
2175 2173 2194 2198 e
2236 2174 2257 2198 o
2281 2163 2312 2198 si
2335 2162 2422 2198 nihil

1366 2207 1450 2242 abet
1472 2211 1647 2252 patronus
1671 2218 1715 2243 ex
1738 2208 1841 2244 bonis
1869 2208 2006 2250 liberti,
2039 2218 2112 2244 non
2142 2211 2224 2244 tene
2248 2207 2322 2243 itur
2343 2218 2422 2243 mu-

1339 2252 1427 2287 lieri.
1475 2262 1523 2287 aii
1553 2252 1633 2288 ideo
1664 2253 1779 2288 teneri
1808 2256 1944 2298 potest,
1977 2252 2071 2297 quod
2102 2252 2278 2288 adiectum
2309 2253 2422 2289 estin

1340 2297 1417 2341 lege
1447 2300 1522 2332 ‘aut
1546 2297 1627 2332 dolo
1651 2298 1755 2341 fecit,
1811 2309 1857 2334 uo
1887 2297 2004 2333 minus
2033 2297 2079 2333 ad
2103 2308 2182 2333 eum
2205 2298 2423 2343 perveniat’?

1340 2342 1403 2379 sed
1427 2342 1514 2377 nihil
1536 2342 1622 2378 fecit
1644 2342 1682 2377 in
1705 2342 1786 2378 frau
1812 2353 1867 2378 em
1889 2343 2063 2379 mulieris:
2088 2354 2161 2378 non
2183 2343 2276 2379 enim
2297 2342 2421 2379 adver-

1341 2397 1402 2422 sus
1426 2387 1523 2422 illam
1551 2387 1622 2423 hoc
1653 2388 1878 2433 excogitavit.
1924 2398 1971 2423 an
1999 2388 2079 2424 ideo
2110 2398 2183 2424 non
2205 2387 2417 2433 denegamus

1340 2431 1424 2467 huic
1447 2432 1617 2476 actiones,
1642 2433 1808 2478 quoniam
1831 2432 1892 2468 alii
1914 2433 2143 2468 restituturus
2166 2433 2247 2469 est?
2290 2433 2422 2478 adquin

1341 2487 1422 2512 cum
1445 2477 1493 2518 is,
1526 2477 1587 2522 qui
1610 2477 1678 2513 sibi
1701 2478 1802 2513 iussu
1834 2478 2018 2514 testatoris
2040 2478 2196 2523 legatum
2219 2477 2420 2523 adscripsit,

1339 2522 1446 2557 etiam
1479 2522 1509 2557 si
1522 2524 1550 2544 ¹⁸
1584 2521 1667 2558 fidei
1679 2523 1707 2544 ¹⁹
1735 2533 1822 2558 suae
1876 2522 2036 2559 similiter
2062 2522 2207 2559 iubente
2237 2526 2421 2564 testatore,

1340 2567 1590 2610 commisisset,
1629 2571 1670 2603 ut
1696 2567 1734 2603 id
1743 2569 1775 2598 ²⁹
1802 2550 1865 2603 aiii
1892 2568 2113 2611 restitueret,
2144 2571 2289 2604 senatus
2317 2568 2423 2604 iussit

1341 2622 1421 2647 eum
1444 2612 1555 2648 nihilo
1578 2612 1694 2648 minus
1718 2613 1836 2658 legato
1847 2615 1877 2635 ²¹
1907 2613 2085 2649 abstinere
2111 2612 2217 2658 idque
2238 2613 2336 2660 apud
2358 2614 2421 2648 lie-

1339 2657 1458 2693 redem
1482 2668 1663 2693 remanere
1687 2668 1768 2694 cum
1791 2668 1900 2694 onere
1922 2657 2193 2694 fideicommissi.

1390 2701 1438 2740 15
1467 2702 1752 2739 Cahzlsrnaws
1782 2704 1873 2739 libro
1890 2704 2014 2751 primo
2037 2704 2285 2750 quaestionum
2308 2701 2421 2739 Divus

1341 2747 1510 2783 Claudius
1532 2748 1648 2783 edicto
1673 2748 1856 2801 praecepit
1878 2747 2102 2784 adiciendum
2131 2747 2200 2794 legi
2223 2747 2419 2791 Corneliae,

1339 2796 1397 2835 ut,
1429 2793 1460 2828 si
1483 2793 1580 2838 quis,
1613 2803 1694 2828 cum
1717 2793 1864 2829 alterius
1887 2797 2138 2830 testamentum
2160 2793 2215 2829 vel
2238 2793 2419 2830 codicillos

1340 2838 1528 2881 scriberet,
1552 2838 1708 2883 legatum
1731 2839 1798 2874 sibi
1821 2848 1888 2874 sua
1910 2849 2019 2874 manu
2042 2838 2241 2885 scripserit,
2265 2838 2421 2892 proinde

1339 2887 1505 2918 teneatur
1532 2893 1576 2919 ac
1606 2883 1637 2919 si
1668 2884 1900 2920 commisisset
1928 2884 1965 2919 in
1993 2884 2105 2929 legem
2135 2883 2349 2926 Corneliam,
2383 2887 2422 2919 et

1339 2937 1384 2963 ne
1407 2927 1463 2964 vel
1484 2928 1515 2964 is
1538 2928 1641 2963 venia
1663 2927 1784 2971 detur,
1809 2929 1870 2975 qui
1893 2938 1931 2965 se
1953 2928 2138 2974 ignorasse
2159 2928 2268 2965 edicti
2289 2928 2420 2965 severi-

1339 2976 1450 3009 tatem
1480 2973 1767 3019 praetendant22.
1814 2973 1971 3010 scribere
2008 2978 2128 3010 autem
2165 2973 2235 3010 sibi
2264 2973 2420 3019 legatum

1338 3017 1450 3054 videri
1477 3028 1551 3054 non
1581 3018 1696 3054 solum
1724 3028 1805 3054 eum
1836 3018 1898 3064 qui
1929 3028 2037 3054 manu
2067 3029 2135 3055 sua
2162 3018 2200 3054 id
2221 3017 2325 3061 facit,
2355 3018 2421 3055 sed

1339 3063 1446 3099 etiam
1469 3063 1529 3108 qui
1552 3073 1617 3109 per
1637 3073 1778 3099 servum
1801 3074 1905 3099 suum
1928 3064 1984 3099 vel
2005 3063 2135 3108 filium,
2166 3073 2272 3109 quem
2293 3063 2331 3098 in
2353 3074 2418 3110 po-

1338 3111 1505 3144 testatem
1526 3108 1645 3152 habet,
1670 3108 1827 3145 dictante
1835 3109 1867 3131 ²³
1889 3112 2060 3145 testatore
2075 3108 2192 3154 legato
2209 3109 2416 3144 honoratur.

1342 3156 1355 3188 ¹
1405 3153 1517 3189 Plane
1545 3153 1859 3190 constitutionibus
1887 3153 2146 3200 principalibus
2170 3157 2333 3197 cavetur,
2366 3158 2418 3196 ut,

1339 3198 1370 3233 si
1392 3202 1542 3234 testator
1571 3198 1775 3243 specialiter
1805 3199 2068 3245 subscriptione
2097 3208 2165 3234 sua
2187 3198 2419 3235 declaraverit

1339 3243 1495 3280 dictasse
1525 3253 1627 3279 servo
1659 3243 1831 3287 alicuius,
1862 3248 1904 3280 nt
1925 3243 2067 3279 domino
2091 3244 2167 3280 eius
2190 3243 2348 3289 legatum
2370 3243 2418 3280 ab

1337 3287 1527 3324 heredibus
1550 3288 1625 3324 suis
1643 3287 1801 3332 daretur,
1823 3288 1861 3325 id
1878 3289 2007 3330 valere,
2030 3298 2097 3324 nec
2114 3288 2315 3334 generalem
2331 3289 2417 3324 sub·

1338 3332 1566 3386 scriptionem
1594 3334 1775 3371 testatoris
1806 3334 1924 3371 valere
1953 3333 2124 3370 adversus
2155 3337 2301 3370 senatus
2330 3343 2417 3369 con·

1337 3377 1424 3414 sulti
1452 3378 1703 3415 auctoritatem
1735 3383 1771 3415 et
1801 3378 1881 3416 ideo
1912 3378 2067 3424 legatum
2087 3389 2155 3425 pro
2178 3388 2252 3415 non
2279 3377 2418 3425 scripto

1339 3495 1398 3532 (ιο)
1422 3490 1539 3525 adin.
2246 3494 2304 3532 (ιι)
2327 3491 2417 3524 indi·

1336 3536 1464 3570 ciorum
1483 3537 1541 3570 ine.
1564 3535 1617 3570 17²
2052 3537 2111 3578 (u)
2133 3535 2187 3568 sui
2207 3536 2267 3577 Ρ,
2285 3548 2342 3569 on.
2366 3536 2416 3570 F·

1336 3584 1395 3623 (15)
1419 3580 1509 3623 quod
1527 3580 1592 3614 sibi
1611 3580 1787 3624 adscripsit
1802 3581 1973 3615 secundum
1986 3582 2021 3614 B
2040 3582 2100 3614 ine.
2119 3581 2278 3619 (similiter
2288 3581 2416 3618 Keller)

1899 3628 1955 3666 (Π)
1980 3625 2050 3668 ipse
2068 3625 2130 3667 ΡΩ,
2153 3625 2229 3659 istic
2252 3625 2415 3670 Tydeman

1963 3674 2026 3712 (ιο)
2050 3670 2100 3702 uti
2122 3669 2162 3702 ad
2184 3670 2218 3703 F
2299 3673 2357 3711 (πυ
2380 3679 2416 3703 ιο

1994 3719 2056 3757 (23)
2080 3715 2259 3748 dictantem
2274 3714 2308 3748 F

1621 3493 1677 3534 (ii)
1700 3494 1760 3524 aut
1771 3490 1997 3534 consignanda
2010 3492 2067 3524 ins.
2087 3491 2167 3525 6011.

1706 3537 1766 3578 (ιε)
1789 3538 1916 3580 pote-to
1935 3536 1971 3569 F

1335 3627 1398 3668 (10)
1421 3627 1597 3669 requiritur
1617 3626 1748 3669 exquiri

1336 3674 1396 3711 (is)
1419 3671 1449 3703 si
1468 3671 1531 3704 del.
1633 3674 1692 3711 (io)
1716 3670 1819 3704 fldein
1836 3670 1871 3703 F

1336 3716 1396 3750 im.
1414 3715 1463 3749 F‘
1555 3717 1618 3757 (22)
1641 3715 1835 3758 praetendat
1854 3715 1890 3748 F
