2528 3918
129 146 183 175 ΕΤ
211 146 698 179 DEMONSTRATIONIBUS

173 258 222 297 61
258 258 452 295 ΠιΡιΑΝυο
472 259 563 295 libro
587 262 713 296 octavo
737 260 788 295 ad
805 259 918 303 leqem
938 258 1071 295 Iuliam
1093 262 1127 295 ec
1145 258 1216 294 Pa—

123 307 222 352 piam
275 303 313 339 Si
343 305 396 339 vir
428 304 533 339 uxori
564 305 611 340 ad
641 308 782 350 tempus
813 304 1005 339 liberorum
1037 304 1216 349 legaverit,

127 349 281 386 dubitari
313 353 450 394 potest,
486 360 533 384 an
564 350 608 385 de
638 350 695 385 his
727 350 912 385 dumtaxat
942 350 1023 385 filiis
1048 350 1218 386 sensisset

127 398 276 431 testator
307 395 367 439 qui
391 398 473 439 post
497 399 645 430 mortem
670 396 744 430 eius
770 395 844 430 nati
869 395 1021 430 fuissent
1045 406 1092 430 an
1116 399 1151 431 et
1174 395 1217 430 de

126 441 196 483 his,
229 439 289 484 qui
319 439 398 475 vivo
431 450 471 475 eo
505 440 551 475 ab
578 451 620 476 eo
645 442 801 486 suscepti
827 440 978 475 fuissent
1001 446 1085 485 post
1108 444 1215 476 testa-

126 488 282 521 mentum
310 484 466 528 factum,
498 496 579 520 cum
602 490 768 521 manente
792 486 1017 521 matrimonio
1044 486 1216 522 decessis-

126 532 220 566 set¹:
252 541 373 565 verum
397 541 550 575 aequum
575 535 630 566 est
652 531 842 576 proficere,
877 532 950 567 sive
979 532 1056 567 vivo
1089 532 1215 572 marito

126 577 197 612 sive
221 578 303 620 post
326 579 474 610 mortem
500 580 669 611 nascatur
680 578 705 612 ².

171 619 249 658 62³
280 620 506 656 TERENTJUS
529 622 709 657 CLEMENS
735 622 826 657 libro
858 625 990 667 quarto
1025 622 1075 657 ad
1105 622 1216 668 leqem

124 666 256 703 Iuliam
281 669 315 701 et
338 666 494 712 Papiam
550 667 620 703 Sed
652 667 683 702 si
714 668 783 703 hoc
816 667 1017 711 specialiter
1042 667 1218 711 expressit

125 715 293 755 testator,
327 712 465 747 etiamsi
498 723 542 747 ex
573 713 643 748 alio
674 716 757 758 post
785 717 936 748 mortem
960 723 1061 747 suam
1086 714 1217 747 liberos

126 757 381 803 procreaverit,
414 758 523 792 nihilo
557 758 672 793 minus
705 769 783 792 eam
815 759 862 793 ad
885 759 1040 802 legatum
1066 758 1216 793 admitti.

130 807 142 838 1
193 802 342 838 Cuidam
371 814 444 838 non
476 803 627 838 solidum
652 804 806 848 capienti
830 805 982 848 amplius
1007 804 1106 848 1οςοᾼ
1132 814 1218 839 con-

126 858 248 884 cessae
279 848 452 893 portionis
485 849 634 884 relicta⁵
669 852 741 891 est,
774 849 805 884 si
838 849 960 884 heredi
992 848 1126 893 aliquid
1157 849 1218 883 de-

126 894 253 928 disset:
280 894 478 937 quaeritur,
504 904 551 928 an
573 894 627 936 id,
653 894 749 939 quod
774 895 993 930 condicionis
1018 894 1219 939 implendae

126 949 236 974 causa
261 938 418 982 dederat,
445 939 614 984 consequi
639 950 682 974 ex
706 950 818 975 causa
841 940 947 984 legati
968 941 1083 985 possit
1102 939 1219 985 (quasi

125 996 197 1019 non
221 984 341 1029 capiat
364 984 400 1019 id
424 985 520 1028 quod
545 989 664 1029 eroget
674 986 702 1028 6)
728 996 774 1020 011
798 995 880 1020 vero
906 986 942 1020 id
967 989 1068 1020 extra
1087 985 1134 1020 sit
1152 995 1218 1020 nec

125 1030 204 1064 ideo
229 1030 341 1074 magis
367 1041 410 1064 ex
435 1030 538 1065 bonis
562 1031 743 1065 testatoris
769 1031 922 1075 amplius
949 1031 1084 1075 capiat,
1111 1041 1218 1075 quam

126 1080 296 1120 capturus
322 1079 426 1117 esset,
458 1075 487 1110 si
512 1075 588 1111 sine
614 1075 824 1111 condicione
847 1077 1004 1121 legatum
1030 1079 1134 1112 esset.
1184 1079 1219 1111 et

124 1121 282 1156 Iulianus
314 1121 510 1155 rectissime
542 1121 667 1156 scribit
697 1125 798 1156 tanto
832 1122 984 1166 amplius
1021 1132 1100 1156 eum
1134 1132 1217 1166 cap-

125 1171 264 1208 turum,
303 1170 474 1210 quantum
508 1166 727 1202 condicionis
758 1167 959 1212 implendae
992 1177 1103 1202 causa
1135 1167 1219 1202 dare

126 1222 205 1246 eum
230 1215 387 1256 oportet,
414 1222 479 1246 nec
503 1212 691 1255 interesse,
721 1212 844 1248 heredi
868 1224 915 1248 an
939 1216 1107 1248 extraneo
1134 1212 1220 1247 dare

126 1258 242 1292 iussus
268 1257 329 1299 sit,
361 1257 444 1301 quia
468 1258 735 1302 computatione
758 1257 882 1301 facta‚-
904 1269 995 1302 quae
1020 1268 1159 1302 semper
1182 1258 1219 1292 in

125 1313 280 1347 persona
305 1303 380 1337 eius
404 1302 706 1346 introduceretur,
736 1314 809 1338 non
833 1305 985 1349 amplius
1009 1304 1108 1348 lege⁷
1133 1314 1218 1338 0011-

126 1353 144 1382 2
194 1358 315 1383 cessae
333 1348 506 1392 portionis
525 1348 571 1382 ad
591 1359 669 1383 eum
689 1349 904 1384 subsideret.
942 1350 1029 1383 Cum
1047 1349 1099 1384 vir
1116 1349 1220 1383 uxori

126 1394 168 1429 ‘si
199 1404 219 1427 a
251 1394 371 1428 liberis
401 1404 445 1427 ne
476 1394 647 1429 nubserit’
680 1394 718 1428 in
748 1405 863 1430 annos
895 1395 1054 1439 singulos
1086 1394 1220 1439 aliquid

124 1438 264 1483 legavit,
291 1438 375 1483 quid
398 1439 484 1474 iuris
510 1439 581 1473 sit?
619 1439 779 1475 Iulianus
802 1441 989 1485 respondit
1012 1450 1119 1484 posse
1143 1451 1219 1475 mu-

126 1485 243 1519 lierem
268 1484 402 1519 nubere
427 1487 462 1518 et
485 1484 639 1528 legatum
664 1495 804 1529 capere.
854 1486 949 1530 quod
976 1485 1007 1520 si
1031 1485 1082 1520 ita
1106 1486 1219 1530 scrip-

127 1535 199 1564 tum
233 1533 327 1565 esset
368 1530 409 1565 ‘si
446 1540 468 1564 a
507 1530 625 1565 liberis
665 1530 909 1575 impuberibus
949 1541 994 1567 ne
1034 1531 1218 1575 nupserit',

124 1576 237 1620 legem
261 1575 380 1610 locum
404 1586 477 1610 non
500 1575 644 1618 habere,
671 1576 754 1621 quia
778 1577 890 1621 magis
915 1586 1003 1612 cura
1026 1576 1219 1612 liberorum

125 1631 231 1666 quam
254 1620 406 1656 viduitas
430 1620 683 1665 iniungeretur.

171 1664 223 1703 63
252 1666 376 1701 GAIUS
397 1667 487 1701 libro
514 1667 617 1701 tart-io
641 1667 692 1701 ad
714 1666 827 1712 lessam
846 1666 979 1702 Iuliam
1003 1670 1039 1702 et
1061 1666 1218 1713 Papiam

131 1712 214 1748 Dum
238 1711 289 1745 ita
313 1712 469 1756 legatum
493 1711 540 1746 sit
564 1713 606 1746 ‘si
619 1712 715 1748 Titio
739 1723 813 1747 non
837 1713 1009 1747 nubserit'
1024 1713 1078 1748 vel
1101 1713 1153 1747 ita
1177 1713 1219 1748 ‘si

129 1762 253 1802 ‘neque
277 1757 371 1791 Titio
402 1767 518 1801 neque
550 1757 630 1792 Seio
661 1768 777 1802 neque
800 1758 942 1793 Maevio
978 1759 1151 1793 nubserit’
1185 1763 1219 1793 et

125 1803 276 1847 denique
292 1802 322 1837 si
333 1803 454 1847 plures
467 1813 642 1847 personae
655 1804 935 1848 comprehensae
947 1803 1092 1847 fuerint,
1106 1804 1218 1849 magis

125 1848 271 1893 placuit,
297 1848 441 1883 cuilibet
455 1859 576 1882 eorum
589 1848 619 1882 si
632 1849 802 1890 nubserit,
816 1849 1028 1884 amissuram
1050 1850 1218 1894 legatum,

125 1905 191 1929 nec
216 1893 327 1928 videri
350 1893 413 1927 tali
439 1894 648 1928 condicione
672 1894 880 1929 viduitatem
902 1895 1111 1936 iniunctam,
1138 1906 1219 1929 cum

129 1944 141 1973 1
193 1939 254 1974 alii
279 1938 424 1974 cuilibet
449 1939 537 1974 satis
563 1940 747 1974 commode
770 1941 885 1984 possit
908 1941 1054 1976 nubere.
1088 1941 1217 1975 Videa-

124 1996 202 2020 mus
228 1987 264 2019 et
287 1984 317 2019 si
340 1984 392 2019 ita
415 1984 571 2025 legatum
595 1985 641 2020 sit
666 1985 708 2020 ‘si
731 1985 826 2020 Titio
850 1986 1037 2021 nubserit'.
1081 1989 1116 2021 et
1140 1986 1217 2031 qui-

126 2031 205 2065 dem
229 2029 259 2065 si
282 2030 432 2065 honeste
445 2030 539 2065 Titio
564 2031 679 2075 possit
703 2031 849 2073 nubere,
876 2031 1023 2066 dubium
1048 2042 1119 2066 non
1139 2032 1217 2074 erit,

125 2076 227 2121 quin,
262 2075 328 2110 nisi
362 2075 522 2120 paruerit
547 2075 766 2117 condicioni,
800 2077 1012 2111 excludatur
1036 2087 1058 2111 a
1082 2077 1215 2121 legato:

125 2122 154 2157 si
179 2132 261 2156 vero
285 2120 450 2165 indignus
483 2121 528 2156 sit
550 2121 685 2165 nuptiis
719 2121 794 2156 eius
826 2122 894 2157 iste
927 2122 1064 2164 Titius,
1098 2123 1216 2157 dicen-

126 2167 208 2201 dum
232 2170 286 2201 est
317 2177 423 2211 posse
456 2177 533 2201 eam
566 2166 739 2202 beneficio
775 2167 860 2211 legis
898 2168 1042 2202 cuilibet
1071 2169 1217 2203 nubere.

127 2222 218 2257 quae
243 2211 336 2246 enim
361 2211 455 2246 Titio
480 2212 615 2247 nubere
638 2212 791 2252 iubetur,
819 2213 945 2248 ceteris
963 2213 1127 2248 omnibus
1151 2225 1218 2248 nu-

125 2259 210 2292 bere
233 2257 463 2302 prohibetur:
496 2257 616 2302 itaque
649 2258 679 2292 si
712 2258 828 2293 Titius
859 2258 1026 2303 indignus
1051 2259 1114 2302 sit,
1147 2259 1219 2294 tale

125 2307 188 2344 est,
214 2303 318 2347 quale
343 2302 372 2337 si
395 2303 605 2346 generaliter
636 2303 804 2347 scriptum
833 2307 927 2339 esset
962 2304 1005 2338 ‘si
1029 2315 1101 2339 non
1125 2305 1215 2339 nub-

126 2348 246 2383 ‘serit'.
270 2348 376 2382 immo
401 2347 431 2382 si
454 2358 576 2382 verum
599 2359 771 2390 amamus,
797 2349 919 2384 durior
942 2349 1032 2384 haee
1052 2350 1214 2385 condicio

126 2398 180 2429 est
205 2403 310 2438 quam
333 2393 394 2427 illa
419 2393 460 2428 ‘si
484 2404 556 2428 non
586 2394 779 2429 nubserit':
817 2405 899 2429 nam
924 2398 960 2429 et
985 2395 1112 2430 ceteris
1140 2406 1213 2430 om-

125 2439 229 2474 nibus
254 2439 388 2473 nubere
411 2439 624 2483 prohibetur
647 2443 683 2475 et
696 2439 802 2482 Titio,
829 2440 886 2475 eui
910 2440 1098 2476 inhoneste
1122 2452 1214 2486 nup-

126 2488 211 2519 tura
235 2484 281 2519 sit
295 2484 320 2526 ⁸,
345 2485 478 2519 nubere
501 2484 655 2520 iubetur.

171 2527 224 2567 64
263 2529 487 2565 TERENTws
522 2529 701 2565 CLEMENS
728 2530 818 2566 libro
855 2531 982 2575 quinto
1019 2531 1069 2566 ad
1104 2531 1217 2578 leqem

125 2574 258 2610 Iuliam
284 2577 319 2609 et
341 2574 496 2621 Papiam
542 2574 621 2609 Hoc
646 2575 750 2610 modo
775 2576 892 2620 legato
918 2576 1001 2611 dato
1036 2577 1078 2611 ‘si
1101 2577 1215 2613 Lucio

127 2620 233 2655 ‘Titio
266 2630 338 2655 non
373 2620 545 2654 nubserit'
582 2631 654 2655 non
687 2631 765 2656 esse
799 2621 868 2666 legi
903 2622 1022 2657 locum
1055 2622 1216 2658 Iulianus

130 2669 143 2700 1
194 2665 324 2700 aiebat.
361 2664 463 2709 Quod
488 2665 519 2700 si
542 2665 593 2699 ita
618 2666 789 2709 scriptum
814 2670 908 2701 esset
932 2667 973 2702 ‘si
985 2667 1129 2704 Ariciae
1143 2679 1217 2703 non

126 2711 320 2753 ‘nubserit',
352 2710 540 2752 interesse,
574 2720 622 2745 an
644 2710 747 2746 fraus
771 2711 840 2755 legi
862 2711 962 2747 facta
987 2716 1098 2747 esset:
1134 2725 1217 2748 nam

127 2756 156 2791 si
179 2766 223 2791 ea
248 2759 352 2797 esset,
387 2766 478 2800 quae
503 2756 612 2791 aliubi
634 2756 779 2801 nuptias
805 2767 877 2792 non
901 2757 1006 2792 facile
1029 2759 1145 2802 possit
1161 2759 1215 2793 in-

126 2802 254 2843 venire,
280 2801 586 2846 interpretandum
608 2801 688 2846 ipso
711 2801 788 2836 iure
806 2802 971 2844 rescindi,
998 2803 1094 2847 quod
1118 2803 1215 2839 frau-

127 2846 265 2881 dandae
294 2846 380 2891 legis
412 2847 527 2890 gratia
565 2850 658 2882 esset
691 2847 933 2892 adscriptum:
969 2848 1083 2892 legem
1124 2849 1216 2884 enim

129 2891 250 2927 utilem
284 2892 336 2926 rei
369 2892 553 2936 publicae,
596 2892 756 2928 subolis⁹
792 2893 930 2928 scilicet
970 2894 1216 2938 procreandae

130 2947 237 2972 causa
266 2937 393 2979 latam,
426 2937 662 2972 adiuvandam
680 2938 986 2983 interpretatione.

173 2980 224 3019 65
250 2982 410 3017 PAULUS
441 2983 532 3018 libro
555 2984 783 3028 sexaqesimo
807 2984 965 3019 secundo
990 2983 1041 3019 ad
1062 2983 1215 3020 edictum

131 3027 262 3072 Legato
286 3027 354 3062 sub
380 3027 589 3063 condicione
617 3028 741 3064 relicto
772 3029 802 3064 si
832 3029 954 3072 heres,
991 3039 1014 3064 a
1046 3039 1115 3074 quo
1147 3030 1213 3065 sub

130 3072 335 3108 condicione
349 3073 505 3116 legatum
521 3076 585 3116 est,
606 3073 784 3118 pendente
802 3074 1012 3110 condicione
1028 3074 1214 3118 moriatur,

127 3117 292 3152 heredem
315 3128 419 3153 suum
443 3118 638 3163 obligatum
661 3119 839 3164 relinquit.

174 3159 227 3199 66
251 3162 505 3198 ΜουΕοΤΙΝσο
534 3164 623 3199 libro
650 3164 785 3199 decimo
809 3175 869 3199 res
897 3176 1067 3201 ausorum
1101 3165 1215 3201 Heres

129 3207 394 3250 statuliberum,
427 3208 487 3243 cui
516 3209 553 3243 111
589 3212 751 3244 eventum
783 3220 851 3246 con
877 3211 1001 3246 icionis
1033 3211 1214 3246 fideicom-

130 3252 274 3287 missum
296 3253 483 3289 restituere
505 3257 650 3299 rogatus
684 3258 781 3297 erat,
811 3257 1033 3291 manumisit:
1069 3267 1215 3301 quaero,

130 3307 176 3331 an
210 3296 517 3334 fideicommissum
553 3299 585 3334 ei
614 3303 798 3345 praestare
829 3300 967 3336 debeat.
1014 3301 1216 3337 Herennius

131 3341 355 3394 Modestinus
378 3343 573 3388 respondit,
600 3355 815 3390 quamquam
839 3347 1089 3382 statuliberum
1113 3348 1216 3382 heres

130 3390 383 3429 manumsent,
406 3391 526 3424 tamen
544 3388 868 3433 fideicommissum,
891 3392 987 3436 quod
1005 3393 1071 3427 sub
1092 3392 1216 3427 iisdem

131 3432 399 3483 condicionibus
418 3434 581 3484 relictum
602 3435 633 3469 ei
653 3436 768 3478 debet,
788 3437 840 3471 ita
859 3441 1043 3481 praestare
1065 3438 1214 3482 cogitur,

130 3477 160 3513 si
178 3476 404 3512 condiciones
426 3478 589 3523 impletas
607 3489 685 3516 esse
707 3482 907 3527 praestabit
920 3483 947 3503 ¹⁰
970 3486 1034 3517 aut
1055 3493 1120 3528 per
1136 3493 1216 3518 eum

130 3522 239 3564 stetit,
264 3532 334 3567 quo
358 3522 474 3558 minus
497 3523 723 3569 impleantur.

131 3637 171 3678 (1)
195 3637 333 3669 testator
353 3636 412 3678 qui
431 3636 508 3670 vivo
526 3648 564 3671 eo
583 3638 625 3672 ab
644 3650 683 3673 eo
702 3641 846 3683 suscepti
863 3640 1004 3674 fuissent
1021 3643 1097 3683 post
1116 3643 1216 3674 testa-

131 3683 280 3715 mentum
291 3682 417 3715 factum
428 3692 472 3715 an
485 3684 518 3716 et
530 3682 569 3716 de
580 3684 643 3726 his,
659 3685 718 3726 qui
728 3688 803 3728 post
813 3687 954 3719 mortem
967 3686 1037 3720 eius
1048 3686 1121 3718 nati
1133 3686 1215 3718 fuis-

130 3728 216 3769 sent,
228 3737 304 3760 cum
314 3729 469 3761 manente
480 3729 692 3762 matrimonio
706 3730 892 3764 decessisset
904 3744 967 3766 scr.
1074 3734 1115 3773 (2)
1141 3742 1216 3763 nas-

132 3773 251 3805 cantur
264 3773 336 3806 edd„
463 3775 507 3815 (3)
533 3775 579 3808 ad
591 3778 607 3813 ἓ
623 3782 640 3808 2
653 3776 694 3811 cll
708 3776 754 3810 D.
767 3778 823 3815 40.
836 3784 866 3815 9.
878 3783 911 3811 31
1042 3779 1082 3818 (4)
1107 3776 1176 3818 legi
1187 3777 1222 3810 F

1205 132 1289 179 503

2155 133 2324 175 XXXV
2362 138 2376 174 1

1333 255 1385 295 67
1411 257 1458 293 IA
1467 266 1639 293 VOLENUS
1664 258 1756 294 libro
1787 259 1975 294 undecimo
2007 257 2245 305 epistularum
2293 256 2382 292 Cum

1287 304 1355 339 sub
1379 304 1449 339 hac
1482 303 1692 339 condicione
1727 303 1860 339 fundus
1898 304 2006 339 alicui
2041 304 2180 348 legatus
2213 305 2309 338 esset
2340 303 2382 338 ‘si

1288 353 1439 384 ‘servum
1453 360 1526 384 non
1538 349 1793 383 manumiserit'
1820 354 1864 391 et,
1890 350 1919 384 si
1945 349 2199 391 manumiserit,
2224 348 2258 383 le
2283 351 2380 384 atum

1288 394 1388 429 fundi
1412 394 1458 429 ad
1475 394 1658 429 Maevium
1682 394 1895 428 translatum
1912 398 2014 436 esset,
2039 394 2231 439 legatarius
2274 404 2292 429 e
2309 405 2380 429 non

1286 439 1471 475 liberando
1496 439 1684 475 satisdedit
1708 442 1743 474 et
1766 440 1920 483 legatum
1955 450 2040 474 accc
2068 441 2095 474 it
2128 443 2163 475 et
2190 443 2317 485 postea
2340 440 2381 474 li-

1288 485 1441 520 beravit:
1467 495 1613 530 quaero,
1638 495 1685 519 an
1710 485 1844 530 aliquid
1867 484 2007 519 Maevio
2058 489 2148 520 etur.
2183 485 2380 530 respondit,

1287 531 1317 565 si
1342 530 1399 565 eui
1423 530 1474 565 ita
1498 531 1653 575 legatum
1679 530 1746 565 erit
1779 531 1820 565 ‘si
1844 541 1983 565 servum
2017 541 2089 565 non
2114 531 2380 572 manumiserit’,

1287 575 1519 611 satisdatione
1550 576 1763 620 interposita
1794 575 1958 620 accipere
1982 576 2027 610 ab
2062 576 2194 611 herede
2226 577 2381 620 legatum

1286 621 1419 666 poterit
1442 625 1494 663 et,
1520 622 1550 656 si
1574 626 1702 665 postea
1727 631 1867 656 servum
1899 620 2160 663 manumiserit,
2192 622 2382 657 commissa

1287 666 1518 710 stipulatione
1541 666 1665 701 heredi
1688 667 1744 702 vel
1776 666 1927 701 fundum
1951 667 2005 701 vel
2030 667 2155 710 quanti
2180 677 2222 701 ea
2246 678 2303 702 res
2329 671 2382 701 est

1287 712 1453 746 restituet
1477 722 1590 756 eoque
1615 722 1703 747 casu
1727 712 1830 747 heres
1864 711 1915 753 ei,
1953 712 2011 746 cui
2036 722 2079 746 ex
2110 713 2272 757 sequenti
2296 723 2380 748 con-

1288 757 1430 792 dicione
1454 757 1609 801 legatum
1634 757 1807 799 debuerit,
1832 757 2009 792 restituet.

1335 799 1387 839 68
1420 801 1467 837 ΙΑ
1476 803 1685 837 70110Νο011
1719 803 1810 838 libro
1834 802 1991 838 secundo
2022 813 2072 837 em
2099 802 2217 838 Cassio
2265 803 2302 838 Si
2332 804 2382 838 ita

1287 847 1443 892 legatum
1468 851 1563 883 esset
1588 851 1682 883 ‘cum
1707 848 1892 889 nubserit‘,
1930 848 1960 882 si
1983 851 2098 892 nupta
2122 847 2230 882 fuerit
2255 852 2290 883 et
2313 849 2382 884 hoc

1287 897 1439 928 testator
1463 894 1601 935 scisset,
1627 894 1778 928 alterum
1791 893 2055 929 mati-lmonium
2080 893 2147 927 erit
2171 898 2381 938 exspectan-

1289 939 1371 973 dum
1395 939 1554 983 nihilque
1577 939 1749 980 intererit,
1786 942 1907 974 utrum
1931 939 2008 974 vivo
2033 942 2206 974 testatore
2229 949 2276 974 an
2300 941 2383 984 post

1288 988 1438 1018 mortem
1463 994 1505 1019 ea
1528 984 1658 1019 iterum
1682 985 1857 1019 nubserit.

1334 1027 1386 1066 69
1416 1029 1539 1065 GAJUS
1559 1030 1650 1065 libro
1677 1030 1781 1064 terlio
1807 1030 1943 1065 decimo
1977 1029 2026 1064 ad
2053 1029 2166 1075 lassam
2191 1029 2325 1065 Iuliam
2349 1036 2381 1065 et

1288 1074 1443 1121 Papiam
1477 1075 1514 1110 Si
1537 1075 1588 1110 ita
1613 1085 1818 1120 expressum
1843 1075 1927 1110 erit:
1954 1075 2072 1117 ιΤ1110,
2098 1075 2129 1110 01
2151 1075 2311 1118 voluerit,
2337 1075 2382 1111 do

1289 1121 1400 1164 ‘lego',
1437 1120 1533 1165 apud
1555 1121 1763 1156 Labeonem
1787 1121 1962 1156 Proculus
1987 1123 2091 1156 notat
2114 1131 2186 1156 non
2211 1121 2315 1155 aliter
2338 1121 2383 1155 ad

1288 1165 1456 1200 heredem
1484 1166 1648 1210 legatarii
1671 1166 1869 1211 pertinere,
1895 1177 2002 1211 quam
2027 1166 2057 1200 si
2088 1166 2166 1211 ipse
2189 1166 2384 1210 legatarius

1289 1212 1439 1246 voluerit
1463 1212 1510 1246 ad
1533 1222 1572 1247 se
1595 1212 1792 1257 pertinere,
1825 1212 1910 1257 quia
1935 1211 2097 1247 condicio
2132 1222 2307 1256 personae
2330 1212 2383 1247 in-

1288 1258 1411 1291 iuncta
1436 1257 1585 1292 videtur.

1337 1301 1388 1339 70
1422 1302 1671 1337 PAPJNJANUS
1699 1301 1790 1337 libro
1825 1305 1930 1338 sexto
1964 1302 2101 1338 decimo
2132 1303 2382 1347 quaestionum

1289 1348 1389 1383 Duos
1414 1352 1529 1383 mater
1552 1348 1644 1383 filios
1679 1348 1746 1382 sub
1772 1348 1980 1383 condicione
2013 1348 2306 1392 emancipationis
2341 1359 2384 1384 ex

1288 1394 1450 1438 partibus
1475 1393 1625 1429 heredes
1649 1393 1804 1427 instituit
1816 1394 1937 1438 eisque
1961 1393 2117 1438 plurium
2141 1404 2259 1429 rerum
2279 1405 2383 1439 prae-

1290 1439 1471 1474 ceitiones
1495 1449 1586 1484 pure
1611 1438 1726 1473 dedit:
1752 1439 1987 1474 hereditatem
2021 1439 2199 1474 adierunt.
2247 1444 2384 1484 patrem

1289 1495 1311 1518 a
1331 1451 1533 1528 legatorum
1559 1483 1743 1519 commodo
1776 1485 1839 1519 illa
1871 1495 2012 1529 quoque
2043 1485 2135 1520 ratio
2159 1485 2266 1520 debet
2288 1496 2383 1520 sum-

1290 1541 1443 1572 movere,
1469 1529 1565 1574 quod
1589 1530 1847 1574 emancipando
1872 1530 1965 1565 filios
1991 1531 2183 1566 obsecutus
2209 1531 2382 1566 voluntati

1290 1586 1496 1619 supremum
1519 1575 1690 1610 iudicium
1714 1576 1836 1611 uxoris
1861 1586 1948 1610 suae
1974 1576 2147 1611 custodiri
2170 1576 2292 1611 voluit.

1337 1619 1384 1658 71
1414 1621 1520 1655 IDEM
1542 1622 1632 1656 libro
1657 1622 1808 1665 septimo
1833 1621 1970 1656 decimo
1996 1622 2247 1666 quaestionum
2289 1622 2384 1657 Titio

1290 1670 1431 1702 centum
1456 1667 1524 1708 ita,
1550 1669 1591 1701 ut
1615 1665 1764 1701 fundum
1790 1669 1902 1708 emat,
1935 1666 2053 1711 legata
2077 1670 2177 1701 sunt:
2209 1678 2282 1703 non
2306 1678 2383 1703 esse

1289 1712 1487 1757 cogendum
1512 1712 1646 1747 Titium
1677 1722 1803 1747 cavere
1828 1712 1958 1746 Sextus
1983 1711 2159 1747 Caecilius
2192 1713 2382 1755 existimat,

1289 1758 1454 1803 quoniam
1479 1757 1526 1792 ad
1549 1758 1667 1802 ipsum
1692 1757 1878 1792 dumtaxat
1898 1757 2173 1792 emolumentum
2196 1758 2305 1802 legati
2327 1769 2382 1793 re-

1292 1803 1394 1838 diret.
1428 1803 1491 1838 sed
1515 1803 1546 1838 si
1568 1803 1642 1838 filio
1672 1802 1777 1838 fratri
1789 1803 1934 1838 alumno
1959 1803 2075 1837 minus
2100 1803 2275 1839 industrio
2299 1815 2381 1849 pro-

1289 1852 1451 1893 spectum
1476 1859 1554 1883 esse
1578 1848 1706 1892 voluit,
1731 1849 1904 1884 interesse
1928 1848 2069 1884 heredis
2090 1849 2305 1884 credendum
2330 1853 2384 1884 est

1288 1898 1397 1940 atque
1420 1894 1500 1929 ideo
1526 1893 1728 1929 cautionem
1763 1893 2077 1938 interponendam,
2114 1897 2155 1928 ut
2187 1897 2223 1929 et
2251 1894 2383 1930 fundus

1293 1944 1304 1973 1
1357 1942 1585 1984 comparetur
1599 1949 1642 1974 ac
1658 1942 1785 1983 postea
1799 1950 1872 1974 non
1886 1940 2115 1974 alienaretur.
2132 1939 2227 1975 Titio
2242 1944 2384 1975 centum

1287 1985 1412 2020 relicta
1436 1988 1522 2019 sunt
1543 1985 1613 2027 ita,
1645 1988 1686 2019 ut
1708 1984 1887 2019 Maeviam
1911 1995 2059 2020 uxorem
2084 1995 2176 2029 quae
2199 1985 2306 2020 vidua
2331 1989 2385 2021 est

1288 2030 1413 2065 ducat:
1440 2030 1602 2066 condicio
1628 2041 1701 2065 non
1724 2030 1929 2065 remittetur.
1942 2033 1977 2065 et
1999 2029 2079 2065 ideo
2103 2041 2169 2065 nec
2183 2031 2302 2066 cautio
2327 2042 2381 2066 re-

1288 2076 1461 2111 mittenda
1486 2079 1550 2111 est.
1598 2076 1681 2111 huic
1706 2075 1904 2110 sententiae
1929 2086 2002 2111 non
2031 2075 2251 2120 refragatur,
2277 2077 2381 2121 quod,

1288 2122 1318 2156 si
1343 2122 1422 2166 quis
1447 2121 1636 2166 pecuniam
1659 2121 1856 2166 promittat,
1883 2121 1914 2156 si
1937 2121 2116 2156 Maeviam
2140 2132 2288 2157 uxorem
2311 2133 2383 2158 non

1289 2167 1408 2209 ducat,
1434 2171 1580 2212 praetor
1604 2167 1782 2202 actionem
1807 2167 1976 2211 denegat:
2003 2166 2100 2202 aliud
2124 2170 2179 2201 est
2203 2167 2296 2202 enim
2321 2168 2382 2202 eli-

1286 2212 1392 2256 gendi
1433 2212 1649 2247 matrimonii
1687 2222 1825 2257 poenae
1863 2217 1962 2247 metu
1996 2213 2199 2247 libertatem
2237 2212 2380 2256 auferri,

1288 2262 1307 2292 2
1356 2258 1453 2293 aliud
1478 2257 1524 2292 ad
1547 2258 1842 2292 1001011101111111112
1866 2261 1966 2292 certa
1989 2258 2067 2302 lege
2090 2258 2244 2292 invitari.
2287 2258 2382 2294 Titio

1289 2307 1431 2338 centum
1454 2303 1581 2338 relicta
1606 2306 1690 2338 sunt
1720 2303 1788 2345 ita,
1824 2306 1864 2337 ut
1895 2313 1918 2338 a
1947 2306 2175 2338 monumento
2206 2314 2285 2338 meo
2309 2314 2382 2339 non

1287 2349 1433 2384 recedat
1464 2349 1519 2383 vel
1554 2348 1607 2383 uti
1642 2349 1680 2383 in
1714 2349 1776 2383 illa
1810 2348 1953 2383 civitate
1989 2348 2206 2383 domicilium
2238 2348 2380 2383 habeat.

1287 2398 1406 2439 potest
1429 2394 1499 2429 (1101
1522 2405 1596 2429 11011
1620 2404 1698 2429 0000
1729 2394 1848 2429 10011111
1880 2394 2055 2436 cautioni,
2090 2404 2156 2438 per
2191 2404 2299 2439 quam
2325 2394 2381 2429 ius

1286 2440 1462 2475 libertatis
1486 2439 1701 2483 infringitur.
1727 2439 1791 2474 sed
1813 2439 1851 2473 in
1869 2439 2026 2474 defuncti
2049 2439 2185 2474 libertis
2209 2439 2280 2475 alio
2303 2439 2382 2475 iure

1288 2489 1307 2519 3
1356 2486 1501 2520 utimur.
1528 2485 1634 2520 ‘Titio
1658 2495 1788 2529 genero
1814 2495 1892 2520 meo
1915 2485 2021 2519 heres
2045 2494 2145 2519 meus
2170 2484 2262 2520 dotis
2277 2485 2380 2520 Seiae

1289 2530 1396 2565 ‘filiae
1431 2540 1531 2565 meae
1573 2531 1716 2565 nomine
1752 2534 1894 2565 centum
1930 2529 2039 2564 dato'.
2096 2529 2204 2573 legati
2238 2530 2380 2574 quidem

1288 2576 1564 2611 emolumentum
1589 2575 1635 2610 ad
1659 2575 1795 2617 Seiam,
1829 2585 1921 2619 quae
1946 2575 2065 2610 dotem
2088 2575 2221 2610 habere
2244 2575 2379 2628 incipit,

1286 2622 1498 2667 pertinebit,
1536 2621 1598 2656 sed
1622 2621 1705 2665 quia
1729 2631 1803 2656 non
1834 2623 1973 2654 tantum
2006 2620 2160 2664 mulieri,
2197 2620 2260 2656 sed
2284 2621 2379 2657 Titio

1287 2677 1448 2712 quoque,
1485 2667 1544 2701 cui
1578 2666 1768 2711 pecuniam
1808 2665 1953 2710 legavit,
1990 2665 2194 2701 consultum
2228 2666 2379 2709 videtur,

1286 2722 1399 2758 prope
1423 2715 1497 2754 est,
1534 2715 1574 2746 ut
1596 2712 1673 2757 ipse
1697 2711 1891 2756 legatarius
1915 2710 2142 2755 intellegatur
2165 2714 2201 2746 et
2223 2710 2379 2756 legatum

1313 2762 1407 2793 etere
1432 2757 1570 2792 debeat.
1620 2757 1651 2792 si
1681 2760 1765 2801 post
1797 2756 1987 2791 divortium
2021 2766 2153 2800 genero
2188 2757 2378 2801 pecuniam

1286 2770 1390 2838 fieres
1415 2803 1574 2845 solverit,
1607 2812 1720 2846 aeque
1744 2801 1974 2844 liberabitur,
2008 2801 2176 2846 quoniam
2199 2802 2237 2837 in
2261 2802 2379 2838 dotem

1286 2848 1416 2884 solutio
1461 2848 1691 2883 convertitur.
1759 2850 1947 2882 constante
1992 2850 2112 2882 autem
2153 2848 2377 2884 matrimonio

1286 2894 1390 2929 etiam
1421 2894 1634 2938 prohibente
1666 2892 1812 2927 muliere
1844 2892 1938 2928 Titio
1970 2895 2068 2927 recte
2100 2893 2273 2928 solvetur:
2309 2894 2379 2928 hoc

1286 2939 1378 2974 enim
1404 2944 1438 2973 et
1470 2938 1626 2973 mulieris
1657 2937 1824 2980 interest,
1861 2940 1903 2972 ut
1945 2937 2094 2982 incipiat
2130 2948 2208 2974 esse
2244 2938 2377 2974 dotata.

1285 2994 1367 3018 nam
1393 2987 1428 3018 et
1452 2983 1481 3017 si
1507 2984 1584 3028 quis
1609 2983 1724 3027 ipsam
1748 2993 1890 3028 quoque
1913 2983 2120 3027 petitionem
2144 2984 2279 3019 habere
2301 2995 2376 3018 res-

1284 3028 1450 3074 ponderit
1474 3039 1588 3072 eaque
1611 3028 1800 3073 pecuniam
1814 3031 1915 3072 petat
1931 3038 2046 3073 neque
2063 3028 2156 3064 dotis
2180 3029 2259 3064 fieri
2283 3029 2374 3071 velit,

1285 3084 1358 3109 non
1382 3074 1487 3109 dubie
1512 3073 1584 3108 doli
1609 3073 1888 3108 summovebitur
1912 3074 2131 3118 exceptione.
2177 3077 2261 3109 ante
2284 3085 2375 3118 nup-

1284 3120 1352 3154 tias
1385 3130 1471 3154 vero
1498 3119 1592 3153 Titio
1622 3119 1676 3154 vel
1707 3118 1855 3154 muliere
1884 3118 2061 3155 defunctis
2096 3119 2250 3164 legatum
2281 3118 2376 3163 apud

1285 3164 1450 3199 heredem
1475 3167 1604 3198 manet.
1653 3164 1749 3208 quod
1780 3164 1812 3199 si
1841 3164 1931 3200 nolit
1960 3174 2038 3200 eam
2062 3174 2210 3199 uxorem
2235 3164 2374 3206 ducere,

1285 3220 1396 3244 eausa
1411 3211 1436 3230 ¹³
1470 3209 1588 3253 legati,
1625 3209 1721 3253 quod
1752 3209 1798 3244 ad
1829 3209 1985 3244 mulieris
2016 3220 2205 3254 personam
2236 3209 2373 3252 attinet,

1285 3255 1509 3290 satisfactum
1528 3254 1762 3298 intellegetur,
1784 3254 1847 3290 sed
1867 3255 1962 3290 Titio
1980 3255 2136 3299 legatum
2157 3254 2291 3298 petenti
2310 3264 2372 3288 no-

1286 3300 1380 3336 cebit
1405 3299 1566 3344 exceptio
1593 3299 1674 3334 doli.
1709 3299 1864 3335 Sabinus
1877 3303 1997 3335 autem
2011 3299 2237 3334 existimabat
2260 3302 2373 3343 nupta

1284 3346 1432 3380 muliere
1457 3345 1553 3380 Titio
1578 3344 1654 3379 sine
1678 3345 1846 3381 cautione
1869 3345 2026 3389 legatum
2050 3344 2181 3386 deberi,
2207 3344 2373 3388 quoniam

1284 3390 1437 3436 pecunia
1472 3389 1564 3424 dotis
1601 3389 1820 3425 efficeretur:
1857 3391 1920 3426 sed
1935 3391 1961 3411 ¹⁴
1991 3401 2071 3424 cum
2103 3392 2187 3423 ante
2217 3388 2372 3433 nuptias,

1285 3436 1368 3481 quia
1391 3446 1521 3479 purum
1544 3435 1701 3479 legatum
1725 3438 1791 3478 est,
1814 3436 1888 3480 peti
1920 3438 2056 3480 potest,
2082 3434 2200 3468 cautio
2226 3433 2374 3468 ‘mulieri

1285 3481 1485 3526 ‘pecuniam
1518 3480 1630 3516 reddi'
1666 3482 1870 3516 necessaria
1907 3481 1984 3515 erit.
2032 3479 2126 3523 quod
2161 3478 2192 3514 si
2226 3478 2374 3513 maritus

1284 3526 1369 3561 vitio
1409 3536 1475 3561 suo
1507 3535 1617 3561 causa
1648 3525 1816 3561 ceciderit
1850 3535 1966 3570 neque
1989 3523 2157 3560 solvendo
2181 3523 2246 3566 sit,
2270 3533 2372 3558 num-

1286 3642 1329 3682 (5)
1355 3638 1511 3672 relictum
1522 3653 1586 3675 scr.
1663 3643 1707 3682 (6)
1734 3640 1869 3682 deroget
1881 3640 1916 3672 F
1982 3639 2026 3679 (τ)
2050 3636 2119 3680 legi
2132 3638 2168 3671 F
2227 3639 2271 3679 (8)
2297 3648 2373 3671 oum

1285 3687 1346 3719 ins.
1361 3685 1396 3717 F
1499 3687 1542 3728 (9)
1567 3685 1678 3720 suboli
1689 3686 1725 3718 F
1824 3686 1882 3726 (10)
1909 3682 2074 3716 constabit
2085 3684 2168 3716 Rob.
2186 3683 2373 3726 Stephanus

1285 3732 1340 3773 (11)
1364 3730 1453 3763 1ᾱο111
1466 3730 1516 3763 F2
1608 3733 1666 3774 (12)
1691 3730 1734 3763 ad
1744 3728 1987 3770 testamentum]
2001 3728 2043 3760 ad
2054 3727 2090 3761 id
2102 3730 2297 3762 testamento
2308 3741 2372 3763 ser.

1285 3778 1342 3817 (13)
1367 3785 1484 3809 causae
1496 3777 1569 3811 edd.
1663 3777 1721 3818 (14)
1746 3777 1824 3808 ante
1835 3774 1970 3817 nuptias
1981 3775 2041 3807 ins.
