2528 3918
159 124 331 169 XXXII

159 249 340 290 machina,
364 256 450 282 vasa
470 247 625 291 vinaria,
654 246 692 283 id
714 251 771 284 est
793 257 931 294 cuppae
953 251 990 282 et
1012 246 1124 289 dolia,
1152 256 1244 292 quse

158 293 197 328 in
227 292 318 328 cella
347 290 465 327 defixa
494 295 596 334 sunt,
634 292 719 328 item
753 292 921 338 granaria
958 292 1076 337 legata
1113 295 1243 327 essent.

158 347 216 374 res
266 336 343 371 ndit
373 346 445 372 nou
475 341 573 372 recte
602 337 696 383 peti,
727 337 823 390 quod
853 337 1007 382 legatum
1035 346 1108 372 non
1137 340 1242 372 esset.

159 386 179 417 5
338 385 415 416 arte
446 380 591 417 dimidia
620 382 765 418 heredi¹
797 382 961 419 instituto
984 392 1050 427 per
1071 390 1243 427 praecep-

159 427 291 462 tionem
312 392 463 461 gundum
486 425 616 471 legavit
639 431 676 463 et
697 428 744 463 ab
767 438 810 463 eo
832 428 884 462 ita
906 427 1013 472 petit:
1046 430 1159 478 {peto,
1191 425 1245 460 uti

159 471 255 507 ‘velis
288 470 498 506 coheredem
527 471 593 507 tibi
615 471 774 518 recipere
796 472 834 507 in
857 471 966 507 fundo
990 471 1127 507 Iuhano
1152 480 1243 513 meo,

159 521 275 562 ‘quein
306 515 459 561 amplius
497 520 534 552 te
563 517 723 563 recipere
753 517 842 553 iussi
851 519 877 559 ²,
916 516 1079 551 Clodium
1109 515 1243 551 Verum

158 564 339 641 {2¹32oess
352 563 1135 652 ffiffl’aigffifflsiufflaflqffisseffl
1157 570 1243 641 {2:5¹}

184 649 284 686 ondit
307 650 440 686 deberi.

157 661 182 696 p
204 692 258 732 94
290 694 446 731 mrim
475 695 567 732 libro
596 696 751 732 secundo
780 695 1135 741 fideicommissorum
1194 694 1242 736 Is,

158 740 218 819 gui
242 739 442 785 complures
465 740 611 777 libertos
635 741 869 785 relinquebat,
892 741 1007 777 tribus
1026 750 1071 776 ex
1087 740 1143 776 his
1161 739 1243 774 fun-

183 795 242 820 um
264 784 444 829 legaverat
466 790 502 821 et
524 786 684 831 petierat,
709 792 751 820 ut
773 790 952 829 curarent,
975 795 1021 821 ne
1041 785 1085 821 de
1102 784 1244 820 nomine

158 840 224 865 suo
248 829 374 865 exiret.
420 831 676 875 quaerebatur,
707 840 753 867 ex
779 831 896 866 tribus
925 829 988 884 qui
1008 830 1144 876 primus
1168 840 1242 864 mo-

158 875 318 910 riebatur
341 879 459 910 utrum
482 875 623 921 utrique
646 874 702 911 vel
724 875 829 911 alteri
850 885 895 911 ex
917 875 994 918 his,
1025 874 1086 921 qui
1116 875 1185 910 sibi
1207 874 1245 909 in

158 920 275 964 legato
300 919 480 955 coniuncti
503 925 641 963 essent,
672 919 763 956 relin
788 930 873 956 uere
895 925 1033 966 partem
1057 930 1159 956 suam
1182 918 1243 954 de-

157 966 277 1007 beret,
309 975 356 999 an
386 965 502 1010 possit
531 965 585 1000 vel
617 964 678 1000 alii
709 976 776 1001 con
792 965 906 1001 ’berto
937 975 1003 1001 suo
1035 975 1114 1001 eam
1136 964 1243 1000 relin-

181 1019 278 1045 ucre.
324 1009 477 1054 placuit,
509 1010 576 1045 etsi
606 1010 799 1047 voluntatis
826 1010 987 1055 quaestio
1010 1015 1124 1053 esset,
1156 1009 1243 1045 satis

196 1065 254 1090 um
286 1053 466 1090 facturum
496 1059 533 1090 et
561 1055 593 1090 si
622 1055 682 1090 alii
712 1055 923 1108 reliquisset.
995 1054 1068 1091 uod
1097 1054 1129 1090 si
1157 1053 1245 1089 nulli

157 1098 333 1142 dedisset,
373 1099 584 1145 occupantis
621 1110 669 1135 an
699 1110 855 1136 ommum
892 1099 988 1136 conh
1013 1103 1170 1136 ertorum
1208 1102 1245 1134 et

156 1154 243 1179 num
272 1154 396 1180 eorum
425 1149 584 1187 tantum,
625 1145 754 1190 quibus
811 1145 920 1181 ariter
950 1145 1107 1190 legatum
1137 1149 1244 1186 esset,

156 1188 281 1234 petitio
303 1187 567 1225 fideicommissi
589 1194 703 1233 esset,
735 1156 980 1225 dugitabatur.
1025 1193 1063 1226 et
1084 1188 1244 1224 Iulianus

157 1239 254 1269 recte
278 1234 441 1270 omnibus
465 1233 595 1270 debere
617 1235 767 1280 putavit.

203 1276 255 1316 95
293 1278 528 1314 ΜΑΕσιΑινσε
562 1280 653 1315 libro
694 1279 852 1315 secundo
887 1279 1244 1325 fideicommissorum

157 1323 336 1368 ‘Quisquis
360 1323 446 1358 mihi
469 1323 572 1360 heres
596 1324 682 1367 erit,
710 1324 858 1360 damnas
882 1328 959 1360 esto
984 1324 1069 1360 dare
1091 1323 1246 1368 fideique

157 1369 245 1404 ‘eius
278 1368 480 1411 committo,
512 1369 566 1403 uti
596 1368 675 1412 det,
707 1374 860 1414 quantas
883 1378 1040 1405 summas
1064 1368 1244 1404 dictavero

157 1413 324 1449 ‘dedero’.
361 1413 484 1449 Aristo
507 1423 565 1449 res
590 1424 730 1459 quoque
755 1414 960 1460 corporales
985 1413 1160 1449 contineri
1182 1413 1244 1455 ait,

157 1463 198 1494 ut
228 1458 376 1504 praedia
402 1458 580 1504 mancipia
602 1462 734 1495 vestem
757 1463 962 1504 argentum,
995 1459 1079 1503 quia
1109 1462 1146 1494 et
1175 1458 1245 1493 hoc

156 1504 303 1539 verbum
327 1503 502 1548 ‘quantas’
526 1514 599 1539 non
622 1503 669 1539 ad
692 1508 912 1539 numeratam
932 1504 1118 1539 dumtaxat
1134 1513 1244 1549 pecu-

155 1548 250 1583 niam
281 1547 408 1583 referri
438 1558 483 1583 ex
514 1548 608 1585 dotis
639 1549 855 1594 relegatione
889 1552 926 1584 et
956 1548 1245 1609 stipulationibus

155 1598 318 1673 gffir
328 1592 731 1683 hgggffiiaggbglegarfft
759 1599 798 1674 {ti
828 1597 884 1674 133
911 1603 1129 1684 argssmeffim
1153 1592 1246 1683 qutgg

155 1682 269 1718 relata
299 1686 419 1718 essent
449 1665 659 1719 ostenditur'.
714 1683 932 1720 voluntatem
964 1687 1152 1737 praeterea
1182 1682 1243 1717 de-

155 1727 291 1769 functi,
330 1736 423 1771 quae
459 1728 611 1764 maxime
646 1728 684 1763 in
714 1727 996 1764 fideicommissis
1028 1727 1179 1770 valeret,
1212 1726 1245 1762 ei

155 1772 352 1808 sententiae
375 1771 582 1818 suffragari:
615 1783 731 1817 neque
761 1774 855 1808 enim
886 1779 971 1820 post
1001 1783 1079 1809 eam
1101 1772 1243 1818 praefa-

154 1817 286 1853 tionem
317 1816 541 1852 adiecturum
571 1822 778 1854 testatorem
810 1818 921 1854 fuisse
943 1829 1002 1854 res
1027 1818 1243 1863 corporales,

155 1862 187 1898 si
209 1862 396 1897 dumtaxat
442 1862 605 1897 ecuniam
629 1867 850 1899 numeratam
867 1863 1045 1909 praestari
1061 1862 1242 1898 voluisset.

201 1904 255 1945 96
282 1906 406 1943 ΟΔιυε
439 1907 517 1943 ibro
541 1908 699 1944 secundo
719 1909 1077 1954 fideicommissorum
1124 1906 1162 1942 Si
1182 1907 1242 1942 Ti-

155 1952 226 1987 tius
258 1962 304 1987 ex
334 1956 438 1997 parte
468 1952 573 1988 lieres
603 1957 750 1998 rogatus
778 1953 826 1989 sit
848 1953 989 1989 Maevio
1011 1952 1243 1988 hereditatem

154 1997 343 2032 restituere
374 2001 410 2032 et
440 2008 566 2033 rursus
599 1997 694 2033 Titio
732 1999 880 2035 coheres
911 1998 988 2034 eius
1019 2001 1167 2042 rogatus
1197 1997 1245 2033 sit

154 2046 294 2087 partem
317 2052 419 2077 suam
442 2046 507 2076 aut
528 2042 641 2087 partis
669 2048 808 2088 partein
837 2044 1044 2086 restituere,
1074 2053 1122 2077 an
1149 2043 1244 2078 hanc

154 2096 296 2139 quoque
318 2091 485 2166 fai-tem,
518 2097 624 2139 quam
654 2097 678 2122 a
707 2087 882 2124 coherede
904 2099 950 2124 ex
970 2087 1243 2123 fideicommisso

154 2136 293 2176 recipit,
350 2136 434 2167 itius
457 2135 645 2168 restituere
668 2133 810 2168 Maevio
834 2132 973 2174 debeat,
1004 2132 1107 2168 divus
1128 2133 1243 2167 Anto-

154 2176 260 2212 ninus
280 2179 465 2213 consultus
483 2178 674 2221 rescripsit
693 2188 766 2213 non
786 2179 919 2215 debere
939 2177 1141 2219 restituere,
1160 2177 1244 2222 quia

155 2219 363 2256 hereditatis
386 2220 626 2265 appellatione
648 2231 764 2267 neque
787 2223 905 2267 legata
928 2232 1044 2267 neque
1061 2221 1242 2258 fideicom-

155 2265 264 2301 missa
287 2264 525 2301 continentur.

201 2307 253 2348 97
287 2309 446 2345 PAULUS
474 2310 566 2346 libro
597 2311 754 2347 secundo
785 2311 1010 2348 decretorum
1072 2311 1242 2347 Hosidius

156 2355 300 2400 quidam
335 2354 501 2390 instituta
533 2354 607 2390 filia
638 2355 828 2391 Valeriana
862 2356 993 2392 herede
1026 2357 1142 2392 actori
1176 2366 1242 2391 suo

155 2400 334 2436 Antiocho
358 2399 443 2435 data
465 2400 631 2436 libertate
653 2400 801 2446 praedia
823 2406 923 2437 certa
946 2406 983 2437 et
1004 2401 1183 2447 peculium
1207 2405 1244 2436 et

155 2446 291 2490 reliqua
312 2442 555 2489 relegaverat³
578 2450 653 2480 tam
675 2455 743 2481 sua
789 2456 873 2481 uam
896 2446 1122 2482 colonorum:
1146 2446 1242 2491 lega-

155 2490 267 2525 tarius
291 2489 496 2534 proferebat
518 2500 627 2526 manu
646 2491 758 2536 patris
793 2491 933 2527 amiliae
950 2490 1164 2536 reliquatum
1181 2491 1243 2526 et⁴

156 2541 229 2570 tam
260 2544 326 2570 suo
358 2545 464 2579 quam
496 2535 704 2571 colonorum
734 2536 892 2572 nomine:
931 2536 1016 2571 item
1050 2536 1088 2571 in
1118 2535 1243 2572 eadem

155 2580 333 2632 scriptura
363 2579 542 2615 adiectum
571 2580 609 2616 in
639 2581 737 2617 hunc
767 2581 931 2617 modum:
965 2581 1061 2617 ‘item
1092 2591 1242 2626 quorum

155 2629 340 2660 ‘rationem
371 2624 520 2660 reddere
552 2625 704 2668 debeat’‚
739 2626 876 2662 scilicet
906 2636 999 2671 quae
1027 2626 1067 2661 iii
1098 2625 1243 2661 condito

156 2670 332 2705 habuerat
361 2674 465 2715 pater
494 2669 648 2706 familias
679 2671 848 2707 frumenti
878 2671 949 2706 vini
979 2674 1017 2707 et
1043 2675 1244 2707 ceterarum

155 2725 292 2750 rerum:
349 2724 418 2750 uae
448 2718 484 2750 et
513 2715 594 2760 ipsa
622 2715 772 2752 libertus
802 2716 949 2768 petebat
972 2721 1008 2751 et
1031 2726 1076 2751 ex
1098 2716 1243 2761 reliquis

155 2769 233 2795 esse
265 2725 425 2795 dicssat:
461 2761 527 2812 ‘et‘
565 2760 662 2806 apud
700 2760 899 2807 praesidem
928 2761 1144 2806 optinuerat.
1199 2771 1244 2796 ex

156 2804 294 2840 diverso
325 2814 406 2839 cum
434 2804 614 2841 diceretur
640 2806 779 2852 reliqua
801 2806 1009 2842 colonorum
1032 2806 1078 2841 ab
1103 2816 1145 2842 eo
1169 2816 1243 2842 non

155 2849 230 2895 peti
251 2859 318 2901 nec
342 2850 498 2901 propria,
523 2849 701 2904 diversam
715 2855 834 2887 autem
850 2861 999 2904 causam
1014 2861 1092 2887 esse
1108 2860 1242 2903 eorum,

155 2903 248 2975 ‘aff
261 2894 1244 2986 iezffrffl‘ffqffisssslaimcffiwssofffflffifffi

157 2983 311 3020 ‘condito
336 2984 494 3019 centiens
517 2994 706 3021 aureorum
730 2996 819 3029 esse,
848 2996 941 3032 quae
962 2986 1001 3022 in
1023 2996 1128 3022 usum
1151 2985 1243 3021 sumi

156 3028 340 3065 ‘solerentz
365 3027 503 3064 diceres
525 3033 651 3072 totum,
675 3031 772 3076 quod
795 3035 890 3067 esset
908 3031 1071 3067 relictum
1088 3031 1126 3066 in
1145 3041 1242 3073 arca,

156 3073 326 3127 ‘debes-f?
363 3077 399 3108 et
421 3073 556 3119 placuit
578 3080 676 3110 recte
698 3075 910 3122 appellasse.
957 3085 981 3111 a
1010 3080 1116 3122 parte
1144 3075 1241 3122 lega-

156 3125 238 3154 tarii
260 3122 466 3198 suggestum
489 3123 544 3154 est
566 3119 740 3163 quaedam
763 3131 787 3156 a
813 3121 949 3157 colonis
979 3125 1065 3167 post
1092 3124 1243 3157 mortem

155 3164 268 3210 patris
318 3163 455 3199 amilius
489 3169 628 3215 exacta.
683 3176 741 3201 res
790 3165 869 3201 ndit
902 3165 990 3208 hoc,
1029 3165 1126 3211 quod
1160 3170 1244 3211 post

156 3213 305 3245 moi-tem
336 3212 501 3244 exactum
523 3207 668 3252 fuisset,
700 3176 919 3246 reddendum
949 3220 1029 3247 esse
1059 3210 1241 3256 legatario.

245 3249 300 3291 98
332 3252 440 3289 Ιυει
468 3253 559 3290 libro
593 3254 776 3300 sinqulm·
807 3255 853 3291 de
885 3255 1012 3302 forma
1042 3255 1245 3291 &statuenti

156 3299 193 3334 Si
215 3298 337 3344 plures
357 3297 491 3343 gradus
514 3298 587 3334 sint
608 3298 779 3335 heredum
803 3304 839 3335 et
862 3300 1035 3345 scriptum
1058 3300 1104 3336 sit
1127 3300 1242 3336 ‘heres

156 3347 267 3379 ‘meus
298 3342 408 3387 dato',
447 3342 495 3379 ad
524 3352 647 3379 omnes
676 3344 807 3387 gradus
836 3345 896 3381 hic
927 3355 1044 3381 sermo
1075 3345 1242 3391 pertinet,

156 3389 262 3424 sicuti
291 3387 380 3424 haec
410 3388 520 3424 verba
549 3388 720 3433 ‘quisquis
751 3389 836 3424 mihi
858 3390 961 3426 heres
985 3390 1074 3426 erit'.
1119 3390 1243 3434 itaque

155 3434 186 3469 si
217 3433 296 3479 quis
324 3433 410 3469 velit
438 3443 512 3470 nou
541 3442 664 3469 omnes
686 3433 835 3470 heredes
857 3434 1055 3479 legatorum
1080 3439 1241 3481 praesta-

157 3550 194 3587 (1)
214 3547 335 3580 herede
350 3547 385 3580 F
489 3549 534 3588 (2)
558 3556 656 3589 quem
670 3546 733 3579 hoc
745 3546 890 3590 amplius
902 3552 936 3579 te
946 3547 1141 3589 praecipere
1156 3548 1239 3580 iussi

157 3594 177 3624 1.
189 3605 269 3636 yem-
374 3593 421 3632 (8)
444 3590 662 3633 relegaverat]
674 3590 846 3633 legaverat
856 3591 887 3624 S
991 3594 1036 3633 (4)
1070 3593 1118 3635 et]
1130 3603 1166 3625 se
1176 3605 1240 3626 ser.

156 3641 199 3672 ‹s›
224 3641 258 3669 et
270 3637 333 3671 del.
345 3635 398 3669 F’
510 3638 557 3677 (e)
581 3636 759 3669 videantur
774 3635 856 3669 Hal.

157 3683 199 3716 (τι
224 3682 285 3714 lios
297 3681 407 3713 alebat
418 3685 452 3713 et
464 3684 673 3714 morarentur
683 3681 798 3725 Knoey

156 3723 290 3771 βάσεις]
308 3736 426 3758 aeneas
444 3723 568 3768 βάσεις
587 3739 648 3760 scr.

1230 117 1316 169 456
1554 93 1572 145 «ἵ
1591 155 1599 158 χ

748 3727 809 3767 (ιο)
833 3726 863 3758 si
877 3726 945 3767 eas]
958 3726 1024 3758 uisi
1039 3737 1155 3759 aeneas
1175 3740 1238 3760 scr.
1271 3744 1276 3769 l
1307 3725 1480 3767 apothecis
1498 3723 1729 3757 instrumentis

1497 34 1565 73 ²&

1642 137 1703 168 DE
1731 137 1920 168 LEGATIS
1949 136 2006 167 ΕΤ
2032 135 2390 168 mecolnnssm

1310 246 1407 282 tione
1420 256 1595 327 (fueram,
1628 246 1692 284 sed
1722 247 1859 292 aliquos
1889 256 1934 282 ex
1955 246 2032 289 his,
2063 246 2268 282 nominatim
2291 245 2387 282 dam-

1311 301 1397 327 nare
1445 300 1464 326 e
1489 295 1535 327 et.

1356 332 1411 373 99
1434 334 1541 371 [1³11
1559 336 1649 373 libro
1671 338 1853 384 sinqulari
1881 337 1926 372 de
1955 337 2183 372 instrumenti
2210 337 2390 383 siquifica·

1311 381 1408 416 tione
1453 379 1570 417 Servis
1588 382 1735 418 urbanis
1753 382 1877 427 legatis
1898 381 2041 426 quidam
2060 382 2200 417 urbana
2214 381 2331 416 manci
2356 381 2367 416 i

1311 436 1384 461 non
1407 425 1506 469 loco,
1537 425 1600 462 sed
1623 436 1730 472 opere
1751 432 1940 473 separant,
1971 432 2029 468 ut,
2062 426 2146 462 licet
2174 426 2211 461 in
2237 392 2390 471 praediis

1310 470 1453 506 rusticis
1484 471 1573 514 sint,
1607 475 1727 507 tamen
1757 472 1788 507 si
1818 482 1909 517 opus
1939 472 2112 507 rusticum
2143 481 2215 506 non
2245 470 2389 512 faciant,

1311 515 1439 550 urbani
1454 515 1618 551 videntur
1626 517 1652 552 ⁸.
1688 516 1875 552 dicendum
1891 522 2010 552 autem
2019 518 2043 537 ⁰·
2065 521 2129 558 est,
2153 515 2248 561 quod
2264 516 2391 551 urbani

1310 559 1534 605 intellegendi
1556 564 1658 603 sunt,
1689 572 1777 607 quos
1807 567 1910 608 pater
1940 562 2092 596 familias
2121 561 2213 596 inter
2235 561 2391 596 urbanos

1311 604 1546 641 adnumerare
1564 605 1689 641 solitus
1709 607 1772 641 sitz
1797 607 1893 652 quod
1911 607 2062 642 maxime
2082 616 2126 642 ex
2144 606 2271 641 libellis
2289 605 2391 640 fami-

1314 653 1330 684 i
1378 650 1467 692 liae,
1496 650 1580 685 item
1603 650 1745 686 cibariis
1769 651 1984 697 deprehendi
2007 651 2149 697 poterit.
2195 650 2392 686 Venatores

1312 698 1348 730 et
1378 704 1536 740 aucupes
1567 699 1686 731 utrum
1716 696 1754 731 in
1783 696 1930 732 urbanis
1961 706 2008 731 an
2037 697 2075 731 in
2105 696 2248 731 rusticis
2279 695 2391 731 conti-

1311 744 1474 820 ammffi‘
1486 740 2103 822 AEsssssstffssbssffisfflaieffiiindffl
2118 744 2186 821 ἓέἓ
2202 740 2394 820 ἒέἑιέἐῗῖ

2000 813 2009 828 ,
2384 812 2391 819 .

1312 831 1332 864 2
1379 829 1556 865 Muliones
1587 829 1631 865 de
1661 830 1799 866 urbano
1832 831 2028 866 ministerio
2060 836 2162 872 sunt,
2193 830 2261 865 nisi
2284 840 2392 875 prop·

1311 877 1367 909 ter
1404 885 1495 920 opus
1533 879 1690 910 rurestre
1720 879 1872 911 testator
1905 886 1965 911 eos
1997 875 2193 911 destinatos
2224 875 2392 910 habebat.

1313 922 1332 954 3
1378 918 1493 963 Eum,
1524 919 1585 964 qui
1613 924 1719 955 natus
1750 924 1805 956 cst
1827 931 1871 956 ex
1895 920 2023 955 ancilla
2046 920 2183 955 urbana
2207 924 2242 955 et
2265 920 2392 955 missus

1311 964 1348 998 in
1371 964 1488 999 villam
1511 964 1737 1007 nutriendus,
1767 965 1908 1000 interim
1931 966 1969 999 in
1992 965 2126 1000 neutris
2150 975 2227 1000 esse
2251 965 2392 1010 quidam

1311 1013 1457 1053 putant:
1498 1009 1696 1050 videamus,
1727 1019 1772 1045 ne
1803 1010 1841 1044 in
1872 1010 2017 1045 urbanis
2049 1019 2128 1045 esse
2157 1009 2391 1055 intellegatur,

1311 1058 1332 1088 4
1379 1053 1475 1106 quod
1504 1055 1614 1107 magis
1641 1054 1776 1106 placet.
1831 1054 1949 1090 Servis
1984 1054 2172 1090 lecticariis
2207 1054 2331 1098 legatis
2363 1055 2393 1089 si

1314 1102 1333 1132 5
1380 1098 1473 1134 idem
1496 1098 1695 1135 lecticarius
1719 1100 1766 1135 sit
1788 1104 1824 1135 et
1847 1109 1974 1142 cocus,
2008 1099 2155 1134 accedet
2182 1099 2309 1144 legato.
2357 1098 2394 1134 Si

1312 1143 1372 1178 alii
1401 1153 1549 1186 vernae,
1581 1144 1641 1179 alii
1671 1154 1837 1180 cursores
1867 1144 1974 1189 legati
2004 1149 2105 1186 sunt,
2137 1144 2167 1179 si
2191 1143 2335 1189 quidam
2360 1149 2395 1178 et

1311 1189 1466 1224 vernae⁸
1489 1193 1525 1224 et
1547 1199 1710 1225 cursores
1734 1189 1822 1231 sint,
1852 1189 2057 1225 cursoribus
2081 1189 2224 1224 cedent:
2257 1198 2396 1234 semper

1313 1233 1406 1268 enim
1435 1234 1571 1279 species
1602 1234 1723 1278 generi
1752 1234 1908 1278 derogat.
1964 1234 1995 1269 si
2032 1234 2069 1268 in
2107 1234 2225 1285 specie
2259 1238 2323 1268 aut
2357 1234 2394 1268 in

1310 1288 1439 1323 genere
1462 1279 1604 1324 utrique
1626 1279 1707 1321 sint,
1757 1279 1939 1324 lerumque
1963 1279 2330 1314 commumcabuntur.

1361 1322 1440 1361 100
1472 1323 1519 1359 IA
1529 1333 1698 1359 vozssivvs
1745 1325 1823 1359 ibro
1862 1324 2020 1360 secundo
2058 1335 2108 1359 ex
2130 1324 2395 1370 posterioribus

1312 1367 1490 1448 ‘Ls‘tibcclimis
1544 1369 1668 1404 ‘Heres
1709 1379 1810 1404 meus
1830 1368 1997 1449 eddamnasd
1959 1414 1969 1428 ’
2018 1374 2130 1449 efstpa
2152 1368 2265 1449 L‘iffiio
2300 1367 2394 1403 Titio

1425 1424 1648 1449 umservum
1671 1424 1829 1449 meumr
1900 1424 1958 1449 ere
1996 1425 2017 1448 v
2078 1425 2091 1449 i
2138 1427 2147 1449 t
2230 1423 2290 1448 um
2321 1423 2395 1448 ser-

1313 1461 1406 1493 ‘vum
1428 1469 1545 1493 meum
1566 1458 1618 1493 illi
1640 1458 1803 1495 reddito’.
1851 1458 2046 1494 Cascellius
2070 1458 2122 1493 ait
2144 1458 2264 1494 deberi
2281 1468 2396 1503 neque

1311 1502 1349 1538 id
1371 1502 1494 1539 Labeo
1517 1503 1711 1556 improbat,
1742 1504 1827 1549 quia
1849 1504 1909 1550 qui
1933 1503 2081 1539 reddere
2102 1503 2261 1545 iubetur,
2291 1503 2395 1538 simul

1315 1551 1330 1582 1
1380 1552 1416 1583 et
1449 1548 1534 1583 dare
1563 1549 1718 1584 iubetur.
1771 1548 1876 1584 Duae
1905 1553 2045 1584 statuae
2073 1558 2292 1584 marmoreae
2320 1549 2393 1583 cui-

1312 1591 1394 1627 dam
1423 1593 1650 1636 nominatim‚
1681 1594 1765 1629 item
1796 1604 1899 1629 omne
1931 1604 2086 1629 marmor
2116 1597 2192 1629 erat
2221 1593 2393 1638 legatum:

1312 1637 1445 1672 nullam
1474 1642 1631 1691 statuam
1662 1648 1908 1691 marmoream·
1923 1643 2066 1684 praeter
2088 1638 2177 1674 duas
2202 1638 2395 1674 Cascellius

1311 1686 1416 1762 {iffi
1428 1682 2287 1780 .{3?55¹.{.3fi122¹2235053ffiffl“3fflffiss
2306 1683 2395 1763 ἓξὲξ

1312 1775 1451 1807 statuas
1481 1773 1634 1818 legando
1663 1778 1784 1818 potest
1813 1773 1924 1809 videri
1955 1783 2028 1808 non
2059 1777 2207 1818 putasse
2237 1774 2275 1808 in
2303 1783 2393 1808 mar-

1311 1818 2395 1908 Pdufflfflsssszffiffissssifflffi?effmvfsst‘ssssrzeffi

2027 1890 2037 1906 9

1311 1907 1420 1952 ‘quod
1451 1907 1527 1943 eius
1557 1918 1667 1944 causa
1690 1907 1825 1944 factum
1873 1912 2083 1953 aratumque
2105 1912 2201 1944 esset
2223 1918 2327 1944 omne
2349 1908 2395 1943 do

1313 1952 1425 1997 ‘lego'.
1461 1952 1652 1988 Trebatius
1675 1953 1765 1988 haec
1783 1964 1844 1989 ver
1870 1964 1892 1988 a
1915 1953 2024 1998 ‘quod
2043 1953 2118 1988 eius
2137 1963 2247 1988 causa
2262 1953 2394 1988 factum

1312 1999 1561 2043 ‘paratumque
1585 1998 1662 2040 est’‚
1694 1998 1741 2033 ad
1771 2008 1899 2033 aurum
1930 2003 1966 2034 et
1996 2002 2181 2043 argentum
2212 1998 2396 2033 dumtaxat

1311 2041 1436 2077 referri
1457 2046 1574 2087 putat,
1598 2043 1774 2078 Proculus
1797 2043 1844 2078 ad
1867 2044 1996 2084 omnia,
2021 2043 2117 2088 quod
2136 2047 2172 2078 et
2191 2054 2311 2079 verum
2330 2047 2393 2078 est.

1313 2090 1332 2121 3
1380 2087 1446 2122 Cui
1470 2087 1654 2123 Corinthia
1675 2098 1761 2123 vasa
1783 2088 1901 2132 legata
1923 2094 2060 2130 essent,
2093 2087 2277 2132 ἐπιβάσεις*ι
2308 2098 2395 2132 quo-

1312 2142 1381 2212 aue
1418 2141 1540 2184 eorum
1576 2143 1743 2168 vasorum
1780 2133 2067 2169 collocandorum
2106 2143 2216 2168 causa
2250 2138 2395 2185 paratas

1335 2177 1434 2212 eberi
1465 2177 1656 2213 Trebatius
1687 2178 1881 2223 respondit.
1935 2178 2056 2213 Labeo
2095 2182 2214 2213 autem
2251 2177 2288 2213 id
2323 2189 2396 2214 nou

1336 2222 1452 2263 robat,
1477 2222 1509 2257 si
1532 2232 1592 2258 eas
1605 2224 1634 2244 ¹⁰
1654 2222 1779 2267 βάσεις
1801 2227 1953 2258 testator
1974 2233 2122 2258 numero
2146 2233 2310 2258 vasorum
2331 2224 2394 2258 ha-

1310 2233 1400 2301 fluit.
1438 2267 1613 2303 Proculus
1636 2278 1718 2304 vero
1743 2272 1840 2303 recte
1863 2268 1924 2310 ait,
1949 2268 1979 2302 si
2002 2278 2134 2303 aeneae
2157 2268 2296 2320 quidem
2313 2269 2394 2310 sint,

1311 2314 1333 2345 4
1367 2322 1452 2347 -non
1474 2316 1594 2347 autem
1610 2311 1826 2354 Corinthiae,
1849 2323 1922 2348 non
1940 2312 2072 2348 deberi.
2110 2312 2176 2347 Cui
2194 2313 2396 2348 testudinea

1310 2356 1427 2401 legata
1450 2361 1587 2399 essent,
1617 2358 1649 2392 ei
1678 2358 1789 2393 lectos
1819 2357 2036 2393 testudineos
2060 2357 2209 2402 pedibus
2234 2358 2393 2402 inargen—

1309 2405 1406 2436 tatos
1419 2403 1447 2423 ²¹
1478 2401 1599 2481 dteberi
1621 2402 1744 2438 Labeo
1768 2402 1958 2438 Trebatius
1989 2402 2268 2447 responderunt,
2300 2403 2392 2447 quod

1308 2455 1431 2481 verum
1454 2455 1493 2482 es

1359 2489 1714 2528 101>¹²Scsmom
1750 2491 1841 2527 libro
1870 2496 1976 2527 sexto
2009 2491 2144 2526 decimo
2175 2491 2392 2538 diqestorum

1311 2535 1380 2579 Qui
1401 2535 1560 2571 habebat
1581 2537 1621 2571 in
1639 2536 1832 2582 provincia,
1857 2546 1901 2571 ex
1943 2546 1991 2571 ua
2010 2536 2180 2571 oriundus
2201 2541 2287 2579 erat,
2312 2548 2392 2582 pro-

1336 2580 1713 2662 misere}
1726 2580 2394 2671 samm...

1309 2667 1431 2715 ‘lopun
1463 2671 1511 2706 sic
1544 2670 1591 2705 τὰ
1605 2637 1713 2716 1’μέρη
1746 2640 1852 2714 affige
1883 2640 2083 2713 δοθῆἱιαιμῑῧ
2113 2639 2276 2719 ἀφορῖζω
2307 2667 2394 2719 αὐτῇ

1308 2712 1435 2763 (χωρία
1465 2714 1602 2757 πάντα,
1646 2712 1715 2750 ὅσα
1745 2718 1786 2750 ἐν
1816 2718 1893 2764 Συρ
1965 2718 2150 2759 κέκτημαι,
2191 2715 2255 2751 σὺν
2283 2719 2395 2751 πᾶσιν

1308 2757 1397 2796 “to‘t's
1423 2761 1565 2795 ἐπιοῦσιν
1589 2760 1818 2806 βοσκήμασιν
1847 2758 1911 2794 δοὺ
1956 2772 1986 2795 ις
2016 2765 2167 2807 καρποῖς
2197 2757 2394 2797 &obstate

1309 2802 1557 2841 ’κατασκευαῖς
1593 2801 1741 2841 πείσαις’
1756 2806 1796 2841 ¹⁴.
1854 2805 2052 2851 quaesitum
2088 2809 2163 2848 est,
2201 2815 2248 2840 an
2287 2806 2393 2841 etiam

1309 2850 1458 2941 {ff
1398 2876 1495 2931 „1230
1508 2850 2285 2947 qssiffssaffffin⁰ffesskffitoessss⁸zffiuss²ffle
2302 2860 2393 2939 33:52

1309 2945 1595 2986 proponerentur
1624 2950 1698 2976 non
1727 2939 1837 2975 videri
1868 2940 2009 2982 relicta,
2045 2939 2076 2974 si
2106 2939 2211 2975 modo
2241 2940 2278 2975 in
2308 2950 2390 2985 pro-

1309 2985 1427 3031 prium
1454 2985 1706 3031 patrimonium
1737 2984 1846 3030 (quod
1874 2984 1949 3020 fere
1972 2988 2133 3020 cessante
2155 2983 2316 3020 debitore
2337 2985 2392 3028 fit>

1312 3036 1327 3065 1
1378 3040 1452 3065 non
1479 3030 1551 3066 sint
1579 3029 1737 3065 redacta.
1785 3029 1884 3065 ‘Peto
1915 3029 2065 3064 fundum
2094 3038 2211 3064 meum
2240 3029 2309 3071 ita,
2341 3030 2392 3064 uti

1309 3078 1388 3118 ‘est‚
1411 3075 1576 3110 alumnae
1597 3084 1698 3110 meae
1721 3074 1822 3110 dari'.
1869 3074 2068 3119 quaesitum
2099 3078 2171 3116 est,
2202 3083 2250 3109 au
2279 3073 2391 3110 fundo

1310 3124 1348 3156 et
1378 3119 1517 3166 reliqua
1552 3119 1760 3155 colonorum
1794 3123 1831 3155 et
1863 3117 2056 3164 mancipia,
2093 3118 2125 3153 si
2160 3128 2231 3164 qua
2268 3120 2391 3154 mortis

1309 3170 1469 3211 tempore
1498 3165 1536 3199 in
1565 3174 1609 3199 eo
1639 3164 1752 3200 fundo
1775 3164 1925 3207 fuerint,
1956 3162 2163 3198 debeantur.
2209 3163 2392 3209 respondit

1308 3210 1445 3256 reliqua
1474 3208 1615 3255 quidem
1647 3209 1854 3245 colonorum
1883 3218 1955 3244 uon
1986 3217 2065 3243 esse
2094 3207 2231 3252 legata,
2272 3212 2391 3244 cetera

1308 3264 1392 3291 vero
1414 3253 1526 3290 videri
1546 3254 1615 3289 illis
1639 3253 1756 3289 verbis
1779 3254 1843 3289 ‘ita
1864 3253 1917 3288 uti
1939 3253 2004 3287 est'
2029 3252 2124 3287 data.

1358 3296 1438 3337 102
1460 3298 1568 3335 loru
1593 3298 1684 3334 libro
1712 3299 1863 3353 septimo
1891 3297 2040 3349 deceno·
2056 3298 2273 3364 digestor-imi
2324 3297 2390 3332 His

1308 3343 1425 3380 verbis
1451 3342 1598 3388 legavit:
1633 3346 1750 3379 ‘uxori
1777 3352 1878 3379 meae
1904 3341 2086 3377 lateraha¹
2132 3352 2213 3377 mea
2242 3346 2391 3378 viatoria

1309 3393 1358 3425 ‘et
1379 3387 1550 3434 quidquid
1571 3388 1609 3423 in
1631 3388 1687 3424 his
1711 3387 1891 3424 conditum
1914 3387 1997 3429 erit,
2026 3397 2117 3432 quae
2139 3386 2389 3422 membranulis

1308 3437 1402 3470 ‘mea
1422 3443 1532 3469 manu
1554 3433 1697 3478 scriptis
1721 3431 1997 3469 continebuntur
2018 3442 2085 3467 nec
2108 3441 2151 3468 ea
2173 3432 2245 3467 sint
2263 3435 2390 3467 exacta

1309 3547 1367 3588 (u)
1390 3545 1687 3587 inargentatum.
1736 3546 1794 3585 (η)
1815 3549 1855 3583 §1
1868 3561 1913 3573 -ι
1925 3545 1946 3578 1.
1957 3552 1992 3579 is
2008 3549 2052 3584 §a
2064 3546 2094 3579 Ιι.
2107 3552 2129 3579 ε.
2176 3546 2235 3587 (is)
2255 3547 2387 3579 salim.

1310 3593 1368 3630 (u)
1392 3591 1431 3624 id
1448 3598 1513 3624 est.-
1542 3590 1674 3633 patriae
1692 3599 1784 3622 meae
1802 3589 1886 3621 mihi
1914 3590 2105 3623 carissimae
2132 3590 2207 3624 volo
2229 3602 2289 3633 pro
2316 3591 2388 3622 eius

966 3638 1022 3677 (α’)
1045 3637 1250 3671 aueutemF
1309 3638 1406 3678 parte
1425 3635 1499 3667 dari
1523 3635 1620 3678 eique
1644 3634 1778 3667 destino
1803 3644 2031 3677 quaecumque
2054 3635 2210 3678 possideo
2234 3636 2271 3668 in
2292 3635 2388 3678 Syria

798 3692 835 3714 er
880 3682 926 3720 (a)
945 3691 1047 3713 verna
1059 3682 1096 3715 F
1132 3682 1248 3725 (s)da⁴-
1308 3690 1384 3713 eum
1410 3680 1565 3712 omnibus
1591 3689 1677 3721 quae
1693 3679 1731 3712 in
1756 3680 1802 3711 iis
1821 3682 1901 3712 suut
1919 3679 2078 3721 gregibus
2098 3681 2202 3712 servis
2221 3679 2387 3712 {metibus

1821 3730 1879 3764 (15)
1903 3724 2059 3758 lateraria
2069 3726 2104 3758 fi·
