2528 3918
190 126 382 170 xxms

235 247 289 287 26
314 248 568 284 Moossrlzws
588 248 680 284 libro
696 248 820 294 primo
843 248 1054 295 req-alarum
1099 248 1156 283 Ita
1187 258 1272 283 con-

189 299 308 332 stante
339 293 562 329 matrimonio
593 292 788 338 permutari
820 291 937 328 dotem
974 302 1084 345 posse
1114 291 1274 335 dicimus,

190 340 222 377 si
244 340 313 375 hoc
335 338 473 374 mulieri
503 337 590 373 utile
614 338 671 380 sit,
695 337 748 372 si¹
781 347 825 373 ex
855 347 1008 383 pecunia
1037 337 1076 372 in
1106 347 1183 373 rem
1212 341 1277 373 aut

190 396 235 421 ex
256 394 296 419 re
319 384 356 419 in
378 382 585 429 pecuniam:
616 381 724 428 idque
745 382 936 428 probatum
960 382 1044 418 est.²

237 426 288 466 27
322 428 517 465 Ulmanus
544 427 635 463 libro
671 426 854 474 triqesimo
884 430 990 462 sexto
1022 426 1072 462 ad
1101 425 1276 463 Sabinum

190 473 293 518 Quod
316 473 347 509 si
370 472 479 508 fuerit
492 471 640 515 factum,
656 471 790 507 fundus
810 471 864 507 vel
883 482 940 506 res
961 471 1090 507 dotalis
1110 470 1275 507 efficitur.

236 516 289 556 28
326 517 381 553 ΡΑ
389 527 485 553 nos
523 516 615 553 libro
656 518 807 563 septimo
849 516 899 551 ad
939 515 1114 552 Sabinum
1189 515 1278 551 Post

189 564 332 609 nuptias
362 566 466 608 pater
495 572 569 598 non
648 565 718 597 test
758 561 967 597 deteriorem
1006 571 1153 596 causam
1183 560 1277 596 filiae

188 608 319 650 facere,
344 607 430 653 quia
450 617 517 643 nec
539 617 559 642 r
629 606 638 614 ‘
663 606 696 642 ei
718 606 783 642 dos
807 605 917 640 invita
939 605 1014 641 filia
1036 610 1166 651 potest.

235 651 289 691 29
321 652 516 688 ULPJAst
544 651 635 687 libro
669 652 852 698 triqesimo
883 654 989 686 sexto
1023 650 1073 686 ad
1102 649 1275 687 Sabinum

190 698 279 734 Cum
302 701 405 777 gater
429 697 547 733 dotem
570 707 636 742 pro
660 695 930 775 uba-promittit
963 698 1000 731 et
1029 695 1148 731 dotem
1169 694 1274 740 legat,

189 744 219 779 si
243 743 303 788 qui
329 753 383 777 em
406 741 534 777 marito
557 741 696 786 legavit,
721 752 755 775 vi
781 740 910 775 endum
941 743 1013 782 est,
1045 750 1093 775 an
1122 740 1276 785 legatum

188 788 317 830 valeat,
342 791 378 823 et
397 797 470 822 non
487 790 574 831 puto
596 786 730 821 valere:
755 795 838 820 nam
859 795 939 820 cum
960 784 1125 820 creditori
1137 784 1277 820 debitor

187 833 284 885 legat
313 832 351 868 id
383 831 478 878 quod
510 831 633 872 debet,
665 830 801 865 nullum
830 830 987 875 legatum
1018 833 1083 865 est.
1119 830 1216 875 quod
1246 830 1276 865 si

188 877 283 914 fihae
305 877 443 923 legavit,
467 876 561 911 valet
581 876 755 920 legatum:
782 874 846 910 dos
867 874 960 909 enim
979 885 1023 909 ex
1042 874 1277 919 promissione

188 922 316 958 marito
352 922 519 963 debetur,
555 921 709 965 legatum
742 919 848 955 filiae.
884 923 920 954 et
962 919 993 954 si
1027 919 1169 964 quidem
1208 919 1276 954 hoc

188 968 306 1003 animo
329 970 536 1003 testatorem
561 975 639 1001 esse
668 964 743 999 filia
773 964 983 1007 ostenderit,
1015 969 1057 999 ut
1080 964 1277 1009 duplicaret

189 1013 222 1048 ei
243 1013 399 1058 legatum
408 1012 433 1053 ³,
458 1010 606 1045 habebit
628 1013 828 1054 utrumque,
854 1009 973 1044 dotem
996 1020 1104 1054 quam
1127 1009 1275 1044 maritus

187 1061 397 1103 persecutus
419 1056 528 1091 fuerit
552 1059 587 1090 et
609 1055 764 1099 legatum
784 1065 828 1089 ex
848 1064 959 1089 causa
982 1054 1100 1099 legati.
1126 1053 1222 1099 quod
1245 1053 1275 1088 si

187 1102 400 1138 alterutrum
430 1100 542 1136 voluit
571 1100 720 1134 habere:
762 1099 793 1134 si
823 1099 949 1134 mulier
978 1099 1135 1144 legatum
1190 1102 1272 1141 etat,

187 1147 354 1193 opposita
377 1146 450 1182 doli
473 1145 681 1189 exceptione
705 1154 777 1179 non
808 1144 896 1179 alias
929 1149 1073 1188 cogetur
1104 1144 1135 1179 ei
1197 1154 1274 1179 eres

186 1192 341 1237 legatum
383 1191 518 1226 solvere
531 1216 540 1231 ,
576 1199 683 1235 quam
725 1189 757 1224 si
792 1189 924 1224 caverit
964 1188 1163 1224 indemnem
1205 1189 1274 1224 hoc

186 1237 330 1273 nomine
360 1235 525 1271 heredem
555 1233 717 1269 futurum
740 1233 909 1269 adversus
934 1234 1099 1269 maritum
1123 1243 1166 1268 ex
1190 1244 1271 1278 pro-

186 1282 353 1317 missione
377 1284 550 1325 agentem.
585 1279 647 1314 sed
671 1279 702 1314 si
724 1279 873 1314 maritus
905 1282 1007 1322 agat,
1040 1278 1128 1313 nihil
1151 1278 1196 1314 de
1218 1279 1271 1313 in-

187 1327 380 1362 demnitate
403 1336 483 1360 eum
507 1334 632 1360 cavere
655 1324 850 1368 oportebit,
881 1333 1004 1358 verum
1034 1323 1160 1358 mulier
1191 1327 1274 1368 post

186 1382 267 1407 eum
309 1381 417 1416 agens
458 1370 668 1414 exceptione
702 1369 912 1414 repelletur,
947 1368 1031 1414 quia
1065 1367 1174 1403 semel
1208 1367 1273 1403 dos

186 1416 360 1462 praestita
383 1419 447 1450 est.

231 1458 284 1498 30
311 1460 469 1495 Panos
489 1459 580 1495 libro
599 1460 751 1505 septimo
764 1457 814 1493 ad
830 1457 1002 1494 Sabinum
1027 1457 1167 1499 Dotem,
1181 1467 1273 1502 quae

184 1506 223 1541 in
252 1506 350 1551 prius
383 1503 646 1540 matrimonium
678 1503 762 1538 data
795 1508 868 1545 est,
893 1513 965 1538 non
989 1502 1092 1538 aliter
1116 1502 1274 1538 converti

185 1551 222 1586 in
245 1550 422 1596 posterius
445 1549 709 1584 matrimonium
733 1547 922 1583 dicendum
955 1552 1027 1589 est,
1060 1557 1167 1592 quam
1191 1557 1272 1582 cum

186 1596 254 1631 hoc
276 1595 410 1640 agitur:
443 1594 528 1629 dum
550 1594 620 1628 hoc
643 1593 701 1638 agi
724 1603 861 1638 semper
890 1593 1180 1638 interpretemur,
1204 1592 1273 1627 nisi

187 1640 358 1686 probetur
381 1639 479 1674 aliud
503 1638 720 1674 convenisse.

230 1682 280 1723 31
310 1684 556 1720 PAPJNJANUS
583 1683 674 1718 libro
705 1686 837 1728 quarto
868 1692 1123 1729 responsorum
1170 1680 1273 1733 Quod

186 1731 214 1766 si
237 1740 310 1766 non
327 1729 526 1770 divortium,
538 1728 602 1764 sed
620 1728 769 1773 iurgium
787 1727 866 1770 fuit,
887 1727 951 1762 dos
972 1726 1129 1762 eiusdem
1150 1730 1271 1761 matri-

186 1775 294 1811 monii
317 1774 485 1809 manebit.

230 1817 284 1857 32
317 1819 546 1854 POMPONIUS
578 1818 669 1853 libro
703 1820 808 1853 sexto
843 1817 979 1853 decimo
1014 1816 1065 1852 ad
1097 1815 1271 1852 Sabinum

184 1865 222 1900 Si
246 1875 290 1900 ex
320 1863 521 1909 lapidicinis
552 1863 680 1898 dotalis
703 1862 806 1898 fundi
828 1861 983 1907 lapidem
1006 1861 1084 1897 vel⁴
1113 1861 1271 1903 arbores,

208 1920 277 1945 uae
306 1909 444 1944 fructus
477 1918 550 1943 non
585 1911 722 1950 essent,
757 1908 831 1942 sive
870 1906 1098 1958 superficium
1121 1905 1273 1941 aedificii

184 1921 314 1990 dotalis
344 1955 527 1990 voluntate
556 1953 712 1988 mulieris
743 1951 956 1994 vendiderit,
988 1951 1122 1987 nummi
1156 1961 1199 1986 ex
1229 1961 1273 1986 ea

186 1999 385 2034 venditione
407 1998 543 2043 recepti
565 2002 650 2032 sunt
672 1997 777 2032 dotis.

229 2041 282 2082 33
315 2043 508 2079 ULPIANUS
536 2042 626 2078 libro
639 2044 653 2063 ⁵
683 2046 789 2077 sexto
823 2041 873 2076 ad
903 2040 1101 2076 Sabinum⁸
1146 2039 1185 2076 Si
1208 2050 1269 2075 ex-

183 2093 330 2125 traneus
350 2088 396 2123 sit
416 2088 477 2133 qui
496 2087 613 2122 dotem
632 2087 795 2131 promisit
812 2086 913 2130 isque
926 2085 1086 2121 defectus
1099 2086 1145 2121 sit
1155 2085 1270 2121 facul-

182 2134 329 2175 tatibus,
352 2132 587 2178 imputabitur
610 2131 750 2174 marito,
776 2142 840 2166 cur
863 2141 942 2166 eum
958 2141 1031 2165 non
1054 2131 1269 2172 convenerit,

182 2179 335 2214 maxime
367 2178 398 2213 si
430 2187 475 2212 ex
505 2177 736 2217 necessitate,
767 2186 840 2211 non
872 2186 917 2210 ex
946 2175 1128 2210 voluntate
1152 2175 1270 2210 dotem

181 2223 414 2269 promiserat:
447 2232 530 2256 nam
563 2221 594 2256 si
618 2220 782 2263 donavit,
813 2221 1028 2265 utcumque⁷
1051 2219 1271 2265 parcendum

182 2268 322 2309 marito,
348 2267 407 2312 qui
432 2277 513 2302 eum
537 2277 610 2301 non
632 2265 880 2311 praecipitavit
903 2264 951 2299 ad
974 2264 1186 2300 solutionem
1210 2264 1271 2310 qui

183 2313 380 2348 donaverat
403 2321 577 2358 quemque
599 2311 637 2346 in
659 2310 696 2345 id
716 2309 812 2355 quod
834 2309 954 2345 facere
1002 2314 1108 2352 osset,
1134 2309 1165 2344 si
1184 2319 1269 2344 con-

182 2358 347 2400 venisset,
361 2357 668 2393 condemnaverat.
689 2356 758 2390 hoc
772 2355 864 2389 enim
877 2354 977 2389 divus
1020 2354 1075 2389 ius
1088 2354 1270 2399 rescripsit

183 2413 256 2445 eos,
276 2403 337 2448 qui
357 2412 400 2437 ex
418 2401 632 2437 liberalitate
653 2400 920 2442 conveniuntur,
931 2399 968 2434 in
986 2399 1023 2434 id
1035 2399 1131 2444 quod
1149 2398 1269 2434 facere

181 2452 334 2493 possunt
357 2445 656 2483 condemnandos.
683 2445 745 2480 sed
765 2445 796 2480 si
815 2444 871 2479 vel
893 2448 997 2489 pater
1012 2444 1068 2479 vel
1087 2444 1166 2489 ipsa
1179 2454 1267 2496 pro-

181 2493 375 2534 miserunt,
406 2491 573 2533 Iulianus,
588 2490 730 2536 quidem
751 2490 842 2525 libro
867 2493 967 2524 sexto
993 2488 1128 2524 decimo
1154 2488 1267 2533 diges—

181 2542 300 2573 torum
342 2536 466 2572 scribit
508 2536 615 2571 etiam
653 2535 685 2570 si
718 2539 822 2580 pater
855 2534 1036 2579 promisit,
1071 2534 1268 2579 periculum

182 2582 361 2634 respicere
381 2581 429 2634 ad
439 2581 625 2633 maritum:
652 2580 748 2632 quod
758 2579 943 2615 ferendum
964 2589 1036 2631 non
1048 2583 1115 2632 est..
1127 2578 1269 2644 debebit

181 2631 289 2707 iigildg}
310 2627 467 2716 gli-lolpffig
474 2671 489 2691 ⁹
499 2625 1268 2720 {5181}bg‘sraiiffiletnmulffezrefficggiggaffir

182 2720 333 2761 patrem,
357 2716 417 2760 qui
441 2715 485 2750 de
509 2726 573 2751 suo
605 2714 723 2750 dotem
746 2715 926 2759 promisit,
959 2724 1031 2748 non
1059 2716 1189 2748 urserit
1221 2713 1268 2748 ad

183 2761 449 2801 exsolutionem,
474 2759 584 2795 multo
604 2759 731 2799 minus,
748 2769 812 2794 cur
826 2759 940 2803 ipsam
958 2769 1031 2793 non
1052 2758 1264 2794 convenerit.

181 2809 281 2841 recte
303 2805 424 2849 itaque
440 2805 593 2840 Sabinus
617 2804 803 2849 disposuit,
826 2807 868 2838 ut
891 2803 1023 2838 diceret
1046 2802 1141 2848 quod
1164 2807 1267 2848 pater

181 2850 238 2886 vel
260 2850 340 2894 ipsa
363 2850 487 2884 mulier
509 2849 672 2894 promisit
693 2849 758 2883 viri
807 2848 936 2883 ericulo
962 2858 1035 2883 non
1059 2857 1146 2890 esse,
1172 2847 1267 2892 quod

182 2894 340 2936 debitor,
370 2894 407 2929 id
430 2894 495 2928 viri
519 2904 613 2936 esse,
638 2893 732 2946 quod
755 2859 865 2935 alius,
899 2892 1034 2928 scilicet
1058 2892 1265 2934 donaturus,

182 2939 259 2975 eius
291 2939 450 2984 periculo
487 2939 558 2980 ait,
594 2949 653 2974 cui
694 2937 911 2983 adquiritur:
967 2937 1013 2972 ad
1037 2937 1105 2972 uiri
1147 2941 1266 2972 autem

182 2983 320 3020 mulieri
338 2983 563 3027 accipiemus,
577 2983 622 3018 ad
634 2994 740 3028 quam
754 2984 782 3004 ¹⁰
804 2983 856 3018 rei
875 2992 1011 3018 commo
1039 2992 1165 3017 umres
1192 2982 1264 3018 icit.

228 3026 283 3067 34
306 3027 415 3064 Imm
433 3028 523 3062 libro
550 3029 599 3062 tri
623 3029 730 3062 esimo
755 3028 859 3062 tertio
883 3027 933 3062 ad
943 3026 1115 3063 Sabinum
1190 3030 1268 3062 ater

183 3084 265 3110 cum
295 3072 392 3108 filiae
422 3082 548 3107 aurum
604 3072 734 3108 edisset
763 3071 951 3113 utendum,
991 3075 1095 3116 pater
1126 3071 1266 3116 puellae

182 3118 219 3155 id
242 3127 371 3154 aurum
392 3117 430 3152 in
453 3116 570 3151 dotem
601 3117 675 3152 viro
709 3117 895 3162 adpendit:
929 3116 1010 3151 dein
1041 3120 1181 3152 mortua
1213 3119 1267 3151 est

182 3168 307 3199 mater.
330 3162 362 3198 si
383 3161 498 3197 inscia
520 3162 671 3196 invitave
690 3172 800 3197 uxore
818 3162 871 3196 vir
888 3161 925 3196 id
944 3171 1070 3196 aurum
1090 3161 1128 3196 in
1147 3160 1267 3196 dotem

183 3208 351 3249 dedisset,
373 3210 494 3242 manet
516 3205 553 3240 id
577 3216 702 3240 aurum
724 3206 863 3242 heredis
881 3206 1004 3241 matris
1028 3205 1267 3250 vindicarique

208 3256 302 3289 otest
324 3256 413 3288 eteo
433 3250 603 3286 minorem
623 3250 741 3286 dotem
767 3251 840 3286 viro
861 3250 982 3285 datam
1010 3259 1088 3285 esse
1113 3249 1266 3295 placuit:

204 3297 307 3343 ¹quia
336 3306 394 3332 res
425 3296 538 3332 evicta
568 3299 641 3337 est,
664 3295 790 3330 marito
822 3295 991 3340 competit
1014 3294 1184 3330 adversus
1208 3304 1266 3330 so-

184 3352 305 3378 cerum
329 3341 434 3377 actio.

228 3385 282 3424 35
308 3385 415 3422 Ιυει
432 3384 524 3421 libro
538 3383 825 3465 ἕυαάναφεείηιο
849 3385 999 3430 septimo
1022 3383 1073 3419 ad
1092 3382 1267 3420 Sabinum

182 3431 311 3467 Dotem
334 3441 358 3466 a
379 3434 483 3476 patre
514 3439 536 3464 v
600 3438 623 3463 a
653 3428 776 3473 quovis
808 3429 876 3463 alio
909 3428 1120 3473 promissam
1152 3427 1182 3463 si
1214 3428 1268 3463 vir

527 3543 569 3582 (2)
594 3540 747 3581 dicimus,
762 3541 791 3572 si
804 3551 842 3573 ex
857 3542 999 3582 pecunia
1011 3542 1047 3574 in
1060 3552 1140 3580 rem,
1159 3540 1261 3583 idque

182 3546 223 3583 (ι)
246 3545 289 3585 si]
302 3547 342 3577 ut
353 3542 406 3577 F·

1045 3589 1087 3627 (8)
1100 3586 1261 3629 legatum]

182 3589 360 3632 probatum
371 3591 422 3620 est
434 3588 560 3621 vidntur
571 3586 739 3629 εον-ἱρεῖαι
753 3585 955 3619 Modestinus

181 3633 295 3666 datum
315 3645 378 3667 scr.
517 3634 559 3671 (4)
585 3640 625 3663 ex
643 3629 728 3663 silva
744 3631 804 3664 ins.
942 3634 985 3671 (5)
1010 3631 1183 3673 trigesimo
1201 3633 1262 3665 ine.

184 3676 336 3711 curiacius
428 3678 471 3717 (a)
496 3677 539 3720 ej:
552 3676 597 3709 D.
611 3676 667 3716 24,
679 3682 706 3715 ³,
720 3682 768 3714 so,
781 3683 793 3709 ι
807 3682 838 3708 et
848 3675 902 3712 50,
916 3682 959 3716 ιτ,
973 3682 1011 3709 28
1091 3680 1133 3710 ιτ)
1147 3675 1263 3718 ntique

181 3734 244 3755 cer.
307 3724 352 3762 (ε)
366 3722 542 3764 quisquam
554 3721 628 3754 dett.
697 3723 741 3759 (9)
751 3719 910 3762 propitii·
923 3720 998 3752 dett.
1056 3723 1116 3759 (ιο)
1130 3731 1226 3761 quem
1236 3720 1270 3752 F
1333 3723 1506 3757 auxerunt,
1522 3719 1699 3750 videantur
1712 3719 1771 3751 ine.

1261 124 1351 175 302

2237 146 2298 176 DE
2326 147 2432 178 lmus

1344 248 1497 284 novandi
1520 259 1631 285 causa
1654 250 1860 295 stipuletur,
1885 252 2003 297 coepit
2025 251 2090 288 viri
2113 263 2192 289 esse
2219 255 2430 299 periculum,

1345 303 1426 328 cum
1449 297 1532 328 ante
1554 294 1710 330 mulieris
1732 294 1868 331 fuisset.

1390 334 1444 375 36
1468 337 1577 374 Imm
1594 339 1684 375 libro
1709 339 1987 387 quadraqesimo
2018 346 2142 377 octavo
2174 342 2225 377 ad
2254 341 2427 380 Sabinum

1344 381 1496 434 Debitor
1518 382 1674 435 mulieris
1696 384 1797 420 iussu
1813 384 1890 421 eius
1907 386 2095 437 pecuniam
2113 386 2188 423 viro
2213 397 2232 422 e
2281 389 2428 432 romisit,

1346 426 1472 462 demde
1502 438 1555 463 vir
1586 433 1772 473 acceptam
1802 439 1880 465 eam
1917 440 2017 466 iussu
2048 430 2204 466 mulieris
2260 433 2338 468 ecit.
2371 444 2428 470 res

1345 471 1483 523 mulieri
1505 471 1608 517 perit.
1641 473 1711 508 hoc
1735 473 1910 519 quomodo
1935 475 2155 520 accipimus?
2186 480 2305 512 utrum
2336 478 2428 514 dotis

1345 526 1485 552 nomine
1509 527 1557 552 an
1581 522 1616 553 et
1638 518 1669 553 si
1693 518 1764 553 alia
1787 528 1831 554 ex
1854 520 1990 555 causa?
2014 525 2050 555 et
2072 520 2211 556 videtur
2233 521 2277 556 de
2300 532 2341 558 eo
2366 523 2427 559 de-

1344 560 1461 597 bitore
1484 561 1628 604 dictum,
1652 562 1713 608 qui
1735 562 1827 600 dotis
1846 564 1987 599 nomine
2003 565 2174 610 promisit.
2198 566 2288 601 illud
2310 567 2428 604 adhuc

1344 606 1469 657 subest
1482 606 1520 649 ¹²,
1533 610 1654 642 utrum
1666 610 1750 659 ante
1758 609 1901 654 nuptias
1921 619 1968 644 an
2008 613 2065 645 ost
2076 609 2217 655 nuptias
2236 610 2274 646 id
2291 610 2428 648 factum

1345 654 1411 686 sit:
1435 651 1586 687 multum
1620 662 1712 687 emm
1741 652 1912 689 interesse
1941 654 1975 689 vi
2001 658 2089 689 etur.
2122 665 2204 691 nam
2235 655 2267 691 si
2297 658 2428 693 secutis

1344 695 1477 741 nuptiis
1507 696 1544 731 id
1566 695 1703 732 factum
1731 702 1805 741 est,
1829 697 1912 733 dote
1934 698 2006 733 iam
2030 700 2257 736 constituta¹³
2279 702 2428 738 maritus

1344 744 1493 785 accepto
1516 740 1662 777 ferendo
1695 741 1822 787 perdit,
1853 743 1885 778 si
1914 747 2034 778 autem
2064 748 2254 789 antequam
2284 747 2431 791 nuptiae

1344 795 1361 820 s
1407 790 1584 827 ueremur,
1608 786 1697 822 nihil
1719 787 1857 823 videtur
1881 787 1955 823 doti
1978 789 2212 824 constitutum
2234 800 2323 826 esse.

1419 827 1443 866 7
1470 829 1525 865 ΡΑ
1533 840 1628 866 nos
1657 830 1749 867 libro
1779 832 1987 868 duodecimo
2026 833 2076 868 ad
2105 833 2278 870 Sabinum
2346 835 2428 872 Non

1345 876 1438 910 enim
1461 875 1675 927 alias-perit
1697 877 1835 912 mulieri
1866 877 1979 919 actio,
2010 888 2116 923 quam
2149 879 2179 914 si
2202 880 2348 925 nuptiae
2371 891 2424 916 se-

1345 924 1449 955 cutae
1477 919 1630 955 fuerint:
1666 931 1748 956 nam
1779 922 1811 957 si
1842 926 1987 957 secutae
2010 933 2082 958 non
2105 928 2199 966 sunt,
2223 930 2343 960 manet
2367 925 2427 961 de-

1344 965 1439 1000 bitor
1462 965 1601 1000 mulieri
1624 964 1695 1001 obli
1719 970 1811 1002 atus.

1391 1006 1444 1047 38
1465 1008 1660 1046 Ulmanus
1667 1010 1696 1046 li
1738 1023 1758 1046 o
1770 1011 2047 1058 quadragesimo
2059 1017 2183 1048 octavo
2196 1013 2427 1050 adSabinum

1344 1053 1438 1090 Sane
1471 1054 1662 1090 videndum
1695 1059 1767 1098 est,
1799 1066 1846 1090 an
1877 1057 2003 1092 marito
2035 1057 2177 1100 mulier,
2212 1069 2302 1111 quae
2324 1059 2430 1095 iussit

1343 1103 1491 1145 accepto
1515 1099 1622 1143 ferri,
1654 1100 1837 1145 obligetur.
1874 1105 1909 1136 et
1939 1106 2061 1147 putem
2091 1103 2239 1147 obligari
2268 1105 2429 1140 mandati

1344 1145 1485 1180 actione
1510 1148 1545 1179 et
1566 1145 1636 1180 hoc
1658 1146 1775 1190 ipsum
1798 1146 1836 1180 in
1860 1145 1977 1181 dotem
1998 1147 2163 1189 converti,
2211 1148 2284 1183 uod
2303 1149 2429 1185 mulier

1342 1189 1501 1224 mandati
1531 1189 1662 1226 iudicio
1697 1191 1853 1235 obligata
1889 1195 1953 1227 est.
1990 1196 2026 1226 et
2059 1192 2156 1237 quod
2217 1192 2320 1228 ‘citur
2353 1205 2427 1229 rem

1342 1234 1480 1270 mulieri
1502 1235 1627 1279 perire,
1653 1245 1874 1280 consequens
1899 1240 1971 1271 est:
1996 1247 2079 1272 nam
2103 1237 2133 1272 si
2157 1238 2314 1282 coeperit
2337 1239 2430 1274 velle

1342 1279 1387 1314 de
1410 1279 1493 1315 dote
1516 1290 1639 1324 agere,
1669 1280 1747 1325 ipsa
1778 1291 1899 1315 secum
1931 1281 2072 1317 debebit
2103 1292 2332 1327 compensare
2355 1284 2426 1318 ius-

1342 1334 1421 1359 sum
1444 1335 1559 1361 suum.

1387 1366 1440 1407 39
1465 1368 1573 1404 lom
1602 1369 1692 1405 libro
1740 1370 1921 1416 triqesimo
1957 1371 2061 1405 tertio
2094 1370 2144 1406 ad
2177 1371 2330 1407 edictum
2390 1372 2428 1408 Si

1341 1424 1444 1450 serva
1474 1424 1575 1450 servo
1606 1414 1709 1459 quasi
1740 1414 1859 1450 dotem
1890 1414 2044 1457 dederit,
2076 1415 2202 1451 deinde
2237 1421 2427 1453 constante

1342 1459 1591 1494 coniunctione
1614 1459 1661 1494 ad
1683 1459 1881 1494 libertatem
1907 1460 2011 1495 ambo
2035 1461 2261 1505 pervenerint
2282 1462 2426 1506 peculio

1341 1504 1390 1539 eis
1414 1514 1487 1539 non
1510 1504 1674 1549 adempto
1700 1508 1744 1539 ‘et
1773 1505 1810 1539 in
1834 1504 1956 1539 eadem
1981 1505 2229 1542 coniunctione
2262 1517 2425 1551 perman-

1341 1548 1461 1591 serint,
1496 1549 1548 1583 ita
1570 1559 1628 1584 res
1652 1548 1902 1592 moderetur¹⁴,
1939 1553 1997 1591 ut,
2021 1550 2053 1585 si
2084 1560 2175 1595 quae
2189 1552 2216 1572 ¹⁵
2247 1561 2290 1586 ex
2319 1552 2428 1588 rebus

1341 1593 1584 1638 corporalibus
1607 1593 1703 1629 velut
1731 1594 1768 1628 in
1792 1593 1909 1629 dotem
1931 1598 2091 1640 tempore
2123 1595 2301 1631 servitutis
2333 1596 2426 1633 datis

1341 1638 1555 1680 exstiterint,
1586 1638 1773 1674 videantur
1783 1639 1811 1660 ¹⁶
1837 1649 1879 1674 ea
1902 1640 2010 1674 tacite
2031 1639 2069 1674 in
2100 1639 2219 1675 dotem
2242 1651 2425 1682 conversa,

1345 1686 1358 1718 1
1407 1687 1449 1718 ut
1472 1693 1593 1718 earum
1617 1683 1815 1719 aestimatio
1839 1684 1976 1719 mulieri
1999 1683 2181 1720 debeatur.
2217 1684 2255 1720 Si
2274 1685 2426 1730 spadoni

1340 1727 1465 1764 mulier
1499 1728 1680 1773 nupserit,
1716 1728 2001 1772 distinguendum
2035 1729 2209 1772 arbitror,
2246 1734 2425 1766 castratus

1339 1771 1448 1808 fuerit
1478 1783 1608 1815 necne,
1640 1777 1681 1808 ut
1710 1773 1748 1808 in
1779 1778 1935 1809 castrato
1969 1773 2066 1809 dicas
2090 1774 2208 1809 dotem
2231 1785 2303 1810 non
2327 1785 2423 1810 esse:

1339 1817 1377 1852 in
1401 1827 1442 1853 eo
1479 1817 1538 1863 qui
1570 1821 1748 1853 castratus
1780 1829 1852 1853 non
1877 1822 1941 1860 est,
1966 1819 2050 1864 quia
2074 1822 2128 1854 est
2150 1820 2425 1863 matrimonium,

1341 1866 1377 1898 et
1400 1862 1465 1897 dos
1490 1867 1526 1897 et
1549 1862 1642 1898 dotis
1666 1863 1759 1898 actio
1785 1867 1849 1898 est.

1386 1906 1440 1944 40
1465 1907 1573 1942 IDEM
1590 1908 1681 1943 libro
1702 1909 1752 1943 tri
1775 1908 1883 1943 esimo
1928 1911 2034 1944 uarto
2055 1908 2106 1943 ad
2123 1908 2278 1945 edictum
2313 1908 2424 1945 Divus

1340 1951 1490 1988 Severus
1520 1952 1702 1997 rescripsit
1762 1952 1859 1988 ontio
1923 1953 2069 1988 ucriano
2109 1953 2146 1988 in
2177 1953 2268 1989 haec
2297 1954 2423 1990 verba:

1340 1996 1391 2032 ‘Si
1413 1997 1557 2039 mulier,
1592 2007 1684 2042 quae
1707 1997 1825 2032 dotem
1848 1997 2004 2040 dederat,
2028 2002 2111 2043 post
2135 1998 2322 2034 divortium
2344 2010 2423 2034 rur-

1340 2046 1414 2077 ‘sus
1437 2042 1474 2076 in
1493 2041 1753 2078 matrimonium
1772 2042 1865 2077 redit
1883 2052 1956 2078 non
1974 2043 2148 2078 revocatis
2170 2043 2423 2087 instrumentis,

1341 2090 1425 2123 ‘non
1449 2086 1627 2122 dubitabit
1649 2087 1691 2129 is,
1716 2087 1813 2132 apud
1844 2097 1948 2132 quem
1979 2097 2035 2123 res
2060 2092 2203 2133 agetur,
2228 2087 2424 2124 secundum

1340 2132 1569 2167 ‘voluntatem
1587 2131 1753 2174 mulieris,
1778 2142 1869 2177 quae
1889 2132 2012 2177 utique
2032 2143 2105 2168 non
2124 2132 2288 2168 indotata
2310 2133 2426 2169 redire

1340 2176 1388 2219 ‘in
1422 2176 1685 2212 matrimonium
1719 2177 1848 2219 voluit,
1883 2177 2044 2222 partibus
2080 2177 2153 2213 suis
2187 2176 2288 2223 fungi
2321 2178 2422 2223 quasi

1339 2225 1522 2257 ‘renovata
1545 2221 1650 2256 dote’.

1383 2264 1434 2302 41
1469 2265 1629 2301 Panas
1668 2266 1759 2302 libro
1795 2267 1975 2312 triqen‘mo
2019 2267 2143 2311 quinto
2187 2267 2238 2302 ad
2269 2267 2422 2303 edictum

1337 2310 1581 2346 Promittendo
1613 2310 1731 2346 dotem
1763 2321 1884 2346 omnes
1917 2310 2136 2355 obligantur,
2169 2312 2424 2358 cuiuscumque

1341 2358 1355 2390 1
1406 2365 1511 2390 sexus
1536 2354 1753 2390 condicionis
1779 2364 1824 2389 ue
1847 2355 1928 2390 sint.
1965 2355 2035 2390 Sed
2058 2355 2089 2390 si
2112 2356 2257 2401 nuptiae
2277 2362 2422 2392 secutae

1337 2410 1411 2435 non
1432 2399 1576 2442 fuerint,
1601 2410 1644 2434 ex
1668 2399 1738 2444 stip
1777 2403 1839 2434 atu
1909 2399 1916 2407 '
1941 2410 2014 2435 non
2037 2404 2174 2445 potest:
2198 2402 2309 2446 magis
2329 2403 2421 2437 enim

1338 2447 1358 2479 2
1405 2454 1462 2479 res
1509 2454 1592 2479 uam
1621 2445 1729 2479 verba
1759 2444 1882 2479 intuen
1908 2455 1930 2479 a
1960 2449 2054 2479 sunt.
2101 2445 2250 2490 Accepti
2281 2457 2424 2492 quoque

1337 2489 1470 2525 latione
1509 2499 1548 2524 os
1561 2489 1799 2530 constituitur,
1822 2499 1903 2524 cum
1923 2489 2074 2525 debitori
2092 2490 2220 2526 marito
2233 2496 2421 2536 acceptum

1338 2537 1358 2569 3
1404 2533 1541 2569 feratur
1565 2533 1656 2569 dotis
1682 2533 1950 2569 constituendae
1974 2544 2093 2569 causa.
2150 2534 2187 2570 Si
2218 2545 2240 2570 a
2263 2535 2422 2572 debitore

1336 2579 1491 2614 mulieris
1524 2579 1590 2614 sub
1624 2578 1831 2614 condicione
1861 2579 1926 2614 dos
1957 2579 2186 2623 promittatur
2217 2583 2253 2616 et
2308 2585 2420 2624 ostea,

1337 2623 1400 2659 sed
1420 2627 1610 2668 antequam
1627 2624 1776 2658 maritus
1799 2627 1920 2668 petere
1938 2628 2069 2668 posset,
2091 2623 2230 2660 debitor
2252 2635 2292 2661 so
2307 2625 2422 2662 vendo

1337 2678 1414 2704 esse
1438 2667 1591 2710 desierit,
1616 2668 1727 2713 magis
1778 2668 1947 2703 ericulum
1973 2668 2019 2703 ad
2042 2668 2222 2704 mulierem
2242 2670 2421 2715 pertinere

1335 2714 1471 2758 placet:
1505 2723 1571 2748 nec
1596 2714 1688 2748 enim
1710 2713 1744 2747 vi
1770 2713 1821 2748 eri
1843 2713 2007 2748 maritum
2040 2723 2167 2748 nomen
2191 2718 2352 2750 secutum
2376 2725 2421 2751 eo

1335 2763 1504 2810 tempore,
1530 2768 1599 2803 quo
1614 2758 1751 2837 exigere
1775 2768 1847 2809 non
1858 2758 1989 2809 poterit
2005 2759 2043 2792 ¹⁷.
2068 2757 2163 2810 quod
2186 2759 2217 2794 si
2238 2759 2309 2794 iam
2332 2763 2419 2795 tunc

1336 2803 1492 2846 debitor,
1527 2813 1607 2838 cum
1640 2812 1683 2837 su
1741 2802 1947 2837 condicione
1978 2806 2217 2847 promitteret,
2250 2803 2421 2840 solvendo

1335 2858 1407 2883 non
1440 2847 1549 2882 fuerit
1565 2873 1574 2890 ,
1608 2847 1802 2892 periculum
1835 2846 1899 2881 viri
1934 2857 2031 2889 esse,
2067 2847 2162 2892 quod
2197 2848 2312 2884 sciens
2346 2849 2422 2885 tale

1335 2902 1464 2928 nomen
1497 2895 1642 2928 secutus
1676 2891 1874 2934 videretur,
1910 2892 2014 2937 quale
2058 2892 2158 2927 initio
2194 2893 2418 2938 obligationis

1335 2940 1354 2972 4
1401 2936 1519 2972 fuerit.
1574 2935 1613 2972 Si
1643 2935 1782 2971 debitor
1811 2936 1965 2971 mulieris
1996 2936 2114 2972 dotem
2152 2937 2353 2982 promiserit
2383 2942 2419 2973 et

1334 2981 1514 3017 mulierem
1534 2980 1697 3016 heredem
1717 2981 1780 3016 reli
1807 2981 1910 3023 uerit,
1923 2981 2045 3017 Labeo
2057 2981 2205 3027 perinde
2215 2982 2418 3018 habendum

1335 3027 1396 3069 ait,
1421 3036 1464 3062 ac
1487 3026 1518 3062 si
1541 3025 1667 3061 mulier
1688 3025 1767 3070 ipsa
1815 3030 1909 3061 otem
1939 3026 2171 3071 promisisset.
2212 3027 2313 3062 cuius
2336 3037 2416 3062 sen-

1334 3071 1482 3107 tentiam
1506 3070 1664 3105 Iulianus
1688 3081 1829 3116 quoque
1860 3070 2006 3123 probat:
2040 3081 2107 3106 nec
2139 3070 2230 3106 enim
2265 3081 2417 3116 aequum

1335 3126 1413 3151 esse
1436 3116 1497 3158 ait,
1521 3119 1562 3150 ut
1585 3115 1616 3150 ei
1639 3114 1828 3151 damnetur
1847 3125 1922 3151 eius
1940 3115 2112 3160 pecuniae
2134 3115 2286 3157 nomine,
2310 3126 2416 3161 quam

1334 3161 1414 3206 ipsa
1436 3159 1575 3201 debeat,
1601 3163 1636 3195 et
1659 3160 1746 3195 satis
1770 3170 1848 3195 esse
1871 3159 2141 3204 acceptilatione
2162 3170 2239 3195 eam
2261 3160 2405 3196 liberari

1381 3202 1435 3242 42
1462 3203 1585 3241 auos
1612 3203 1703 3239 libro
1738 3204 1924 3240 undecimo
1948 3204 1998 3239 ad
2020 3204 2172 3239 edictum
2189 3204 2416 3250 provinciale

1335 3249 1407 3285 Res
1430 3249 1468 3285 in
1491 3248 1607 3284 dotem
1632 3247 1747 3285 datae.
1772 3259 1863 3294 quae
1893 3248 2049 3293 pondere
2080 3259 2226 3284 numero
2250 3259 2417 3285 mensura

1335 3297 1513 3335 constant,
1536 3293 1653 3328 mariti
1709 3294 1840 3329 ericulo
1866 3297 1966 3334 sunt,
1991 3293 2075 3338 quia
2104 3293 2141 3328 in
2173 3294 2242 3329 hoc
2274 3293 2416 3336 dantur,

1334 3342 1376 3375 ut
1398 3348 1459 3374 eas
1482 3338 1630 3373 maritus
1654 3305 1706 3374 ad)
1723 3338 1907 3374 arbitrium
1926 3348 2029 3372 suum
2050 3338 2225 3373 distrahat
2244 3342 2279 3373 et
2325 3347 2414 3373 uan-

1335 3382 1452 3428 doque
1467 3382 1583 3418 soluto
1603 3383 1824 3418 matrimonio
1846 3381 2002 3418 eiusdem
2022 3383 2159 3434 generis
2179 3387 2215 3418 et
2235 3393 2282 3427 qu
2331 3383 2417 3418 tatis

1335 3427 1424 3463 alias
1446 3427 1611 3462 restituat
1633 3428 1689 3463 vel
1710 3428 1787 3473 ipse
1810 3427 1864 3463 vel
1887 3427 1988 3462 heres
2012 3437 2097 3462 ems.

1331 3542 1385 3581 (ιι)
1409 3540 1523 3582 itaque
1547 3541 1607 3574 ins.
2114 3562 2117 3565 -
2137 3541 2195 3581 (13)
2219 3539 2329 3572 dotem
2337 3545 2415 3582 post

1330 3584 1442 3628 perdit
1454 3585 1513 3618 ine.
1531 3583 1603 3619 F':
1626 3584 1735 3617 dotem
1747 3584 1813 3616 iam
1826 3584 2041 3616 constitutam
2053 3595 2115 3617 scr.
2223 3589 2280 3624 (u)
2304 3585 2353 3617 sic
2373 3583 2413 3624 S,

1332 3632 1482 3662 movetur
1495 3629 1529 3662 F
1536 3629 1557 3669 ¹,
1571 3629 1724 3662 medetur
1735 3627 1788 3662 F²
1887 3630 1945 3670 (ιδ)
1970 3638 2036 3670 qua
2047 3627 2101 3660 F²
2191 3631 2250 3669 (ιο)
2276 3638 2315 3661 ex
2335 3630 2412 3670 post

1334 3674 1422 3706 racto
1431 3672 1558 3706 dotales
1568 3674 1685 3712 factae,
1694 3672 1940 3706 deminutarmn
1950 3672 2114 3715 siquidem
2123 3674 2233 3715 pretia
2243 3672 2412 3715 peculium

1886 3720 1944 3757 (Π)
1968 3717 2119 3760 potuerit
2131 3717 2212 3750 Hal.

1708 3542 1766 3580 (12)
1790 3543 1941 3581 superest
1952 3551 2015 3572 scr.
