2528 3918
121 147 295 179 LEGATO

125 262 133 291 1
186 257 292 292 tacite
326 265 514 291 concessas
550 255 728 300 apparuit.
786 255 1015 290 Testamento
1050 256 1134 291 data
1164 256 1207 291 li-

119 304 254 338 bertate
277 301 454 346 peculium
479 300 658 345 legaverat
681 300 902 346 eundemque
931 305 1058 351 postea
1082 312 1206 336 manu-

118 348 277 382 miserat:
303 346 466 388 libertus,
499 350 539 380 ut
563 350 598 381 et
621 346 803 381 nominum
824 345 956 391 pecuhi
987 347 1146 383 actiones
1175 347 1207 382 ei

119 398 136 427 2
183 395 459 444 praestarentur,
485 402 528 426 ex
552 395 762 426 testamento
789 395 1036 437 consequetur.
1092 392 1206 427 Filius

117 437 279 478 famlias,
304 437 361 471 cui
384 440 488 481 pater
510 437 689 481 peculium
722 436 869 481 legavit,
907 446 1047 471 servum
1075 437 1206 482 peculii

117 483 192 518 vivo
216 486 319 527 patre
342 482 564 517 manumisit:
597 492 719 517 servus
745 482 939 517 communis
965 482 1119 518 omnium
1144 484 1205 518 he-

117 527 237 563 redum
252 531 306 562 est
322 530 506 572 exemptus
551 527 663 562 8011110
679 531 827 572 propter
843 527 906 562 filii
923 527 1205 571 destinationem,

117 573 199 618 quia
221 573 257 607 id
280 572 460 617 peculium
485 538 547 607 at?
554 572 766 618 legatarium
789 572 954 617 pertinet,
982 573 1076 618 quod
1101 574 1139 608 in
1165 584 1206 608 ea

117 628 226 654 causa
250 618 420 653 moriente
443 621 546 662 patre
569 617 786 653 inveniatur:

161 661 213 700 20
239 662 475 698 MARCJANUS
495 662 585 698 libro
609 663 760 709 septimo
785 663 1047 698 institutionum
1101 663 1205 698 nihil-

116 719 183 753 que
207 709 365 750 interest,
391 711 475 742 ante
498 708 647 752 legatus,
673 708 800 743 deinde
823 708 996 743 inutiliter
1013 709 1204 744 manumis-

116 765 175 789 sus
201 754 247 788 sit
271 764 317 788 an
341 756 477 788 contra.

161 797 209 835 21
239 798 440 834 Scaevoia
467 798 557 834 libro
582 802 706 834 octavo
732 799 979 844 quaestionum
1028 798 1065 834 Si
1082 798 1204 835 Sticho

114 845 327 879 manumisso
351 844 530 889 peculium
552 843 709 888 legatum
734 844 780 879 sit
812 847 847 878 et
871 844 964 879 Titio
997 855 1118 879 servus
1142 855 1203 889 pe-

116 890 269 932 culiaris,
303 893 476 934 quantum
499 889 638 934 peculio
664 890 862 924 detractum
887 889 954 924 erit
979 890 1023 924 ob
1048 890 1084 925 id
1109 890 1205 935 quod

115 935 254 970 domino
280 934 439 976 debetur,
465 938 605 969 tantum
631 934 661 969 ei
686 934 867 977 accedere,
895 935 952 970 cui
976 935 1128 970 vicarius
1153 935 1203 970 le-

113 985 216 1025 gatus
243 985 308 1022 est,
331 980 493 1015 Iulianus
518 980 580 1015 ait.

160 1023 213 1062 22
238 1025 370 1060 LABEO
401 1025 492 1060 libro
524 1025 680 1060 secundo
704 1026 951 1070 posteriorum
985 1037 1008 1060 a
1032 1025 1204 1061 Iavoleno

115 1073 388 1117 epitomatorum
435 1070 609 1105 Dominus
634 1081 772 1105 servum
797 1074 1009 1105 testamento
1032 1071 1204 1105 manumi-

114 1120 210 1151 serat
233 1119 269 1151 et
293 1116 325 1151 ei
348 1115 526 1160 peculium
550 1116 744 1160 legaverat:
776 1115 806 1151 is
832 1126 953 1151 servus
984 1116 1079 1151 mille
1102 1127 1203 1150 num-

114 1172 190 1197 mos
215 1161 355 1196 domino
381 1161 554 1195 debuerat
578 1169 612 1195 et
637 1171 697 1196 eos
722 1161 843 1196 heredi
874 1161 989 1196 solvit.
1038 1162 1205 1206 respondi

114 1218 235 1242 omnes
273 1217 332 1241 eas
364 1217 421 1241 res
455 1206 575 1241 deberi
606 1207 748 1249 orcino,
781 1207 811 1241 si
842 1207 1031 1251 pecuniam
1061 1207 1204 1242 orcinus

118 1256 127 1286 1
183 1263 288 1297 quam
313 1252 485 1286 debuerat
517 1251 690 1287 solvisset.
746 1252 920 1287 Dominus
953 1263 1110 1295 servum,
1145 1253 1205 1297 qui

114 1309 194 1333 cum
232 1307 272 1332 eo
310 1297 479 1331 vicarium
520 1308 741 1332 communem
783 1297 958 1339 habebat,
991 1301 1203 1332 testamento

113 1342 367 1377 manumiserat
390 1346 424 1376 et
446 1342 626 1386 peculium
651 1343 682 1377 ei
707 1343 904 1387 legaverat,
938 1342 1064 1378 deinde
1087 1343 1204 1388 ipsum

113 1387 301 1430 vicarium,
335 1387 394 1432 qui
420 1387 613 1422 communis
638 1392 734 1430 erat,
771 1388 978 1422 nominatim
1003 1392 1038 1423 et
1068 1388 1136 1433 ipsi
1169 1392 1205 1423 et

114 1434 263 1468 libertae
299 1443 386 1467 suae
417 1432 606 1477 legaverat.
662 1433 830 1477 respondi
865 1437 1003 1478 partem
1039 1437 1204 1478 quartam

112 1479 271 1520 libertae,
296 1478 469 1522 reliquam
492 1482 630 1522 partem
663 1480 846 1523 quartam¹
879 1479 997 1513 liberti
1028 1478 1202 1513 futuram:

115 1523 212 1569 quod
237 1527 273 1558 et
296 1523 499 1558 Trebatius.

162 1566 213 1606 23
240 1567 443 1604 SCAEVOLA
459 1568 551 1604 libro
569 1569 695 1614 quinto
715 1569 850 1603 decimo
868 1568 1088 1614 diqestorum
1127 1569 1203 1603 Do-

112 1614 225 1649 minus
251 1613 373 1648 Sticho
399 1624 499 1649 servo
525 1624 602 1656 suo,
637 1614 697 1659 qui
721 1614 816 1649 bona
840 1614 958 1649 liberti
981 1614 1056 1649 eius
1081 1615 1202 1659 gessit,

113 1660 170 1694 cui
193 1670 258 1704 pro
283 1662 386 1704 parte
411 1658 555 1694 dimidia
578 1663 792 1694 testamento
818 1659 921 1694 heres
947 1660 1142 1702 exstiterat,
1167 1660 1204 1694 in

113 1705 239 1750 quibus
263 1704 412 1749 negotiis
436 1705 544 1748 gestis
569 1708 605 1740 et
639 1705 848 1739 kalendaria
872 1705 1059 1747 fuerunt2,
1093 1709 1203 1740 testa—

112 1754 228 1785 mento
254 1760 319 1785 suo
336 1750 536 1784 libertatem
558 1750 715 1792 dederat,
741 1750 771 1785 si
789 1750 964 1785 rationem
981 1750 1203 1794 reddidisset,

112 1796 213 1840 eique
236 1795 415 1840 peculium
440 1805 543 1830 suum
566 1806 632 1839 per
654 1795 966 1831 fideicommissum
992 1796 1107 1831 dedit:
1134 1796 1204 1831 Sti-

112 1841 200 1876 chus
214 1851 381 1882 summas,
403 1841 532 1885 quibus
549 1841 743 1885 reliquatus
757 1845 833 1875 erat
844 1845 917 1875 tam
934 1851 978 1876 ex
995 1841 1203 1876 kalendario

112 1896 217 1931 quam
242 1896 286 1921 ex
310 1886 415 1921 variis
441 1886 577 1928 causis,
608 1886 762 1921 reddidit
785 1887 1010 1921 manentibus
1036 1886 1204 1921 debitori-

113 1933 189 1974 bus,
213 1942 279 1976 pro
306 1931 434 1983 quibus
458 1931 536 1975 ipse
559 1931 748 1976 pecuniam
773 1931 963 1967 heredibus
980 1932 1124 1976 patroni
1148 1943 1203 1967 re-

113 1976 270 2018 fuderat,
302 1976 572 2021 libertatemque
607 1976 758 2021 adeptus
791 1976 955 2011 decessit.
1005 1977 1205 2021 quaesitum

112 2026 176 2064 081,
202 2032 248 2056 311
273 2022 462 2057 heredibus
488 2022 599 2056 Stichi
624 2022 792 2057 adversus
817 2022 961 2057 nomina
992 2023 1203 2065 debitorum,

111 2078 174 2111 pro
201 2067 327 2112 quibus
353 2066 497 2102 Stichus
527 2067 715 2112 pecuniam
748 2067 939 2102 heredibus
975 2068 1118 2112 patroni
1149 2068 1203 2102 in-

111 2113 201 2154 tulit,
227 2112 375 2147 heredes
399 2113 542 2157 patroni
567 2123 610 2147 ex
636 2123 746 2147 causa
769 2113 1030 2148 fideicommissi
1049 2113 1202 2158 compel-

112 2157 203 2192 lendi
229 2158 298 2192 sint
322 2158 482 2193 actiones
497 2161 692 2203 praestare,
719 2169 800 2192 cum
816 2158 903 2192 nihil
921 2158 1016 2192 aliud
1041 2169 1063 2193 3
1080 2158 1202 2193 Sticho

110 2207 262 2247 patrono
313 2203 470 2237 debitum
515 2203 633 2237 fuerit.
707 2203 892 2248 respondit
936 2203 1201 2248 praestandum.

115 2252 124 2281 l
179 2248 407 2283 Testamento
440 2248 653 2283 codicillisve
686 2259 805 2283 servos
837 2249 1043 2283 manumisit
1075 2252 1111 2284 et
1139 2259 1204 2294 pe-

112 2294 206 2328 culia
229 2293 358 2338 legavit
383 2298 417 2328 et
442 2294 486 2328 de
510 2293 632 2328 Sticho
657 2294 708 2328 ita
733 2294 843 2329 cavit:
871 2294 1044 2329 ‘Stichum
1064 2305 1203 2329 servum

112 2343 237 2373 ‘meum
261 2339 412 2373 liberum
429 2349 507 2374 esse
530 2339 609 2374 volo
628 2339 729 2384 eique
745 2339 824 2374 volo
843 2339 919 2374 dari
937 2339 1058 2375 decem
1075 2350 1202 2374 aureos

112 2388 158 2418 ‘et
191 2384 362 2428 quidquid
395 2395 436 2419 ex
469 2385 608 2419 ratione
644 2384 844 2420 loculorum
882 2395 1042 2420 meorum
1074 2385 1201 2420 habet:

112 2429 277 2464 ‘rationes
303 2433 420 2464 autem
444 2429 634 2464 heredibus
658 2430 745 2465 meis
770 2430 847 2464 dari
871 2430 960 2465 volo.
1009 2430 1064 2465 his
1090 2430 1201 2464 omni-

122 2475 200 2515 bus,
226 2485 315 2519 quos
331 2475 400 2509 hoc
414 2478 627 2510 testamento
644 2475 844 2518 manumisi,
868 2476 1009 2520 peculia
1028 2486 1094 2510 sua
1117 2486 1201 2510 con-

112 2520 200 2554 ‘cedi
224 2520 326 2555 volo'.
377 2521 575 2565 quaesitum
601 2524 666 2563 est,
692 2531 749 2563 an,
776 2521 871 2573 quod
896 2521 1048 2565 amplius
1073 2521 1202 2556 rationi

111 2565 308 2600 loculorum
332 2565 368 2599 in
392 2565 483 2600 diem
503 2565 626 2601 mortis
652 2571 808 2610 erogavit
826 2566 967 2601 Stichus
993 2576 1036 2600 ex
1059 2566 1201 2611 peculio

112 2621 187 2652 suo,
214 2610 258 2644 ab
283 2610 472 2646 heredibus
497 2611 655 2655 recipere
680 2612 818 2654 debeat,
846 2622 925 2646 cum
950 2622 993 2646 ex
1011 2615 1201 2647 consuetu-

112 2655 191 2690 dine
216 2655 341 2690 domus
367 2660 471 2698 esset,
497 2660 538 2690 ut
562 2656 732 2701 quidquid
757 2657 908 2701 amplius
934 2666 977 2690 ex
1002 2667 1066 2691 suo
1083 2657 1120 2691 in
1143 2667 1201 2691 ra-

113 2700 207 2736 tione
230 2701 429 2736 loculorum
454 2705 645 2745 erogasset,
678 2701 854 2736 dominica
884 2702 976 2736 ratio
1002 2702 1035 2736 ei
1060 2701 1204 2737 deberet

112 2749 218 2790 atque
243 2746 448 2781 exsolveret.
496 2746 679 2791 respondit
695 2746 892 2782 secundum
909 2757 961 2788 ea,
987 2756 1078 2791 quae
1094 2758 1202 2826 prolp-

112 2795 166 2826 ter
190 2791 479 2826 consuetudinem
504 2796 804 2836 proponerentur,
838 2791 874 2826 id
899 2801 1039 2836 quoque
1089 2802 1154 2826 ecu
1169 2793 1201 2827 io

111 2836 226 2880 legato
262 2837 455 2879 contineri,
501 2837 596 2881 quod
629 2838 687 2871 et³
723 2837 898 2872 dominica
933 2836 1025 2871 ratio
1084 2837 1204 2872 eberet

113 2884 131 2914 2
180 2885 215 2916 et
238 2881 343 2917 solita
368 2886 445 2917 erat
467 2882 626 2917 reddere.
677 2882 792 2918 Servis
809 2882 994 2917 libertates
1015 2882 1203 2926 legataque

114 2926 258 2961 dederat
282 2930 316 2961 et
340 2927 584 2964 condicionem
606 2927 658 2962 ita
683 2927 892 2972 scripserat:
920 2923 1037 2962 ‘b'oovs
1062 2926 1201 2961 κατέλι-

111 2970 195 3005 “πον
207 2970 413 3018 ἐλευθέρους
438 2976 497 3006 καὶ
520 2972 566 3007 τὰ
590 2971 725 3019 ληγάτα
752 2968 879 3015 αὐτοῖς,
903 2971 1049 3007 τούτους
1071 2970 1202 3016 βούλο-

111 3014 116 3023 “
123 3031 188 3060 μαι
212 3016 304 3050 εἶναι
328 3013 626 3056 ανεξετάστουέ4.
676 3018 876 3063 quaesitum
901 3022 966 3059 est,
991 3028 1039 3052 an
1061 3017 1204 3062 peculia

113 3072 252 3107 quoque
275 3062 393 3107 legata
424 3063 479 3099 his
511 3064 736 3098 videbuntur.
792 3074 848 3098 res
877 3063 976 3098 ondit
1008 3063 1203 3098 secundum

114 3110 132 3140 3
180 3118 222 3142 ea
254 3118 345 3152 quae
376 3112 662 3153 proponerentur
697 3119 769 3144 non
800 3109 834 3143 vi
861 3109 911 3143 eri
934 3108 1063 3152 legata.
1114 3109 1203 3143 Item

114 3152 312 3196 quaesitum
337 3158 401 3195 est,
427 3163 473 3188 an
498 3165 540 3188 ex
563 3154 675 3189 isdem
709 3154 825 3189 verbis
856 3154 993 3198 reliqua
1024 3153 1203 3188 rationum

114 3197 214 3241 quasi
237 3197 354 3242 legata
378 3198 530 3234 retinere
552 3200 710 3244 possint,
747 3201 834 3234 aut⁵
864 3200 893 3234 si
925 3209 981 3234 res
1007 3198 1203 3234 dominicas

114 3242 209 3286 apud
232 3252 270 3277 se
293 3243 501 3286 habuerint,
538 3249 619 3286 aut,
653 3244 683 3279 si
716 3245 776 3290 qui
809 3254 930 3279 eorum
957 3244 1074 3279 coloni
1097 3255 1202 3289 prae-

115 3287 251 3321 diorum
285 3287 446 3331 fuerunt,
490 3290 691 3334 pensiones.
758 3289 942 3334 respondit
982 3299 1092 3335 supra
1127 3300 1201 3325 res-

140 3342 274 3366 onsum.

113 3342 136 3375 p
160 3374 213 3412 24
246 3376 438 3413 ULPIANUS
459 3378 549 3413 libro
585 3379 866 3425 quadraqesimo
892 3381 996 3415 tertio
1021 3380 1071 3415 ad
1100 3379 1203 3416 Sabe·-

116 3490 157 3531 (1)
181 3492 333 3531 quartam
347 3491 408 3524 del.
422 3491 573 3535 Krueyer
665 3495 706 3534 (2)
731 3493 866 3526 fuerant
878 3492 929 3526 F2
1027 3495 1070 3535 (3)
1095 3494 1126 3527 ei
1138 3507 1200 3527 scr.

116 3537 159 3576 (4)
187 3536 222 3567 id
234 3543 295 3568 est:
308 3545 390 3576 quos
407 3534 529 3568 liberos
541 3536 664 3579 reliqui
676 3538 864 3581 quibusque
875 3537 986 3580 legata
999 3539 1086 3581 dedi,
1107 3540 1148 3572 ab
1159 3540 1201 3572 iis

116 3579 261 3612 rationes
273 3580 362 3622 exigi
372 3580 451 3613 nolo
544 3584 584 3621 (5)
610 3586 669 3615 aut
682 3585 744 3617 del.

163 3628 206 3663 (6)
232 3626 410 3663 Sab.1...e;
426 3626 509 3669 Pap.
525 3634 550 3659 7.
563 3645 609 3649 ——
621 3628 706 3661 Bas.
722 3631 775 3667 44,
788 3635 831 3662 12.
949 3630 991 3670 (Ἰ)
1017 3630 1058 3672 cs.
1075 3629 1201 3663 Gellius

117 3671 150 3711 4,
163 3677 175 3703 1
254 3672 297 3711 (8)
320 3670 479 3710 (Quintus
490 3671 656 3712 Scaevola)
669 3673 781 3706 Penus
794 3676 852 3715 est,
865 3673 987 3715 inquit,
1008 3673 1097 3716 quod
1110 3684 1199 3707 escu-

119 3714 244 3747 lentum
257 3718 315 3747 aut
325 3714 556 3757 posculentum
569 3719 627 3759 est,
646 3718 735 3758 quod
750 3719 855 3761 ipsius
866 3719 971 3761 patris
984 3719 1127 3751 familias
1142 3722 1201 3751 aut

119 3760 231 3791 matris
243 3759 384 3792 familias
398 3762 468 3802 (aut
487 3761 601 3793 matris
624 3762 767 3796 familias
787 3775 847 3797 om.
870 3765 959 3805 libri)
979 3766 1038 3797 aut
1057 3763 1198 3797 liberum

1209 130 1293 178 475

2061 134 2254 176 XXXIII
2285 136 2323 176 8.
2341 136 2366 176 9

1278 267 1363 291 num
1411 256 1449 291 Si
1471 256 1610 301 legatus
1634 255 1742 292 fuerit
1755 266 1889 299 servus,
1913 256 2091 302 peculium
2108 256 2272 302 excipere
2295 268 2367 293 non

1278 305 1333 337 est
1356 311 1511 344 necesse,
1537 302 1622 346 quia
1644 312 1719 337 non
1742 301 1912 346 sequitur,
1938 302 2006 338 nisi
2029 302 2176 348 legetur.

1325 344 1377 384 25
1406 346 1550 383 Casus
1570 347 1661 383 libro
1685 358 1780 382 nono
1805 346 1939 382 decimo
1964 348 2184 394 dz'qestorum
2232 347 2269 383 Si
2293 359 2366 384 ser-

1277 403 1341 427 vus
1366 392 1455 428 liber
1480 403 1558 428 esse
1580 391 1700 427 iussus
1725 392 1772 427 sit
1796 391 1897 436 eique
1920 393 2099 437 peculium
2130 393 2286 439 legatum
2309 393 2366 437 sit,

1276 438 1489 474 vicariorum
1514 437 1588 473 eius
1613 437 1736 473 vicarii
1759 437 1876 482 legato
1903 439 2139 474 continentur.

1323 480 1375 521 26
1401 482 1603 518 SCAEVOLA
1629 483 1720 519 libro
1747 483 1850 518 tertio
1881 494 2134 535 responsorum
2190 484 2274 519 ‘Titi
2305 484 2366 527 fili,

1277 531 1307 563 ‘e
1338 528 1453 564 medio
1485 529 1684 573 praecipito
1719 527 1848 563 sumito
1884 528 2019 573 tibique
2058 530 2188 564 habeto
2225 529 2366 565 domum

1276 573 1394 615 ‘illam,
1419 574 1503 608 item
1527 584 1656 609 aureos
1683 574 1854 609 centum':
1881 574 1950 608 alio
1976 574 2102 609 deinde
2118 575 2234 619 capite
2257 586 2365 620 pecu-

1275 618 1323 654 lia
1345 618 1426 653 filiis
1450 619 1679 664 praelegavit.
1728 619 1929 664 quaesitum
1946 623 2009 661 est,
2036 630 2081 654 an
2097 620 2237 663 peculio
2262 631 2365 665 prae-

1274 664 1390 708 legato
1417 667 1452 698 et
1485 668 1626 699 centum
1659 665 1758 699 aurei
1796 667 1831 699 et
1861 675 1993 699 usurae
2029 675 2149 699 eorum
2182 665 2366 708 debentur,

1275 720 1355 744 cum
1378 709 1579 745 rationibus
1603 710 1787 745 breviariis
1810 709 1847 743 in
1871 719 1954 744 aere
1978 710 2094 744 alieno
2120 715 2155 745 et
2176 715 2307 746 sortem
2333 715 2367 746 et

1273 765 1403 789 usuras
1427 755 1520 790 inter
1553 759 1691 790 ceteros
1724 754 1917 790 creditores
1949 755 2155 800 complexus
2187 757 2243 790 sit.
2292 766 2365 791 res-

1271 799 1408 851 pondit,
1433 800 1463 834 si
1486 799 1521 835 id
1544 799 1670 835 faenus
1694 800 1836 835 nomine
1860 800 1921 835 filii
1945 801 2162 835 exercuisset
2185 805 2219 835 et
2242 812 2367 837 usuras

1271 848 1333 887 ita,
1357 849 1399 880 ut
1421 850 1692 890 proponeretur,
1717 845 1790 880 filio
1809 845 2069 890 adscripsisset,
2095 845 2130 880 id
2148 857 2288 892 quoque
2304 858 2365 892 pe-

1274 890 1369 926 culio
1395 891 1511 935 legato
1539 891 1669 926 deberi.

1739 1028 1856 1066 V1111
1867 1025 1892 1066 ⁶.

1603 1093 1666 1125 DE
1690 1093 1816 1126 PENU
1839 1093 2033 1127 LEGATA.

1323 1158 1340 1196 1
1377 1159 1572 1195 ΖΠΗ-411108
1608 1159 1699 1195 libro
1740 1160 1906 1195 vicesimo
1947 1164 2078 1205 quarto
2114 1161 2163 1196 ad
2193 1161 2366 1198 Sabinum

1274 1205 1384 1240 Uxori
1409 1215 1496 1240 suae
1519 1205 1556 1240 in
1588 1215 1701 1240 annos
1734 1205 1891 1250 singulos
1923 1205 2067 1250 penoris
2100 1206 2234 1251 aliquid
2264 1207 2367 1243 heres

1274 1251 1359 1286 dare
1382 1251 1499 1286 iussus
1526 1254 1590 1292 est,
1617 1251 1646 1285 si
1670 1261 1743 1285 non
1769 1250 1933 1292 dedisset,
1966 1262 2126 1287 nummos
2158 1252 2245 1287 dare
2269 1253 2367 1287 dam-

1274 1299 1380 1331 natus
1405 1299 1477 1331 est:
1511 1296 1705 1341 quaeritur,
1737 1307 1784 1331 an
1806 1306 1920 1341 penus
1945 1296 2064 1341 legata
2086 1297 2160 1342 peti
2183 1298 2298 1342 possit
2322 1309 2368 1333 an

1273 1352 1356 1377 vero
1382 1341 1602 1376 solummodo
1628 1341 1675 1376 sit
1697 1341 1734 1376 in
1756 1341 2001 1386 praestatione
2026 1346 2079 1385 et,
2113 1342 2143 1377 si
2167 1354 2240 1378 non
2262 1354 2366 1388 prae-

1274 1390 1400 1429 stetur,
1425 1390 1512 1421 tunc
1537 1386 1718 1431 quantitas
1741 1390 1898 1432 petatur.
1956 1391 1991 1422 et
2021 1387 2051 1422 si
2083 1388 2223 1433 quidem
2259 1390 2367 1424 semel

1272 1442 1387 1476 penus
1412 1432 1458 1467 sit
1482 1432 1611 1476 legata,
1636 1443 1709 1467 non
1731 1442 1796 1477 per
1820 1432 1978 1476 singulos
2003 1443 2134 1476 annos,
2170 1437 2266 1469 certo
2290 1435 2368 1470 iure

1273 1477 1418 1519 utimur,
1451 1481 1492 1511 ut
1516 1481 1551 1512 et
1574 1477 1768 1512 Marcellus
1793 1478 1884 1513 libro
1916 1478 2096 1523 trigesimo
2126 1490 2220 1514 nono
2253 1480 2367 1524 diges-

1273 1527 1391 1557 torum
1426 1522 1524 1567 apud
1558 1522 1736 1557 Iulianum
1771 1526 1892 1565 notat,
1934 1524 1973 1558 in
2006 1524 2250 1568 praestatione
2291 1535 2368 1561 esse

1274 1568 1461 1603 dumtaxat
1491 1578 1642 1613 penum,
1684 1569 1920 1613 quantitatem
1951 1579 2035 1604 vero
2079 1574 2113 1604 et
2143 1571 2218 1615 peti
2276 1581 2366 1606 osse.

1273 1613 1421 1648 habebit
1443 1613 1552 1657 igitur
1575 1613 1678 1649 heres
1704 1614 1920 1650 oblationem
1944 1615 2098 1657 tamdiu,
2131 1626 2237 1660 quam
2263 1616 2300 1650 iu
2324 1616 2367 1651 lis

1274 1670 1354 1694 cum
1380 1669 1420 1694 eo
1447 1659 1491 1694 de
1513 1659 1669 1704 pecunia
1693 1663 1925 1702 contestetur,
1950 1660 2019 1695 nisi
2043 1659 2138 1695 forte
2163 1661 2261 1695 aliud
2278 1666 2366 1696 tem-

1273 1715 1340 1749 pus
1364 1704 1420 1740 vel
1443 1708 1561 1740 mente
1592 1705 1646 1739 vel
1678 1705 1795 1740 verbis
1820 1708 1972 1741 testator
2000 1706 2217 1750 praestituit.
2273 1707 2366 1751 quod

1273 1750 1303 1784 si
1327 1750 1364 1784 in
1388 1760 1501 1784 annos
1535 1749 1691 1794 singulos
1723 1760 1838 1795 penus
1867 1750 1985 1795 legata
2016 1750 2080 1794 sit,
2112 1761 2178 1796 per
2209 1752 2366 1796 singulos

1274 1806 1387 1830 annos
1411 1805 1526 1839 penus
1551 1795 1670 1830 adhuc
1693 1795 1826 1840 poterit
1848 1796 2036 1840 praestari,
2062 1796 2093 1831 si
2117 1796 2244 1839 minus,
2271 1808 2365 1832 sum-

1274 1851 1351 1875 mae
1375 1850 1440 1885 per
1465 1840 1622 1885 singulos
1646 1851 1760 1876 annos
1784 1844 1962 1886 petentur.
2011 1841 2096 1886 quid
2121 1852 2217 1886 ergo,
2242 1842 2272 1878 si
2295 1853 2367 1878 una

1274 1896 1412 1920 summa
1436 1886 1555 1930 legata
1579 1886 1626 1920 sit
1650 1890 1686 1921 et
1708 1885 1823 1930 primo
1847 1896 1961 1931 penus
1994 1897 2066 1921 non
2095 1887 2141 1922 sit
2170 1888 2368 1932 praestita?

1274 1935 1392 1965 utrum
1417 1935 1494 1966 tota
1511 1941 1649 1966 summa
1664 1931 1848 1974 debeatur,
1874 1932 1977 1976 quasi
1993 1935 2069 1967 toto
2085 1933 2232 1976 penoris
2250 1933 2366 1978 legato

1273 1976 1470 2019 transfuso,
1495 1987 1542 2011 311
1565 1987 1648 2011 vero
1674 1975 1856 2021 quantitas
1879 1977 1985 2021 primi
2009 1978 2094 2012 anni
2109 1978 2366 2014 aestimationis

1273 2022 1351 2057 sola
1376 2022 1422 2057 sit
1445 2022 1631 2064 translata,
1664 2022 1822 2057 dubitari
1853 2026 1985 2067 potest.
2041 2026 2129 2067 puto
2161 2027 2280 2058 tamen
2316 2025 2365 2059 sic

1272 2068 1492 2102 voluntatem
1512 2067 1729 2112 sequendam
1745 2067 1939 2110 testatoris,
1964 2071 2006 2102 ut
2021 2072 2098 2103 tota
2115 2079 2253 2104 summa
2272 2069 2366 2111 ilico,

1272 2116 1462 2157 postquam
1488 2113 1679 2148 cessaverit
1709 2113 1812 2148 heres
1838 2112 1923 2148 dare
1946 2124 2078 2158 penum
2109 2114 2231 2157 uxori,
2263 2125 2366 2160 prae-

1273 2162 1395 2200 stetur,
1421 2158 1562 2193 heredis
1586 2157 1812 2194 indevotione
1837 2159 2045 2194 coercenda.

1318 2201 1343 2239 2
1368 2203 1605 2239 MAROIANUS
1626 2203 1717 2240 libro
1743 2205 1847 2238 tercio
1878 2204 2089 2250 reqularum
2137 2204 2236 2240 Penu
2270 2210 2367 2241 certa

1273 2260 1353 2283 cum
1377 2249 1471 2283 vasis
1497 2249 1603 2284 certis
1626 2249 1744 2294 legata
1761 2252 1796 2283 et
1820 2253 2031 2294 consumpta
2054 2261 2100 2285 ne
2115 2261 2201 2285 vasa
2225 2251 2366 2296 quidem

1273 2294 1404 2329 cedunt
1428 2294 1545 2338 legato
1571 2294 1732 2339 exemplo
1756 2294 1900 2338 peculii.

1319 2337 1342 2376 3
1371 2341 1383 2360 ⁷
1399 2339 1594 2374 ULPJANUS
1621 2339 1711 2374 libro
1736 2340 1902 2374 vicesimo
1926 2339 2084 2375 secundo
2116 2341 2166 2375 ad
2189 2340 2364 2376 Sabinum

1273 2384 1340 2428 Qui
1363 2395 1494 2429 penum
1518 2385 1613 2429 legat
1636 2384 1722 2430 quid
1732 2384 1851 2429 legato
1877 2385 2147 2429 complectatur,
2172 2386 2364 2422 videamus.

1273 2435 1308 2464 01
1332 2430 1485 2474 Quintus
1510 2430 1652 2466 Mucius
1677 2430 1801 2465 scribit
1823 2430 1913 2465 libro
1946 2430 2104 2465 secundo
2134 2431 2221 2466 iuris
2255 2432 2365 2468 civilis

1298 2486 1365 2510 enu
1390 2476 1507 2520 legata
1520 2475 1705 2517 contineri,
1754 2485 1823 2510 uae
1841 2476 1916 2510 esui
1939 2476 2111 2520 potuique
2123 2480 2208 2511 sunt
2219 2478 2242 2511 ⁸.
2272 2477 2365 2512 idem

1272 2487 1425 2556 gabinus
1450 2521 1548 2555 libris
1574 2520 1621 2555 ad
1644 2520 1726 2556 Vite
1754 2520 1826 2555 ium
1851 2521 1985 2556 scribit.
2026 2531 2116 2565 quae
2140 2522 2286 2564 harum,
2311 2523 2364 2557 111-

1272 2566 1359 2610 quit,
1383 2566 1497 2611 patris
1522 2565 1677 2601 familiae
1701 2566 1848 2602 uxoris⁹
1871 2566 2106 2601 liberorumve
2130 2566 2206 2603 eius
2231 2569 2286 2603 vel
2310 2567 2363 2603 fa-

1272 2611 1401 2653 miliae,
1434 2621 1525 2656 quae
1551 2612 1647 2646 circa
1671 2622 1732 2647 eos
1764 2621 1841 2646 esse
1865 2611 1974 2653 solet,
2007 2611 2090 2646 item
2114 2612 2363 2655 iumentorum,

1275 2660 1287 2690 'l
1340 2666 1433 2701 quae
1469 2656 1635 2691 dominici
1670 2667 1756 2691 usus
1793 2666 1904 2691 causa
1937 2660 2067 2701 parata
2099 2661 2184 2692 sunt
2197 2659 2235 2693 ¹⁰.
2296 2658 2364 2693 Sed

1271 2702 1391 2737 Aristo
1417 2705 1521 2736 notat
1544 2702 1650 2737 etiam
1675 2712 1766 2746 quae
1791 2701 1866 2736 esui
1889 2702 2062 2747 potuique
2074 2713 2146 2737 non
2170 2707 2255 2738 sunt
2279 2715 2362 2739 con-

1272 2747 1376 2781 tineri
1407 2747 1542 2791 legato,
1579 2751 1620 2781 ut
1642 2751 1732 2792 puta
1765 2756 1823 2788 ea,
1859 2746 1896 2780 in
1928 2748 2055 2791 quibus
2089 2757 2167 2783 esse
2196 2749 2363 2792 solemus,

1273 2792 1388 2827 oleum
1412 2792 1514 2834 forte,
1550 2803 1674 2836 garum
1698 2792 1847 2826 muriam
1862 2793 1885 2812 ¹¹
1919 2793 1987 2827 mel
2016 2796 2206 2838 ceteraque
2237 2795 2291 2830 his
2316 2795 2363 2830 si-

1273 2840 1292 2871 2
1339 2837 1446 2872 milia.
1493 2837 1606 2872 Plane
1629 2837 1761 2882 inquit,
1795 2837 1825 2872 si
1854 2847 1969 2882 penus
2003 2839 2186 2874 esculenta
2216 2839 2363 2884 legetur,

1272 2882 1392 2917 Labeo
1415 2882 1506 2917 libro
1532 2893 1626 2918 nono
1650 2882 1888 2927 posteriorum
1911 2883 2037 2918 scribit
2058 2883 2147 2919 nihil
2159 2895 2280 2920 eorum
2306 2895 2362 2920 ce-

1273 2927 1367 2969 dere,
1393 2928 1476 2972 quia
1499 2938 1570 2962 non
1594 2928 1684 2963 haec
1708 2937 1796 2970 esse,
1821 2928 1884 2963 sed
1906 2938 1973 2973 per
1995 2939 2039 2964 ea
2060 2929 2226 2965 solemus.
2275 2931 2361 2965 Tre—

1272 2972 1391 3008 batius
1415 2972 1452 3006 in
1475 2973 1578 3007 melle
1603 2976 1729 3007 contra
1753 2973 1888 3015 scribit,
1912 2974 2051 3017 merito,
2085 2975 2168 3019 quia
2191 2976 2260 3010 mel
2285 2987 2363 3011 esse

1272 3018 1437 3053 solemus.
1499 3018 1561 3053 sed
1585 3018 1761 3052 Proculus
1794 3019 1912 3054 omnia
1942 3019 2032 3055 haec
2064 3021 2237 3056 contineri
2266 3025 2362 3056 recte

1272 3063 1413 3103 scribit,
1459 3063 1528 3097 nisi
1575 3062 1756 3098 contraria
1803 3075 1902 3100 mens
1942 3065 2126 3101 testatoris
2176 3070 2359 3111 appareat.

1273 3111 1291 3143 3
1343 3108 1594 3150 12Ε8011181113,
1629 3112 1748 3143 utrum
1781 3119 1824 3144 ea
1855 3120 1947 3155 quae
1972 3121 2067 3154 esse,
2102 3121 2147 3146 an
2173 3116 2208 3146 81
2232 3121 2274 3146 83
2296 3122 2362 3155 per

1273 3163 1364 3198 quae
1377 3163 1454 3188 esse
1472 3153 1638 3195 solemus,
1655 3153 1850 3198 legaverit?
1875 3159 1909 3190 et
1926 3166 1968 3190 ea
1987 3167 2128 3201 quoque
2139 3157 2254 3200 legato
2276 3167 2359 3190 con·

1271 3198 1375 3233 tineri
1401 3198 1627 3242 credendum,
1652 3199 1719 3233 nisi
1745 3201 1924 3235 contraria
1949 3212 2047 3236 mens
2070 3201 2183 3246 patris
2207 3201 2360 3236 familias

1272 3243 1455 3279 doceatur.
1502 3244 1608 3279 mella
1640 3247 1735 3280 certe
1767 3255 1905 3291 semper
1936 3247 2140 3281 esculentae
2170 3247 2277 3290 penui
2303 3257 2358 3280 08-

1272 3289 1365 3329 dere,
1402 3289 1555 3324 lacertas
1579 3300 1721 3334 quoque
1745 3301 1826 3325 cum
1849 3292 1964 3326 muria
1995 3301 2060 3327 sua
2091 3291 2262 3326 contineri
2293 3301 2359 3325 nec

1272 3337 1292 3368 4
1339 3333 1461 3368 Labeo
1486 3335 1637 3379 negavit.
1685 3335 1924 3371 Poculenta¹³
1953 3347 2047 3381 penu
2080 3347 2140 3378 ea,
2174 3346 2265 3381 quae
2289 3336 2359 3370 vini

1271 3379 1351 3415 loco
1363 3383 1467 3424 pater
1478 3378 1632 3416 familias
1650 3380 1788 3423 habuit,
1804 3382 2090 3424 continebuntur,
2105 3391 2214 3426 supra
2226 3381 2359 3426 scripta

1270 3494 1375 3536 patris
1386 3493 1530 3526 familias
1542 3495 1602 3527 aut
1612 3494 1759 3528 familiae
1773 3497 1845 3535 (aut
1852 3494 1998 3527 familiae
2011 3507 2068 3528 om.
2081 3495 2167 3535 libri)
2181 3495 2261 3536 eius,
2276 3505 2358 3535 quae

1271 3540 1383 3581 (quam
1397 3539 1486 3580 libri)
1499 3539 1627 3573 circum
1639 3551 1692 3573 eos
1704 3542 1763 3574 aut
1773 3540 1897 3574 liberos
1909 3539 1979 3572 eius
1991 3542 2039 3572 est
2052 3542 2084 3572 et
2096 3550 2178 3582 opus
2191 3550 2258 3572 non
2267 3540 2357 3580 facit,

1270 3594 1369 3617 causa
1378 3586 1532 3626 paratum
1544 3587 1593 3618 est
1607 3585 1734 3620 Gellius
1798 3587 1841 3627 (9)
1867 3585 2020 3618 uxorisve
2031 3596 2093 3617 scr.
2161 3586 2219 3625 ¹210)
2245 3585 2356 3617 Masu-

1270 3630 1340 3661 rius
1349 3629 1491 3661 Sabinus
1503 3629 1539 3662 in
1551 3630 1636 3662 iuris
1647 3629 1757 3663 civilis
1768 3630 1912 3662 secundo
1927 3630 2026 3662 etiam
2036 3629 2124 3670 quod
2133 3629 2354 3662 iumentorum

1270 3685 1368 3707 causa
1387 3677 1583 3716 apparatum
1603 3678 1686 3708 esset
1695 3703 1703 3717 ,
1730 3675 1850 3717 quibus
1873 3675 2024 3707 dominus
2044 3676 2195 3707 uteretur
2203 3700 2212 3716 ,
2239 3675 2356 3717 penori

1269 3719 1467 3752 attributum
1481 3720 1563 3753 dicit
1580 3721 1705 3754 Gellius
1765 3723 1818 3760 (11)
1843 3719 1951 3751 muria
1966 3720 1999 3751 F'
2047 3721 2102 3756 (12)
2130 3721 2291 3763 trzlz‘asere
2304 3733 2355 3753 ex-

1270 3766 1435 3798 ciderunt:
1452 3766 1635 3808 quaeritur,
1644 3766 1766 3808 inquit,
1778 3765 1835 3806 qui
1844 3764 1968 3806 legavit
2016 3766 2072 3803 (13)
2091 3764 2281 3805 posculenta
2292 3778 2353 3798 scr.

2017 3822 2079 3854 60*
