2528 3918
151 117 447 161 xxxxvlm
479 85 549 161 16(
570 122 620 160 17

203 239 253 278 12
277 240 421 277 Macen
450 241 541 277 libro
567 242 690 287 primo
720 240 766 276 de
799 252 839 276 rc
870 241 1021 277 militari
1073 240 1239 276 Officium

151 287 304 329 regentis
330 287 525 322 exercitum
549 296 621 321 non
644 290 783 321 tantum
807 287 844 321 in
868 286 988 322 danda
1000 290 1021 329 ¹,
1047 286 1110 321 sed
1134 286 1240 321 etiam

159 339 166 366 1
219 333 257 367 111
282 332 504 367 observanda
527 331 716 376 disciplina
739 331 909 366 constitit.
950 331 1128 366 Paternus
1152 341 1240 375 quo-

153 387 222 421 que
250 377 397 422 scripsit
425 377 557 412 debere
585 386 683 418 eum,
717 376 778 421 qui
806 386 845 412 se
875 376 1072 412 meminerit
1103 380 1240 411 armato

151 432 337 467 praeesse,
370 422 578 466 parcissime
602 425 838 457 commeatum
861 421 964 464 dare,
997 431 1126 466 equum
1149 421 1240 455 mili·

151 473 266 502 tarem
290 470 392 501 extra
415 466 632 511 provinciam
650 466 733 502 duci
753 477 825 502 non
869 466 1058 509 emittere,
1083 465 1129 500 ad
1150 476 1241 511 opus

151 513 329 557 privatum
373 511 550 556 piscatum
590 514 757 546 venatum
835 511 844 520 ’
860 512 943 547 110111
980 522 1053 546 11011
1087 510 1240 546 111111010.

151 567 236 592 110111
273 557 311 591 111
351 556 539 601 disciplina
570 557 724 601 Augusti
758 556 811 592 ita
842 559 1004 592 cavetur:
1042 555 1134 591 ‘Etsi
1166 556 1241 591 scio

153 602 353 636 ‘fabrilibus
386 602 554 646 operibus
585 601 743 637 exerceri
779 601 907 637 milites
941 612 1013 636 non
1044 611 1124 636 esse
1155 600 1241 636 alie-

158 651 267 690 ¹num,
298 657 422 682 vereor
453 651 589 690 tamen,
621 647 652 682 si
682 647 871 691 quicquam
899 646 1112 690 permisero,
1145 645 1242 690 quod

153 693 202 727 ‘in
225 702 330 727 usum
353 702 471 727 meum
494 695 558 727 aut
586 695 687 727 tuum
715 693 796 734 fiat,
829 702 874 727 ne
904 691 1030 727 modus
1059 691 1098 726 in
1130 701 1173 726 ea
1203 700 1242 726 re

153 740 173 772 2
220 739 305 772 ‘non
335 737 568 779 adhibeatur,
601 737 662 782 qui
692 737 777 771 mihi
802 737 849 772 sit
871 735 1105 771 tolerandus’.
1153 735 1241 771 Offi-

152 782 248 817 cium
272 782 497 826 tribunprum
521 785 577 818 est
599 782 654 818 vel
678 792 819 823 eorum,
853 781 913 827 qui
942 780 1115 816 exercitui
1137 791 1242 826 prae-

152 832 248 868 sunt,
272 827 402 862 milites
425 827 464 863 in
488 827 616 863 castris
641 827 842 869 continere,
875 826 920 861 ad
953 826 1243 862 exercitationem

152 872 370 918 producere,
407 873 524 907 claves
555 876 741 918 portarum
778 871 976 916 suscipere,
1015 871 1153 916 vigilias
1187 871 1242 906 in-

152 917 292 953 terdum
335 918 541 959 circumire,
584 916 925 952 frumentationibus
963 916 1242 952 commilitonum

151 964 340 1006 interesse,
380 963 598 998 frumentum
658 963 803 1004 robare,
840 972 1044 997 mensorum
1079 961 1242 997 fraudem

153 1018 339 1050 coercere,
364 1007 496 1043 delicta
518 1018 627 1043 secun
653 1018 713 1041 um
737 1016 824 1042 suae
847 1006 1074 1042 auctoritatis
1098 1007 1242 1042 modum

153 1054 350 1098 castigare,
385 1052 570 1133 princifliis
600 1053 807 1097 frequenter
835 1052 1027 1094 interesse,
1065 1052 1242 1096 querellas

152 1098 431 1134 commilitonum
455 1108 501 1132 au
528 1099 590 1139 ire,
615 1097 893 1132 valetudinarios
917 1097 1103 1142 inspicere.

202 1142 251 1179 13
282 1142 391 1178 Imm
424 1143 516 1178 libro
554 1143 712 1178 secundo
748 1142 793 1177 de
828 1153 870 1177 re
906 1143 1059 1177 militari
1109 1142 1242 1178 Milites

150 1198 275 1233 agrum
308 1198 516 1234 comparare
547 1188 783 1232 prohibentur
819 1187 855 1222 in
891 1197 935 1222 ea
967 1187 1168 1232 provincia,
1205 1187 1242 1222 in

152 1243 224 1278 qua
255 1233 385 1269 bellica
416 1243 527 1279 opera
555 1236 749 1278 peragunt,
782 1232 921 1268 scilicet
949 1243 994 1268 ne
1024 1233 1142 1268 studio
1167 1233 1242 1267 cul-

151 1283 256 1313 turae
285 1278 413 1313 militia
443 1288 511 1313 sua
541 1282 748 1313 avocentur.
796 1281 833 1313 et
859 1277 942 1313 ideo
973 1278 1116 1313 domum
1146 1288 1242 1313 com-

151 1333 282 1368 parare
304 1334 377 1358 non
401 1323 649 1369 prohibentur.
697 1322 761 1358 sed
794 1326 830 1357 et
858 1333 964 1367 agros
993 1323 1031 1357 in
1059 1323 1130 1358 alia
1158 1334 1242 1368 pro-

152 1369 270 1404 vincia
295 1378 503 1413 comparare
526 1371 689 1413 possunt.
738 1371 896 1403 ceterum
919 1369 957 1403 in
980 1378 1024 1403 ea
1046 1368 1242 1413 provincia,

151 1415 189 1449 in
213 1414 346 1458 quam²
368 1418 516 1459 propter
538 1413 690 1459 proelii³
715 1423 861 1448 causam
885 1417 1077 1456 venerunt,
1108 1423 1153 1448 ne
1176 1413 1243 1449 sub

151 1459 268 1494 alieno
300 1459 442 1503 quidem
474 1459 615 1494 nomine
649 1459 700 1494 eis
732 1469 858 1503 agrum
896 1468 1106 1503 comparare
1140 1458 1241 1494 licet:

156 1509 166 1538 1
219 1504 377 1549 alioquin
401 1504 490 1539 fisco
515 1504 766 1539 vindicabitur.
812 1504 849 1539 Is
874 1508 1004 1546 autem,
1029 1504 1090 1549 qui
1115 1508 1242 1539 contra

151 1549 375 1594 disciplinam
405 1559 531 1594 agrum
556 1548 833 1594 comparaverit,
865 1549 896 1585 si
926 1549 1027 1584 nulla
1057 1549 1102 1584 de
1132 1559 1176 1584 ea
1205 1559 1244 1584 re

151 1595 360 1640 quaestione
383 1600 483 1630 mota
504 1594 708 1629 missionem
733 1595 923 1639 acceperit,
948 1594 1139 1638 inquietari
1159 1605 1242 1639 pro-

152 1645 172 1675 2
218 1640 373 1675 hibetur.
409 1639 504 1674 Illud
529 1643 672 1675 constat
695 1640 801 1675 huius
826 1639 1120 1684 praescriptionis
1145 1650 1241 1674 com—

150 1685 295 1720 modum
318 1685 365 1719 ad
390 1695 462 1726 eos,
489 1685 549 1729 qui
571 1684 787 1730 ignominiae
806 1690 917 1720 causa
934 1685 1033 1720 missi
1053 1688 1147 1726 sunt,
1171 1695 1244 1720 non

150 1731 348 1775 pertinere,
387 1729 482 1774 quod
522 1730 671 1774 praemii
705 1730 786 1765 loco
824 1730 1000 1766 veteranis
1033 1740 1244 1765 concessum

150 1776 383 1820 intellegitur:
417 1779 454 1810 et
475 1775 557 1810 ideo
582 1778 619 1810 et
641 1775 688 1810 ad
712 1786 809 1818 eum,
865 1775 902 1810 ui
926 1775 1092 1810 causaria
1114 1775 1244 1810 missus

152 1825 224 1863 est,
256 1824 378 1872 potest
408 1820 478 1855 dici
506 1820 703 1865 pertinere,
741 1830 822 1855 cum
880 1821 939 1855 uic
969 1830 1110 1865 quoque
1138 1830 1243 1865 prae-

154 1867 172 1902 3
219 1876 329 1900 mium
365 1869 583 1910 praestatur.
638 1865 851 1901 Missionum
888 1865 1073 1910 generales
1113 1875 1245 1900 causae

151 1915 238 1946 sunt
274 1915 367 1946 tres:
406 1911 559 1946 honesta
596 1910 763 1946 causaria
797 1910 1045 1955 ignominiosa.
1093 1911 1245 1945 honesta

152 1961 226 1998 est,
259 1966 351 2001 quae
380 1959 542 2001 tempore
569 1956 715 1991 militiae
738 1956 883 2000 impleto
909 1955 1031 1991 datur:
1066 1955 1243 1998 causaria,

152 2013 234 2037 cum
258 2002 337 2046 quis
360 2001 446 2036 vitio
469 2002 577 2036 animi
600 2001 657 2036 vel
681 2001 843 2046 corporis
867 2002 983 2036 minus
1006 2001 1155 2036 idoneus
1179 2001 1244 2035 mi·

151 2047 252 2082 litiae
274 2046 520 2081 renuntiatur:
551 2046 789 2090 ignominiosa
813 2056 925 2081 causa
948 2050 1019 2088 est,
1052 2056 1133 2080 cum
1164 2046 1243 2090 quis

151 2096 301 2138 propter
337 2091 509 2126 delictum
545 2096 771 2127 sacramento
811 2092 971 2127 solvitur.
1024 2095 1060 2126 et
1093 2092 1142 2135 is,
1183 2091 1244 2136 qui

151 2136 345 2182 ignominia
365 2137 496 2172 missus
520 2140 593 2180 est,
624 2146 740 2181 neque
764 2136 901 2172 Romae
933 2147 1048 2181 neque
1077 2136 1116 2171 in
1139 2147 1243 2172 sacro

153 2182 325 2218 comitatu
354 2191 461 2227 agere
488 2185 619 2227 potest.
669 2186 706 2216 et
735 2181 767 2216 si
796 2182 872 2217 sine
900 2182 1116 2226 ignominiae
1145 2192 1243 2216 men-

152 2228 250 2263 tione
273 2227 373 2263 missi
397 2230 496 2270 sunt,
527 2227 639 2262 nihilo
661 2227 779 2262 minus
802 2227 996 2272 ignominia
1017 2227 1116 2262 missi
1139 2227 1242 2262 intel-

154 2277 173 2307 4
221 2273 398 2318 leguntur.
434 2272 644 2307 lnreverens
667 2272 768 2307 miles
792 2283 866 2308 non
888 2276 1029 2307 tantum
1052 2282 1076 2307 a
1097 2272 1242 2307 tribuno

153 2318 208 2353 vel
240 2317 467 2361 centurione,
506 2317 570 2353 sed
600 2317 709 2352 etiam
745 2327 768 2351 a
797 2318 994 2371 principali
1026 2317 1244 2353 coercendus

153 2366 220 2398 est.
267 2373 351 2398 nam
381 2372 483 2405 eum,
516 2362 577 2407 qui
607 2362 808 2397 centuriom
838 2366 1014 2407 castigare
1045 2372 1085 2398 se
1113 2362 1245 2398 volenti

152 2408 343 2450 restiterit,
377 2411 516 2443 veteres
538 2411 771 2443 notaverunt:
804 2407 835 2443 si
858 2408 965 2443 vitem
987 2408 1120 2450 tenuit,
1152 2408 1243 2442 mili-

152 2454 239 2488 tiam
262 2456 398 2488 mutat:
430 2452 463 2488 si
493 2463 539 2488 ex
567 2452 745 2487 industria
773 2452 881 2497 fregit
908 2453 965 2488 vel
992 2463 1136 2488 manum
1160 2463 1243 2488 cen-

154 2502 174 2533 5
221 2498 354 2533 turioni
377 2498 508 2539 intulit,
534 2507 577 2532 ca
602 2499 651 2533 ite
674 2498 831 2542 punitur.
873 2497 964 2533 Eius
988 2498 1111 2543 fugam
1120 2499 1146 2541 ⁴,
1171 2498 1242 2542 qui,

153 2554 235 2578 cum
259 2544 328 2578 sub
353 2543 518 2578 custodia
540 2553 582 2578 ve
617 2543 655 2578 in
679 2553 825 2578 carcere
848 2546 945 2578 esset
966 2543 1181 2586 discesserit,
1206 2543 1244 2578 in

153 2598 302 2624 numero
337 2588 560 2624 desertorum
599 2598 671 2623 non
708 2588 1010 2633 computandam⁴
1045 2588 1244 2624 Menander

154 2634 308 2679 scripsit,
334 2633 419 2678 quia
442 2633 626 2668 custodiae
649 2633 786 2678 refuga,
816 2644 889 2668 non
911 2633 1060 2668 militiae
1083 2634 1245 2669 desertor

154 2683 220 2714 est.
255 2689 335 2714 eum
356 2682 487 2720 tamen,
513 2678 575 2723 qui
599 2688 745 2714 carcere
771 2677 920 2714 effracto
939 2678 979 2714 fu
1003 2679 1081 2722 erit,
1105 2679 1244 2714 etiamsi

153 2729 238 2759 01110
261 2734 333 2759 11011
358 2723 566 2766 deseruerit,
591 2724 709 2769 capite
731 2723 952 2769 puniendum
1006 2724 1109 2759 aulus
1132 2725 1243 2769 scrip-

154 2774 175 2804 6
223 2768 281 2803 sit.
329 2767 570 2811 Desertorem,
600 2769 661 2813 qui
684 2779 707 2803 a
729 2772 833 2814 patre
855 2779 921 2804 suo
946 2768 1066 2804 fuerat
1088 2768 1243 2811 oblatus,

153 2814 191 2849 in
230 2813 442 2849 deteriorem
479 2813 640 2848 militiam
679 2813 780 2849 divus
811 2813 899 2850 Pius
930 2814 1010 2849 dari
1036 2814 1160 2857 iussit,
1199 2824 1244 2850 ne

153 2858 327 2902 videatur,
351 2858 477 2903 inquit,
501 2863 605 2903 pater
624 2858 671 2893 ad
691 2859 906 2904 supplicium
923 2859 1037 2894 filium
1058 2859 1243 2904 optulisse.

154 2904 239 2939 item
274 2904 399 2939 divus⁵
434 2903 587 2938 Severus
619 2908 656 2939 et
685 2904 889 2939 Antoninus
927 2915 1027 2946 eum,
1065 2904 1128 2949 qui
1162 2909 1246 2950 post

155 2949 435 2994 quinquennium
459 2948 668 2984 desertionis
692 2959 731 2984 se
755 2949 902 2994 optulit,
928 2949 1107 2994 deportari
1130 2949 1244 2985 iusse-

154 2998 249 3030 runt.
310 2993 383 3028 uod
407 2993 606 3038 exemplum
629 2998 666 3029 et
688 2994 727 3029 in
751 2994 880 3030 ceteris
904 2995 1004 3039 sequi
1028 3005 1094 3030 nos
1116 2994 1244 3030 debere

154 3040 289 3074 Menan
315 3039 378 3074 er⁶
400 3038 554 3091 scripsit.

205 3083 256 3121 14
281 3083 337 3118 ΡΑ
345 3092 440 3119 atvs
460 3083 552 3118 labro
571 3083 754 3129 sinqulari
771 3084 816 3119 de
829 3085 961 3131 poenis
980 3084 1132 3120 militum
1177 3084 1245 3129 Qui

155 3133 374 3164 commeatus
399 3128 556 3173 spatium
576 3129 738 3171 excessit,
765 3129 959 3165 emansor-is
977 3130 1034 3165 vel
1052 3129 1245 3166 desertoris

154 3174 235 3209 loco
259 3172 447 3209 habendus
471 3177 537 3209 est.
572 3172 725 3208 habetur
743 3178 863 3210 tamen
879 3174 973 3211 ratio
993 3175 1141 3217 dierum,
1167 3175 1244 3219 qui-

155 3219 224 3254 bus
246 3219 383 3254 tardius
408 3227 572 3254 reversus
595 3222 666 3253 est:
698 3219 783 3253 item
811 3220 981 3265 temporis
1010 3220 1244 3265 navigationis

155 3264 211 3299 vel
241 3263 392 3299 itineris.
445 3267 482 3298 et
514 3263 546 3299 si
577 3273 616 3298 se
645 3263 774 3309 probet
803 3264 1005 3300 valetudine
1035 3265 1244 3310 impeditum

155 3308 211 3343 vel
234 3318 257 3343 a
279 3308 478 3344 latronibus
503 3308 683 3343 detentum
707 3308 853 3344 similive
877 3319 964 3345 casu
994 3320 1131 3346 moram
1158 3320 1243 3355 pas·

156 3364 255 3396 sum,
287 3353 372 3388 dum
403 3363 477 3388 non
506 3353 644 3388 tardius
667 3363 691 3388 a
713 3353 794 3389 1000
817 3354 1018 3398 profectum
1041 3365 1080 3391 00
1103 3356 1242 3400 11101101,

157 3409 263 3444 quam
294 3404 337 3433 ut
367 3407 556 3433 occurrere
586 3402 709 3442 posset
732 3397 829 3434 intra
852 3403 1107 3443 commeatum,
1139 3401 1242 3436 resti-

161 3448 174 3478 1
223 3443 379 3479 tuendus
402 3447 468 3478 est.
512 3445 624 3478 Arma
647 3443 821 3479 alienasse
843 3454 950 3489 grave
974 3445 1108 3481 crimen
1131 3449 1186 3480 est
1207 3450 1244 3481 et

156 3498 201 3524 ea
224 3489 332 3534 culpa
354 3487 546 3524 desertioni
571 3493 808 3533 exaequatur,
840 3489 963 3534 utique
995 3491 1025 3525 si
1056 3495 1133 3525 tota
1156 3490 1243 3526 alie-

158 3603 198 3641 (1)
222 3600 259 3635 in
272 3598 424 3635 ducendo
434 3612 497 3634 scr.
593 3602 637 3642 (2)
660 3610 727 3643 qua
739 3602 775 3635 F
860 3606 901 3642 (3)
926 3602 1058 3645 proelii]
1071 3603 1153 3636 belli
1166 3605 1241 3637 deu.

157 3649 200 3687 (1)
227 3647 298 3679 eins
315 3646 430 3689 fugam
517 3647 784 3689 computandam]
810 3647 960 3690 refugam
1048 3651 1242 3690 computan-

158 3692 236 3723 dum
259 3703 321 3724 van
342 3692 383 3725 de
407 3691 516 3725 Water
630 3693 674 3732 (τι)
699 3691 769 3724 divi
789 3694 862 3726 edd.
977 3694 1023 3734 (8)
1049 3693 1068 3725 l.
1083 3701 1099 3726 5
1115 3699 1160 3731 §⁴
1174 3694 1206 3725 Ιι.
1221 3701 1242 3726 t.

160 3740 202 3775 Π)
227 3735 381 3778 impediis
394 3736 426 3767 F·

1229 114 1313 161 838

1466 0 1475 16 N

1474 20 1545 93 ἑά

1536 94 1543 124 l

1534 128 1538 147 l

1842 132 1904 164 DE
1934 130 2174 166 CASTRENSI
2199 131 2392 166 monuo

1311 241 1426 275 navit:
1459 240 1522 276 sed
1555 244 1590 277 et
1621 241 1653 277 si
1708 245 1820 278 artem
1850 251 1991 287 eorum,
2022 242 2092 279 nisi
2116 242 2213 289 quod
2235 242 2394 280 interest.

1310 297 1390 338 nam
1422 285 1452 320 si
1486 287 1608 322 tibiale
1639 253 1706 322 vef
1722 288 1879 323 umcrale
1909 289 2094 330 alienavit,
2127 289 2294 334 castigari
2317 300 2395 324 ver-

1311 331 1457 366 beribus
1486 332 1610 374 debet,
1643 332 1673 367 si
1702 343 1785 368 vero
1814 333 1961 368 loricam
1991 337 2132 369 scutum
2160 334 2298 378 galeam
2318 335 2394 379 gla-

1310 376 1426 419 dium,
1466 376 1639 412 desertori
1671 377 1792 413 similis
1822 382 1886 413 est.
1938 379 2048 414 tironi
2077 378 2116 413 in
2147 378 2216 414 1100
2250 379 2396 414 crimine

1310 420 1457 474 facilius·
1474 425 1643 466 parcetur
1666 432 1916 468 armorumque
1944 423 2085 460 custodi
2114 423 2321 468 plerumque
2351 434 2397 459 ea

1310 466 1419 545 pulpa
1446 471 1661 512 imputatur,
1700 467 1732 502 si
1760 477 1860 503 arma
1889 469 1993 504 militi
2022 468 2197 504 commisit
2226 479 2299 503 non
2328 479 2395 505 suo

1327 521 1381 546 0111
1408 521 1480 547 010.

1360 555 1377 592 1
1442 556 1497 591 ΡΑ
1505 566 1689 591 Pmmnos
1723 556 1814 592 libro
1845 568 1940 593 nono
1971 558 2108 593 decimo
2139 568 2394 604 responsorum

1310 600 1370 636 Ex
1392 611 1504 637 causa
1526 601 1737 637 desertionis
1761 605 1906 637 notatus
1937 612 1981 638 ac
2003 603 2190 638 restitutus
2214 603 2396 648 temporis,

1311 646 1408 690 quod
1421 646 1460 682 in
1476 647 1677 682 desertione
1692 647 1810 688 fuerit,
1825 647 2033 693 impendiis⁷
2052 659 2096 683 ex
2122 647 2277 692 ungitur.
2301 648 2397 692 quod

1310 691 1341 726 si
1364 691 1455 727 ratio
1481 692 1682 727 constiterit
1704 702 1820 736 neque
1843 693 2057 728 desertorem
2103 693 2196 728 uisse
2219 703 2242 727 a
2292 702 2395 728 arue-

1309 736 1376 779 rit,
1409 738 1528 771 omnia
1551 737 1727 782 stipendia
1751 738 1842 772 citra
1865 738 2035 782 temporis
2056 737 2163 773 finem
2187 748 2226 773 re
2277 741 2393 773 untur.

1360 779 1410 819 16
1435 782 1490 817 ΡΑ
1499 792 1594 817 vsvs
1622 782 1713 817 libro
1745 784 1871 827 quinto
1902 783 2158 828 sententiamm
2205 782 2273 826 Qui
2301 787 2397 818 metu

1311 827 1486 868 criminis,
1523 827 1561 861 in
1598 837 1668 871 quo
1703 827 1774 862 iam
1807 838 1889 863 reus
1921 827 2041 862 fuerat
2069 828 2292 873 postulatus,
2331 839 2396 863 no-

1310 882 1392 907 men
1414 872 1560 906 militiae
1583 872 1699 913 dedit,
1724 872 1844 907 statim
1867 876 2090 908 sacramento
2115 873 2305 909 solvendus
2329 877 2395 908 001.

1315 921 1326 951 1
1379 917 1483 952 Miles
1508 917 1674 953 turbator
1698 917 1797 963 pacis
1822 917 1940 963 capite
1967 917 2126 963 punitur.

1774 1056 1887 1095 XVII
1897 1055 1923 1094 ⁸.

1576 1121 1638 1154 DE
1664 1121 1910 1155 CASTRENSI
1936 1121 2143 1155 PEGULIO.

1361 1186 1376 1224 1
1415 1186 1610 1223 Ummos
1630 1188 1722 1223 libro
1743 1193 1875 1233 quarto
1897 1188 2032 1223 decimo
2056 1188 2107 1222 ad
2124 1187 2276 1223 edictum
2316 1187 2399 1222 Filii

1310 1232 1465 1268 familias
1498 1233 1619 1268 militis
1652 1233 1682 1267 si
1711 1234 1890 1278 peculium
1921 1233 2017 1278 apud
2053 1237 2191 1278 patrem
2228 1233 2400 1267 remansit

1313 1278 1389 1313 sine
1411 1281 1624 1314 testamento
1648 1278 1722 1313 filio
1747 1279 1935 1320 defuncto,
1968 1282 2072 1323 pater
2102 1278 2171 1323 ipsi
2200 1277 2304 1313 heres
2327 1288 2399 1312 non

1310 1323 1364 1365 fit,
1390 1323 1453 1358 sed
1475 1327 1595 1358 tamen
1619 1324 1722 1359 heres
1746 1323 1777 1359 is
1800 1324 1873 1366 fiet,
1899 1323 2028 1368 quibus
2050 1323 2147 1358 filius
2170 1322 2249 1358 fuit.

1358 1366 1383 1404 2
1409 1368 1515 1403 IDEM
1535 1369 1627 1404 libro
1650 1380 1741 1404 sexa
1769 1370 1903 1404 ensinio
1926 1370 2077 1415 septimo
2101 1368 2151 1403 ad
2173 1368 2326 1403 edictum
2361 1367 2399 1403 Si

1311 1412 1406 1448 filius
1430 1413 1584 1448 familias
1608 1414 1708 1449 miles
1732 1380 1944 1456 secesserit,
1977 1413 2008 1449 si
2032 1413 2173 1458 quidem
2196 1412 2398 1454 intestatus,

1311 1459 1408 1494 bona
1438 1459 1516 1494 eius
1539 1470 1612 1494 non
1635 1459 1739 1504 quasi
1763 1459 1962 1501 hereditas,
1995 1459 2059 1494 sed
2089 1458 2192 1503 quasi
2221 1458 2399 1503 peculium

1311 1504 1407 1584 patri
1428 1503 1655 1539 deferuntur:
1681 1505 1712 1539 si
1735 1508 1855 1539 autem
1877 1506 2094 1540 testamento
2116 1503 2226 1545 facto,
2251 1503 2310 1538 hic
2333 1513 2399 1548 pro

1338 1549 1510 1584 ereditate
1533 1550 1688 1585 habetur
1711 1553 1894 1585 castrense
1918 1549 2108 1595 peculium.

1359 1592 1383 1631 3
1409 1594 1515 1629 locu
1545 1594 1636 1630 libro
1660 1599 1786 1630 octavo
1818 1595 1868 1630 ad
1891 1595 2003 1640 leqem
2027 1594 2161 1630 Iuliam
2185 1597 2219 1629 et
2242 1593 2399 1647 Papiam

1313 1639 1350 1674 Si
1374 1639 1502 1674 mulier
1523 1639 1597 1674 filio
1622 1639 1687 1674 viri
1709 1639 1811 1674 militi
1835 1640 1882 1675 ad
1912 1644 2113 1675 castrenses
2144 1640 2199 1675 vel
2228 1638 2399 1674 militares

1311 1685 1405 1720 forte
1433 1695 1492 1719 res
1524 1684 1785 1729 comparandas
1816 1685 2000 1730 reliquerit
2028 1685 2238 1730 pecuniam,
2276 1684 2400 1728 utique

1313 1730 1486 1765 castrensi
1517 1730 1659 1774 peculio
1691 1740 1734 1765 ea
1765 1741 1856 1775 quae
1887 1734 2143 1775 comparantur
2172 1728 2400 1764 adnumerari

1311 1775 1382 1810 inci
1409 1775 1499 1810 iunt.

1358 1786 1710 1856 4PTERTUJ1MANUS
1737 1820 1828 1856 libro
1852 1820 2037 1866 sinqulari
2065 1820 2109 1855 dc
2139 1820 2317 1855 castrensi
2331 1830 2399 1866 pc-

1312 1865 1408 1900 culio
1454 1865 1559 1900 Miles
1582 1866 1778 1911 praecipua
1801 1865 1934 1901 habere
1957 1865 2083 1907 debet,
2115 1875 2208 1910 quae
2238 1864 2321 1899 tulit
2343 1874 2398 1899 se-

1319 1914 1327 1945 1
1381 1920 1462 1945 011111
1493 1910 1531 1945 111
1562 1915 1682 1946 castra
1705 1910 1922 1946 concedente
1944 1915 2060 1955 patre.
2106 1910 2295 1945 Actionem
2318 1919 2398 1955 per·

1313 1955 1603 2000 secutionemque
1629 1956 1863 1991 castrensium
1882 1966 2000 1991 rerum
2018 1966 2158 2001 semper
2177 1955 2273 1990 filius
2293 1955 2398 1990 etiam

1313 2006 1332 2036 2
1379 2001 1490 2036 invito
1513 2005 1617 2046 patre
1640 2001 1760 2036 habet.
1797 2001 1836 2036 Si
1852 2006 1956 2046 pater
1973 2001 2125 2036 familias
2146 2001 2292 2036 militiae
2309 2004 2399 2034 tem-

1312 2057 1401 2091 pore
1430 2047 1486 2081 vel
1514 2050 1597 2092 post
1625 2047 1827 2082 missionem
1851 2046 2096 2091 adrogantium
2119 2056 2158 2081 se
2177 2045 2398 2099 praebuerit,

1312 2091 1502 2127 videndum
1526 2091 1613 2133 erit,
1637 2102 1682 2126 ne
1705 2092 1791 2126 huic
1814 2102 1956 2137 quoque
1978 2091 2153 2137 permissa
2174 2091 2400 2135 lntellegatur

1312 2147 1436 2172 earum
1459 2147 1579 2171 rerum
1602 2136 1879 2178 administratio,
1913 2147 2002 2181 quas
2027 2141 2110 2172 ante
2132 2136 2399 2180 adrogationem

1311 2182 1348 2216 in
1378 2182 1506 2217 castris
1538 2182 1765 2227 adquisierit,
1806 2182 1966 2227 quamvis
1998 2182 2270 2217 constitutiones
2300 2180 2398 2226 prin-

1314 2227 1448 2272 cipales
1481 2227 1524 2262 de
1555 2227 1610 2263 1110
1641 2227 1852 2272 loquantur,
1883 2227 1944 2272 qui
1974 2227 2020 2262 ab
2049 2226 2151 2262 initio
2175 2237 2257 2262 cum
2280 2230 2401 2262 essent

1311 2272 1376 2307 filii
1397 2272 1553 2307 familias
1576 2272 1803 2307 militaverint
1812 2273 1837 2306 ⁹.
1885 2272 1981 2317 quod
2004 2271 2263 2307 admittendum
2286 2275 2352 2307 est.

1358 2315 1382 2353 5
1416 2317 1611 2352 ULPIANUS
1639 2318 1730 2353 libro
1753 2322 1859 2353 sexto
1883 2317 1934 2352 ad
1955 2317 2130 2353 Sabinum
2175 2317 2282 2352 Miles
2303 2316 2398 2352 filius

1311 2362 1465 2398 familias
1479 2364 1508 2384 ¹⁰
1538 2372 1561 2396 a
1584 2362 1823 2398 commilitone
1845 2362 1901 2397 vel
1923 2362 1970 2397 ab
1994 2373 2054 2404 eo,
2086 2372 2192 2415 quem
2219 2372 2285 2407 per
2307 2361 2398 2396 mili-

1311 2408 1398 2442 tiam
1416 2407 1591 2460 cognovit,
1610 2408 1712 2443 heres
1726 2407 1911 2442 institutus
1928 2411 1964 2442 et
1982 2407 2072 2442 citra
2089 2418 2227 2443 1110011111
2239 2409 2265 2430 ¹¹
2285 2406 2399 2452 patris

1311 2463 1377 2488 suo
1402 2453 1550 2488 arbitrio
1574 2457 1672 2488 recte
1695 2463 1761 2498 pro
1785 2452 1916 2488 herede
1937 2456 2048 2497 geret.

1358 2495 1383 2535 6
1407 2497 1514 2533 IDEM
1539 2498 1631 2533 libro
1656 2499 1863 2544 triqensimo
1887 2497 2045 2533 secundo
2068 2496 2118 2532 ad
2140 2495 2315 2532 Sabinum
2361 2494 2399 2531 Si

1311 2542 1414 2578 militi
1435 2542 1509 2578 filio
1533 2542 1688 2578 familias
1711 2553 1803 2578 uxor
1825 2553 1965 2578 servum
1988 2540 2259 2578 manumittendi
2287 2550 2399 2576 causa

1312 2588 1512 2631 donaverit,
1537 2599 1585 2623 an
1609 2599 1713 2623 suum
1735 2587 1902 2623 libertum
1925 2587 2066 2630 fecerit,
2089 2587 2290 2626 videamus,
2313 2585 2399 2630 quia

1311 2633 1511 2678 peculiares
1548 2638 1585 2668 et
1621 2644 1743 2669 servos
1780 2636 1817 2667 01
1846 2633 1993 2668 libertos
2023 2632 2141 2677 potuit
2171 2631 2316 2666 habere.
2363 2637 2400 2665 et

1312 2679 1422 2723 magis
1454 2683 1527 2721 est,
1558 2682 1600 2713 ut
1627 2679 1697 2714 hoc
1713 2680 1739 2699 ¹²
1770 2678 1944 2714 castrensi
1967 2677 2106 2722 peculio
2131 2687 2204 2712 non
2227 2675 2397 2712 adnume-

1311 2728 1421 2766 retur,
1447 2723 1531 2776 quia
1554 2734 1647 2759 uxor
1670 2724 1703 2759 ei
1725 2734 1799 2759 non
1822 2727 1970 2769 propter
1992 2722 2155 2758 militiam
2183 2726 2269 2757 nota
2290 2726 2397 2756 esset.

1311 2769 1419 2814 plane
1442 2779 1474 2804 01
1496 2769 1582 2804 1111111
1605 2778 1785 2814 proponas
1808 2768 1855 2803 ad
1879 2772 2000 2803 castra
2022 2767 2122 2803 eunti
2149 2767 2277 2803 marito
2308 2777 2397 2801 uxo-

1312 2824 1387 2850 rem
1425 2824 1546 2849 servos
1578 2814 1749 2856 donasse,
1790 2818 1831 2849 111
1860 2813 2088 2849 manumittat
2116 2815 2153 2847 01
2182 2812 2320 2847 1101111οε
2351 2811 2398 2846 011

1311 2859 1473 2894 militiam
1502 2859 1651 2895 libertos
1680 2852 1828 2901 habeat,
1866 2863 1987 2904 potest
2020 2858 2092 2893 dici
2120 2867 2188 2893 sua
2216 2856 2398 2892 voluntate

1313 2904 1400 2984 0111εέ1
1418 2904 1531 2950 patris
1563 2904 1739 2950 permissu
1772 2904 2079 2939 manumittentem
2115 2902 2163 2937 ad
2196 2902 2396 2936 libertatem

1339 2960 1376 2984 er
1402 2959 1520 2985 ucere.

1312 2961 1335 2995 p
1359 2992 1382 3031 7
1414 2994 1521 3030 Imm
1555 2994 1645 3031 libro
1685 2994 1893 3040 triqensimo
1931 2994 2035 3029 terlio
2071 2992 2122 3027 ad
2151 2992 2304 3028 edictum
2359 2990 2398 3026 Si

1312 3043 1495 3075 castrense
1517 3039 1698 3085 peculium
1721 3038 1870 3074 maritus
1894 3039 2042 3080 habeat,
2071 3037 2110 3073 in
2140 3035 2396 3082 (1001111110,ῐο-

1312 3095 1393 3120 cere
1415 3089 1536 3130 potest
1559 3084 1871 3126 condemnabitur,
1902 3083 1987 3129 quia
2009 3083 2116 3118 etiam
2139 3093 2212 3118 non
2236 3085 2397 3117 castren·

1311 3130 1411 3165 sibus
1441 3129 1675 3165 creditoribus
1703 3139 1748 3164 ex
1772 3139 1813 3164 eo
1838 3129 1977 3174 peculio
2001 3128 2113 3172 magis
2136 3131 2192 3163 est
2215 3136 2296 3162 eum
2319 3125 2398 3171 cogi

1311 3185 1368 3211 res
1396 3174 1540 3210 ondere.

1412 3219 1519 3255 Iesu
1549 3219 1640 3255 libro

1312 3264 1350 3300 Si
1384 3265 1479 3301 forte
1514 3274 1607 3300 uxor
1637 3230 1694 3299 11οῗ
1725 3269 1898 3308 cognatus
1930 3263 1985 3298 vel
2016 3262 2094 3307 quis
2125 3261 2217 3313 alius
2249 3271 2323 3297 non
2352 3270 2397 3295 ex

1312 3310 1440 3346 castris
1471 3313 1578 3345 notus
1609 3308 1681 3344 filio
1712 3309 1867 3344 familias
1898 3307 2082 3344 donaverit
2112 3306 2199 3351 quid
2221 3306 2278 3342 vel
2299 3305 2396 3350 loga-

1310 3355 1399 3390 verit
1416 3358 1454 3390 et
1471 3355 1688 3400 expresserit
1706 3354 1924 3395 nominatim,
1948 3358 1991 3388 ut
2006 3352 2043 3388 in
2063 3351 2237 3387 castrensi
2255 3350 2395 3396 peculio

1311 3401 1460 3435 habeat:
1485 3410 1532 3434 an
1550 3400 1665 3444 possit
1684 3398 1859 3435 castrensi
1877 3397 2016 3443 peculio
2036 3396 2082 3431 ad
2212 3396 2246 3431 ⁰⁸?
2270 3400 2307 3431 et
2323 3405 2395 3430 non

1310 3449 1419 3490 puto:
1444 3444 1628 3480 veritatem
1653 3444 1745 3479 enim
1770 3454 1786 3479 s
1813 3447 1989 3486 ectamus‚
2019 3452 2065 3476 an
2089 3442 2212 3477 vero¹³
2236 3445 2394 3476 castren-

1311 3490 1362 3526 sis
1385 3490 1513 3526 notitia
1535 3489 1591 3524 vel
1615 3489 1757 3525 affectio
1799 3489 1860 3532 uit,
1885 3498 1956 3523 non
1980 3486 2075 3532 quod
2100 3486 2178 3531 quis
2200 3484 2314 3520 finxit.

1695 3219 1975 3266 uadraqensimo
2004 3217 2130 3263 quinto
2162 3215 2213 3251 ad
2241 3215 2396 3252 edictum

1355 3604 1400 3643 (8)
1425 3604 1490 3637 Ed.
1504 3610 1589 3642 1...⁴;
1614 3603 1694 3637 Sub.
1710 3610 1809 3641 0...11;
1835 3602 1920 3645 Pap.
1936 3608 2051 3635 12...2o.
2071 3618 2115 3624 —
2134 3599 2329 3640 Base-m.
2347 3615 2395 3624 —-

1316 3650 1365 3691 Cf.
1391 3649 1467 3682 Cod.
1494 3649 1545 3689 12,
1566 3655 1600 3682 37
1728 3649 1774 3689 (9)
1798 3646 1997 3680 militaverit
2016 3646 2052 3679 F
2165 3647 2226 3687 (ιο)
2250 3642 2345 3676 salins
2367 3643 2402 3675 F

1312 3698 1366 3733 (11)
1392 3693 1530 3726 11100οΡ
1619 3694 1677 3734 (12)
1701 3693 1757 3726 hio
1766 3693 1839 3726 edd.
1932 3693 1992 3731 (10)
2016 3700 2091 3724 vere
2103 3690 2179 3723 dm.
