2528 3918
166 102 395 147 XXXVIII
424 104 451 145 2

168 229 183 260 1
232 225 470 271 possessione.
526 225 565 262 Si
594 235 680 262 vero
709 226 934 263 accusaverit
962 226 1096 269 minor,
1128 224 1247 261 dicen-

164 269 248 306 dum
271 273 328 306 est
349 270 447 306 hune
469 281 543 307 non
566 270 726 315 excludi,
757 271 832 308 sive
854 271 932 317 ipse
954 270 1028 307 sive
1050 274 1150 307 tutor
1172 270 1249 307 eius

165 318 184 351 2
230 315 286 350 vel
318 319 464 352 curator
492 316 727 352 accusaverit.
776 315 869 353 Sed¹
899 316 931 353 si
961 315 1078 352 minor
1108 315 1250 360 quidem

163 360 359 396 instituerit
381 360 659 406 accusationem,
685 361 801 398 maior
822 364 942 397 autem
964 360 1083 397 factus
1105 364 1248 397 senten-

163 405 250 440 tiam
273 405 470 451 acceperit,
497 405 649 452 benigne
672 406 739 443 erit
761 406 949 443 dicendum
972 405 1109 451 ignosci
1133 406 1166 441 ei
1188 405 1249 442 de·

163 450 267 494 bere,
300 450 385 496 quia
414 450 530 487 minor
561 450 690 533 coes}
737 462 853 497 neque
887 451 980 487 enim
1010 451 1186 496 imputare
1217 450 1250 486 ei

163 505 371 540 possumus,
409 506 476 532 cur
513 506 586 533 non
685 497 777 533 eruit
805 496 1070 532 accusationem
1098 495 1154 532 vel
1185 506 1250 531 cur

163 539 394 577 abolitionem
415 552 490 577 non
538 541 665 585 etim-it,
690 552 783 584 cum,
807 541 959 577 alterum
983 541 1014 577 si
1032 540 1189 583 fecisset,
1212 541 1250 575 in

164 585 427 631 Turpillianum
449 586 638 630 incideret,
673 587 824 622 alterum
853 596 925 622 non
952 585 1061 622 facile
1083 586 1248 631 impetre-

162 634 234 666 tur.
269 634 366 667 certe
388 631 421 668 si
443 631 637 669 abolitione
659 631 803 678 publice
826 631 913 667 data
934 631 1065 677 repetit
1083 631 1251 667 iamiam²

163 676 292 719 maior,
324 675 515 713 dicendum
537 681 593 714 est
615 677 712 713 hunc
735 686 815 713 esse
837 676 1105 713 removendum:
1138 676 1251 712 maior

163 720 257 757 enim
294 720 413 758 factus
451 722 570 768 potuit
603 722 681 759 sine
715 722 844 758 timore
882 721 1043 758 deserere
1080 720 1250 757 abolitam

163 769 183 802 3
231 767 508 803 accusationem.
562 767 599 803 Is
634 767 776 803 demum
811 766 952 803 videtur
983 766 1111 812 capitis
1142 776 1250 802 accu-

162 820 281 855 sasse,
306 811 368 857 qui
390 812 455 848 tali
478 811 610 849 iudicio
634 811 789 858 appetit,
814 811 915 849 cuius
939 822 1057 858 poena
1079 815 1143 848 aut
1165 822 1250 856 sup-

162 856 307 902 plicium
328 857 456 893 habuit
479 862 542 893 aut
564 857 721 900 exilium,
747 856 842 903 quod
865 857 913 894 sit
934 857 1011 894 vice
1031 857 1074 894 de
1102 856 1250 893 ortatio-

162 905 184 937 4
231 901 299 945 nis,
323 902 386 938 ubi
409 902 534 939 civitas
559 903 743 938 amittitur.
779 902 818 938 Si
839 906 960 939 tamen
984 902 1063 948 quis
1102 902 1252 938 ‘bertum

162 947 782 1039 ezffla²⁰12ffizxzi“pf.ussffit
796 946 1252 1038 Psffgten⁰¹²053ssn3²pissss⁸i

162 1037 267 1074 obest
299 1038 370 1074 hoc
429 1038 547 1074 atroni
580 1038 672 1074 filio:
707 1048 754 1074 ne
778 1049 824 1074 ue
858 1038 951 1074 enim
974 1004 1158 1084 1imperitia
1188 1040 1252 1072 aut

162 1083 333 1119 severitas
368 1083 406 1119 iu
434 1083 560 1120 'cantis
595 1084 722 1120 obesse
776 1083 858 1119 ebet
887 1084 1031 1129 patroni
1059 1083 1152 1127 filio,
1190 1081 1252 1128 qui

162 1131 182 1163 5
229 1128 364 1164 crimen
386 1128 497 1165 levius
521 1129 725 1175 inportavit.
761 1128 856 1164 Sed³
879 1129 910 1165 si
927 1135 1000 1165 non
1018 1128 1250 1170 accusaverit,

161 1172 226 1210 sed
255 1173 498 1210 testimonium
530 1174 569 1209 in
600 1177 710 1219 caput
736 1173 855 1210 liberti
887 1173 978 1209 dixit
1007 1178 1070 1209 aut
1100 1173 1253 1210 subiecit

162 1222 430 1262 accusatorem,
458 1222 547 1264 puto
579 1229 660 1255 eum
691 1229 713 1254 a
743 1222 868 1255 contra
899 1219 1043 1256 tabulas
1066 1218 1250 1255 removeri.

162 1267 183 1299 6
229 1263 269 1299 Si
298 1263 447 1300 libertus
478 1264 674 1300 maiestatis
702 1264 847 1309 patroni
875 1264 988 1300 filium
1011 1264 1195 1300 accusavit
1217 1266 1253 1300 et

161 1309 305 1355 patroni
326 1308 422 1345 filius
446 1309 646 1346 calumniae
669 1319 750 1345 eum
774 1309 903 1354 capitis
926 1310 1045 1362 puniri
1070 1309 1252 1346 desidera-

161 1354 228 1435 νῗ,
260 1365 333 1390 non
356 1354 470 1436 ἓξὲξ
499 1354 723 1436 Ἐρεξὶῥοο
754 1353 900 1408 edicto..
930 1354 1026 1408 idem
1048 1359 1137 1401 puto
1161 1358 1199 1436 Ἡ,
1221 1354 1253 1390 si

161 1409 184 1434 a
237 1410 280 1435 eo
468 1410 507 1436 re
546 1410 598 1436 rsi
635 1410 673 1435 in
696 1410 777 1435 eum
800 1410 968 1436 erumna:
997 1412 1009 1435 1
1059 1411 1168 1437 oscen
1194 1410 1253 1436 um

162 1448 179 1479 7
231 1409 410 1481 enimpeest
440 1444 490 1488 ei,
521 1445 553 1481 si
580 1444 693 1481 voluit
721 1455 761 1481 se
789 1445 916 1481 ulcisci
938 1411 1166 1491 provgtlileatus.
1214 1445 1253 1482 Si

160 1489 275 1535 patris
299 1496 449 1526 mortem
474 1489 664 1527 defendere
687 1500 836 1527 necesse
858 1491 1037 1535 habuerit,
1062 1502 1110 1527 an
1132 1491 1251 1527 dicen-

162 1535 271 1570 dum⁴
300 1535 348 1571 sit
376 1535 435 1571 hic
464 1546 606 1581 quoque
636 1535 672 1572 ei
701 1536 1000 1579 succurrendum,
1030 1536 1063 1573 si
1084 1536 1253 1572 libertum

162 1583 349 1626 paternum
367 1584 517 1634 propter
529 1581 600 1616 hoc
616 1581 811 1624 accusavit,
835 1581 1011 1617 medicum
1029 1581 1123 1618 forte
1139 1581 1253 1627 patris

162 1629 226 1660 aut
250 1625 511 1661 cubicularium
534 1629 599 1661 aut
620 1636 726 1671 quem
749 1626 876 1669 alium,
933 1626 971 1662 ui
995 1626 1093 1662 cirea
1114 1630 1254 1672 patrem

161 1670 305 1706 fuerat?
329 1674 366 1707 et
389 1674 477 1716 puto
502 1671 802 1714 succurrendum,
832 1671 863 1707 si
936 1671 1075 1708 ectione
1099 1676 1136 1708 et
1158 1671 1252 1717 peri-

162 1715 243 1752 culo
281 1719 455 1761 paternae
493 1716 719 1752 substantiae
755 1716 910 1753 ducente
943 1727 1091 1753 necesse
1127 1716 1254 1752 habuit

162 1764 182 1796 8
229 1761 498 1798 accusationem
521 1761 578 1798 vel
601 1761 860 1798 calumniosam
885 1762 1086 1799 instituere.
1133 1762 1253 1798 Accu·

162 1816 262 1844 sasse
285 1810 405 1842 autem
429 1817 511 1843 eum
535 1806 697 1852 dicimus,
721 1807 783 1853 qui
800 1807 950 1843 crimina
967 1807 1098 1844 obiecit
1115 1811 1152 1843 et
1168 1817 1252 1843 cau-

162 1862 240 1888 sam
262 1852 426 1898 perorari
448 1862 563 1897 usque
587 1852 634 1888 ad
656 1853 868 1889 sententiam
886 1852 1021 1889 effecit:
1048 1856 1205 1889 ceterum
1223 1852 1254 1888 si

163 1901 246 1933 ante
267 1897 410 1942 quievit,
435 1908 509 1933 non
526 1897 729 1934 accusavit:
756 1902 792 1934 et
814 1898 884 1934 hoc
907 1898 986 1934 iure
1009 1898 1154 1934 utimur.
1190 1897 1254 1934 sed

162 1943 193 1979 si
216 1953 262 1988 ap
289 1942 457 1979 ellatione
479 1943 692 1988 interposita
716 1942 831 1987 desiit,
856 1943 1008 1989 benigne
1026 1943 1165 1980 dicetur
1181 1954 1255 1979 non

162 1953 353 2033 pertulisse
383 1988 661 2025 accusationem.
710 1989 741 2024 si
762 1988 869 2034 igitur
891 1988 1069 2034 pendente
1093 1988 1253 2035 appella-

161 2034 259 2069 tione
288 2033 443 2069 decessit
472 2033 638 2078 libertus,
671 2033 816 2078 patroni
843 2033 939 2070 filius
969 2034 1176 2070 admittetur
1206 2033 1254 2069 ad

162 2079 337 2114 bonorum
351 2078 624 2124 possessionem,
638 2079 724 2124 quia
738 2079 936 2115 sententiae
945 2080 960 2101 ⁶
974 2079 1124 2115 libertus
1140 2083 1254 2115 morte

163 2126 183 2159 9
230 2124 437 2160 subtractus
461 2127 528 2160 est.
563 2124 603 2160 Si
625 2125 769 2169 patroni
787 2124 882 2160 filius
902 2124 1172 2161 advocationem
1191 2134 1252 2160 ac-

164 2168 321 2205 cusatori
344 2169 465 2205 liberti
486 2169 678 2215 praestitit,
703 2180 777 2205 non
794 2173 851 2206 est
866 2169 1113 2215 repellendus:
1139 2179 1255 2214 neque

166 2218 206 2249 10
255 2213 349 2250 enim
381 2214 576 2250 advocatus
608 2218 767 2250 accusat.
822 2214 861 2250 Si
896 2218 1001 2260 pater
1040 2218 1254 2251 testamento

163 2259 306 2302 caverit,
331 2263 373 2295 ut
396 2263 630 2296 accusaretur
651 2259 821 2302 libertus,
853 2260 956 2306 quasi
985 2270 1159 2296 venenum
1186 2260 1255 2296 sibi

162 2308 328 2350 parasset
351 2309 415 2340 aut
438 2304 524 2351 quid
547 2305 647 2340 aliud
670 2305 709 2340 in
732 2315 772 2341 se
795 2304 1016 2341 admisisset:
1046 2305 1159 2351 magis
1189 2308 1253 2349 est,

162 2354 203 2386 ut
225 2350 363 2395 ignosci
385 2350 508 2386 liberis
531 2349 696 2393 deberet,
729 2351 790 2396 qui
813 2361 886 2387 non
909 2354 1038 2396 sponte
1061 2360 1253 2387 accusave-

169 2399 203 2430 ii
253 2399 350 2430 runt.
398 2395 469 2431 Sed
498 2399 534 2431 et
564 2395 597 2432 si
627 2395 852 2432 accusaverit
872 2395 1041 2432 libertum
1063 2400 1100 2432 et
1122 2396 1253 2441 proba-

162 2440 252 2476 verit
276 2440 410 2477 crimen
431 2440 577 2486 patroni
598 2440 694 2477 filius
717 2444 913 2486 posteaque
938 2441 1000 2486 hic
1028 2441 1180 2477 libertus
1208 2441 1255 2477 sit

162 2485 366 2529 restitutus,
398 2496 472 2521 non
504 2486 571 2522 erit
593 2485 839 2532 repellendus:
871 2485 1006 2522 crimen
1034 2486 1128 2522 enim
1159 2485 1255 2532 quod

163 2531 314 2567 intendit
335 2531 443 2567 etiam
465 2531 618 2576 perfecit
626 2532 651 2566 θ.

212 2574 262 2614 15
297 2575 576 2612 Tmmomiws
607 2576 699 2613 libro
735 2577 888 2623 septimo
921 2576 1060 2613 decimo
1092 2576 1133 2612 d·
1175 2580 1255 2612 uta—

165 2622 301 2657 tionum
347 2621 446 2657 Idem
461 2624 518 2658 est
533 2625 571 2658 et
585 2621 618 2658 si
632 2621 766 2657 crimen
783 2620 935 2666 quidem,
956 2621 1052 2667 quod
1070 2621 1108 2658 in
1124 2621 1152 2657 li
1178 2626 1254 2658 erto

164 2666 356 2712 probatum
388 2670 458 2710 est,
495 2670 676 2703 meruerat
706 2666 835 2712 capitis
857 2677 1032 2720 poenam,
1067 2667 1255 2712 benignius

164 2715 285 2747 autem
308 2712 455 2757 punitus
480 2715 535 2748 est
557 2712 726 2753 libertus,
757 2711 869 2747 veluti
892 2715 1033 2747 tantum
1056 2712 1252 2757 relegatus:

164 2756 210 2793 de
233 2757 489 2793 calumniatore
513 2757 606 2792 enim
631 2756 743 2793 sensit
765 2760 923 2802 praetor.

214 2799 264 2839 16
296 2801 601 2838 Haemum-libro
621 2802 928 2849 quadraqensimo
948 2802 1074 2855 quinto
1094 2801 1144 2838 ad
1160 2802 1254 2839 edic—

166 2850 243 2882 tum
296 2846 340 2882 In
368 2847 574 2883 servitutem
604 2847 737 2893 petisse
764 2857 839 2883 non
865 2847 898 2883 is
928 2846 1088 2892 videtur,
1121 2847 1183 2893 qui
1212 2847 1254 2891 ei,

165 2891 289 2973 ffl
312 2892 540 2979 postsesgiigiiti'e
563 2896 642 2928 erat
665 2892 855 2946 servitutis,
879 2892 1024 2973 peliffintrit
1038 2902 1084 2974 st}
1093 2892 1132 2927 in
1148 2892 1254 2973 ltiilger-

301 2947 370 2973 con
386 2948 427 2972 ra
552 2947 674 2973 verum
696 2948 739 2982 is,
767 2948 828 2982 qui
851 2947 895 2974 ex
969 2948 989 2973 e
1025 2948 1048 2973 a
1131 2948 1151 2974 e
1218 2949 1256 2974 in

169 2987 182 3017 1
234 2982 451 3019 servitutem.
500 2982 569 3018 Sed
593 2986 629 3019 et
652 2983 683 3019 si
705 2982 785 3028 quis
809 2993 882 3018 non
904 2986 1020 3019 totum
1043 2949 1164 3025 ωηιξη,
1193 2983 1256 3019 sed

165 3038 232 3074 pro
262 3030 367 3073 parte
395 3027 450 3063 vel
478 3038 583 3063 usum
612 3027 769 3063 fructum
798 3028 835 3063 in
865 3038 908 3064 eo
937 3038 1043 3064 suum
1074 3028 1171 3064 dicat
1200 3028 1256 3064 vel

166 3072 253 3118 quid
276 3072 393 3116 aliud,
425 3072 522 3117 quod
544 3072 676 3109 habere
699 3083 771 3109 non
794 3076 914 3118 potest
935 3073 974 3108 in
998 3083 1058 3116 eo,
1087 3074 1155 3110 nisi
1179 3083 1254 3109 ser-

166 3129 231 3154 vus
260 3117 309 3154 sit
354 3127 401 3153 an
429 3116 624 3163 repellatur
654 3118 756 3162 quasi
785 3118 823 3153 in
851 3119 1057 3154 servitutem
1087 3118 1255 3164 petierit?

167 3165 188 3198 2
234 3144 332 3208 quod
354 3166 411 3199 est
431 3162 560 3215 verius:
609 3162 647 3198 Si
676 3163 819 3216 petierit
843 3163 881 3198 in
904 3163 1109 3199 servitutem
1133 3167 1167 3199 et
1189 3173 1254 3209 op-

166 3207 324 3251 tinuerit,
348 3218 432 3244 mox
455 3210 598 3252 cogmta
619 3212 767 3244 veritate
789 3219 920 3254 passus
951 3208 999 3244 sit
1028 3208 1066 3244 in
1089 3208 1255 3244 libertate

167 3253 311 3296 morari,
336 3263 409 3289 non
431 3252 537 3288 debet
560 3252 593 3288 ei
607 3252 743 3295 obesse,
768 3254 920 3288 maxime
937 3253 969 3289 si
984 3253 1111 3289 habuit
1122 3253 1254 3289 iustam

168 3301 188 3333 3
236 3307 383 3334 causam
411 3297 567 3334 errandi.
613 3296 752 3333 Petisse
775 3298 811 3333 iii
835 3298 1040 3334 servitutem
1063 3309 1136 3334 non
1158 3298 1253 3334 vide-

166 3346 244 3386 tur,
277 3343 338 3397 qui
367 3347 450 3379 ante
480 3341 578 3378 litem
609 3346 846 3395 contestatam
876 3343 1030 3379 destitit:
1063 3343 1126 3397 sed
1158 3347 1195 3379 et
1224 3343 1255 3379 si

167 3388 377 3476 Ξοῒὲὲῗέἒ,
395 3391 649 3479 ‘ffifflssffi
673 3386 1255 3486 ἓὲοξὲἷῖῗιρῗὲαῗξίιὲῗιὲἳῗθέἳ

170 3479 310 3522 patroni
342 3477 436 3514 iilius
464 3478 513 3514 sit
539 3478 594 3514 vel
695 3477 862 3513 eredatus
887 3478 942 3513 vel
966 3489 996 3513 si
1020 3480 1079 3514 in⁷
1104 3478 1253 3514 servitu-

168 3527 239 3558 tem
263 3523 430 3559 libertum
452 3526 640 3569 paternum
663 3522 767 3568 petiit
793 3522 849 3558 vel
879 3523 1006 3567 capitis
1035 3524 1256 3559 accusaverit

169 3636 209 3675 (1)
233 3636 268 3669 et
281 3637 342 3670 im.
401 3637 444 3677 (2)
469 3636 690 3679 repetiitaiam
702 3636 775 3678 (sic)
787 3634 840 3668 F’
897 3636 939 3677 (3)
965 3638 999 3669 et
1012 3638 1068 3670 ins.
1133 3637 1176 3678 (⁴)
1201 3637 1250 3670 di-

168 3680 293 3713 cendus
304 3681 341 3715 F
405 3684 447 3722 (o)
471 3681 637 3714 sententia
649 3682 682 3714 F
752 3683 797 3721 (6)
845 3680 951 3722 eregit
961 3693 1016 3714 scr
1096 3685 1140 3722 (7)
1163 3681 1253 3715 filius

171 3724 222 3758 vel
234 3725 451 3759 exheredatus
461 3726 506 3758 sit
517 3726 570 3760 vel
581 3727 618 3759 in
629 3739 690 3760 scr.
739 3727 785 3769 (8)
833 3725 921 3759 eberi
934 3726 967 3759 F
1012 3730 1056 3768 (ο)
1080 3727 1213 3770 patroni
1223 3728 1258 3760 F

1233 101 1320 149 57⁰

1478 0 1550 99 ἢ

2172 119 2235 151 ΒΕ
2263 119 2398 152 Boius

1317 226 1495 270 libertum,
1517 235 1591 263 non
1611 230 1720 264 nocet
1740 227 1810 264 hoc
1831 227 1952 265 liberis
1975 228 2052 265 eius
2087 228 2149 273 qui
2167 229 2205 264 in
2222 232 2399 281 potestate

1317 281 1390 307 non
1413 273 1525 324 9⁰³²&
1541 274 1578 307 et
1598 270 1668 308 hoc
1691 271 1762 308 divi
1775 272 1904 309 fratres
1921 272 1952 325 Q
1963 255 2112 309 ³nfllliis
2127 279 2399 319 rescripserunt.

1318 319 1338 350 5
1385 315 1424 351 Si
1466 326 1546 361 quis
1584 316 1760 353 bonorum
1794 328 2056 364 possessionem
2094 323 2222 354 contra
2259 319 2400 356 tabulas

1317 360 1436 397 liberti
1467 361 1662 407 acceperit,
1696 361 1743 398 ab
1774 363 1869 399 omni
1900 363 2017 399 liberti
2046 363 2178 399 iudicio
2206 364 2399 409 repellitur,

1318 416 1385 441 nec
1403 409 1544 441 tantum
1562 405 1594 442 si
1610 406 1679 452 ipsi
1696 407 1821 444 liberto
1841 408 1944 445 heres
1964 407 2073 445 fuerit
2090 409 2256 454 scriptus,
2280 419 2399 445 verum

1318 451 1425 487 etiam
1454 450 1486 487 si
1514 451 1678 496 inpuberi
1704 452 1779 489 filio
1804 454 2030 490 substitutus.
2076 463 2160 488 nam
2184 458 2220 489 et
2241 453 2401 490 Iulianus

1319 495 1473 541 scripsit,
1497 496 1528 531 si
1571 499 1629 532 ost
1669 497 1791 533 etitam
1807 498 1982 535 bonorum
2000 499 2261 544 possessionem
2277 499 2403 535 adierit

1320 541 1327 548 ‘
1410 586 1418 592 θ
1577 541 1596 548 ’”
1621 541 1647 577 li
1672 542 1738 578 erti
1759 542 1991 580 hereditatem
2014 548 2207 589 patronus,
2235 543 2402 598 denegari

1319 589 1340 622 6
1387 596 1420 621 ei
1462 585 1615 622 debere⁸
1650 587 1821 624 actiones.
1869 588 1939 624 Sed
1974 593 2011 625 et
2046 589 2077 625 si
2111 589 2196 634 quid
2231 589 2402 625 codicillis

1318 630 1428 666 fuerit
1456 634 1609 676 patrono
1640 632 1802 668 relictum
1833 634 1888 669 vel
1918 634 2041 670 mortis
2078 644 2189 670 causa
2219 634 2401 677 donatum,

1319 675 1425 712 simili
1455 676 1561 712 modo
1591 676 1717 713 horum
1745 688 1886 724 quoque
1920 679 2122 724 persecutio
2159 679 2401 724 denegabitur.

1320 724 1338 755 7
1386 720 1664 766 Nonnumquam
1690 722 1797 768 plane
1826 727 1909 769 post
1936 725 2084 769 petitam
2112 725 2287 760 bonorum
2319 735 2402 770 pos-

1318 766 1512 802 sessionem
1536 766 1679 803 dabitur
1699 770 1878 813 patrono⁹
1899 769 2007 814 legati
2029 769 2239 815 persecutio,
2263 769 2294 805 si
2317 770 2403 805 nihil

1318 811 1366 847 ad
1395 811 1671 848 emolumentum
1701 813 1777 848 eius
1807 818 2060 859 perventurum
2090 814 2153 859 sit,
2193 814 2278 860 quia
2310 814 2404 850 forte

1320 859 1340 891 8
1387 860 1535 902 rogatus
1559 860 1615 893 est
1637 857 1699 893 alii
1720 858 1918 894 restituere.
1954 858 2146 895 Praeterea
2169 870 2241 895 non
2264 864 2402 895 tantuin

1319 901 1416 946 quod
1443 901 1531 947 ipsis
1560 902 1765 938 nominatim
1796 903 1919 939 datum
1947 908 2018 947 est,
2049 904 2087 940 id
2114 914 2153 940 se
2175 908 2321 950 praetor
2344 905 2403 940 de-

1319 950 1531 992 negaturum
1559 947 1628 991 ait,
1665 958 1786 984 verum
1824 949 1929 984 etiam
1966 949 1997 985 si
2030 949 2115 995 quid
2144 960 2326 995 proponas
2358 950 2404 985 ad

1318 991 1416 1038 ipsos
1440 1002 1506 1038 per
1527 992 1616 1028 alios
1640 997 1908 1038 perventurum,
1939 998 1980 1029 ut
2009 998 2101 1040 puta
2129 1005 2195 1040 per
2225 995 2404 1031 subiectas

1319 1047 1505 1082 personas,
1530 1037 1625 1083 quod
1645 1038 1786 1084 quidem
1805 1043 1891 1075 sunt
1908 1039 2077 1082 habituri,
2102 1050 2174 1075 non
2193 1039 2404 1076 restituturi.

1320 1086 1340 1118 9
1387 1082 1562 1119 Dabimus
1590 1083 1698 1128 legati
1727 1084 1935 1130 petitionem
1956 1088 2129 1130 patrono,
2161 1085 2192 1121 si
2215 1095 2317 1121 servo
2340 1096 2404 1131 pa-

1319 1127 1416 1164 troni
1438 1127 1577 1163 dederit
1588 1129 1616 1150 ¹⁰
1638 1128 1837 1165 libertatem
1867 1130 1982 1175 pretio
2012 1130 2090 1166 eius
2117 1134 2269 1175 patrono
2299 1141 2404 1176 prae-

1323 1176 1363 1209 10
1410 1173 1538 1218 legato.
1594 1173 1660 1216 Ei,
1698 1175 1759 1220 qui
1794 1174 2009 1211 substitutus
2038 1175 2107 1211 erit
2135 1179 2306 1229 patrono,
2346 1176 2407 1222 qui

1321 1222 1448 1254 contra
1465 1218 1607 1255 tabulas
1626 1219 1888 1264 possessionem
1904 1220 2058 1266 petierit,
2082 1224 2176 1256 actio
2191 1221 2268 1256 eius
2281 1222 2405 1266 partis,

1324 1267 1360 1298 11
1412 1263 1512 1299 cuius
1537 1267 1690 1310 patrono
1713 1265 1895 1310 possessio
1918 1265 2004 1301 data
2022 1266 2100 1309 erit,
2123 1276 2197 1302 non
2215 1265 2333 1302 datur.
2369 1266 2406 1302 Si

1320 1313 1494 1390 gatronus
1509 1311 1534 1331 ¹¹
1565 1309 1613 1345 sit
1635 1310 1851 1346 substitutus
1875 1314 1912 1346 et
1933 1315 2109 1356 patronus
2133 1311 2212 1347 vivo
2235 1315 2407 1348 testatore

1345 1354 1531 1399 ecesserit‚
1568 1354 1680 1390 filium
1714 1355 1859 1401 patroni
1894 1360 2072 1402 petentem
2108 1359 2235 1392 contra
2263 1356 2406 1393 tabulas

1320 1400 1496 1436 bonorum
1519 1400 1783 1446 possessionem
1814 1411 1887 1437 non
1916 1402 2028 1438 solius
2059 1401 2244 1438 substituti
2266 1406 2407 1447 partem

1322 1455 1518 1490 occupare,
1548 1455 1671 1481 verum
1700 1446 1863 1482 omnibus
1894 1446 2084 1483 heredibus
2113 1457 2180 1493 pro
2208 1451 2312 1493 parte
2342 1447 2407 1483 ali-

1321 1490 1406 1536 quid
1429 1490 1572 1526 auferre
1596 1493 1747 1527 constat.

1372 1533 1421 1572 17
1446 1535 1555 1571 loeis
1573 1536 1664 1571 libro
1688 1536 1993 1584 quadraqensimo
2016 1536 2167 1583 septimo
2187 1537 2237 1572 ad
2252 1537 2405 1574 edictum

1321 1580 1470 1616 Liberto
1505 1580 1582 1616 sine
1616 1580 1740 1617 liberis
1774 1585 1915 1617 mortuo
1949 1581 1988 1616 iu
2017 1582 2140 1627 primis
2169 1586 2343 1628 patronus
2373 1587 2408 1619 et

1320 1629 1475 1671 patrona
1506 1626 1681 1661 bonorum
1712 1627 1975 1671 possessionem
2006 1628 2171 1672 accipere
2197 1632 2351 1673 possunt
2372 1633 2409 1663 et

1322 1670 1464 1716 quidem
1481 1670 1596 1706 simul.
1633 1670 1697 1707 sed
1719 1676 1755 1707 et
1778 1672 1809 1707 si
1832 1676 1984 1717 patrono
2008 1676 2044 1708 et
2066 1676 2240 1719 patronae
2258 1673 2407 1718 proximi

1322 1720 1407 1752 sunt
1429 1716 1548 1761 aliqui,
1573 1716 1679 1752 simul
1702 1716 1947 1752 admittentur.

1371 1758 1422 1799 18
1448 1761 1608 1797 Psaros
1627 1762 1718 1798 libro
1739 1762 2044 1809 quadraqensimo
2063 1764 2168 1799 tertio
2188 1763 2239 1799 ad
2254 1763 2406 1800 edictum

1321 1807 1501 1843 Patronae
1525 1806 1668 1852 quidem
1688 1806 1793 1843 liberi
1813 1807 1920 1843 etiam
1939 1808 2042 1853 volgo
2060 1808 2213 1854 quaesiti
2231 1809 2408 1854 accipient

1321 1852 1484 1904 materni.
1496 1851 1617 1905 liberti
1635 1852 1811 1905 bonorum
1829 1854 2103 1898 possessionem,
2127 1854 2270 1900 patroni
2288 1858 2407 1890 autem

1322 1908 1396 1934 non
1418 1907 1487 1933 msi
1509 1907 1588 1933 iure
1611 1897 1775 1942 quaesiti.
2023 1925 2025 1928 -

1371 1940 1422 1981 19
1453 1942 1649 1979 ULPIANUS
1674 1943 1765 1979 libro
1789 1946 1921 1989 quarto
1950 1942 2236 1989 disputationum
2283 1943 2322 1980 Si
2343 1954 2407 1990 pa-

1321 1991 1448 2024 tronus
1473 1997 1517 2023 ex
1538 1988 1676 2024 minore
1690 1992 1794 2034 parte
1810 1998 1917 2041 quam
1932 1987 2089 2034 legitima
2103 1989 2207 2025 heres
2223 1988 2408 2025 institutus

1321 2032 1453 2069 falsum
1475 2036 1727 2069 testamentum
1750 2033 1901 2070 dixisset
1921 2043 1989 2069 nec
2012 2033 2235 2079 optinuisset,
2259 2045 2332 2070 non
2355 2039 2409 2071 est

1322 2078 1528 2124 ambiguum
1563 2082 1690 2114 contra
1722 2079 1866 2115 tabulas
1901 2079 1935 2114 ei
1967 2089 2040 2115 non
2073 2079 2204 2116 deferri
2233 2079 2407 2116 bonorum

1322 2123 1601 2170 possessionem,
1633 2133 1676 2160 eo
1708 2123 1805 2170 quod
1833 2123 1931 2160 facto
1963 2134 2029 2160 suo
2079 2124 2208 2160 erdidit
2231 2125 2407 2161 heredita-

1325 2173 1340 2204 1
1389 2172 1473 2212 tem,
1498 2179 1579 2204 cuin
1602 2172 1734 2206 temere
1757 2168 1886 2206 falsum
1909 2169 2007 2204 dixit.
2075 2169 2147 2206 uod
2169 2170 2201 2206 si
2223 2180 2268 2205 ex
2287 2170 2409 2206 debita

1322 2218 1425 2260 parte
1448 2213 1557 2250 fuerit
1578 2214 1783 2259 institutus,
1812 2215 1885 2250 sive
1907 2214 1996 2251 adiit
2018 2214 2092 2251 sive
2115 2225 2206 2258 non,
2237 2225 2261 2251 a
2284 2219 2409 2252 contra

1322 2259 1466 2295 tabulas
1495 2260 1671 2295 bonorum
1697 2260 1924 2306 possessione
1946 2260 2146 2306 repellitur,
2178 2260 2281 2314 quasi
2309 2260 2408 2297 debi-

1322 2309 1397 2340 tam
1427 2304 1497 2340 sibi
1525 2305 1726 2350 portionem
1755 2306 1947 2350 acceperit.
1998 2315 2066 2341 nec
2088 2307 2221 2351 poterit
2242 2310 2368 2342 contra
2381 2307 2409 2328 ¹²

1322 2349 1466 2386 tabulas
1490 2350 1667 2386 bonorum

1318 541 1513 586 impuberis

1715 2350 1951 2387 ossessionem
1973 2354 2107 2397 petere.

1369 2393 1422 2433 20
1447 2394 1473 2430 I
1475 2404 1641 2431 vaurms
1660 2395 1689 2431 li·
1709 2406 1752 2431 ro
1782 2397 1999 2432 vincens-imo
2030 2397 2156 2442 quinto
2187 2396 2407 2444 digestorum

1323 2440 1491 2477 Libertus
1521 2440 1588 2476 sub
1617 2439 1826 2477 condicione
1848 2441 2096 2482 iurisiurandi,
2128 2451 2236 2487 quam
2262 2446 2409 2487 praetor

1323 2486 1502 2522 remittere
1522 2485 1623 2529 solet,
1643 2489 1834 2538 patronum
1850 2486 2004 2522 instituit
2019 2485 2205 2523 heredem:
2230 2498 2304 2523 non
2319 2491 2407 2533 puto

1323 2530 1569 2573 dubitandum,
1598 2541 1684 2576 quin
1706 2540 1730 2566 a
1751 2531 1926 2568 bonorum
1949 2531 2176 2578 possessione
2198 2532 2406 2568 submovea-

1328 2580 1339 2611 1
1389 2579 1469 2612 tur:
1505 2585 1627 2611 verum
1657 2579 1712 2612 est
1740 2577 1834 2612 enim
1863 2587 1944 2613 euin
1973 2576 2138 2613 heredem
2168 2576 2316 2613 factum.
2370 2577 2407 2613 Si

1323 2621 1419 2658 Titio
1450 2621 1607 2665 legatum
1634 2620 1763 2657 fuisset
1795 2621 1944 2667 eiusque
1975 2621 2059 2658 fidei
2090 2622 2331 2665 commissum,
2368 2626 2409 2658 ut

1323 2670 1476 2713 patrono
1499 2666 1715 2710 restitueret,
1743 2667 1940 2713 denegatur
1961 2667 2157 2712 legatorum
2180 2669 2275 2703 actio
2299 2667 2407 2711 Titio,

1323 2712 1355 2748 si
1383 2716 1536 2757 patrono
1564 2722 1630 2756 pro
1662 2711 1784 2748 debita
1811 2716 1916 2758 parte
1945 2723 1968 2748 a
1990 2713 2125 2758 scripto
2148 2712 2278 2749 herede
2299 2712 2408 2749 fuerit

1324 2760 1344 2792 2
1391 2756 1628 2793 satisfactum.
1658 2757 1828 2794 Libertus
1868 2762 2033 2794 atronum
2048 2762 2084 2793 et
2097 2762 2305 2793 extraneum
2321 2769 2405 2794 con-

1322 2802 1472 2838 iunctim
1488 2812 1540 2855 ‘ex
1560 2806 1667 2855 parte
1689 2802 1834 2838 dimidia
1873 2803 2013 2838 eredem
2028 2802 2406 2857 scripsitqquadrans,

1324 2851 1773 2945 steteritis&
1818 2852 2133 2939 {ffiffiffltssffie
2140 2853 2407 2929 ¹¹32¹1m³ff32¹²i¹1¹3

1324 2943 1343 2973 3
1390 2937 1535 2973 redibus
1557 2947 1624 2990 pro
1647 2943 1811 2990 portione
1836 2937 2008 2984 cuiusque
2030 2938 2157 2974 aufert
2204 2938 2303 2974 Idem
2331 2949 2406 2974 ser—

1323 2982 1401 3019 vari
1431 2986 1616 3019 conveniet
1644 2993 1682 3018 in
1710 2982 1844 3036 legato,
1880 2983 1976 3028 quod
2031 2988 2158 3019 ati-ono
2190 2983 2406 3019 coniunctim

1323 3032 1360 3064 et
1382 3027 1477 3064 Titio
1508 3027 1630 3063 datum
1660 3026 1787 3070 fuerit,
1818 3032 1859 3063 ut
1887 3039 1973 3074 pars
2016 3028 2111 3081 egati
2139 3029 2177 3063 in
2206 3029 2406 3073 portionem

1323 3072 1479 3109 debitam
1502 3076 1654 3117 patrono
1677 3073 1892 3118 imputetur,
1916 3083 1961 3109 ex
1983 3074 2047 3109 reli
2072 3083 2119 3109 ua
2142 3077 2245 3119 parte
2267 3077 2406 3109 tantum

1324 3118 1418 3154 Titio
1442 3117 1667 3160 detrahatur,
1692 3122 1863 3162 quantum
1886 3118 1933 3155 ab
1955 3118 2001 3154 lie
2066 3128 2102 3161 e,
2130 3129 2195 3163 pro
2219 3122 2300 3154 rata
2321 3129 2405 3164 por·

1323 3166 1345 3198 4
1390 3163 1498 3198 tione.
1542 3162 1580 3198 Si
1603 3162 1789 3199 libertinus
1812 3163 1923 3199 filium
1946 3163 2206 3216 emancipatum
2229 3163 2296 3199 sub
2320 3174 2404 3199 con-

1323 3208 1463 3244 dicione
1493 3207 1659 3243 heredem
1687 3207 1880 3244 instituerit
1914 3212 1951 3244 et
1984 3208 2167 3244 deficiente
2198 3207 2405 3244 condicione

1322 3252 1539 3289 substitutus
1564 3252 1701 3295 adierit,
1726 3263 1875 3299 quaero,
1906 3257 2025 3289 utrum
2057 3258 2210 3298 patrono
2234 3253 2405 3289 adversus

1323 3298 1554 3334 substitutum
1586 3297 1623 3332 in
1653 3302 1790 3343 partem
1821 3297 1977 3334 debitam
2006 3305 2153 3344 praetor
2180 3309 2226 3334 an
2250 3298 2404 3334 emanci-

1322 3347 1408 3388 pato
1444 3342 1517 3378 filio
1552 3342 1590 3378 in
1620 3347 1733 3379 totam
1763 3342 1994 3379 hereditatem
2023 3353 2233 3379 succurrere
2264 3343 2403 3379 debeat.

1322 3387 1509 3433 respondi,
1550 3398 1629 3423 cuin
1665 3392 1770 3434 pater
1803 3387 1915 3423 fllium
1952 3388 2018 3424 sub
2051 3388 2260 3424 condicione
2291 3388 2403 3433 primo

1322 3432 1435 3478 gradu
1458 3433 1624 3468 heredem
1647 3433 1812 3475 instituit,
1837 3433 1867 3469 si
1891 3433 2074 3469 deficiente
2092 3433 2311 3475 condicione,
2336 3433 2403 3469 sub

1323 3487 1395 3523 qua
1418 3477 1511 3513 filius
1536 3478 1638 3514 heres
1661 3479 1845 3514 institutus
1868 3483 1937 3520 est,
1970 3478 2016 3513 ad
2039 3478 2233 3514 secundum
2254 3477 2403 3523 gradum

1324 3522 1502 3558 hereditas
1519 3523 1674 3567 pertinet
1689 3523 1745 3558 vel
1761 3523 1879 3558 adhuc
1894 3523 2071 3568 pendente
2084 3523 2293 3559 condicione
2307 3522 2403 3558 filius

1321 3639 1381 3677 (ιο)
1406 3636 1546 3670 libertus
1558 3650 1627 3671 cum
1643 3638 1829 3672 B1·ns.Ad.
1844 3638 1993 3671 Schmidt
2038 3639 2092 3679 (ιι)
2116 3638 2257 3680 patrono
2272 3636 2401 3670 ΡοεΙιῐον

1321 3685 1380 3724 (12)
1405 3682 1532 3726 eontra]
1545 3683 1726 3716 secundum
1737 3695 1800 3716 scr.
