<?xml version="1.0" encoding="UTF-8"?>
<!DOCTYPE html PUBLIC "-//W3C//DTD XHTML 1.0 Transitional//EN"
    "http://www.w3.org/TR/xhtml1/DTD/xhtml1-transitional.dtd">
<html xmlns="http://www.w3.org/1999/xhtml" xml:lang="en" lang="en">
 <head>
  <title>
</title>
<meta http-equiv="Content-Type" content="text/html;charset=utf-8" />
  <meta name='ocr-system' content='tesseract 3.04.00' />
  <meta name='ocr-capabilities' content='ocr_page ocr_carea ocr_par ocr_line ocrx_word'/>
</head>
<body>
  <div class='ocr_page' id='page_1' title='image "./corpusjuriscivil01krueuoft_0183.png"; bbox 0 0 2528 3918; ppageno 0'>
   <div class='ocr_carea' id='block_1_1' title="bbox 10 257 15 1386">
    <p class='ocr_par' dir='ltr' id='par_1_1' title="bbox 10 257 15 1386">
     <span class='ocr_line' id='line_1_1' title="bbox 10 257 15 1386; baseline 0 0"><span class='ocrx_word' id='word_1_1' title='bbox 10 257 15 1386; x_wconf 95' lang='lat' dir='ltr'> </span> 
     </span>
    </p>
   </div>
   <div class='ocr_carea' id='block_1_2' title="bbox 0 1392 27 3918">
    <p class='ocr_par' dir='ltr' id='par_1_2' title="bbox 0 1392 27 3918">
     <span class='ocr_line' id='line_1_2' title="bbox 0 1392 27 3918; baseline 0 0"><span class='ocrx_word' id='word_1_2' title='bbox 0 1392 27 3918; x_wconf 95' lang='lat' dir='ltr'> </span> 
     </span>
    </p>
   </div>
   <div class='ocr_carea' id='block_1_3' title="bbox 119 141 422 173">
    <p class='ocr_par' dir='ltr' id='par_1_3' title="bbox 119 141 422 173">
     <span class='ocr_line' id='line_1_3' title="bbox 119 141 422 173; baseline -0.007 0"><span class='ocrx_word' id='word_1_3' title='bbox 119 143 180 173; x_wconf 89' lang='lat' dir='ltr'>DE</span> <span class='ocrx_word' id='word_1_4' title='bbox 209 141 422 173; x_wconf 77' lang='lat' dir='ltr'>RECEPTIS</span> 
     </span>
    </p>
   </div>
   <div class='ocr_carea' id='block_1_4' title="bbox 111 246 1213 1789">
    <p class='ocr_par' dir='ltr' id='par_1_4' title="bbox 111 246 1213 1372">
     <span class='ocr_line' id='line_1_4' title="bbox 118 246 1209 297; baseline -0.006 -9"><span class='ocrx_word' id='word_1_5' title='bbox 118 253 148 288; x_wconf 91' lang='lat' dir='ltr'>si</span> <span class='ocrx_word' id='word_1_6' title='bbox 173 251 427 297; x_wconf 88' lang='lat' dir='ltr'>compromisso</span> <span class='ocrx_word' id='word_1_7' title='bbox 451 248 549 283; x_wconf 83' lang='lat' dir='ltr'>facto</span> <span class='ocrx_word' id='word_1_8' title='bbox 575 247 752 283; x_wconf 87' lang='lat' dir='ltr'>sententia</span> <span class='ocrx_word' id='word_1_9' title='bbox 776 246 872 281; x_wconf 91' lang='lat' dir='ltr'>dicta</span> <span class='ocrx_word' id='word_1_10' title='bbox 897 250 961 288; x_wconf 91' lang='lat' dir='ltr'>est,</span> <span class='ocrx_word' id='word_1_11' title='bbox 987 257 1056 291; x_wconf 90' lang='lat' dir='ltr'>quo</span> <span class='ocrx_word' id='word_1_12' title='bbox 1083 246 1161 292; x_wconf 90' lang='lat' dir='ltr'>quis</span> <span class='ocrx_word' id='word_1_13' title='bbox 1187 257 1209 281; x_wconf 91' lang='lat' dir='ltr'>a</span> 
     </span>
     <span class='ocr_line' id='line_1_5' title="bbox 121 291 1208 341; baseline -0.006 -8"><span class='ocrx_word' id='word_1_14' title='bbox 121 298 255 332; x_wconf 89' lang='lat' dir='ltr'>minore</span> <span class='ocrx_word' id='word_1_15' title='bbox 289 295 410 341; x_wconf 88' lang='lat' dir='ltr'>viginti</span> <span class='ocrx_word' id='word_1_16' title='bbox 445 294 599 339; x_wconf 90' lang='lat' dir='ltr'>quinque</span> <span class='ocrx_word' id='word_1_17' title='bbox 635 293 738 327; x_wconf 88' lang='lat' dir='ltr'>annis</span> <span class='ocrx_word' id='word_1_18' title='bbox 774 291 910 327; x_wconf 74' lang='lat' dir='ltr'>tutelae</span> <span class='ocrx_word' id='word_1_19' title='bbox 953 292 1208 333; x_wconf 84' lang='lat' dir='ltr'>absolveretur,</span> 
     </span>
     <span class='ocr_line' id='line_1_6' title="bbox 118 337 1210 385; baseline -0.006 -7"><span class='ocrx_word' id='word_1_20' title='bbox 118 347 235 378; x_wconf 86' lang='lat' dir='ltr'>ratum</span> <span class='ocrx_word' id='word_1_21' title='bbox 257 341 294 376; x_wconf 91' lang='lat' dir='ltr'>id</span> <span class='ocrx_word' id='word_1_22' title='bbox 317 351 340 376; x_wconf 90' lang='lat' dir='ltr'>a</span> <span class='ocrx_word' id='word_1_23' title='bbox 369 344 536 385; x_wconf 88' lang='lat' dir='ltr'>praetore</span> <span class='ocrx_word' id='word_1_24' title='bbox 567 349 639 373; x_wconf 91' lang='lat' dir='ltr'>non</span> <span class='ocrx_word' id='word_1_25' title='bbox 669 337 892 373; x_wconf 84' lang='lat' dir='ltr'>habendum:</span> <span class='ocrx_word' id='word_1_26' title='bbox 925 347 1041 382; x_wconf 89' lang='lat' dir='ltr'>neque</span> <span class='ocrx_word' id='word_1_27' title='bbox 1099 347 1210 372; x_wconf 90' lang='lat' dir='ltr'>oenae</span> 
     </span>
     <span class='ocr_line' id='line_1_7' title="bbox 122 382 1211 427; baseline -0.006 -4"><span class='ocrx_word' id='word_1_28' title='bbox 122 392 133 422; x_wconf 90' lang='grc'>1</span> <span class='ocrx_word' id='word_1_29' title='bbox 187 398 228 423; x_wconf 90' lang='lat' dir='ltr'>eo</span> <span class='ocrx_word' id='word_1_30' title='bbox 268 385 409 421; x_wconf 91' lang='lat' dir='ltr'>nomine</span> <span class='ocrx_word' id='word_1_31' title='bbox 441 383 651 419; x_wconf 82' lang='lat' dir='ltr'><strong>commissae</strong></span> <span class='ocrx_word' id='word_1_32' title='bbox 685 383 809 427; x_wconf 90' lang='lat' dir='ltr'>petitio</span> <span class='ocrx_word' id='word_1_33' title='bbox 846 382 1001 417; x_wconf 88' lang='lat' dir='ltr'>dabitur.</span> <span class='ocrx_word' id='word_1_34' title='bbox 1084 382 1211 417; x_wconf 89' lang='lat' dir='ltr'>ametsi</span> 
     </span>
     <span class='ocr_line' id='line_1_8' title="bbox 118 428 1210 473; baseline -0.006 -5"><span class='ocrx_word' id='word_1_35' title='bbox 118 433 292 468; x_wconf 88' lang='lat' dir='ltr'>neminem</span> <span class='ocrx_word' id='word_1_36' title='bbox 339 433 459 465; x_wconf 88' lang='lat' dir='ltr'>raetor</span> <span class='ocrx_word' id='word_1_37' title='bbox 483 433 588 473; x_wconf 88' lang='lat' dir='ltr'>cogat</span> <span class='ocrx_word' id='word_1_38' title='bbox 611 428 798 463; x_wconf 82' lang='lat' dir='ltr'>arbitrium</span> <span class='ocrx_word' id='word_1_39' title='bbox 812 429 822 449; x_wconf 94' lang='lat'><strong>¹</strong></span> <span class='ocrx_word' id='word_1_40' title='bbox 846 428 1016 472; x_wconf 90' lang='lat' dir='ltr'>recipere,</span> <span class='ocrx_word' id='word_1_41' title='bbox 1042 428 1210 473; x_wconf 85' lang='lat' dir='ltr'>quoniam</span> 
     </span>
     <span class='ocr_line' id='line_1_9' title="bbox 117 473 1211 513; baseline -0.005 0"><span class='ocrx_word' id='word_1_42' title='bbox 117 480 208 513; x_wconf 84' lang='lat' dir='ltr'>haec</span> <span class='ocrx_word' id='word_1_43' title='bbox 238 486 294 511; x_wconf 90' lang='lat' dir='ltr'>res</span> <span class='ocrx_word' id='word_1_44' title='bbox 341 476 438 510; x_wconf 87' lang='lat' dir='ltr'>&#39;bera</span> <span class='ocrx_word' id='word_1_45' title='bbox 470 478 506 509; x_wconf 90' lang='lat' dir='ltr'>et</span> <span class='ocrx_word' id='word_1_46' title='bbox 535 474 655 509; x_wconf 88' lang='lat' dir='ltr'>soluta</span> <span class='ocrx_word' id='word_1_47' title='bbox 687 477 742 509; x_wconf 91' lang='lat' dir='ltr'>est</span> <span class='ocrx_word' id='word_1_48' title='bbox 773 477 809 508; x_wconf 91' lang='lat' dir='ltr'>et</span> <span class='ocrx_word' id='word_1_49' title='bbox 832 476 937 508; x_wconf 87' lang='lat' dir='ltr'>extra</span> <span class='ocrx_word' id='word_1_50' title='bbox 960 473 1211 508; x_wconf 85' lang='lat' dir='ltr'>necessitatem</span> 
     </span>
     <span class='ocr_line' id='line_1_10' title="bbox 116 518 1212 565; baseline -0.005 -7"><span class='ocrx_word' id='word_1_51' title='bbox 116 521 368 558; x_wconf 89' lang='lat' dir='ltr'>iurisdictionis</span> <span class='ocrx_word' id='word_1_52' title='bbox 399 520 534 565; x_wconf 89' lang='lat' dir='ltr'>posita,</span> <span class='ocrx_word' id='word_1_53' title='bbox 568 522 727 554; x_wconf 79' lang='lat' dir='ltr'>attamen</span> <span class='ocrx_word' id='word_1_54' title='bbox 758 518 821 553; x_wconf 94' lang='lat' dir='ltr'>ubi</span> <span class='ocrx_word' id='word_1_55' title='bbox 852 518 962 553; x_wconf 90' lang='lat' dir='ltr'>semel</span> <span class='ocrx_word' id='word_1_56' title='bbox 993 518 1072 563; x_wconf 91' lang='lat' dir='ltr'>quis</span> <span class='ocrx_word' id='word_1_57' title='bbox 1103 518 1142 553; x_wconf 91' lang='lat' dir='ltr'>in</span> <span class='ocrx_word' id='word_1_58' title='bbox 1173 527 1212 552; x_wconf 88' lang='lat' dir='ltr'>se</span> 
     </span>
     <span class='ocr_line' id='line_1_11' title="bbox 115 563 1211 612; baseline -0.005 -9"><span class='ocrx_word' id='word_1_59' title='bbox 115 567 291 612; x_wconf 82' lang='lat' dir='ltr'>receperit</span> <span class='ocrx_word' id='word_1_60' title='bbox 309 566 508 607; x_wconf 86' lang='lat' dir='ltr'>arbitrium,</span> <span class='ocrx_word' id='word_1_61' title='bbox 533 565 580 599; x_wconf 88' lang='lat' dir='ltr'>ad</span> <span class='ocrx_word' id='word_1_62' title='bbox 604 575 726 600; x_wconf 89' lang='lat' dir='ltr'>curam</span> <span class='ocrx_word' id='word_1_63' title='bbox 751 568 786 599; x_wconf 91' lang='lat' dir='ltr'>et</span> <span class='ocrx_word' id='word_1_64' title='bbox 809 563 1084 599; x_wconf 90' lang='lat' dir='ltr'>sollicitudinem</span> <span class='ocrx_word' id='word_1_65' title='bbox 1108 573 1211 598; x_wconf 88' lang='lat' dir='ltr'>suam</span> 
     </span>
     <span class='ocr_line' id='line_1_12' title="bbox 116 608 1212 656; baseline -0.005 -8"><span class='ocrx_word' id='word_1_66' title='bbox 116 614 209 648; x_wconf 88' lang='lat' dir='ltr'>hanc</span> <span class='ocrx_word' id='word_1_67' title='bbox 233 623 308 647; x_wconf 92' lang='lat' dir='ltr'>rem</span> <span class='ocrx_word' id='word_1_68' title='bbox 331 611 510 656; x_wconf 91' lang='lat' dir='ltr'>pertinere</span> <span class='ocrx_word' id='word_1_69' title='bbox 533 613 679 655; x_wconf 88' lang='lat' dir='ltr'>praetor</span> <span class='ocrx_word' id='word_1_70' title='bbox 702 613 825 654; x_wconf 87' lang='lat' dir='ltr'>putat:</span> <span class='ocrx_word' id='word_1_71' title='bbox 851 619 925 644; x_wconf 92' lang='lat' dir='ltr'>non</span> <span class='ocrx_word' id='word_1_72' title='bbox 948 613 1090 643; x_wconf 90' lang='lat' dir='ltr'>tantum</span> <span class='ocrx_word' id='word_1_73' title='bbox 1115 608 1212 654; x_wconf 91' lang='lat' dir='ltr'>quod</span> 
     </span>
     <span class='ocr_line' id='line_1_13' title="bbox 116 654 1212 700; baseline -0.005 -7"><span class='ocrx_word' id='word_1_74' title='bbox 116 657 276 694; x_wconf 82' lang='lat' dir='ltr'>studeret</span> <span class='ocrx_word' id='word_1_75' title='bbox 298 656 377 691; x_wconf 90' lang='lat' dir='ltr'>lites</span> <span class='ocrx_word' id='word_1_76' title='bbox 410 655 523 698; x_wconf 91' lang='lat' dir='ltr'>finiri,</span> <span class='ocrx_word' id='word_1_77' title='bbox 555 666 678 690; x_wconf 87' lang='lat' dir='ltr'>verum</span> <span class='ocrx_word' id='word_1_78' title='bbox 703 655 871 700; x_wconf 92' lang='lat' dir='ltr'>quoniam</span> <span class='ocrx_word' id='word_1_79' title='bbox 895 655 993 689; x_wconf 84' lang='lat' dir='ltr'>non²</span> <span class='ocrx_word' id='word_1_80' title='bbox 1018 654 1212 689; x_wconf 87' lang='lat' dir='ltr'>deberent³</span> 
     </span>
     <span class='ocr_line' id='line_1_14' title="bbox 115 699 1212 748; baseline -0.004 -10"><span class='ocrx_word' id='word_1_81' title='bbox 115 703 248 748; x_wconf 85' lang='lat' dir='ltr'>decipi,</span> <span class='ocrx_word' id='word_1_82' title='bbox 282 702 343 747; x_wconf 92' lang='lat' dir='ltr'>qui</span> <span class='ocrx_word' id='word_1_83' title='bbox 375 711 455 736; x_wconf 92' lang='lat' dir='ltr'>eum</span> <span class='ocrx_word' id='word_1_84' title='bbox 490 701 593 746; x_wconf 82' lang='lat' dir='ltr'>quasi</span> <span class='ocrx_word' id='word_1_85' title='bbox 622 701 737 736; x_wconf 84' lang='lat' dir='ltr'>virum</span> <span class='ocrx_word' id='word_1_86' title='bbox 768 700 902 735; x_wconf 89' lang='lat' dir='ltr'>bonum</span> <span class='ocrx_word' id='word_1_87' title='bbox 935 699 1212 744; x_wconf 84' lang='lat' dir='ltr'>disceptatorem</span> 
     </span>
     <span class='ocr_line' id='line_1_15' title="bbox 113 745 1213 792; baseline -0.004 -9"><span class='ocrx_word' id='word_1_88' title='bbox 113 749 207 784; x_wconf 90' lang='lat' dir='ltr'>inter</span> <span class='ocrx_word' id='word_1_89' title='bbox 229 758 268 783; x_wconf 91' lang='lat' dir='ltr'>se</span> <span class='ocrx_word' id='word_1_90' title='bbox 292 747 480 792; x_wconf 87' lang='lat' dir='ltr'>elegerunt.</span> <span class='ocrx_word' id='word_1_91' title='bbox 517 746 610 791; x_wconf 86' lang='lat' dir='ltr'>finge</span> <span class='ocrx_word' id='word_1_92' title='bbox 632 746 725 781; x_wconf 93' lang='lat' dir='ltr'>enim</span> <span class='ocrx_word' id='word_1_93' title='bbox 744 749 828 790; x_wconf 90' lang='lat' dir='ltr'>post</span> <span class='ocrx_word' id='word_1_94' title='bbox 848 755 994 780; x_wconf 88' lang='lat' dir='ltr'>causam</span> <span class='ocrx_word' id='word_1_95' title='bbox 1014 745 1085 780; x_wconf 92' lang='lat' dir='ltr'>iam</span> <span class='ocrx_word' id='word_1_96' title='bbox 1105 745 1213 780; x_wconf 91' lang='lat' dir='ltr'>semel</span> 
     </span>
     <span class='ocr_line' id='line_1_16' title="bbox 114 790 1212 839; baseline -0.004 -11"><span class='ocrx_word' id='word_1_97' title='bbox 114 799 222 839; x_wconf 86' lang='lat' dir='ltr'>atque</span> <span class='ocrx_word' id='word_1_98' title='bbox 245 793 374 828; x_wconf 89' lang='lat' dir='ltr'>iterum</span> <span class='ocrx_word' id='word_1_99' title='bbox 393 795 598 834; x_wconf 82' lang='lat' dir='ltr'>tractatam,</span> <span class='ocrx_word' id='word_1_100' title='bbox 621 795 705 837; x_wconf 89' lang='lat' dir='ltr'>post</span> <span class='ocrx_word' id='word_1_101' title='bbox 724 791 860 826; x_wconf 89' lang='lat' dir='ltr'>nudata</span> <span class='ocrx_word' id='word_1_102' title='bbox 879 790 1068 835; x_wconf 87' lang='lat' dir='ltr'>utriusque</span> <span class='ocrx_word' id='word_1_103' title='bbox 1086 790 1212 825; x_wconf 88' lang='lat' dir='ltr'>intima</span> 
     </span>
     <span class='ocr_line' id='line_1_17' title="bbox 115 835 1212 882; baseline -0.004 -8"><span class='ocrx_word' id='word_1_104' title='bbox 115 843 151 874; x_wconf 90' lang='lat' dir='ltr'>et</span> <span class='ocrx_word' id='word_1_105' title='bbox 168 842 308 874; x_wconf 89' lang='lat' dir='ltr'>secreta</span> <span class='ocrx_word' id='word_1_106' title='bbox 327 837 459 882; x_wconf 88' lang='lat' dir='ltr'>negotii</span> <span class='ocrx_word' id='word_1_107' title='bbox 481 840 617 882; x_wconf 89' lang='lat' dir='ltr'>aperta,</span> <span class='ocrx_word' id='word_1_108' title='bbox 642 836 816 871; x_wconf 89' lang='lat' dir='ltr'>arbitrum</span> <span class='ocrx_word' id='word_1_109' title='bbox 835 836 891 871; x_wconf 87' lang='lat' dir='ltr'>vel</span> <span class='ocrx_word' id='word_1_110' title='bbox 910 836 1047 880; x_wconf 91' lang='lat' dir='ltr'>gratiae</span> <span class='ocrx_word' id='word_1_111' title='bbox 1068 835 1212 870; x_wconf 89' lang='lat' dir='ltr'>dantem</span> 
     </span>
     <span class='ocr_line' id='line_1_18' title="bbox 113 881 1212 928; baseline -0.005 -8"><span class='ocrx_word' id='word_1_112' title='bbox 113 884 168 920; x_wconf 91' lang='lat' dir='ltr'>vel</span> <span class='ocrx_word' id='word_1_113' title='bbox 193 883 358 919; x_wconf 87' lang='lat' dir='ltr'>sordibus</span> <span class='ocrx_word' id='word_1_114' title='bbox 384 886 592 928; x_wconf 87' lang='lat' dir='ltr'>corruptum</span> <span class='ocrx_word' id='word_1_115' title='bbox 614 882 670 917; x_wconf 85' lang='lat' dir='ltr'>vel</span> <span class='ocrx_word' id='word_1_116' title='bbox 694 882 765 916; x_wconf 88' lang='lat' dir='ltr'>alia</span> <span class='ocrx_word' id='word_1_117' title='bbox 796 891 867 926; x_wconf 91' lang='lat' dir='ltr'>qua</span> <span class='ocrx_word' id='word_1_118' title='bbox 899 891 944 915; x_wconf 91' lang='lat' dir='ltr'>ex</span> <span class='ocrx_word' id='word_1_119' title='bbox 975 891 1086 916; x_wconf 89' lang='lat' dir='ltr'>causa</span> <span class='ocrx_word' id='word_1_120' title='bbox 1117 881 1212 916; x_wconf 90' lang='lat' dir='ltr'>nolle</span> 
     </span>
     <span class='ocr_line' id='line_1_19' title="bbox 113 927 1210 973; baseline -0.003 -9"><span class='ocrx_word' id='word_1_121' title='bbox 113 929 326 965; x_wconf 90' lang='lat' dir='ltr'>sententiam</span> <span class='ocrx_word' id='word_1_122' title='bbox 351 928 487 963; x_wconf 87' lang='lat' dir='ltr'>dicere:</span> <span class='ocrx_word' id='word_1_123' title='bbox 513 928 747 973; x_wconf 85' lang='lat' dir='ltr'>quisquamne</span> <span class='ocrx_word' id='word_1_124' title='bbox 769 930 891 972; x_wconf 91' lang='lat' dir='ltr'>potest</span> <span class='ocrx_word' id='word_1_125' title='bbox 913 936 1045 971; x_wconf 85' lang='lat' dir='ltr'>negare</span> <span class='ocrx_word' id='word_1_126' title='bbox 1069 927 1210 971; x_wconf 89' lang='lat' dir='ltr'>aequis-</span> 
     </span>
     <span class='ocr_line' id='line_1_20' title="bbox 113 972 1212 1019; baseline -0.003 -10"><span class='ocrx_word' id='word_1_127' title='bbox 113 975 241 1010; x_wconf 89' lang='lat' dir='ltr'>simum</span> <span class='ocrx_word' id='word_1_128' title='bbox 271 973 351 1009; x_wconf 84' lang='lat' dir='ltr'>fore</span> <span class='ocrx_word' id='word_1_129' title='bbox 381 977 583 1019; x_wconf 88' lang='lat' dir='ltr'>praetorem</span> <span class='ocrx_word' id='word_1_130' title='bbox 613 973 841 1017; x_wconf 84' lang='lat' dir='ltr'>interponere</span> <span class='ocrx_word' id='word_1_131' title='bbox 875 982 913 1007; x_wconf 90' lang='lat' dir='ltr'>se</span> <span class='ocrx_word' id='word_1_132' title='bbox 937 972 1102 1007; x_wconf 86' lang='lat' dir='ltr'>debuisse</span> <span class='ocrx_word' id='word_1_133' title='bbox 1113 973 1138 1014; x_wconf 71' lang='lat'>⁴,</span> <span class='ocrx_word' id='word_1_134' title='bbox 1171 975 1212 1006; x_wconf 91' lang='lat' dir='ltr'>ut</span> 
     </span>
     <span class='ocr_line' id='line_1_21' title="bbox 114 1017 1209 1064; baseline -0.003 -10"><span class='ocrx_word' id='word_1_135' title='bbox 114 1024 133 1055; x_wconf 89' lang='lat'>2</span> <span class='ocrx_word' id='word_1_136' title='bbox 183 1019 343 1055; x_wconf 88' lang='lat' dir='ltr'>officium</span> <span class='ocrx_word' id='word_1_137' title='bbox 375 1018 472 1064; x_wconf 90' lang='lat' dir='ltr'>quod</span> <span class='ocrx_word' id='word_1_138' title='bbox 502 1019 539 1053; x_wconf 90' lang='lat' dir='ltr'>in</span> <span class='ocrx_word' id='word_1_139' title='bbox 564 1029 602 1053; x_wconf 88' lang='lat' dir='ltr'>se</span> <span class='ocrx_word' id='word_1_140' title='bbox 625 1018 761 1063; x_wconf 91' lang='lat' dir='ltr'>recepit</span> <span class='ocrx_word' id='word_1_141' title='bbox 784 1017 973 1062; x_wconf 81' lang='lat' dir='ltr'>impleret?</span> <span class='ocrx_word' id='word_1_142' title='bbox 1020 1018 1082 1052; x_wconf 90' lang='lat' dir='ltr'>Ait</span> <span class='ocrx_word' id='word_1_143' title='bbox 1105 1027 1209 1062; x_wconf 88' lang='lat' dir='ltr'>prae-</span> 
     </span>
     <span class='ocr_line' id='line_1_22' title="bbox 112 1063 1209 1108; baseline -0.002 -8"><span class='ocrx_word' id='word_1_144' title='bbox 112 1070 187 1100; x_wconf 87' lang='lat' dir='ltr'>tor:</span> <span class='ocrx_word' id='word_1_145' title='bbox 215 1065 295 1108; x_wconf 81' lang='lat' dir='ltr'>‘Qui</span> <span class='ocrx_word' id='word_1_146' title='bbox 319 1065 504 1099; x_wconf 89' lang='lat' dir='ltr'>arbitrium</span> <span class='ocrx_word' id='word_1_147' title='bbox 536 1064 691 1108; x_wconf 89' lang='lat' dir='ltr'>pecunia</span> <span class='ocrx_word' id='word_1_148' title='bbox 723 1063 980 1107; x_wconf 89' lang='lat' dir='ltr'>compromissa</span> <span class='ocrx_word' id='word_1_149' title='bbox 1010 1063 1209 1108; x_wconf 88' lang='lat' dir='ltr'>receperit&#39;.</span> 
     </span>
     <span class='ocr_line' id='line_1_23' title="bbox 114 1108 1211 1154; baseline -0.003 -9"><span class='ocrx_word' id='word_1_150' title='bbox 114 1114 133 1146; x_wconf 92' lang='lat'><strong>3</strong></span> <span class='ocrx_word' id='word_1_151' title='bbox 182 1110 394 1145; x_wconf 89' lang='lat' dir='ltr'>Tractemus</span> <span class='ocrx_word' id='word_1_152' title='bbox 428 1109 471 1144; x_wconf 93' lang='lat' dir='ltr'>de</span> <span class='ocrx_word' id='word_1_153' title='bbox 502 1109 665 1154; x_wconf 91' lang='lat' dir='ltr'>personis</span> <span class='ocrx_word' id='word_1_154' title='bbox 698 1108 962 1143; x_wconf 88' lang='lat' dir='ltr'>arbitrantium.</span> <span class='ocrx_word' id='word_1_155' title='bbox 1001 1112 1036 1143; x_wconf 91' lang='lat' dir='ltr'>et</span> <span class='ocrx_word' id='word_1_156' title='bbox 1068 1108 1211 1154; x_wconf 91' lang='lat' dir='ltr'>quidem</span> 
     </span>
     <span class='ocr_line' id='line_1_24' title="bbox 111 1153 1211 1200; baseline -0.002 -10"><span class='ocrx_word' id='word_1_157' title='bbox 111 1156 286 1191; x_wconf 89' lang='lat' dir='ltr'>arbitrum</span> <span class='ocrx_word' id='word_1_158' title='bbox 319 1156 575 1200; x_wconf 91' lang='lat' dir='ltr'>cuiuscumque</span> <span class='ocrx_word' id='word_1_159' title='bbox 610 1154 791 1198; x_wconf 86' lang='lat' dir='ltr'>dignitatis</span> <span class='ocrx_word' id='word_1_160' title='bbox 824 1157 927 1198; x_wconf 87' lang='lat' dir='ltr'>coget</span> <span class='ocrx_word' id='word_1_161' title='bbox 960 1153 1081 1189; x_wconf 86' lang='lat' dir='ltr'>officio</span> <span class='ocrx_word' id='word_1_162' title='bbox 1138 1153 1211 1188; x_wconf 91' lang='lat' dir='ltr'>uod</span> 
     </span>
     <span class='ocr_line' id='line_1_25' title="bbox 111 1198 1211 1246; baseline -0.003 -10"><span class='ocrx_word' id='word_1_163' title='bbox 111 1201 311 1246; x_wconf 83' lang='lat' dir='ltr'>susceperit</span> <span class='ocrx_word' id='word_1_164' title='bbox 334 1200 517 1245; x_wconf 86' lang='lat' dir='ltr'>perfungi,</span> <span class='ocrx_word' id='word_1_165' title='bbox 543 1200 681 1235; x_wconf 90' lang='lat' dir='ltr'>etiamsi</span> <span class='ocrx_word' id='word_1_166' title='bbox 705 1200 752 1234; x_wconf 91' lang='lat' dir='ltr'>sit</span> <span class='ocrx_word' id='word_1_167' title='bbox 780 1198 995 1234; x_wconf 88' lang='lat' dir='ltr'>consularis:</span> <span class='ocrx_word' id='word_1_168' title='bbox 1022 1199 1091 1234; x_wconf 92' lang='lat' dir='ltr'>nisi</span> <span class='ocrx_word' id='word_1_169' title='bbox 1134 1202 1211 1234; x_wconf 89' lang='lat' dir='ltr'>orte</span> 
     </span>
     <span class='ocr_line' id='line_1_26' title="bbox 111 1244 1210 1291; baseline -0.003 -10"><span class='ocrx_word' id='word_1_170' title='bbox 111 1247 158 1282; x_wconf 89' lang='lat' dir='ltr'>sit</span> <span class='ocrx_word' id='word_1_171' title='bbox 181 1247 218 1281; x_wconf 91' lang='lat' dir='ltr'>in</span> <span class='ocrx_word' id='word_1_172' title='bbox 242 1246 362 1291; x_wconf 89' lang='lat' dir='ltr'>aliquo</span> <span class='ocrx_word' id='word_1_173' title='bbox 387 1246 599 1291; x_wconf 89' lang='lat' dir='ltr'>magistratu</span> <span class='ocrx_word' id='word_1_174' title='bbox 623 1245 762 1290; x_wconf 89' lang='lat' dir='ltr'>positus</span> <span class='ocrx_word' id='word_1_175' title='bbox 787 1245 843 1279; x_wconf 93' lang='lat' dir='ltr'>vel</span> <span class='ocrx_word' id='word_1_176' title='bbox 866 1248 1057 1289; x_wconf 89' lang='lat' dir='ltr'>potestate,</span> <span class='ocrx_word' id='word_1_177' title='bbox 1084 1244 1210 1280; x_wconf 88' lang='lat' dir='ltr'>consul</span> 
     </span>
     <span class='ocr_line' id='line_1_27' title="bbox 111 1290 1209 1371; baseline -0.002 -45"><span class='ocrx_word' id='word_1_178' title='bbox 111 1292 205 1371; x_wconf 51' lang='lat' dir='ltr'>forge</span> <span class='ocrx_word' id='word_1_179' title='bbox 235 1292 291 1326; x_wconf 86' lang='lat' dir='ltr'>vel</span> <span class='ocrx_word' id='word_1_180' title='bbox 322 1295 487 1336; x_wconf 92' lang='lat' dir='ltr'>praetor,</span> <span class='ocrx_word' id='word_1_181' title='bbox 524 1291 693 1336; x_wconf 90' lang='lat' dir='ltr'>quoniam</span> <span class='ocrx_word' id='word_1_182' title='bbox 726 1290 764 1325; x_wconf 92' lang='lat' dir='ltr'>in</span> <span class='ocrx_word' id='word_1_183' title='bbox 796 1290 890 1325; x_wconf 77' lang='lat' dir='ltr'>hoc⁵</span> <span class='ocrx_word' id='word_1_184' title='bbox 914 1290 1102 1335; x_wconf 90' lang='lat' dir='ltr'>imperium</span> <span class='ocrx_word' id='word_1_185' title='bbox 1137 1300 1209 1325; x_wconf 91' lang='lat' dir='ltr'>non</span> 
     </span>
     <span class='ocr_line' id='line_1_28' title="bbox 112 1338 233 1372; baseline -0.008 0"><span class='ocrx_word' id='word_1_186' title='bbox 112 1338 160 1372; x_wconf 93' lang='lat' dir='ltr'>ha</span> <span class='ocrx_word' id='word_1_187' title='bbox 187 1341 233 1372; x_wconf 90' lang='lat' dir='ltr'>et.</span> 
     </span>
    </p>

    <p class='ocr_par' dir='ltr' id='par_1_5' title="bbox 111 1379 1210 1562">
     <span class='ocr_line' id='line_1_29' title="bbox 159 1379 1210 1419; baseline -0.004 -1"><span class='ocrx_word' id='word_1_188' title='bbox 159 1381 184 1419; x_wconf 89' lang='grc'>4</span> <span class='ocrx_word' id='word_1_189' title='bbox 209 1381 370 1417; x_wconf 80' lang='lat' dir='ltr'><em>PAULUS</em></span> <span class='ocrx_word' id='word_1_190' title='bbox 397 1381 488 1416; x_wconf 76' lang='lat' dir='ltr'>libro</span> <span class='ocrx_word' id='word_1_191' title='bbox 524 1382 629 1415; x_wconf 76' lang='lat' dir='ltr'>tertio</span> <span class='ocrx_word' id='word_1_192' title='bbox 661 1380 797 1416; x_wconf 82' lang='lat' dir='ltr'>decimo</span> <span class='ocrx_word' id='word_1_193' title='bbox 831 1380 881 1415; x_wconf 85' lang='lat' dir='ltr'>ad</span> <span class='ocrx_word' id='word_1_194' title='bbox 913 1380 1068 1416; x_wconf 79' lang='lat' dir='ltr'>edictum</span> <span class='ocrx_word' id='word_1_195' title='bbox 1115 1379 1210 1415; x_wconf 89' lang='lat' dir='ltr'>Nam</span> 
     </span>
     <span class='ocr_line' id='line_1_30' title="bbox 112 1425 1208 1472; baseline -0.002 -10"><span class='ocrx_word' id='word_1_196' title='bbox 112 1428 341 1472; x_wconf 78' lang='lat' dir='ltr'>magistratus</span> <span class='ocrx_word' id='word_1_197' title='bbox 375 1426 558 1471; x_wconf 88' lang='lat' dir='ltr'>superiore</span> <span class='ocrx_word' id='word_1_198' title='bbox 593 1430 657 1460; x_wconf 91' lang='lat' dir='ltr'>aut</span> <span class='ocrx_word' id='word_1_199' title='bbox 688 1426 768 1471; x_wconf 87' lang='lat' dir='ltr'>pari</span> <span class='ocrx_word' id='word_1_200' title='bbox 798 1426 947 1470; x_wconf 89' lang='lat' dir='ltr'>imperio</span> <span class='ocrx_word' id='word_1_201' title='bbox 980 1426 1078 1461; x_wconf 91' lang='lat' dir='ltr'>nullo</span> <span class='ocrx_word' id='word_1_202' title='bbox 1103 1425 1208 1460; x_wconf 93' lang='lat' dir='ltr'>modo</span> 
     </span>
     <span class='ocr_line' id='line_1_31' title="bbox 111 1471 1210 1518; baseline -0.003 -10"><span class='ocrx_word' id='word_1_203' title='bbox 111 1475 263 1518; x_wconf 88' lang='lat' dir='ltr'>possunt</span> <span class='ocrx_word' id='word_1_204' title='bbox 283 1471 379 1516; x_wconf 87' lang='lat' dir='ltr'>cogi:</span> <span class='ocrx_word' id='word_1_205' title='bbox 401 1481 467 1506; x_wconf 89' lang='lat' dir='ltr'>nec</span> <span class='ocrx_word' id='word_1_206' title='bbox 486 1472 635 1506; x_wconf 89' lang='lat' dir='ltr'>interest</span> <span class='ocrx_word' id='word_1_207' title='bbox 655 1475 739 1506; x_wconf 87' lang='lat' dir='ltr'>aute</span> <span class='ocrx_word' id='word_1_208' title='bbox 759 1482 806 1506; x_wconf 88' lang='lat' dir='ltr'>an</span> <span class='ocrx_word' id='word_1_209' title='bbox 816 1472 878 1505; x_wconf 82' lang='lat' dir='ltr'>in⁶</span> <span class='ocrx_word' id='word_1_210' title='bbox 900 1471 978 1515; x_wconf 91' lang='lat' dir='ltr'>ipso</span> <span class='ocrx_word' id='word_1_211' title='bbox 998 1471 1210 1516; x_wconf 86' lang='lat' dir='ltr'>magistratu</span> 
     </span>
     <span class='ocr_line' id='line_1_32' title="bbox 111 1516 1070 1562; baseline -0.001 -10"><span class='ocrx_word' id='word_1_212' title='bbox 111 1518 299 1553; x_wconf 87' lang='lat' dir='ltr'>arbitrium</span> <span class='ocrx_word' id='word_1_213' title='bbox 324 1517 557 1562; x_wconf 75' lang='lat' dir='ltr'>susceperint„</span> <span class='ocrx_word' id='word_1_214' title='bbox 593 1517 780 1552; x_wconf 89' lang='lat' dir='ltr'>inferiores</span> <span class='ocrx_word' id='word_1_215' title='bbox 804 1520 958 1562; x_wconf 88' lang='lat' dir='ltr'>possunt</span> <span class='ocrx_word' id='word_1_216' title='bbox 982 1516 1070 1561; x_wconf 87' lang='lat' dir='ltr'>cogi.</span> 
     </span>
    </p>

    <p class='ocr_par' dir='ltr' id='par_1_6' title="bbox 111 1561 1210 1652">
     <span class='ocr_line' id='line_1_33' title="bbox 159 1561 1210 1600; baseline -0.004 0"><span class='ocrx_word' id='word_1_217' title='bbox 159 1562 182 1600; x_wconf 86' lang='lat'>5</span> <span class='ocrx_word' id='word_1_218' title='bbox 216 1563 412 1599; x_wconf 76' lang='lat' dir='ltr'><em>ULPIANUS</em></span> <span class='ocrx_word' id='word_1_219' title='bbox 439 1563 530 1598; x_wconf 73' lang='lat' dir='ltr'>libro</span> <span class='ocrx_word' id='word_1_220' title='bbox 563 1564 668 1597; x_wconf 77' lang='lat' dir='ltr'>tertio</span> <span class='ocrx_word' id='word_1_221' title='bbox 703 1562 839 1598; x_wconf 80' lang='lat' dir='ltr'>decimo</span> <span class='ocrx_word' id='word_1_222' title='bbox 864 1562 915 1597; x_wconf 84' lang='lat' dir='ltr'>ad</span> <span class='ocrx_word' id='word_1_223' title='bbox 937 1561 1090 1597; x_wconf 79' lang='lat' dir='ltr'>edictum</span> <span class='ocrx_word' id='word_1_224' title='bbox 1139 1561 1210 1596; x_wconf 89' lang='lat' dir='ltr'>Sed</span> 
     </span>
     <span class='ocr_line' id='line_1_34' title="bbox 111 1607 715 1652; baseline -0.003 -8"><span class='ocrx_word' id='word_1_225' title='bbox 111 1613 147 1644; x_wconf 89' lang='lat' dir='ltr'>et</span> <span class='ocrx_word' id='word_1_226' title='bbox 173 1608 268 1643; x_wconf 88' lang='lat' dir='ltr'>fflius</span> <span class='ocrx_word' id='word_1_227' title='bbox 291 1607 445 1642; x_wconf 89' lang='lat' dir='ltr'>familias</span> <span class='ocrx_word' id='word_1_228' title='bbox 471 1608 715 1652; x_wconf 87' lang='lat' dir='ltr'>compelletur.</span> 
     </span>
    </p>

    <p class='ocr_par' dir='ltr' id='par_1_7' title="bbox 112 1652 1210 1789">
     <span class='ocr_line' id='line_1_35' title="bbox 158 1652 1210 1699; baseline -0.003 -10"><span class='ocrx_word' id='word_1_229' title='bbox 158 1652 183 1691; x_wconf 81' lang='lat'>6</span> <span class='ocrx_word' id='word_1_230' title='bbox 211 1653 335 1690; x_wconf 80' lang='lat' dir='ltr'><strong><em>GAIUS</em></strong></span> <span class='ocrx_word' id='word_1_231' title='bbox 355 1652 447 1689; x_wconf 84' lang='lat' dir='ltr'>libro</span> <span class='ocrx_word' id='word_1_232' title='bbox 468 1654 593 1699; x_wconf 78' lang='lat' dir='ltr'>quinto</span> <span class='ocrx_word' id='word_1_233' title='bbox 614 1653 664 1688; x_wconf 87' lang='lat' dir='ltr'>ad</span> <span class='ocrx_word' id='word_1_234' title='bbox 683 1653 837 1688; x_wconf 81' lang='lat' dir='ltr'>edictum</span> <span class='ocrx_word' id='word_1_235' title='bbox 884 1652 1082 1687; x_wconf 81' lang='lat' dir='ltr'>rovincz‘ale</span> <span class='ocrx_word' id='word_1_236' title='bbox 1117 1652 1210 1696; x_wconf 79' lang='lat' dir='ltr'>Quin</span> 
     </span>
     <span class='ocr_line' id='line_1_36' title="bbox 112 1697 1210 1743; baseline -0.003 -9"><span class='ocrx_word' id='word_1_237' title='bbox 112 1700 219 1735; x_wconf 89' lang='lat' dir='ltr'>etiam</span> <span class='ocrx_word' id='word_1_238' title='bbox 251 1698 295 1733; x_wconf 87' lang='lat' dir='ltr'>de</span> <span class='ocrx_word' id='word_1_239' title='bbox 326 1709 364 1733; x_wconf 90' lang='lat' dir='ltr'>re</span> <span class='ocrx_word' id='word_1_240' title='bbox 396 1699 509 1743; x_wconf 89' lang='lat' dir='ltr'>patris</span> <span class='ocrx_word' id='word_1_241' title='bbox 542 1698 673 1733; x_wconf 90' lang='lat' dir='ltr'>dicitur</span> <span class='ocrx_word' id='word_1_242' title='bbox 702 1698 814 1733; x_wconf 90' lang='lat' dir='ltr'>filium</span> <span class='ocrx_word' id='word_1_243' title='bbox 863 1698 1001 1732; x_wconf 90' lang='lat' dir='ltr'>amilias</span> <span class='ocrx_word' id='word_1_244' title='bbox 1034 1697 1210 1732; x_wconf 90' lang='lat' dir='ltr'>arbitrum</span> 
     </span>
     <span class='ocr_line' id='line_1_37' title="bbox 112 1743 1209 1789; baseline -0.003 -9"><span class='ocrx_word' id='word_1_245' title='bbox 112 1755 190 1784; x_wconf 90' lang='lat' dir='ltr'>esse</span> <span class='ocrx_word' id='word_1_246' title='bbox 214 1744 366 1789; x_wconf 86' lang='lat' dir='ltr'>posse⁷:</span> <span class='ocrx_word' id='word_1_247' title='bbox 400 1754 484 1778; x_wconf 87' lang='lat' dir='ltr'>nam</span> <span class='ocrx_word' id='word_1_248' title='bbox 509 1748 543 1779; x_wconf 92' lang='lat' dir='ltr'>et</span> <span class='ocrx_word' id='word_1_249' title='bbox 566 1744 720 1779; x_wconf 90' lang='lat' dir='ltr'>iudicem</span> <span class='ocrx_word' id='word_1_250' title='bbox 745 1754 826 1779; x_wconf 91' lang='lat' dir='ltr'>eum</span> <span class='ocrx_word' id='word_1_251' title='bbox 850 1754 928 1778; x_wconf 88' lang='lat' dir='ltr'>esse</span> <span class='ocrx_word' id='word_1_252' title='bbox 951 1753 1059 1788; x_wconf 87' lang='lat' dir='ltr'>posse</span> <span class='ocrx_word' id='word_1_253' title='bbox 1082 1743 1209 1788; x_wconf 89' lang='lat' dir='ltr'>pleris-</span> 
     </span>
    </p>
   </div>
   <div class='ocr_carea' id='block_1_5' title="bbox 110 1791 1212 3507">
    <p class='ocr_par' dir='ltr' id='par_1_8' title="bbox 136 1791 334 1834">
     <span class='ocr_line' id='line_1_38' title="bbox 136 1791 334 1834; baseline -0.01 -9"><span class='ocrx_word' id='word_1_254' title='bbox 136 1801 181 1825; x_wconf 92' lang='lat' dir='ltr'>ue</span> <span class='ocrx_word' id='word_1_255' title='bbox 204 1791 334 1834; x_wconf 88' lang='lat' dir='ltr'>placet.</span> 
     </span>
    </p>

    <p class='ocr_par' dir='ltr' id='par_1_9' title="bbox 110 1802 1211 2332">
     <span class='ocr_line' id='line_1_39' title="bbox 111 1802 1209 1872; baseline -0.004 0"><span class='ocrx_word' id='word_1_256' title='bbox 111 1802 135 1836; x_wconf 73' lang='lat' dir='ltr'>q</span> <span class='ocrx_word' id='word_1_257' title='bbox 162 1833 185 1872; x_wconf 91' lang='lat'><strong>7</strong></span> <span class='ocrx_word' id='word_1_258' title='bbox 211 1836 406 1871; x_wconf 81' lang='lat' dir='ltr'><em>ULPIANUS</em></span> <span class='ocrx_word' id='word_1_259' title='bbox 423 1833 514 1868; x_wconf 81' lang='lat' dir='ltr'>libro</span> <span class='ocrx_word' id='word_1_260' title='bbox 536 1834 641 1868; x_wconf 78' lang='lat' dir='ltr'>tertio</span> <span class='ocrx_word' id='word_1_261' title='bbox 663 1834 800 1869; x_wconf 76' lang='lat' dir='ltr'>decimo</span> <span class='ocrx_word' id='word_1_262' title='bbox 820 1833 871 1869; x_wconf 86' lang='lat' dir='ltr'>ad</span> <span class='ocrx_word' id='word_1_263' title='bbox 886 1833 1041 1869; x_wconf 82' lang='lat' dir='ltr'>edictum</span> <span class='ocrx_word' id='word_1_264' title='bbox 1076 1833 1209 1868; x_wconf 84' lang='lat' dir='ltr'>Pedius</span> 
     </span>
     <span class='ocr_line' id='line_1_40' title="bbox 110 1878 1209 1931; baseline -0.003 -15"><span class='ocrx_word' id='word_1_265' title='bbox 110 1881 201 1916; x_wconf 86' lang='lat' dir='ltr'>libro</span> <span class='ocrx_word' id='word_1_266' title='bbox 226 1890 320 1915; x_wconf 91' lang='lat' dir='ltr'>nono</span> <span class='ocrx_word' id='word_1_267' title='bbox 347 1883 382 1915; x_wconf 92' lang='lat' dir='ltr'>et</span> <span class='ocrx_word' id='word_1_268' title='bbox 400 1879 620 1923; x_wconf 90' lang='lat' dir='ltr'>Pomponius</span> <span class='ocrx_word' id='word_1_269' title='bbox 644 1879 735 1914; x_wconf 91' lang='lat' dir='ltr'>libro</span> <span class='ocrx_word' id='word_1_270' title='bbox 760 1879 965 1931; x_wconf 82' lang='lat' dir='ltr'>trigensimo</span> <span class='ocrx_word' id='word_1_271' title='bbox 991 1878 1095 1913; x_wconf 88' lang='lat' dir='ltr'>tertio</span> <span class='ocrx_word' id='word_1_272' title='bbox 1121 1879 1209 1914; x_wconf 90' lang='lat' dir='ltr'>scri-</span> 
     </span>
     <span class='ocr_line' id='line_1_41' title="bbox 112 1923 1209 1971; baseline -0.003 -10"><span class='ocrx_word' id='word_1_273' title='bbox 112 1927 204 1962; x_wconf 91' lang='lat' dir='ltr'>bunt</span> <span class='ocrx_word' id='word_1_274' title='bbox 237 1925 339 1971; x_wconf 88' lang='lat' dir='ltr'>parvi</span> <span class='ocrx_word' id='word_1_275' title='bbox 369 1923 520 1966; x_wconf 88' lang='lat' dir='ltr'>referre,</span> <span class='ocrx_word' id='word_1_276' title='bbox 555 1924 731 1968; x_wconf 86' lang='lat' dir='ltr'>ingenuus</span> <span class='ocrx_word' id='word_1_277' title='bbox 765 1935 843 1969; x_wconf 75' lang='lat' dir='ltr'>quis</span> <span class='ocrx_word' id='word_1_278' title='bbox 869 1934 916 1959; x_wconf 90' lang='lat' dir='ltr'>an</span> <span class='ocrx_word' id='word_1_279' title='bbox 939 1924 1127 1959; x_wconf 89' lang='lat' dir='ltr'>libertinus</span> <span class='ocrx_word' id='word_1_280' title='bbox 1152 1924 1209 1966; x_wconf 90' lang='lat' dir='ltr'>sit,</span> 
     </span>
     <span class='ocr_line' id='line_1_42' title="bbox 111 1969 1210 2016; baseline -0.004 -9"><span class='ocrx_word' id='word_1_281' title='bbox 111 1971 270 2016; x_wconf 79' lang='lat' dir='ltr'>integrae</span> <span class='ocrx_word' id='word_1_282' title='bbox 299 1970 418 2005; x_wconf 86' lang='lat' dir='ltr'>famae</span> <span class='ocrx_word' id='word_1_283' title='bbox 442 1969 546 2014; x_wconf 81' lang='lat' dir='ltr'>quis⁸</span> <span class='ocrx_word' id='word_1_284' title='bbox 570 1970 616 2004; x_wconf 87' lang='lat' dir='ltr'>sit</span> <span class='ocrx_word' id='word_1_285' title='bbox 641 1970 776 2005; x_wconf 85' lang='lat' dir='ltr'>arbiter</span> <span class='ocrx_word' id='word_1_286' title='bbox 800 1980 847 2004; x_wconf 92' lang='lat' dir='ltr'>an</span> <span class='ocrx_word' id='word_1_287' title='bbox 870 1970 1137 2014; x_wconf 91' lang='lat' dir='ltr'>ignominiosus.</span> <span class='ocrx_word' id='word_1_288' title='bbox 1173 1969 1210 2003; x_wconf 91' lang='lat' dir='ltr'>in</span> 
     </span>
     <span class='ocr_line' id='line_1_43' title="bbox 110 2014 1209 2060; baseline -0.003 -8"><span class='ocrx_word' id='word_1_289' title='bbox 110 2027 253 2052; x_wconf 88' lang='lat' dir='ltr'>servum</span> <span class='ocrx_word' id='word_1_290' title='bbox 273 2016 396 2050; x_wconf 89' lang='lat' dir='ltr'>Labeo</span> <span class='ocrx_word' id='word_1_291' title='bbox 419 2014 658 2059; x_wconf 87' lang='lat' dir='ltr'>compromitti</span> <span class='ocrx_word' id='word_1_292' title='bbox 677 2026 750 2050; x_wconf 91' lang='lat' dir='ltr'>non</span> <span class='ocrx_word' id='word_1_293' title='bbox 774 2025 881 2060; x_wconf 88' lang='lat' dir='ltr'>posse</span> <span class='ocrx_word' id='word_1_294' title='bbox 904 2015 995 2050; x_wconf 92' lang='lat' dir='ltr'>libro</span> <span class='ocrx_word' id='word_1_295' title='bbox 1020 2014 1209 2049; x_wconf 89' lang='lat' dir='ltr'>undecimo</span> 
     </span>
     <span class='ocr_line' id='line_1_44' title="bbox 115 2060 1211 2102; baseline -0.003 -5"><span class='ocrx_word' id='word_1_296' title='bbox 115 2066 129 2096; x_wconf 86' lang='lat'>1</span> <span class='ocrx_word' id='word_1_297' title='bbox 181 2061 324 2097; x_wconf 87' lang='lat' dir='ltr'>scribit:</span> <span class='ocrx_word' id='word_1_298' title='bbox 360 2064 396 2095; x_wconf 90' lang='lat' dir='ltr'>et</span> <span class='ocrx_word' id='word_1_299' title='bbox 421 2063 475 2094; x_wconf 86' lang='lat' dir='ltr'>est</span> <span class='ocrx_word' id='word_1_300' title='bbox 497 2070 631 2094; x_wconf 88' lang='lat' dir='ltr'>verum.</span> <span class='ocrx_word' id='word_1_301' title='bbox 678 2060 783 2095; x_wconf 89' lang='lat' dir='ltr'>Unde</span> <span class='ocrx_word' id='word_1_302' title='bbox 814 2060 976 2094; x_wconf 89' lang='lat' dir='ltr'>Iulianus</span> <span class='ocrx_word' id='word_1_303' title='bbox 1010 2060 1078 2102; x_wconf 90' lang='lat' dir='ltr'>ait,</span> <span class='ocrx_word' id='word_1_304' title='bbox 1111 2060 1143 2094; x_wconf 92' lang='lat' dir='ltr'>si</span> <span class='ocrx_word' id='word_1_305' title='bbox 1173 2060 1211 2094; x_wconf 93' lang='lat' dir='ltr'>in</span> 
     </span>
     <span class='ocr_line' id='line_1_45' title="bbox 111 2105 1209 2150; baseline -0.002 -9"><span class='ocrx_word' id='word_1_306' title='bbox 111 2107 247 2141; x_wconf 87' lang='lat' dir='ltr'>Titium</span> <span class='ocrx_word' id='word_1_307' title='bbox 271 2109 307 2141; x_wconf 89' lang='lat' dir='ltr'>et</span> <span class='ocrx_word' id='word_1_308' title='bbox 330 2115 471 2141; x_wconf 86' lang='lat' dir='ltr'>servum</span> <span class='ocrx_word' id='word_1_309' title='bbox 497 2105 791 2150; x_wconf 88' lang='lat' dir='ltr'>compromissum</span> <span class='ocrx_word' id='word_1_310' title='bbox 816 2105 873 2147; x_wconf 89' lang='lat' dir='ltr'>sit,</span> <span class='ocrx_word' id='word_1_311' title='bbox 898 2115 965 2140; x_wconf 88' lang='lat' dir='ltr'>nec</span> <span class='ocrx_word' id='word_1_312' title='bbox 989 2105 1123 2140; x_wconf 88' lang='lat' dir='ltr'>Titium</span> <span class='ocrx_word' id='word_1_313' title='bbox 1148 2115 1209 2140; x_wconf 93' lang='lat' dir='ltr'>co-</span> 
     </span>
     <span class='ocr_line' id='line_1_46' title="bbox 111 2149 1208 2197; baseline -0.001 -11"><span class='ocrx_word' id='word_1_314' title='bbox 111 2152 266 2197; x_wconf 91' lang='lat' dir='ltr'>gendum</span> <span class='ocrx_word' id='word_1_315' title='bbox 287 2150 501 2186; x_wconf 89' lang='lat' dir='ltr'>sententiam</span> <span class='ocrx_word' id='word_1_316' title='bbox 523 2149 649 2192; x_wconf 88' lang='lat' dir='ltr'>dicere,</span> <span class='ocrx_word' id='word_1_317' title='bbox 677 2151 761 2195; x_wconf 91' lang='lat' dir='ltr'>quia</span> <span class='ocrx_word' id='word_1_318' title='bbox 786 2161 867 2185; x_wconf 93' lang='lat' dir='ltr'>cum</span> <span class='ocrx_word' id='word_1_319' title='bbox 889 2150 958 2186; x_wconf 89' lang='lat' dir='ltr'>alio</span> <span class='ocrx_word' id='word_1_320' title='bbox 989 2150 1208 2195; x_wconf 77' lang='lat' dir='ltr'>receperit⁹z</span> 
     </span>
     <span class='ocr_line' id='line_1_47' title="bbox 110 2195 1211 2243; baseline -0.001 -12"><span class='ocrx_word' id='word_1_321' title='bbox 110 2197 272 2243; x_wconf 87' lang='lat' dir='ltr'>quamvis</span> <span class='ocrx_word' id='word_1_322' title='bbox 304 2196 413 2237; x_wconf 87' lang='lat' dir='ltr'>servi,</span> <span class='ocrx_word' id='word_1_323' title='bbox 446 2195 579 2240; x_wconf 90' lang='lat' dir='ltr'>inquit,</span> <span class='ocrx_word' id='word_1_324' title='bbox 613 2196 820 2231; x_wconf 88' lang='lat' dir='ltr'>arbiterium</span> <span class='ocrx_word' id='word_1_325' title='bbox 853 2196 990 2230; x_wconf 89' lang='lat' dir='ltr'>nullum</span> <span class='ocrx_word' id='word_1_326' title='bbox 1023 2196 1079 2230; x_wconf 86' lang='lat' dir='ltr'>sit.</span> <span class='ocrx_word' id='word_1_327' title='bbox 1127 2195 1211 2241; x_wconf 92' lang='lat' dir='ltr'>quid</span> 
     </span>
     <span class='ocr_line' id='line_1_48' title="bbox 111 2240 1208 2286; baseline -0.002 -9"><span class='ocrx_word' id='word_1_328' title='bbox 111 2247 232 2277; x_wconf 90' lang='lat' dir='ltr'>tamen</span> <span class='ocrx_word' id='word_1_329' title='bbox 257 2242 287 2277; x_wconf 88' lang='lat' dir='ltr'>si</span> <span class='ocrx_word' id='word_1_330' title='bbox 312 2240 441 2276; x_wconf 87' lang='lat' dir='ltr'>dixerit</span> <span class='ocrx_word' id='word_1_331' title='bbox 465 2241 677 2275; x_wconf 90' lang='lat' dir='ltr'>sententiam</span> <span class='ocrx_word' id='word_1_332' title='bbox 703 2241 845 2276; x_wconf 85' lang='lat' dir='ltr'>Titius?</span> <span class='ocrx_word' id='word_1_333' title='bbox 868 2252 987 2286; x_wconf 90' lang='lat' dir='ltr'>poena</span> <span class='ocrx_word' id='word_1_334' title='bbox 1012 2252 1086 2276; x_wconf 89' lang='lat' dir='ltr'>non</span> <span class='ocrx_word' id='word_1_335' title='bbox 1111 2252 1208 2276; x_wconf 90' lang='lat' dir='ltr'>com-</span> 
     </span>
     <span class='ocr_line' id='line_1_49' title="bbox 112 2286 1138 2332; baseline -0.001 -10"><span class='ocrx_word' id='word_1_336' title='bbox 112 2288 275 2329; x_wconf 90' lang='lat' dir='ltr'>mittitur,</span> <span class='ocrx_word' id='word_1_337' title='bbox 302 2286 386 2332; x_wconf 87' lang='lat' dir='ltr'>quia</span> <span class='ocrx_word' id='word_1_338' title='bbox 410 2296 493 2328; x_wconf 92' lang='lat' dir='ltr'>non,</span> <span class='ocrx_word' id='word_1_339' title='bbox 519 2289 560 2320; x_wconf 91' lang='lat' dir='ltr'>ut</span> <span class='ocrx_word' id='word_1_340' title='bbox 582 2287 770 2331; x_wconf 89' lang='lat' dir='ltr'>receperit,</span> <span class='ocrx_word' id='word_1_341' title='bbox 797 2286 885 2321; x_wconf 86' lang='lat' dir='ltr'>dixit</span> <span class='ocrx_word' id='word_1_342' title='bbox 909 2287 1138 2321; x_wconf 89' lang='lat' dir='ltr'>sententiam.</span> 
     </span>
    </p>

    <p class='ocr_par' dir='ltr' id='par_1_10' title="bbox 113 2330 1210 2466">
     <span class='ocr_line' id='line_1_50' title="bbox 160 2330 1210 2370; baseline -0.002 -3"><span class='ocrx_word' id='word_1_343' title='bbox 160 2330 183 2370; x_wconf 87' lang='lat'>8</span> <span class='ocrx_word' id='word_1_344' title='bbox 210 2332 264 2367; x_wconf 78' lang='grc' dir='ltr'>ΡΑ</span> <span class='ocrx_word' id='word_1_345' title='bbox 275 2341 370 2367; x_wconf 76' lang='lat' dir='ltr'><em>ULUS</em></span> <span class='ocrx_word' id='word_1_346' title='bbox 391 2331 484 2366; x_wconf 72' lang='lat' dir='ltr'>libro</span> <span class='ocrx_word' id='word_1_347' title='bbox 510 2332 614 2366; x_wconf 78' lang='lat' dir='ltr'>tertio</span> <span class='ocrx_word' id='word_1_348' title='bbox 640 2331 776 2367; x_wconf 74' lang='lat' dir='ltr'>decimo</span> <span class='ocrx_word' id='word_1_349' title='bbox 802 2332 852 2367; x_wconf 86' lang='lat' dir='ltr'>ad</span> <span class='ocrx_word' id='word_1_350' title='bbox 875 2332 1030 2367; x_wconf 77' lang='lat' dir='ltr'>edictum</span> <span class='ocrx_word' id='word_1_351' title='bbox 1078 2331 1148 2366; x_wconf 89' lang='lat' dir='ltr'>Sed</span> <span class='ocrx_word' id='word_1_352' title='bbox 1181 2331 1210 2365; x_wconf 91' lang='lat' dir='ltr'>si</span> 
     </span>
     <span class='ocr_line' id='line_1_51' title="bbox 114 2376 1210 2418; baseline -0.001 -5"><span class='ocrx_word' id='word_1_353' title='bbox 114 2378 163 2413; x_wconf 89' lang='lat' dir='ltr'>ita</span> <span class='ocrx_word' id='word_1_354' title='bbox 200 2389 277 2412; x_wconf 89' lang='lat' dir='ltr'>com</span> <span class='ocrx_word' id='word_1_355' title='bbox 305 2376 495 2412; x_wconf 91' lang='lat' dir='ltr'>romissum</span> <span class='ocrx_word' id='word_1_356' title='bbox 526 2376 592 2418; x_wconf 90' lang='lat' dir='ltr'>sit,</span> <span class='ocrx_word' id='word_1_357' title='bbox 629 2381 670 2411; x_wconf 90' lang='lat' dir='ltr'>ut</span> <span class='ocrx_word' id='word_1_358' title='bbox 700 2377 755 2412; x_wconf 87' lang='lat' dir='ltr'>vel</span> <span class='ocrx_word' id='word_1_359' title='bbox 789 2377 998 2412; x_wconf 88' lang='lat' dir='ltr'>alterutrius</span> <span class='ocrx_word' id='word_1_360' title='bbox 1032 2378 1210 2412; x_wconf 91' lang='lat' dir='ltr'>sententia</span> 
     </span>
     <span class='ocr_line' id='line_1_52' title="bbox 113 2421 630 2466; baseline -0.006 -7"><span class='ocrx_word' id='word_1_361' title='bbox 113 2424 240 2465; x_wconf 85' lang='lat' dir='ltr'>valeat,</span> <span class='ocrx_word' id='word_1_362' title='bbox 297 2422 399 2457; x_wconf 87' lang='lat' dir='ltr'>itium</span> <span class='ocrx_word' id='word_1_363' title='bbox 423 2421 630 2466; x_wconf 89' lang='lat' dir='ltr'>cogendum.</span> 
     </span>
    </p>

    <p class='ocr_par' dir='ltr' id='par_1_11' title="bbox 111 2466 1211 3136">
     <span class='ocr_line' id='line_1_53' title="bbox 159 2466 1211 2506; baseline -0.001 -3"><span class='ocrx_word' id='word_1_364' title='bbox 159 2466 184 2506; x_wconf 82' lang='lat'>9</span> <span class='ocrx_word' id='word_1_365' title='bbox 217 2468 414 2504; x_wconf 76' lang='lat' dir='ltr'><em>ULPJANUS</em></span> <span class='ocrx_word' id='word_1_366' title='bbox 435 2466 525 2502; x_wconf 78' lang='lat' dir='ltr'>libro</span> <span class='ocrx_word' id='word_1_367' title='bbox 551 2468 654 2502; x_wconf 81' lang='lat' dir='ltr'>tertio</span> <span class='ocrx_word' id='word_1_368' title='bbox 687 2467 824 2503; x_wconf 72' lang='lat' dir='ltr'>decimo</span> <span class='ocrx_word' id='word_1_369' title='bbox 856 2467 907 2503; x_wconf 82' lang='lat' dir='ltr'>ad</span> <span class='ocrx_word' id='word_1_370' title='bbox 936 2467 1090 2503; x_wconf 80' lang='lat' dir='ltr'>edictum</span> <span class='ocrx_word' id='word_1_371' title='bbox 1139 2467 1211 2502; x_wconf 87' lang='lat' dir='ltr'>Sed</span> 
     </span>
     <span class='ocr_line' id='line_1_54' title="bbox 114 2512 1208 2555; baseline -0.001 -7"><span class='ocrx_word' id='word_1_372' title='bbox 114 2514 193 2549; x_wconf 87' lang='lat' dir='ltr'>siin</span> <span class='ocrx_word' id='word_1_373' title='bbox 206 2523 347 2548; x_wconf 87' lang='lat' dir='ltr'>servum</span> <span class='ocrx_word' id='word_1_374' title='bbox 360 2522 438 2547; x_wconf 90' lang='lat' dir='ltr'>com</span> <span class='ocrx_word' id='word_1_375' title='bbox 464 2512 670 2547; x_wconf 90' lang='lat' dir='ltr'>romittatur</span> <span class='ocrx_word' id='word_1_376' title='bbox 682 2517 719 2547; x_wconf 91' lang='lat' dir='ltr'>et</span> <span class='ocrx_word' id='word_1_377' title='bbox 730 2513 820 2547; x_wconf 90' lang='lat' dir='ltr'>liber</span> <span class='ocrx_word' id='word_1_378' title='bbox 833 2513 1047 2548; x_wconf 88' lang='lat' dir='ltr'>sententiam</span> <span class='ocrx_word' id='word_1_379' title='bbox 1068 2512 1208 2555; x_wconf 82' lang='lat' dir='ltr'>dixerit,</span> 
     </span>
     <span class='ocr_line' id='line_1_55' title="bbox 114 2557 1209 2604; baseline -0.001 -10"><span class='ocrx_word' id='word_1_380' title='bbox 114 2563 221 2604; x_wconf 90' lang='lat' dir='ltr'>puto,</span> <span class='ocrx_word' id='word_1_381' title='bbox 256 2559 286 2594; x_wconf 88' lang='lat' dir='ltr'>si</span> <span class='ocrx_word' id='word_1_382' title='bbox 317 2558 408 2592; x_wconf 91' lang='lat' dir='ltr'>liber</span> <span class='ocrx_word' id='word_1_383' title='bbox 447 2561 550 2592; x_wconf 90' lang='lat' dir='ltr'>actus</span> <span class='ocrx_word' id='word_1_384' title='bbox 573 2557 700 2593; x_wconf 84' lang='lat' dir='ltr'>fecerit</span> <span class='ocrx_word' id='word_1_385' title='bbox 712 2559 739 2579; x_wconf 90' lang='lat'>¹⁰</span> <span class='ocrx_word' id='word_1_386' title='bbox 765 2558 1072 2593; x_wconf 88' lang='lat' dir='ltr'>consentientibus</span> <span class='ocrx_word' id='word_1_387' title='bbox 1096 2558 1209 2602; x_wconf 87' lang='lat' dir='ltr'>parti-</span> 
     </span>
     <span class='ocr_line' id='line_1_56' title="bbox 117 2601 1209 2648; baseline 0 -10"><span class='ocrx_word' id='word_1_388' title='bbox 117 2608 131 2638; x_wconf 93' lang='lat'>1</span> <span class='ocrx_word' id='word_1_389' title='bbox 181 2604 261 2646; x_wconf 91' lang='lat' dir='ltr'>bus,</span> <span class='ocrx_word' id='word_1_390' title='bbox 285 2603 415 2638; x_wconf 86' lang='lat' dir='ltr'>valere.</span> <span class='ocrx_word' id='word_1_391' title='bbox 461 2601 533 2637; x_wconf 88' lang='lat' dir='ltr'>Sed</span> <span class='ocrx_word' id='word_1_392' title='bbox 555 2612 671 2648; x_wconf 90' lang='lat' dir='ltr'>neque</span> <span class='ocrx_word' id='word_1_393' title='bbox 693 2602 731 2637; x_wconf 93' lang='lat' dir='ltr'>in</span> <span class='ocrx_word' id='word_1_394' title='bbox 754 2603 929 2648; x_wconf 91' lang='lat' dir='ltr'>pupillum</span> <span class='ocrx_word' id='word_1_395' title='bbox 952 2613 1068 2648; x_wconf 89' lang='lat' dir='ltr'>neque</span> <span class='ocrx_word' id='word_1_396' title='bbox 1091 2603 1129 2638; x_wconf 93' lang='lat' dir='ltr'>in</span> <span class='ocrx_word' id='word_1_397' title='bbox 1151 2603 1209 2638; x_wconf 88' lang='lat' dir='ltr'>fu-</span> 
     </span>
     <span class='ocr_line' id='line_1_57' title="bbox 113 2647 1211 2693; baseline -0.001 -9"><span class='ocrx_word' id='word_1_398' title='bbox 113 2649 247 2685; x_wconf 86' lang='lat' dir='ltr'>riosum</span> <span class='ocrx_word' id='word_1_399' title='bbox 272 2652 335 2683; x_wconf 92' lang='lat' dir='ltr'>aut</span> <span class='ocrx_word' id='word_1_400' title='bbox 366 2647 515 2683; x_wconf 89' lang='lat' dir='ltr'>surdum</span> <span class='ocrx_word' id='word_1_401' title='bbox 545 2651 609 2683; x_wconf 89' lang='lat' dir='ltr'>aut</span> <span class='ocrx_word' id='word_1_402' title='bbox 640 2651 780 2683; x_wconf 91' lang='lat' dir='ltr'>mutum</span> <span class='ocrx_word' id='word_1_403' title='bbox 812 2649 1137 2693; x_wconf 86' lang='lat' dir='ltr'>compromittetur,</span> <span class='ocrx_word' id='word_1_404' title='bbox 1169 2652 1211 2683; x_wconf 93' lang='lat' dir='ltr'>ut</span> 
     </span>
     <span class='ocr_line' id='line_1_58' title="bbox 113 2693 1211 2737; baseline -0.001 -8"><span class='ocrx_word' id='word_1_405' title='bbox 113 2697 134 2728; x_wconf 84' lang='lat'><strong>2</strong></span> <span class='ocrx_word' id='word_1_406' title='bbox 180 2694 270 2729; x_wconf 91' lang='lat' dir='ltr'>Pom</span> <span class='ocrx_word' id='word_1_407' title='bbox 298 2693 400 2728; x_wconf 89' lang='lat' dir='ltr'>onius</span> <span class='ocrx_word' id='word_1_408' title='bbox 415 2694 442 2714; x_wconf 88' lang='lat'>¹¹</span> <span class='ocrx_word' id='word_1_409' title='bbox 476 2693 567 2728; x_wconf 91' lang='lat' dir='ltr'>libro</span> <span class='ocrx_word' id='word_1_410' title='bbox 603 2693 807 2737; x_wconf 86' lang='lat' dir='ltr'>trigensimo</span> <span class='ocrx_word' id='word_1_411' title='bbox 839 2694 946 2729; x_wconf 91' lang='lat' dir='ltr'>tertio</span> <span class='ocrx_word' id='word_1_412' title='bbox 980 2694 1115 2729; x_wconf 89' lang='lat' dir='ltr'>scribit.</span> <span class='ocrx_word' id='word_1_413' title='bbox 1173 2693 1211 2728; x_wconf 92' lang='lat' dir='ltr'>Si</span> 
     </span>
     <span class='ocr_line' id='line_1_59' title="bbox 111 2738 1211 2784; baseline 0 -10"><span class='ocrx_word' id='word_1_414' title='bbox 111 2739 193 2784; x_wconf 89' lang='lat' dir='ltr'>quis</span> <span class='ocrx_word' id='word_1_415' title='bbox 217 2739 255 2774; x_wconf 91' lang='lat' dir='ltr'>iu</span> <span class='ocrx_word' id='word_1_416' title='bbox 281 2749 326 2774; x_wconf 86' lang='lat' dir='ltr'>ex</span> <span class='ocrx_word' id='word_1_417' title='bbox 349 2738 415 2781; x_wconf 91' lang='lat' dir='ltr'>sit,</span> <span class='ocrx_word' id='word_1_418' title='bbox 449 2738 636 2773; x_wconf 87' lang='lat' dir='ltr'>arbitrium</span> <span class='ocrx_word' id='word_1_419' title='bbox 668 2739 828 2783; x_wconf 92' lang='lat' dir='ltr'>recipere</span> <span class='ocrx_word' id='word_1_420' title='bbox 860 2739 935 2774; x_wconf 90' lang='lat' dir='ltr'>eius</span> <span class='ocrx_word' id='word_1_421' title='bbox 958 2739 1030 2781; x_wconf 88' lang='lat' dir='ltr'>rei,</span> <span class='ocrx_word' id='word_1_422' title='bbox 1063 2739 1107 2774; x_wconf 88' lang='lat' dir='ltr'>de</span> <span class='ocrx_word' id='word_1_423' title='bbox 1138 2749 1211 2784; x_wconf 90' lang='lat' dir='ltr'>qua</span> 
     </span>
     <span class='ocr_line' id='line_1_60' title="bbox 113 2783 1211 2829; baseline 0 -11"><span class='ocrx_word' id='word_1_424' title='bbox 113 2784 221 2819; x_wconf 86' lang='lat' dir='ltr'>iudex</span> <span class='ocrx_word' id='word_1_425' title='bbox 245 2787 309 2826; x_wconf 89' lang='lat' dir='ltr'>est,</span> <span class='ocrx_word' id='word_1_426' title='bbox 334 2783 414 2818; x_wconf 86' lang='lat' dir='ltr'>inve</span> <span class='ocrx_word' id='word_1_427' title='bbox 438 2793 477 2819; x_wconf 87' lang='lat' dir='ltr'>se</span> <span class='ocrx_word' id='word_1_428' title='bbox 501 2784 740 2829; x_wconf 88' lang='lat' dir='ltr'>compromitti</span> <span class='ocrx_word' id='word_1_429' title='bbox 763 2783 887 2819; x_wconf 90' lang='lat' dir='ltr'>iubere</span> <span class='ocrx_word' id='word_1_430' title='bbox 907 2784 1116 2829; x_wconf 91' lang='lat' dir='ltr'>prohibetur</span> <span class='ocrx_word' id='word_1_431' title='bbox 1134 2784 1211 2829; x_wconf 88' lang='lat' dir='ltr'>lege</span> 
     </span>
     <span class='ocr_line' id='line_1_61' title="bbox 115 2828 1209 2875; baseline 0 -11"><span class='ocrx_word' id='word_1_432' title='bbox 115 2829 221 2865; x_wconf 86' lang='lat' dir='ltr'>Iulia:</span> <span class='ocrx_word' id='word_1_433' title='bbox 248 2833 283 2864; x_wconf 92' lang='lat' dir='ltr'>et</span> <span class='ocrx_word' id='word_1_434' title='bbox 307 2829 338 2864; x_wconf 93' lang='lat' dir='ltr'>si</span> <span class='ocrx_word' id='word_1_435' title='bbox 361 2829 574 2864; x_wconf 89' lang='lat' dir='ltr'>sententiam</span> <span class='ocrx_word' id='word_1_436' title='bbox 599 2828 737 2872; x_wconf 86' lang='lat' dir='ltr'>dixerit,</span> <span class='ocrx_word' id='word_1_437' title='bbox 761 2840 834 2864; x_wconf 91' lang='lat' dir='ltr'>non</span> <span class='ocrx_word' id='word_1_438' title='bbox 860 2833 914 2864; x_wconf 89' lang='lat' dir='ltr'>est</span> <span class='ocrx_word' id='word_1_439' title='bbox 938 2829 1101 2864; x_wconf 84' lang='lat' dir='ltr'>danda¹2</span> <span class='ocrx_word' id='word_1_440' title='bbox 1123 2839 1209 2875; x_wconf 91' lang='lat' dir='ltr'>poe-</span> 
     </span>
     <span class='ocr_line' id='line_1_62' title="bbox 117 2873 1211 2920; baseline -0.001 -11"><span class='ocrx_word' id='word_1_441' title='bbox 117 2877 136 2909; x_wconf 88' lang='lat'><strong>3</strong></span> <span class='ocrx_word' id='word_1_442' title='bbox 183 2885 251 2910; x_wconf 88' lang='lat' dir='ltr'>nae</span> <span class='ocrx_word' id='word_1_443' title='bbox 274 2873 489 2919; x_wconf 88' lang='lat' dir='ltr'>persecutio.</span> <span class='ocrx_word' id='word_1_444' title='bbox 538 2874 630 2909; x_wconf 90' lang='lat' dir='ltr'>Sunt</span> <span class='ocrx_word' id='word_1_445' title='bbox 654 2878 690 2909; x_wconf 92' lang='lat' dir='ltr'>et</span> <span class='ocrx_word' id='word_1_446' title='bbox 721 2874 800 2917; x_wconf 90' lang='lat' dir='ltr'>alii,</span> <span class='ocrx_word' id='word_1_447' title='bbox 835 2874 896 2919; x_wconf 92' lang='lat' dir='ltr'>qui</span> <span class='ocrx_word' id='word_1_448' title='bbox 927 2885 1000 2910; x_wconf 88' lang='lat' dir='ltr'>non</span> <span class='ocrx_word' id='word_1_449' title='bbox 1033 2877 1211 2920; x_wconf 89' lang='lat' dir='ltr'>coguntur</span> 
     </span>
     <span class='ocr_line' id='line_1_63' title="bbox 116 2919 1209 2965; baseline 0 -11"><span class='ocrx_word' id='word_1_450' title='bbox 116 2920 328 2954; x_wconf 88' lang='lat' dir='ltr'>sententiam</span> <span class='ocrx_word' id='word_1_451' title='bbox 360 2919 496 2961; x_wconf 90' lang='lat' dir='ltr'>dicere,</span> <span class='ocrx_word' id='word_1_452' title='bbox 530 2923 572 2953; x_wconf 91' lang='lat' dir='ltr'>ut</span> <span class='ocrx_word' id='word_1_453' title='bbox 600 2923 689 2964; x_wconf 91' lang='lat' dir='ltr'>puta</span> <span class='ocrx_word' id='word_1_454' title='bbox 721 2920 752 2955; x_wconf 90' lang='lat' dir='ltr'>si</span> <span class='ocrx_word' id='word_1_455' title='bbox 782 2919 905 2955; x_wconf 88' lang='lat' dir='ltr'>sordes</span> <span class='ocrx_word' id='word_1_456' title='bbox 938 2923 1002 2955; x_wconf 91' lang='lat' dir='ltr'>aut</span> <span class='ocrx_word' id='word_1_457' title='bbox 1024 2919 1209 2965; x_wconf 90' lang='lat' dir='ltr'>turpitudo</span> 
     </span>
     <span class='ocr_line' id='line_1_64' title="bbox 117 2963 1209 3008; baseline 0.001 -9"><span class='ocrx_word' id='word_1_458' title='bbox 117 2967 138 2999; x_wconf 84' lang='lat'>4</span> <span class='ocrx_word' id='word_1_459' title='bbox 184 2965 309 2999; x_wconf 89' lang='lat' dir='ltr'>arbitri</span> <span class='ocrx_word' id='word_1_460' title='bbox 331 2963 523 2999; x_wconf 85' lang='lat' dir='ltr'>manifesta</span> <span class='ocrx_word' id='word_1_461' title='bbox 547 2964 603 2999; x_wconf 91' lang='lat' dir='ltr'>sit.</span> <span class='ocrx_word' id='word_1_462' title='bbox 653 2965 813 3000; x_wconf 87' lang='lat' dir='ltr'>Iulianus</span> <span class='ocrx_word' id='word_1_463' title='bbox 838 2965 908 3008; x_wconf 88' lang='lat' dir='ltr'>ait,</span> <span class='ocrx_word' id='word_1_464' title='bbox 942 2965 972 3000; x_wconf 78' lang='lat' dir='ltr'>si</span> <span class='ocrx_word' id='word_1_465' title='bbox 1004 2975 1086 3000; x_wconf 91' lang='lat' dir='ltr'>eum</span> <span class='ocrx_word' id='word_1_466' title='bbox 1116 2965 1209 3000; x_wconf 87' lang='lat' dir='ltr'>infa-</span> 
     </span>
     <span class='ocr_line' id='line_1_65' title="bbox 117 3009 1209 3055; baseline 0.001 -11"><span class='ocrx_word' id='word_1_467' title='bbox 117 3013 302 3045; x_wconf 88' lang='lat' dir='ltr'>maverunt</span> <span class='ocrx_word' id='word_1_468' title='bbox 332 3009 547 3054; x_wconf 87' lang='lat' dir='ltr'>litigatores,</span> <span class='ocrx_word' id='word_1_469' title='bbox 579 3020 653 3045; x_wconf 92' lang='lat' dir='ltr'>non</span> <span class='ocrx_word' id='word_1_470' title='bbox 684 3010 887 3046; x_wconf 92' lang='lat' dir='ltr'>omnimodo</span> <span class='ocrx_word' id='word_1_471' title='bbox 920 3014 1123 3055; x_wconf 86' lang='lat' dir='ltr'>praetorem</span> <span class='ocrx_word' id='word_1_472' title='bbox 1147 3010 1209 3046; x_wconf 93' lang='lat' dir='ltr'>de-</span> 
     </span>
     <span class='ocr_line' id='line_1_66' title="bbox 118 3054 1211 3101; baseline 0.002 -12"><span class='ocrx_word' id='word_1_473' title='bbox 118 3057 137 3088; x_wconf 86' lang='lat'>5</span> <span class='ocrx_word' id='word_1_474' title='bbox 184 3055 269 3090; x_wconf 89' lang='lat' dir='ltr'>bere</span> <span class='ocrx_word' id='word_1_475' title='bbox 294 3064 375 3090; x_wconf 91' lang='lat' dir='ltr'>eum</span> <span class='ocrx_word' id='word_1_476' title='bbox 399 3064 591 3097; x_wconf 86' lang='lat' dir='ltr'>excusare,</span> <span class='ocrx_word' id='word_1_477' title='bbox 617 3054 681 3090; x_wconf 88' lang='lat' dir='ltr'>sed</span> <span class='ocrx_word' id='word_1_478' title='bbox 705 3066 817 3091; x_wconf 88' lang='lat' dir='ltr'>causa</span> <span class='ocrx_word' id='word_1_479' title='bbox 841 3055 995 3101; x_wconf 86' lang='lat' dir='ltr'>cognita.</span> <span class='ocrx_word' id='word_1_480' title='bbox 1043 3056 1143 3091; x_wconf 91' lang='lat' dir='ltr'>Idem</span> <span class='ocrx_word' id='word_1_481' title='bbox 1176 3058 1211 3090; x_wconf 90' lang='lat' dir='ltr'>et</span> 
     </span>
     <span class='ocr_line' id='line_1_67' title="bbox 116 3099 894 3136; baseline 0.003 -2"><span class='ocrx_word' id='word_1_482' title='bbox 116 3099 148 3134; x_wconf 89' lang='lat' dir='ltr'>si</span> <span class='ocrx_word' id='word_1_483' title='bbox 171 3109 187 3134; x_wconf 89' lang='lat' dir='ltr'>s</span> <span class='ocrx_word' id='word_1_484' title='bbox 214 3104 291 3135; x_wconf 86' lang='lat' dir='ltr'>reta</span> <span class='ocrx_word' id='word_1_485' title='bbox 315 3099 530 3136; x_wconf 90' lang='lat' dir='ltr'>auctoritate</span> <span class='ocrx_word' id='word_1_486' title='bbox 555 3100 629 3135; x_wconf 89' lang='lat' dir='ltr'>eius</span> <span class='ocrx_word' id='word_1_487' title='bbox 655 3100 702 3136; x_wconf 88' lang='lat' dir='ltr'>ad</span> <span class='ocrx_word' id='word_1_488' title='bbox 724 3101 894 3136; x_wconf 92' lang='lat' dir='ltr'>iudicium</span> 
     </span>
    </p>

    <p class='ocr_par' dir='ltr' id='par_1_12' title="bbox 118 3142 1211 3225">
     <span class='ocr_line' id='line_1_68' title="bbox 167 3142 1211 3182; baseline 0.001 -2"><span class='ocrx_word' id='word_1_489' title='bbox 167 3142 183 3180; x_wconf 95' lang='lat'>1</span> <span class='ocrx_word' id='word_1_490' title='bbox 250 3145 307 3180; x_wconf 77' lang='grc' dir='ltr'>ΡΑ</span> <span class='ocrx_word' id='word_1_491' title='bbox 315 3154 411 3180; x_wconf 69' lang='lat' dir='ltr'><em>ULUS</em></span> <span class='ocrx_word' id='word_1_492' title='bbox 446 3145 537 3181; x_wconf 84' lang='lat' dir='ltr'>libro</span> <span class='ocrx_word' id='word_1_493' title='bbox 570 3146 674 3181; x_wconf 81' lang='lat' dir='ltr'>tertio</span> <span class='ocrx_word' id='word_1_494' title='bbox 707 3146 844 3182; x_wconf 82' lang='lat' dir='ltr'>decimo</span> <span class='ocrx_word' id='word_1_495' title='bbox 876 3145 928 3182; x_wconf 85' lang='lat' dir='ltr'>ad</span> <span class='ocrx_word' id='word_1_496' title='bbox 956 3145 1111 3182; x_wconf 81' lang='lat' dir='ltr'>edictum</span> <span class='ocrx_word' id='word_1_497' title='bbox 1157 3146 1211 3181; x_wconf 90' lang='lat' dir='ltr'>vel</span> 
     </span>
     <span class='ocr_line' id='line_1_69' title="bbox 118 3188 424 3225; baseline 0.003 -2"><span class='ocrx_word' id='word_1_498' title='bbox 118 3188 227 3224; x_wconf 90' lang='lat' dir='ltr'>alium</span> <span class='ocrx_word' id='word_1_499' title='bbox 250 3190 424 3225; x_wconf 90' lang='lat' dir='ltr'>arbitrum</span> 
     </span>
    </p>

    <p class='ocr_par' dir='ltr' id='par_1_13' title="bbox 117 3232 1212 3507">
     <span class='ocr_line' id='line_1_70' title="bbox 167 3232 1210 3272; baseline -0.001 -1"><span class='ocrx_word' id='word_1_500' title='bbox 167 3232 213 3271; x_wconf 83' lang='lat'>11</span> <span class='ocrx_word' id='word_1_501' title='bbox 249 3234 446 3270; x_wconf 58' lang='lat' dir='ltr'>[samm</span> <span class='ocrx_word' id='word_1_502' title='bbox 466 3234 556 3270; x_wconf 78' lang='lat' dir='ltr'>libro</span> <span class='ocrx_word' id='word_1_503' title='bbox 582 3236 686 3271; x_wconf 83' lang='lat' dir='ltr'>tertio</span> <span class='ocrx_word' id='word_1_504' title='bbox 711 3235 847 3272; x_wconf 81' lang='lat' dir='ltr'>decimo</span> <span class='ocrx_word' id='word_1_505' title='bbox 871 3235 922 3271; x_wconf 88' lang='lat' dir='ltr'>ad</span> <span class='ocrx_word' id='word_1_506' title='bbox 944 3236 1098 3272; x_wconf 81' lang='lat' dir='ltr'>edictum</span> <span class='ocrx_word' id='word_1_507' title='bbox 1140 3236 1210 3271; x_wconf 90' lang='lat' dir='ltr'>liti-</span> 
     </span>
     <span class='ocr_line' id='line_1_71' title="bbox 117 3280 1211 3323; baseline 0.002 -10"><span class='ocrx_word' id='word_1_508' title='bbox 117 3282 260 3322; x_wconf 84' lang='lat' dir='ltr'>gatores</span> <span class='ocrx_word' id='word_1_509' title='bbox 292 3280 417 3322; x_wconf 90' lang='lat' dir='ltr'>ierint,</span> <span class='ocrx_word' id='word_1_510' title='bbox 452 3290 535 3314; x_wconf 92' lang='lat' dir='ltr'>mox</span> <span class='ocrx_word' id='word_1_511' title='bbox 567 3280 614 3315; x_wconf 87' lang='lat' dir='ltr'>ad</span> <span class='ocrx_word' id='word_1_512' title='bbox 645 3281 799 3316; x_wconf 90' lang='lat' dir='ltr'>eundem</span> <span class='ocrx_word' id='word_1_513' title='bbox 833 3281 1007 3316; x_wconf 88' lang='lat' dir='ltr'>arbitrum</span> <span class='ocrx_word' id='word_1_514' title='bbox 1029 3281 1211 3323; x_wconf 86' lang='lat' dir='ltr'>redierint,</span> 
     </span>
     <span class='ocr_line' id='line_1_72' title="bbox 118 3324 1212 3371; baseline 0.005 -14"><span class='ocrx_word' id='word_1_515' title='bbox 118 3328 318 3366; x_wconf 88' lang='lat' dir='ltr'>praetorem</span> <span class='ocrx_word' id='word_1_516' title='bbox 341 3335 414 3359; x_wconf 88' lang='lat' dir='ltr'>non</span> <span class='ocrx_word' id='word_1_517' title='bbox 438 3324 567 3360; x_wconf 90' lang='lat' dir='ltr'>debere</span> <span class='ocrx_word' id='word_1_518' title='bbox 591 3335 672 3360; x_wconf 91' lang='lat' dir='ltr'>eum</span> <span class='ocrx_word' id='word_1_519' title='bbox 697 3336 822 3371; x_wconf 89' lang='lat' dir='ltr'>cogere</span> <span class='ocrx_word' id='word_1_520' title='bbox 853 3326 947 3362; x_wconf 91' lang='lat' dir='ltr'>inter</span> <span class='ocrx_word' id='word_1_521' title='bbox 979 3337 1040 3362; x_wconf 89' lang='lat' dir='ltr'>eos</span> <span class='ocrx_word' id='word_1_522' title='bbox 1073 3326 1212 3371; x_wconf 89' lang='lat' dir='ltr'>discep-</span> 
     </span>
     <span class='ocr_line' id='line_1_73' title="bbox 117 3369 1212 3417; baseline 0.004 -16"><span class='ocrx_word' id='word_1_523' title='bbox 117 3371 207 3410; x_wconf 89' lang='lat' dir='ltr'>tare,</span> <span class='ocrx_word' id='word_1_524' title='bbox 232 3369 292 3413; x_wconf 89' lang='lat' dir='ltr'>qui</span> <span class='ocrx_word' id='word_1_525' title='bbox 315 3369 347 3404; x_wconf 88' lang='lat' dir='ltr'>ei</span> <span class='ocrx_word' id='word_1_526' title='bbox 371 3370 621 3405; x_wconf 90' lang='lat' dir='ltr'>contumeliam</span> <span class='ocrx_word' id='word_1_527' title='bbox 638 3371 732 3407; x_wconf 89' lang='lat' dir='ltr'>hanc</span> <span class='ocrx_word' id='word_1_528' title='bbox 752 3371 927 3414; x_wconf 82' lang='lat' dir='ltr'>fecerunt,</span> <span class='ocrx_word' id='word_1_529' title='bbox 951 3375 993 3406; x_wconf 94' lang='lat' dir='ltr'>ut</span> <span class='ocrx_word' id='word_1_530' title='bbox 1013 3382 1094 3407; x_wconf 92' lang='lat' dir='ltr'>eum</span> <span class='ocrx_word' id='word_1_531' title='bbox 1113 3382 1212 3417; x_wconf 88' lang='lat' dir='ltr'>sper-</span> 
     </span>
     <span class='ocr_line' id='line_1_74' title="bbox 123 3414 1212 3462; baseline 0.006 -16"><span class='ocrx_word' id='word_1_532' title='bbox 123 3415 137 3445; x_wconf 94' lang='lat'>1</span> <span class='ocrx_word' id='word_1_533' title='bbox 187 3417 314 3448; x_wconf 89' lang='lat' dir='ltr'>nerent</span> <span class='ocrx_word' id='word_1_534' title='bbox 336 3417 372 3449; x_wconf 91' lang='lat' dir='ltr'>et</span> <span class='ocrx_word' id='word_1_535' title='bbox 395 3414 442 3449; x_wconf 89' lang='lat' dir='ltr'>ad</span> <span class='ocrx_word' id='word_1_536' title='bbox 465 3415 573 3450; x_wconf 82' lang='lat' dir='ltr'>alium</span> <span class='ocrx_word' id='word_1_537' title='bbox 595 3416 699 3451; x_wconf 90' lang='lat' dir='ltr'>irent.</span> <span class='ocrx_word' id='word_1_538' title='bbox 735 3416 920 3451; x_wconf 89' lang='lat' dir='ltr'>Arbitrum</span> <span class='ocrx_word' id='word_1_539' title='bbox 943 3419 1063 3452; x_wconf 90' lang='lat' dir='ltr'>autem</span> <span class='ocrx_word' id='word_1_540' title='bbox 1084 3427 1212 3462; x_wconf 83' lang='lat' dir='ltr'>cogen-</span> 
     </span>
     <span class='ocr_line' id='line_1_75' title="bbox 117 3456 1212 3507; baseline 0.006 -17"><span class='ocrx_word' id='word_1_541' title='bbox 117 3456 205 3491; x_wconf 88' lang='lat' dir='ltr'>dum</span> <span class='ocrx_word' id='word_1_542' title='bbox 228 3468 300 3492; x_wconf 90' lang='lat' dir='ltr'>non</span> <span class='ocrx_word' id='word_1_543' title='bbox 325 3468 401 3493; x_wconf 88' lang='lat' dir='ltr'>esse</span> <span class='ocrx_word' id='word_1_544' title='bbox 425 3460 638 3496; x_wconf 85' lang='lat' dir='ltr'>sententiam</span> <span class='ocrx_word' id='word_1_545' title='bbox 662 3461 800 3504; x_wconf 90' lang='lat' dir='ltr'>dicere,</span> <span class='ocrx_word' id='word_1_546' title='bbox 824 3461 893 3497; x_wconf 93' lang='lat' dir='ltr'>nisi</span> <span class='ocrx_word' id='word_1_547' title='bbox 918 3462 1212 3507; x_wconf 90' lang='lat' dir='ltr'>compromissum</span> 
     </span>
    </p>
   </div>
   <div class='ocr_carea' id='block_1_6' title="bbox 119 3613 1209 3795">
    <p class='ocr_par' dir='ltr' id='par_1_14' title="bbox 119 3613 1209 3795">
     <span class='ocr_line' id='line_1_76' title="bbox 122 3613 449 3653; baseline 0.003 -7"><span class='ocrx_word' id='word_1_548' title='bbox 122 3613 161 3653; x_wconf 85' lang='lat'>(1)</span> <span class='ocrx_word' id='word_1_549' title='bbox 187 3613 449 3647; x_wconf 83' lang='lat' dir='ltr'>arbiteriumF¹</span> 
     </span>
     <span class='ocr_line' id='line_1_77' title="bbox 119 3657 841 3705; baseline 0.011 -16"><span class='ocrx_word' id='word_1_550' title='bbox 119 3657 165 3696; x_wconf 82' lang='lat'>(4)</span> <span class='ocrx_word' id='word_1_551' title='bbox 191 3657 347 3691; x_wconf 79' lang='lat' dir='ltr'>debuisse</span> <span class='ocrx_word' id='word_1_552' title='bbox 361 3659 424 3692; x_wconf 85' lang='lat' dir='ltr'>del.</span> <span class='ocrx_word' id='word_1_553' title='bbox 438 3661 520 3694; x_wconf 82' lang='lat' dir='ltr'>Hal.</span> <span class='ocrx_word' id='word_1_554' title='bbox 668 3664 710 3705; x_wconf 77' lang='lat'>(5)</span> <span class='ocrx_word' id='word_1_555' title='bbox 735 3664 797 3696; x_wconf 83' lang='lat' dir='ltr'>hos</span> <span class='ocrx_word' id='word_1_556' title='bbox 811 3663 841 3697; x_wconf 98' lang='lat' dir='ltr'>S</span> 
     </span>
     <span class='ocr_line' id='line_1_78' title="bbox 122 3703 1209 3751; baseline 0.006 -17"><span class='ocrx_word' id='word_1_557' title='bbox 122 3703 166 3741; x_wconf 81' lang='grc'>(7)</span> <span class='ocrx_word' id='word_1_558' title='bbox 193 3712 289 3744; x_wconf 85' lang='lat' dir='ltr'>posse</span> <span class='ocrx_word' id='word_1_559' title='bbox 301 3703 340 3743; x_wconf 89' lang='lat' dir='ltr'>S,</span> <span class='ocrx_word' id='word_1_560' title='bbox 356 3716 414 3736; x_wconf 90' lang='lat' dir='ltr'>om.</span> <span class='ocrx_word' id='word_1_561' title='bbox 429 3704 465 3737; x_wconf 87' lang='lat' dir='ltr'><em>F</em></span> <span class='ocrx_word' id='word_1_562' title='bbox 607 3708 651 3749; x_wconf 85' lang='lat'>(8)</span> <span class='ocrx_word' id='word_1_563' title='bbox 677 3708 784 3749; x_wconf 88' lang='lat' dir='ltr'>quiF&#39;</span> <span class='ocrx_word' id='word_1_564' title='bbox 939 3710 984 3750; x_wconf 81' lang='grc'>(9)</span> <span class='ocrx_word' id='word_1_565' title='bbox 1009 3710 1140 3751; x_wconf 85' lang='lat' dir='ltr'>recepit</span> <span class='ocrx_word' id='word_1_566' title='bbox 1152 3708 1209 3741; x_wconf 83' lang='lat' dir='ltr'>F2</span> 
     </span>
     <span class='ocr_line' id='line_1_79' title="bbox 120 3747 1208 3795; baseline 0.008 -17"><span class='ocrx_word' id='word_1_567' title='bbox 120 3749 183 3783; x_wconf 77' lang='grc'>410)</span> <span class='ocrx_word' id='word_1_568' title='bbox 209 3747 327 3780; x_wconf 83' lang='lat' dir='ltr'>fecerit</span> <span class='ocrx_word' id='word_1_569' title='bbox 353 3748 386 3780; x_wconf 83' lang='lat' dir='ltr'><em>F</em></span> <span class='ocrx_word' id='word_1_570' title='bbox 396 3748 406 3769; x_wconf 93' lang='lat'><strong>¹</strong></span> <span class='ocrx_word' id='word_1_571' title='bbox 449 3749 612 3789; x_wconf 80' lang='lat' dir='ltr'>fnceperit</span> <span class='ocrx_word' id='word_1_572' title='bbox 645 3752 700 3785; x_wconf 59' lang='grc' dir='ltr'>ΡΞ</span> <span class='ocrx_word' id='word_1_573' title='bbox 742 3753 910 3786; x_wconf 80' lang='lat' dir='ltr'>recenerit</span> <span class='ocrx_word' id='word_1_574' title='bbox 942 3754 980 3792; x_wconf 86' lang='lat' dir='ltr'>S,</span> <span class='ocrx_word' id='word_1_575' title='bbox 1013 3755 1122 3795; x_wconf 86' lang='lat' dir='ltr'>egerit</span> <span class='ocrx_word' id='word_1_576' title='bbox 1144 3766 1208 3787; x_wconf 78' lang='lat' dir='ltr'>scr.</span> 
     </span>
    </p>
   </div>
   <div class='ocr_carea' id='block_1_7' title="bbox 551 3618 865 3659">
    <p class='ocr_par' dir='ltr' id='par_1_15' title="bbox 551 3618 865 3659">
     <span class='ocr_line' id='line_1_80' title="bbox 551 3618 865 3659; baseline 0 -8"><span class='ocrx_word' id='word_1_577' title='bbox 551 3620 594 3658; x_wconf 84' lang='lat'>(2)</span> <span class='ocrx_word' id='word_1_578' title='bbox 619 3629 689 3650; x_wconf 90' lang='lat' dir='ltr'>non</span> <span class='ocrx_word' id='word_1_579' title='bbox 703 3618 740 3659; x_wconf 88' lang='lat' dir='ltr'>S,</span> <span class='ocrx_word' id='word_1_580' title='bbox 757 3630 816 3652; x_wconf 88' lang='lat' dir='ltr'>om.</span> <span class='ocrx_word' id='word_1_581' title='bbox 829 3619 865 3651; x_wconf 82' lang='lat' dir='ltr'><em>F</em></span> 
     </span>
    </p>
   </div>
   <div class='ocr_carea' id='block_1_8' title="bbox 1217 120 1274 168">
    <p class='ocr_par' dir='ltr' id='par_1_16' title="bbox 1217 120 1274 168">
     <span class='ocr_line' id='line_1_81' title="bbox 1217 120 1274 168; baseline 0.018 -1"><span class='ocrx_word' id='word_1_582' title='bbox 1217 120 1274 168; x_wconf 79' lang='lat'>67</span> 
     </span>
    </p>
   </div>
   <div class='ocr_carea' id='block_1_9' title="bbox 963 3619 1606 3706">
    <p class='ocr_par' dir='ltr' id='par_1_17' title="bbox 963 3619 1606 3706">
     <span class='ocr_line' id='line_1_82' title="bbox 963 3619 1214 3661; baseline 0 -9"><span class='ocrx_word' id='word_1_583' title='bbox 963 3621 1006 3661; x_wconf 83' lang='lat'>(3)</span> <span class='ocrx_word' id='word_1_584' title='bbox 1032 3619 1167 3652; x_wconf 86' lang='lat' dir='ltr'>deberet</span> <span class='ocrx_word' id='word_1_585' title='bbox 1180 3620 1214 3652; x_wconf 87' lang='lat' dir='ltr'><em>F</em></span> 
     </span>
     <span class='ocr_line' id='line_1_83' title="bbox 986 3664 1606 3706; baseline 0.003 -8"><span class='ocrx_word' id='word_1_586' title='bbox 986 3665 1031 3705; x_wconf 82' lang='grc'>(6)</span> <span class='ocrx_word' id='word_1_587' title='bbox 1056 3664 1093 3696; x_wconf 88' lang='lat' dir='ltr'>in</span> <span class='ocrx_word' id='word_1_588' title='bbox 1108 3677 1167 3698; x_wconf 87' lang='lat' dir='ltr'>om.</span> <span class='ocrx_word' id='word_1_589' title='bbox 1181 3665 1215 3696; x_wconf 79' lang='lat' dir='ltr'><em>F</em></span> <span class='ocrx_word' id='word_1_590' title='bbox 1279 3666 1518 3706; x_wconf 86' lang='lat' dir='ltr'>compromissa</span> <span class='ocrx_word' id='word_1_591' title='bbox 1532 3667 1606 3700; x_wconf 81' lang='lat' dir='ltr'>edd.</span> 
     </span>
    </p>
   </div>
   <div class='ocr_carea' id='block_1_10' title="bbox 2244 126 2386 169">
    <p class='ocr_par' dir='ltr' id='par_1_18' title="bbox 2244 126 2386 169">
     <span class='ocr_line' id='line_1_84' title="bbox 2244 126 2386 169; baseline 0.014 -2"><span class='ocrx_word' id='word_1_592' title='bbox 2244 126 2330 167; x_wconf 87' lang='lat'>1111</span> <span class='ocrx_word' id='word_1_593' title='bbox 2360 128 2386 169; x_wconf 92' lang='lat'>8</span> 
     </span>
    </p>
   </div>
   <div class='ocr_carea' id='block_1_11' title="bbox 1279 245 2387 3508">
    <p class='ocr_par' dir='ltr' id='par_1_19' title="bbox 1279 245 2387 1278">
     <span class='ocr_line' id='line_1_85' title="bbox 1280 245 2384 292; baseline 0.001 -11"><span class='ocrx_word' id='word_1_594' title='bbox 1280 249 1299 281; x_wconf 89' lang='lat'><strong>2</strong></span> <span class='ocrx_word' id='word_1_595' title='bbox 1348 245 1589 281; x_wconf 86' lang='lat' dir='ltr'>intervenerit.</span> <span class='ocrx_word' id='word_1_596' title='bbox 1639 245 1743 289; x_wconf 80' lang='lat' dir='ltr'>Quod</span> <span class='ocrx_word' id='word_1_597' title='bbox 1774 247 1825 281; x_wconf 87' lang='lat' dir='ltr'>ait</span> <span class='ocrx_word' id='word_1_598' title='bbox 1856 250 2023 291; x_wconf 89' lang='lat' dir='ltr'>praetor:</span> <span class='ocrx_word' id='word_1_599' title='bbox 2050 247 2251 292; x_wconf 87' lang='lat' dir='ltr'>‘pecuniam</span> <span class='ocrx_word' id='word_1_600' title='bbox 2286 258 2384 283; x_wconf 88' lang='lat' dir='ltr'>com·</span> 
     </span>
     <span class='ocr_line' id='line_1_86' title="bbox 1280 291 2386 338; baseline 0.002 -12"><span class='ocrx_word' id='word_1_601' title='bbox 1280 291 1506 337; x_wconf 86' lang='lat' dir='ltr'>promissam’</span> <span class='ocrx_word' id='word_1_602' title='bbox 1521 291 1560 332; x_wconf 79' lang='lat'>¹³,</span> <span class='ocrx_word' id='word_1_603' title='bbox 1587 291 1753 336; x_wconf 83' lang='lat' dir='ltr'>accipere</span> <span class='ocrx_word' id='word_1_604' title='bbox 1776 302 1842 326; x_wconf 90' lang='lat' dir='ltr'>nos</span> <span class='ocrx_word' id='word_1_605' title='bbox 1868 292 2015 335; x_wconf 88' lang='lat' dir='ltr'>debere,</span> <span class='ocrx_word' id='word_1_606' title='bbox 2052 303 2125 328; x_wconf 92' lang='lat' dir='ltr'>non</span> <span class='ocrx_word' id='word_1_607' title='bbox 2150 293 2181 328; x_wconf 91' lang='lat' dir='ltr'>si</span> <span class='ocrx_word' id='word_1_608' title='bbox 2204 292 2386 338; x_wconf 86' lang='lat' dir='ltr'>utrimque</span> 
     </span>
     <span class='ocr_line' id='line_1_87' title="bbox 1279 335 2386 383; baseline 0.001 -11"><span class='ocrx_word' id='word_1_609' title='bbox 1279 347 1397 382; x_wconf 90' lang='lat' dir='ltr'>poena</span> <span class='ocrx_word' id='word_1_610' title='bbox 1416 335 1627 377; x_wconf 88' lang='lat' dir='ltr'>nummaria,</span> <span class='ocrx_word' id='word_1_611' title='bbox 1653 336 1716 370; x_wconf 89' lang='lat' dir='ltr'>sed</span> <span class='ocrx_word' id='word_1_612' title='bbox 1740 336 1771 371; x_wconf 90' lang='lat' dir='ltr'>si</span> <span class='ocrx_word' id='word_1_613' title='bbox 1794 340 1830 371; x_wconf 92' lang='lat' dir='ltr'>et</span> <span class='ocrx_word' id='word_1_614' title='bbox 1855 337 1925 371; x_wconf 88' lang='lat' dir='ltr'>alia</span> <span class='ocrx_word' id='word_1_615' title='bbox 1948 348 2005 373; x_wconf 90' lang='lat' dir='ltr'>res</span> <span class='ocrx_word' id='word_1_616' title='bbox 2029 338 2106 373; x_wconf 82' lang='lat' dir='ltr'>vice</span> <span class='ocrx_word' id='word_1_617' title='bbox 2130 349 2269 383; x_wconf 87' lang='lat' dir='ltr'>poenae</span> <span class='ocrx_word' id='word_1_618' title='bbox 2283 339 2328 381; x_wconf 78' lang='lat'>¹⁴,</span> <span class='ocrx_word' id='word_1_619' title='bbox 2355 339 2386 373; x_wconf 90' lang='lat' dir='ltr'>si</span> 
     </span>
     <span class='ocr_line' id='line_1_88' title="bbox 1281 381 2387 428; baseline 0.002 -11"><span class='ocrx_word' id='word_1_620' title='bbox 1281 382 1360 427; x_wconf 90' lang='lat' dir='ltr'>quis</span> <span class='ocrx_word' id='word_1_621' title='bbox 1385 381 1513 416; x_wconf 90' lang='lat' dir='ltr'>arbitri</span> <span class='ocrx_word' id='word_1_622' title='bbox 1537 381 1717 416; x_wconf 90' lang='lat' dir='ltr'>sententia</span> <span class='ocrx_word' id='word_1_623' title='bbox 1740 392 1814 417; x_wconf 91' lang='lat' dir='ltr'>non</span> <span class='ocrx_word' id='word_1_624' title='bbox 1838 383 1977 417; x_wconf 90' lang='lat' dir='ltr'>steterit</span> <span class='ocrx_word' id='word_1_625' title='bbox 1991 384 2029 425; x_wconf 82' lang='lat'>¹⁵,</span> <span class='ocrx_word' id='word_1_626' title='bbox 2054 384 2231 428; x_wconf 89' lang='lat' dir='ltr'>promissa</span> <span class='ocrx_word' id='word_1_627' title='bbox 2254 384 2322 418; x_wconf 87' lang='lat' dir='ltr'>sit:</span> <span class='ocrx_word' id='word_1_628' title='bbox 2349 387 2387 419; x_wconf 87' lang='lat' dir='ltr'>et</span> 
     </span>
     <span class='ocr_line' id='line_1_89' title="bbox 1280 426 2384 475; baseline 0.002 -13"><span class='ocrx_word' id='word_1_629' title='bbox 1280 428 1332 462; x_wconf 90' lang='lat' dir='ltr'>ita</span> <span class='ocrx_word' id='word_1_630' title='bbox 1355 426 1575 471; x_wconf 90' lang='lat' dir='ltr'>Pomponius</span> <span class='ocrx_word' id='word_1_631' title='bbox 1600 426 1737 462; x_wconf 86' lang='lat' dir='ltr'>scribit.</span> <span class='ocrx_word' id='word_1_632' title='bbox 1776 427 1861 472; x_wconf 92' lang='lat' dir='ltr'>quid</span> <span class='ocrx_word' id='word_1_633' title='bbox 1884 437 1987 472; x_wconf 88' lang='lat' dir='ltr'>ergo,</span> <span class='ocrx_word' id='word_1_634' title='bbox 2024 429 2054 463; x_wconf 89' lang='lat' dir='ltr'>si</span> <span class='ocrx_word' id='word_1_635' title='bbox 2086 439 2142 464; x_wconf 88' lang='lat' dir='ltr'>res</span> <span class='ocrx_word' id='word_1_636' title='bbox 2168 429 2264 475; x_wconf 88' lang='lat' dir='ltr'>apud</span> <span class='ocrx_word' id='word_1_637' title='bbox 2288 429 2384 464; x_wconf 88' lang='lat' dir='ltr'>arbi-</span> 
     </span>
     <span class='ocr_line' id='line_1_90' title="bbox 1280 472 2384 524; baseline 0.003 -17"><span class='ocrx_word' id='word_1_638' title='bbox 1280 476 1377 507; x_wconf 91' lang='lat' dir='ltr'>trum</span> <span class='ocrx_word' id='word_1_639' title='bbox 1401 472 1587 517; x_wconf 86' lang='lat' dir='ltr'>depositae</span> <span class='ocrx_word' id='word_1_640' title='bbox 1610 475 1695 507; x_wconf 88' lang='lat' dir='ltr'>sunt</span> <span class='ocrx_word' id='word_1_641' title='bbox 1719 482 1759 507; x_wconf 93' lang='lat' dir='ltr'>eo</span> <span class='ocrx_word' id='word_1_642' title='bbox 1784 475 1905 524; x_wconf 86' lang='lat' dir='ltr'>pacto,</span> <span class='ocrx_word' id='word_1_643' title='bbox 1931 476 1972 507; x_wconf 93' lang='lat' dir='ltr'>ut</span> <span class='ocrx_word' id='word_1_644' title='bbox 1993 473 2025 508; x_wconf 94' lang='lat' dir='ltr'>ei</span> <span class='ocrx_word' id='word_1_645' title='bbox 2045 474 2146 509; x_wconf 90' lang='lat' dir='ltr'>daret</span> <span class='ocrx_word' id='word_1_646' title='bbox 2167 475 2229 520; x_wconf 91' lang='lat' dir='ltr'>qui</span> <span class='ocrx_word' id='word_1_647' title='bbox 2248 475 2384 517; x_wconf 86' lang='lat' dir='ltr'>vicerit,</span> 
     </span>
     <span class='ocr_line' id='line_1_91' title="bbox 1280 516 2386 563; baseline 0.003 -11"><span class='ocrx_word' id='word_1_648' title='bbox 1280 518 1335 553; x_wconf 91' lang='lat' dir='ltr'>vel</span> <span class='ocrx_word' id='word_1_649' title='bbox 1359 521 1400 552; x_wconf 92' lang='lat' dir='ltr'>ut</span> <span class='ocrx_word' id='word_1_650' title='bbox 1425 528 1502 552; x_wconf 90' lang='lat' dir='ltr'>eam</span> <span class='ocrx_word' id='word_1_651' title='bbox 1527 527 1602 552; x_wconf 89' lang='lat' dir='ltr'>rem</span> <span class='ocrx_word' id='word_1_652' title='bbox 1626 516 1737 560; x_wconf 87' lang='lat' dir='ltr'>daret,</span> <span class='ocrx_word' id='word_1_653' title='bbox 1763 528 1793 552; x_wconf 87' lang='lat' dir='ltr'>Sl</span> <span class='ocrx_word' id='word_1_654' title='bbox 1813 528 1886 552; x_wconf 92' lang='lat' dir='ltr'>non</span> <span class='ocrx_word' id='word_1_655' title='bbox 1907 522 2079 563; x_wconf 90' lang='lat' dir='ltr'>pareatur</span> <span class='ocrx_word' id='word_1_656' title='bbox 2101 520 2311 562; x_wconf 85' lang='lat' dir='ltr'>sententiae,</span> <span class='ocrx_word' id='word_1_657' title='bbox 2338 531 2386 555; x_wconf 85' lang='lat' dir='ltr'>an</span> 
     </span>
     <span class='ocr_line' id='line_1_92' title="bbox 1283 563 2381 610; baseline 0.003 -12"><span class='ocrx_word' id='word_1_658' title='bbox 1283 563 1463 608; x_wconf 88' lang='lat' dir='ltr'>cogendus</span> <span class='ocrx_word' id='word_1_659' title='bbox 1489 563 1536 598; x_wconf 90' lang='lat' dir='ltr'>sit</span> <span class='ocrx_word' id='word_1_660' title='bbox 1559 563 1772 597; x_wconf 89' lang='lat' dir='ltr'>sententiam</span> <span class='ocrx_word' id='word_1_661' title='bbox 1798 563 1944 598; x_wconf 83' lang='lat' dir='ltr'>dicere?</span> <span class='ocrx_word' id='word_1_662' title='bbox 1979 567 2014 598; x_wconf 86' lang='lat' dir='ltr'>et</span> <span class='ocrx_word' id='word_1_663' title='bbox 2071 568 2132 599; x_wconf 90' lang='lat' dir='ltr'>uto</span> <span class='ocrx_word' id='word_1_664' title='bbox 2170 566 2381 610; x_wconf 87' lang='lat' dir='ltr'>cogendum.</span> 
     </span>
     <span class='ocr_line' id='line_1_93' title="bbox 1281 576 2386 655; baseline 0.003 -12"><span class='ocrx_word' id='word_1_665' title='bbox 1281 608 1494 643; x_wconf 89' lang='lat' dir='ltr'>tantundem</span> <span class='ocrx_word' id='word_1_666' title='bbox 1529 612 1564 643; x_wconf 89' lang='lat' dir='ltr'>et</span> <span class='ocrx_word' id='word_1_667' title='bbox 1595 608 1625 642; x_wconf 90' lang='lat' dir='ltr'>si</span> <span class='ocrx_word' id='word_1_668' title='bbox 1658 608 1840 653; x_wconf 87' lang='lat' dir='ltr'>quantitas</span> <span class='ocrx_word' id='word_1_669' title='bbox 1874 612 1974 643; x_wconf 90' lang='lat' dir='ltr'>certa</span> <span class='ocrx_word' id='word_1_670' title='bbox 2007 576 2068 643; x_wconf 77' lang='lat' dir='ltr'>adp</span> <span class='ocrx_word' id='word_1_671' title='bbox 2085 610 2155 645; x_wconf 90' lang='lat' dir='ltr'>hoc</span> <span class='ocrx_word' id='word_1_672' title='bbox 2181 611 2280 655; x_wconf 90' lang='lat' dir='ltr'>apud</span> <span class='ocrx_word' id='word_1_673' title='bbox 2305 621 2386 646; x_wconf 90' lang='lat' dir='ltr'>eum</span> 
     </span>
     <span class='ocr_line' id='line_1_94' title="bbox 1282 653 2385 701; baseline 0.002 -12"><span class='ocrx_word' id='word_1_674' title='bbox 1282 654 1495 699; x_wconf 87' lang='lat' dir='ltr'>deponatur.</span> <span class='ocrx_word' id='word_1_675' title='bbox 1533 653 1683 698; x_wconf 92' lang='lat' dir='ltr'>proinde</span> <span class='ocrx_word' id='word_1_676' title='bbox 1710 657 1745 688; x_wconf 90' lang='lat' dir='ltr'>et</span> <span class='ocrx_word' id='word_1_677' title='bbox 1769 653 1799 688; x_wconf 91' lang='lat' dir='ltr'>si</span> <span class='ocrx_word' id='word_1_678' title='bbox 1824 653 1915 688; x_wconf 89' lang='lat' dir='ltr'>alter</span> <span class='ocrx_word' id='word_1_679' title='bbox 1944 665 2038 696; x_wconf 89' lang='lat' dir='ltr'>rem,</span> <span class='ocrx_word' id='word_1_680' title='bbox 2072 655 2163 690; x_wconf 91' lang='lat' dir='ltr'>alter</span> <span class='ocrx_word' id='word_1_681' title='bbox 2195 656 2385 701; x_wconf 90' lang='lat' dir='ltr'>pecuniam</span> 
     </span>
     <span class='ocr_line' id='line_1_95' title="bbox 1282 698 2386 744; baseline 0.003 -11"><span class='ocrx_word' id='word_1_682' title='bbox 1282 699 1470 744; x_wconf 87' lang='lat' dir='ltr'>stipulanti</span> <span class='ocrx_word' id='word_1_683' title='bbox 1501 698 1724 744; x_wconf 83' lang='lat' dir='ltr'>promiserit,</span> <span class='ocrx_word' id='word_1_684' title='bbox 1756 699 1902 744; x_wconf 92' lang='lat' dir='ltr'>plenum</span> <span class='ocrx_word' id='word_1_685' title='bbox 1934 700 2231 744; x_wconf 90' lang='lat' dir='ltr'>compromissum</span> <span class='ocrx_word' id='word_1_686' title='bbox 2263 706 2317 736; x_wconf 88' lang='lat' dir='ltr'>est</span> <span class='ocrx_word' id='word_1_687' title='bbox 2350 707 2386 736; x_wconf 88' lang='lat' dir='ltr'>et</span> 
     </span>
     <span class='ocr_line' id='line_1_96' title="bbox 1283 743 2385 792; baseline 0.002 -12"><span class='ocrx_word' id='word_1_688' title='bbox 1283 748 1302 780; x_wconf 90' lang='lat'>3</span> <span class='ocrx_word' id='word_1_689' title='bbox 1352 748 1500 789; x_wconf 85' lang='lat' dir='ltr'>cogetur</span> <span class='ocrx_word' id='word_1_690' title='bbox 1523 744 1738 779; x_wconf 85' lang='lat' dir='ltr'>sententiam</span> <span class='ocrx_word' id='word_1_691' title='bbox 1763 743 1893 779; x_wconf 88' lang='lat' dir='ltr'>dicere.</span> <span class='ocrx_word' id='word_1_692' title='bbox 1942 745 2138 788; x_wconf 90' lang='lat' dir='ltr'>Interdum,</span> <span class='ocrx_word' id='word_1_693' title='bbox 2164 750 2205 780; x_wconf 91' lang='lat' dir='ltr'>ut</span> <span class='ocrx_word' id='word_1_694' title='bbox 2228 747 2385 792; x_wconf 89' lang='lat' dir='ltr'>Pompo-</span> 
     </span>
     <span class='ocr_line' id='line_1_97' title="bbox 1281 789 2386 835; baseline 0.001 -10"><span class='ocrx_word' id='word_1_695' title='bbox 1281 790 1362 825; x_wconf 89' lang='lat' dir='ltr'>nius</span> <span class='ocrx_word' id='word_1_696' title='bbox 1388 789 1523 831; x_wconf 89' lang='lat' dir='ltr'>scribit,</span> <span class='ocrx_word' id='word_1_697' title='bbox 1548 793 1646 824; x_wconf 90' lang='lat' dir='ltr'>recte</span> <span class='ocrx_word' id='word_1_698' title='bbox 1670 789 1766 824; x_wconf 92' lang='lat' dir='ltr'>nudo</span> <span class='ocrx_word' id='word_1_699' title='bbox 1791 793 1900 834; x_wconf 89' lang='lat' dir='ltr'>pacto</span> <span class='ocrx_word' id='word_1_700' title='bbox 1925 789 1988 825; x_wconf 91' lang='lat' dir='ltr'>fiet</span> <span class='ocrx_word' id='word_1_701' title='bbox 2012 791 2317 835; x_wconf 89' lang='lat' dir='ltr'>compromissum,</span> <span class='ocrx_word' id='word_1_702' title='bbox 2344 795 2386 826; x_wconf 89' lang='lat' dir='ltr'>ut</span> 
     </span>
     <span class='ocr_line' id='line_1_98' title="bbox 1281 835 2385 888; baseline 0.003 -19"><span class='ocrx_word' id='word_1_703' title='bbox 1281 839 1371 880; x_wconf 88' lang='lat' dir='ltr'>puta</span> <span class='ocrx_word' id='word_1_704' title='bbox 1404 835 1434 870; x_wconf 91' lang='lat' dir='ltr'>si</span> <span class='ocrx_word' id='word_1_705' title='bbox 1466 835 1571 870; x_wconf 92' lang='lat' dir='ltr'>ambo</span> <span class='ocrx_word' id='word_1_706' title='bbox 1606 835 1785 870; x_wconf 89' lang='lat' dir='ltr'>debitores</span> <span class='ocrx_word' id='word_1_707' title='bbox 1817 835 1966 870; x_wconf 86' lang='lat' dir='ltr'>fuerunt</span> <span class='ocrx_word' id='word_1_708' title='bbox 1998 839 2034 870; x_wconf 89' lang='lat' dir='ltr'>et</span> <span class='ocrx_word' id='word_1_709' title='bbox 2064 836 2163 888; x_wconf 82' lang='lat' dir='ltr'>pacti</span> <span class='ocrx_word' id='word_1_710' title='bbox 2199 841 2302 880; x_wconf 92' lang='lat' dir='ltr'>sunt,</span> <span class='ocrx_word' id='word_1_711' title='bbox 2338 847 2385 872; x_wconf 89' lang='lat' dir='ltr'>ne</span> 
     </span>
     <span class='ocr_line' id='line_1_99' title="bbox 1280 880 2383 926; baseline 0.001 -11"><span class='ocrx_word' id='word_1_712' title='bbox 1280 884 1382 926; x_wconf 90' lang='lat' dir='ltr'>petat</span> <span class='ocrx_word' id='word_1_713' title='bbox 1413 880 1509 926; x_wconf 88' lang='lat' dir='ltr'>quod</span> <span class='ocrx_word' id='word_1_714' title='bbox 1543 880 1612 915; x_wconf 90' lang='lat' dir='ltr'>sibi</span> <span class='ocrx_word' id='word_1_715' title='bbox 1644 880 1795 915; x_wconf 90' lang='lat' dir='ltr'>debetur</span> <span class='ocrx_word' id='word_1_716' title='bbox 1827 881 1887 925; x_wconf 89' lang='lat' dir='ltr'>qui</span> <span class='ocrx_word' id='word_1_717' title='bbox 1920 884 2120 916; x_wconf 88' lang='lat' dir='ltr'>sentent1ae</span> <span class='ocrx_word' id='word_1_718' title='bbox 2152 882 2278 916; x_wconf 87' lang='lat' dir='ltr'>arbitri</span> <span class='ocrx_word' id='word_1_719' title='bbox 2311 893 2383 917; x_wconf 91' lang='lat' dir='ltr'>non</span> 
     </span>
     <span class='ocr_line' id='line_1_100' title="bbox 1281 925 2384 971; baseline 0 -10"><span class='ocrx_word' id='word_1_720' title='bbox 1281 929 1302 961; x_wconf 89' lang='grc'>4</span> <span class='ocrx_word' id='word_1_721' title='bbox 1349 926 1482 971; x_wconf 90' lang='lat' dir='ltr'>paruit.</span> <span class='ocrx_word' id='word_1_722' title='bbox 1520 926 1611 960; x_wconf 91' lang='lat' dir='ltr'>Item</span> <span class='ocrx_word' id='word_1_723' title='bbox 1634 925 1796 960; x_wconf 91' lang='lat' dir='ltr'>Iulianus</span> <span class='ocrx_word' id='word_1_724' title='bbox 1821 926 1947 960; x_wconf 87' lang='lat' dir='ltr'>scribit</span> <span class='ocrx_word' id='word_1_725' title='bbox 1970 936 2044 961; x_wconf 90' lang='lat' dir='ltr'>non</span> <span class='ocrx_word' id='word_1_726' title='bbox 2068 926 2266 971; x_wconf 86' lang='lat' dir='ltr'>cogendum</span> <span class='ocrx_word' id='word_1_727' title='bbox 2291 928 2384 962; x_wconf 80' lang='lat' dir='ltr'>arbi-</span> 
     </span>
     <span class='ocr_line' id='line_1_101' title="bbox 1280 971 2383 1016; baseline 0.001 -10"><span class='ocrx_word' id='word_1_728' title='bbox 1280 975 1376 1006; x_wconf 92' lang='lat' dir='ltr'>trum</span> <span class='ocrx_word' id='word_1_729' title='bbox 1396 971 1611 1008; x_wconf 88' lang='lat' dir='ltr'>sententiam</span> <span class='ocrx_word' id='word_1_730' title='bbox 1631 971 1761 1013; x_wconf 88' lang='lat' dir='ltr'>dicere,</span> <span class='ocrx_word' id='word_1_731' title='bbox 1786 971 1817 1006; x_wconf 88' lang='lat' dir='ltr'>si</span> <span class='ocrx_word' id='word_1_732' title='bbox 1837 971 1929 1006; x_wconf 88' lang='lat' dir='ltr'>alter</span> <span class='ocrx_word' id='word_1_733' title='bbox 1947 971 2162 1016; x_wconf 88' lang='lat' dir='ltr'>promiserit,</span> <span class='ocrx_word' id='word_1_734' title='bbox 2188 972 2279 1007; x_wconf 92' lang='lat' dir='ltr'>alter</span> <span class='ocrx_word' id='word_1_735' title='bbox 2298 983 2383 1007; x_wconf 88' lang='lat' dir='ltr'>non.</span> 
     </span>
     <span class='ocr_line' id='line_1_102' title="bbox 1285 1014 2383 1062; baseline 0.001 -11"><span class='ocrx_word' id='word_1_736' title='bbox 1285 1019 1305 1050; x_wconf 89' lang='lat'>5</span> <span class='ocrx_word' id='word_1_737' title='bbox 1341 1015 1441 1051; x_wconf 90' lang='lat' dir='ltr'>Idem</span> <span class='ocrx_word' id='word_1_738' title='bbox 1464 1015 1561 1058; x_wconf 90' lang='lat' dir='ltr'>dicit,</span> <span class='ocrx_word' id='word_1_739' title='bbox 1587 1017 1623 1049; x_wconf 90' lang='lat' dir='ltr'>et</span> <span class='ocrx_word' id='word_1_740' title='bbox 1646 1015 1676 1049; x_wconf 92' lang='lat' dir='ltr'>si</span> <span class='ocrx_word' id='word_1_741' title='bbox 1699 1015 1766 1050; x_wconf 89' lang='lat' dir='ltr'>sub</span> <span class='ocrx_word' id='word_1_742' title='bbox 1790 1014 2001 1051; x_wconf 90' lang='lat' dir='ltr'>condicione</span> <span class='ocrx_word' id='word_1_743' title='bbox 2019 1015 2129 1052; x_wconf 88' lang='lat' dir='ltr'>fuerit</span> <span class='ocrx_word' id='word_1_744' title='bbox 2148 1026 2267 1062; x_wconf 89' lang='lat' dir='ltr'>poena</span> <span class='ocrx_word' id='word_1_745' title='bbox 2287 1028 2383 1052; x_wconf 91' lang='lat' dir='ltr'>com-</span> 
     </span>
     <span class='ocr_line' id='line_1_103' title="bbox 1280 1062 2383 1107; baseline 0 -11"><span class='ocrx_word' id='word_1_746' title='bbox 1280 1062 1467 1107; x_wconf 90' lang='lat' dir='ltr'>promissa,</span> <span class='ocrx_word' id='word_1_747' title='bbox 1492 1062 1602 1096; x_wconf 90' lang='lat' dir='ltr'>veluti</span> <span class='ocrx_word' id='word_1_748' title='bbox 1627 1062 1669 1096; x_wconf 90' lang='lat' dir='ltr'>‘si</span> <span class='ocrx_word' id='word_1_749' title='bbox 1693 1063 1794 1096; x_wconf 90' lang='lat' dir='ltr'>navis</span> <span class='ocrx_word' id='word_1_750' title='bbox 1820 1072 1863 1096; x_wconf 91' lang='lat' dir='ltr'>ex</span> <span class='ocrx_word' id='word_1_751' title='bbox 1887 1062 1976 1096; x_wconf 85' lang='lat' dir='ltr'>Asia</span> <span class='ocrx_word' id='word_1_752' title='bbox 1999 1062 2155 1102; x_wconf 85' lang='lat' dir='ltr'>venerit,</span> <span class='ocrx_word' id='word_1_753' title='bbox 2179 1066 2235 1097; x_wconf 92' lang='lat' dir='ltr'>tot</span> <span class='ocrx_word' id='word_1_754' title='bbox 2258 1063 2383 1096; x_wconf 86' lang='lat' dir='ltr'>milia&#39;:</span> 
     </span>
     <span class='ocr_line' id='line_1_104' title="bbox 1281 1107 2384 1152; baseline -0.001 -10"><span class='ocrx_word' id='word_1_755' title='bbox 1281 1118 1355 1142; x_wconf 91' lang='lat' dir='ltr'>non</span> <span class='ocrx_word' id='word_1_756' title='bbox 1390 1107 1482 1142; x_wconf 89' lang='lat' dir='ltr'>enim</span> <span class='ocrx_word' id='word_1_757' title='bbox 1513 1107 1612 1152; x_wconf 90' lang='lat' dir='ltr'>prius</span> <span class='ocrx_word' id='word_1_758' title='bbox 1644 1107 1819 1141; x_wconf 90' lang='lat' dir='ltr'>arbitrum</span> <span class='ocrx_word' id='word_1_759' title='bbox 1852 1107 2051 1152; x_wconf 86' lang='lat' dir='ltr'>cogendum</span> <span class='ocrx_word' id='word_1_760' title='bbox 2083 1107 2297 1142; x_wconf 89' lang='lat' dir='ltr'>sententiam</span> <span class='ocrx_word' id='word_1_761' title='bbox 2333 1107 2384 1141; x_wconf 91' lang='lat' dir='ltr'>di-</span> 
     </span>
     <span class='ocr_line' id='line_1_105' title="bbox 1282 1152 2384 1198; baseline 0 -11"><span class='ocrx_word' id='word_1_762' title='bbox 1282 1163 1383 1195; x_wconf 90' lang='lat' dir='ltr'>cere,</span> <span class='ocrx_word' id='word_1_763' title='bbox 1410 1163 1518 1198; x_wconf 90' lang='lat' dir='ltr'>quam</span> <span class='ocrx_word' id='word_1_764' title='bbox 1542 1152 1706 1188; x_wconf 90' lang='lat' dir='ltr'>condicio</span> <span class='ocrx_word' id='word_1_765' title='bbox 1732 1153 1929 1187; x_wconf 87' lang='lat' dir='ltr'>exstiterit:</span> <span class='ocrx_word' id='word_1_766' title='bbox 1963 1163 2009 1187; x_wconf 89' lang='lat' dir='ltr'>ne</span> <span class='ocrx_word' id='word_1_767' title='bbox 2033 1153 2080 1187; x_wconf 93' lang='lat' dir='ltr'>sit</span> <span class='ocrx_word' id='word_1_768' title='bbox 2103 1152 2273 1187; x_wconf 87' lang='lat' dir='ltr'>inefficax</span> <span class='ocrx_word' id='word_1_769' title='bbox 2297 1152 2384 1187; x_wconf 87' lang='lat' dir='ltr'>defi-</span> 
     </span>
     <span class='ocr_line' id='line_1_106' title="bbox 1281 1197 2382 1243; baseline -0.001 -10"><span class='ocrx_word' id='word_1_770' title='bbox 1281 1199 1397 1233; x_wconf 90' lang='lat' dir='ltr'>ciente</span> <span class='ocrx_word' id='word_1_771' title='bbox 1421 1198 1643 1241; x_wconf 87' lang='lat' dir='ltr'>condicione.</span> <span class='ocrx_word' id='word_1_772' title='bbox 1681 1201 1717 1232; x_wconf 91' lang='lat' dir='ltr'>et</span> <span class='ocrx_word' id='word_1_773' title='bbox 1739 1198 1792 1232; x_wconf 92' lang='lat' dir='ltr'>ita</span> <span class='ocrx_word' id='word_1_774' title='bbox 1814 1197 2035 1243; x_wconf 85' lang='lat' dir='ltr'>Pomponius</span> <span class='ocrx_word' id='word_1_775' title='bbox 2060 1198 2151 1233; x_wconf 93' lang='lat' dir='ltr'>libro</span> <span class='ocrx_word' id='word_1_776' title='bbox 2177 1198 2382 1243; x_wconf 87' lang='lat' dir='ltr'>trigensimo</span> 
     </span>
     <span class='ocr_line' id='line_1_107' title="bbox 1280 1243 1802 1278; baseline 0 0"><span class='ocrx_word' id='word_1_777' title='bbox 1280 1243 1387 1278; x_wconf 89' lang='lat' dir='ltr'>tertio</span> <span class='ocrx_word' id='word_1_778' title='bbox 1413 1243 1458 1278; x_wconf 91' lang='lat' dir='ltr'>ad</span> <span class='ocrx_word' id='word_1_779' title='bbox 1485 1243 1642 1278; x_wconf 91' lang='lat' dir='ltr'>edictum</span> <span class='ocrx_word' id='word_1_780' title='bbox 1666 1243 1802 1278; x_wconf 88' lang='lat' dir='ltr'>scribit.</span> 
     </span>
    </p>

    <p class='ocr_par' dir='ltr' id='par_1_20' title="bbox 1281 1286 2383 1424">
     <span class='ocr_line' id='line_1_108' title="bbox 1330 1286 2383 1332; baseline -0.002 -7"><span class='ocrx_word' id='word_1_781' title='bbox 1330 1286 1381 1325; x_wconf 88' lang='lat'>12</span> <span class='ocrx_word' id='word_1_782' title='bbox 1406 1289 1568 1324; x_wconf 61' lang='lat' dir='ltr'>PAULO-s</span> <span class='ocrx_word' id='word_1_783' title='bbox 1589 1289 1680 1324; x_wconf 81' lang='lat' dir='ltr'>libro</span> <span class='ocrx_word' id='word_1_784' title='bbox 1714 1290 1818 1323; x_wconf 77' lang='lat' dir='ltr'>tertio</span> <span class='ocrx_word' id='word_1_785' title='bbox 1851 1288 1989 1324; x_wconf 78' lang='lat' dir='ltr'>decimo</span> <span class='ocrx_word' id='word_1_786' title='bbox 2022 1288 2072 1323; x_wconf 84' lang='lat' dir='ltr'>ad</span> <span class='ocrx_word' id='word_1_787' title='bbox 2101 1288 2258 1324; x_wconf 80' lang='lat' dir='ltr'>edictum</span> <span class='ocrx_word' id='word_1_788' title='bbox 2305 1288 2383 1332; x_wconf 75' lang='lat' dir='ltr'>Quo</span> 
     </span>
     <span class='ocr_line' id='line_1_109' title="bbox 1281 1333 2380 1379; baseline -0.001 -10"><span class='ocrx_word' id='word_1_789' title='bbox 1281 1344 1368 1369; x_wconf 85' lang='lat' dir='ltr'>casu</span> <span class='ocrx_word' id='word_1_790' title='bbox 1393 1334 1440 1369; x_wconf 88' lang='lat' dir='ltr'>ad</span> <span class='ocrx_word' id='word_1_791' title='bbox 1463 1337 1666 1379; x_wconf 90' lang='lat' dir='ltr'>praetorem</span> <span class='ocrx_word' id='word_1_792' title='bbox 1690 1333 1883 1379; x_wconf 88' lang='lat' dir='ltr'>pertinebit</span> <span class='ocrx_word' id='word_1_793' title='bbox 1906 1333 1944 1368; x_wconf 91' lang='lat' dir='ltr'>in</span> <span class='ocrx_word' id='word_1_794' title='bbox 1969 1343 2009 1369; x_wconf 91' lang='lat' dir='ltr'>eo</span> <span class='ocrx_word' id='word_1_795' title='bbox 2034 1333 2188 1369; x_wconf 85' lang='lat' dir='ltr'>forsitan</span> <span class='ocrx_word' id='word_1_796' title='bbox 2213 1334 2301 1376; x_wconf 91' lang='lat' dir='ltr'>solo,</span> <span class='ocrx_word' id='word_1_797' title='bbox 2329 1338 2380 1376; x_wconf 89' lang='lat' dir='ltr'>ut,</span> 
     </span>
     <span class='ocr_line' id='line_1_110' title="bbox 1281 1379 2253 1424; baseline 0 -10"><span class='ocrx_word' id='word_1_798' title='bbox 1281 1380 1310 1414; x_wconf 90' lang='lat' dir='ltr'>si</span> <span class='ocrx_word' id='word_1_799' title='bbox 1360 1380 1449 1415; x_wconf 91' lang='lat' dir='ltr'>ossit</span> <span class='ocrx_word' id='word_1_800' title='bbox 1473 1379 1548 1415; x_wconf 90' lang='lat' dir='ltr'>dies</span> <span class='ocrx_word' id='word_1_801' title='bbox 1574 1390 1653 1415; x_wconf 90' lang='lat' dir='ltr'>com</span> <span class='ocrx_word' id='word_1_802' title='bbox 1680 1379 1821 1414; x_wconf 90' lang='lat' dir='ltr'>romissi</span> <span class='ocrx_word' id='word_1_803' title='bbox 1844 1379 2009 1424; x_wconf 83' lang='lat' dir='ltr'>proferri,</span> <span class='ocrx_word' id='word_1_804' title='bbox 2035 1379 2253 1424; x_wconf 88' lang='lat' dir='ltr'>proferatur.</span> 
     </span>
    </p>

    <p class='ocr_par' dir='ltr' id='par_1_21' title="bbox 1279 1422 2384 2694">
     <span class='ocr_line' id='line_1_111' title="bbox 1354 1422 2381 1462; baseline -0.002 -1"><span class='ocrx_word' id='word_1_805' title='bbox 1354 1422 1378 1462; x_wconf 85' lang='lat'>3</span> <span class='ocrx_word' id='word_1_806' title='bbox 1412 1424 1609 1461; x_wconf 72' lang='lat' dir='ltr'><em>ULPIANUS</em></span> <span class='ocrx_word' id='word_1_807' title='bbox 1625 1425 1653 1459; x_wconf 68' lang='lat' dir='ltr'>le·</span> <span class='ocrx_word' id='word_1_808' title='bbox 1675 1436 1717 1459; x_wconf 87' lang='lat' dir='ltr'>ro</span> <span class='ocrx_word' id='word_1_809' title='bbox 1739 1425 1846 1460; x_wconf 79' lang='lat' dir='ltr'>tertio</span> <span class='ocrx_word' id='word_1_810' title='bbox 1868 1424 2005 1460; x_wconf 77' lang='lat' dir='ltr'>decimo</span> <span class='ocrx_word' id='word_1_811' title='bbox 2020 1425 2071 1459; x_wconf 83' lang='lat' dir='ltr'>ad</span> <span class='ocrx_word' id='word_1_812' title='bbox 2082 1425 2237 1460; x_wconf 79' lang='lat' dir='ltr'>edictum</span> <span class='ocrx_word' id='word_1_813' title='bbox 2275 1425 2381 1460; x_wconf 90' lang='lat' dir='ltr'>Pom-</span> 
     </span>
     <span class='ocr_line' id='line_1_112' title="bbox 1279 1470 2383 1515; baseline -0.001 -10"><span class='ocrx_word' id='word_1_814' title='bbox 1279 1471 1409 1515; x_wconf 91' lang='lat' dir='ltr'>ponius</span> <span class='ocrx_word' id='word_1_815' title='bbox 1443 1471 1512 1513; x_wconf 88' lang='lat' dir='ltr'>ait,</span> <span class='ocrx_word' id='word_1_816' title='bbox 1547 1474 1583 1505; x_wconf 92' lang='lat' dir='ltr'>et</span> <span class='ocrx_word' id='word_1_817' title='bbox 1613 1471 1644 1505; x_wconf 91' lang='lat' dir='ltr'>si</span> <span class='ocrx_word' id='word_1_818' title='bbox 1668 1470 1773 1505; x_wconf 90' lang='lat' dir='ltr'>alteri</span> <span class='ocrx_word' id='word_1_819' title='bbox 1797 1474 1948 1515; x_wconf 89' lang='lat' dir='ltr'>accepto</span> <span class='ocrx_word' id='word_1_820' title='bbox 1973 1470 2048 1504; x_wconf 90' lang='lat' dir='ltr'>lata</span> <span class='ocrx_word' id='word_1_821' title='bbox 2071 1470 2119 1505; x_wconf 86' lang='lat' dir='ltr'>sit</span> <span class='ocrx_word' id='word_1_822' title='bbox 2142 1480 2261 1515; x_wconf 91' lang='lat' dir='ltr'>poena</span> <span class='ocrx_word' id='word_1_823' title='bbox 2286 1481 2383 1506; x_wconf 90' lang='lat' dir='ltr'>com—</span> 
     </span>
     <span class='ocr_line' id='line_1_113' title="bbox 1279 1515 2382 1560; baseline 0.001 -10"><span class='ocrx_word' id='word_1_824' title='bbox 1279 1516 1458 1560; x_wconf 88' lang='lat' dir='ltr'>promissi,</span> <span class='ocrx_word' id='word_1_825' title='bbox 1482 1526 1555 1551; x_wconf 92' lang='lat' dir='ltr'>non</span> <span class='ocrx_word' id='word_1_826' title='bbox 1578 1515 1708 1550; x_wconf 90' lang='lat' dir='ltr'>debere</span> <span class='ocrx_word' id='word_1_827' title='bbox 1728 1526 1809 1550; x_wconf 92' lang='lat' dir='ltr'>eum</span> <span class='ocrx_word' id='word_1_828' title='bbox 1831 1515 1996 1560; x_wconf 91' lang='lat' dir='ltr'>compelli</span> <span class='ocrx_word' id='word_1_829' title='bbox 2016 1516 2230 1551; x_wconf 89' lang='lat' dir='ltr'>sententiam</span> <span class='ocrx_word' id='word_1_830' title='bbox 2252 1515 2382 1551; x_wconf 88' lang='lat' dir='ltr'>dicere.</span> 
     </span>
     <span class='ocr_line' id='line_1_114' title="bbox 1284 1560 2382 1606; baseline 0.001 -11"><span class='ocrx_word' id='word_1_831' title='bbox 1284 1567 1296 1595; x_wconf 79' lang='grc'>1</span> <span class='ocrx_word' id='word_1_832' title='bbox 1348 1561 1447 1596; x_wconf 91' lang='lat' dir='ltr'>Idem</span> <span class='ocrx_word' id='word_1_833' title='bbox 1470 1561 1691 1606; x_wconf 90' lang='lat' dir='ltr'>Pomponius</span> <span class='ocrx_word' id='word_1_834' title='bbox 1717 1561 1861 1603; x_wconf 90' lang='lat' dir='ltr'>scribit,</span> <span class='ocrx_word' id='word_1_835' title='bbox 1888 1561 1919 1595; x_wconf 90' lang='lat' dir='ltr'>si</span> <span class='ocrx_word' id='word_1_836' title='bbox 1943 1560 1987 1595; x_wconf 91' lang='lat' dir='ltr'>de</span> <span class='ocrx_word' id='word_1_837' title='bbox 2011 1561 2099 1596; x_wconf 90' lang='lat' dir='ltr'>meis</span> <span class='ocrx_word' id='word_1_838' title='bbox 2124 1562 2210 1596; x_wconf 92' lang='lat' dir='ltr'>solis</span> <span class='ocrx_word' id='word_1_839' title='bbox 2237 1566 2382 1596; x_wconf 82' lang='lat' dir='ltr'>contro-</span> 
     </span>
     <span class='ocr_line' id='line_1_115' title="bbox 1280 1606 2384 1652; baseline 0.001 -12"><span class='ocrx_word' id='word_1_840' title='bbox 1280 1607 1403 1642; x_wconf 90' lang='lat' dir='ltr'>versiis</span> <span class='ocrx_word' id='word_1_841' title='bbox 1428 1607 1475 1641; x_wconf 88' lang='lat' dir='ltr'>sit</span> <span class='ocrx_word' id='word_1_842' title='bbox 1500 1606 1796 1651; x_wconf 90' lang='lat' dir='ltr'>compromissum</span> <span class='ocrx_word' id='word_1_843' title='bbox 1821 1610 1855 1640; x_wconf 88' lang='lat' dir='ltr'>et</span> <span class='ocrx_word' id='word_1_844' title='bbox 1881 1606 1924 1641; x_wconf 89' lang='lat' dir='ltr'>de</span> <span class='ocrx_word' id='word_1_845' title='bbox 1947 1609 1984 1641; x_wconf 94' lang='lat' dir='ltr'>te</span> <span class='ocrx_word' id='word_1_846' title='bbox 2007 1617 2161 1651; x_wconf 90' lang='lat' dir='ltr'>poenam</span> <span class='ocrx_word' id='word_1_847' title='bbox 2181 1607 2248 1641; x_wconf 89' lang='lat' dir='ltr'>sim</span> <span class='ocrx_word' id='word_1_848' title='bbox 2269 1607 2384 1652; x_wconf 86' lang='lat' dir='ltr'>stipu-</span> 
     </span>
     <span class='ocr_line' id='line_1_116' title="bbox 1280 1651 2384 1696; baseline 0.001 -10"><span class='ocrx_word' id='word_1_849' title='bbox 1280 1653 1395 1695; x_wconf 88' lang='lat' dir='ltr'>latus,</span> <span class='ocrx_word' id='word_1_850' title='bbox 1428 1651 1621 1687; x_wconf 86' lang='lat' dir='ltr'>videndum</span> <span class='ocrx_word' id='word_1_851' title='bbox 1644 1662 1690 1686; x_wconf 91' lang='lat' dir='ltr'>ne</span> <span class='ocrx_word' id='word_1_852' title='bbox 1713 1662 1786 1686; x_wconf 93' lang='lat' dir='ltr'>non</span> <span class='ocrx_word' id='word_1_853' title='bbox 1811 1652 1858 1686; x_wconf 91' lang='lat' dir='ltr'>sit</span> <span class='ocrx_word' id='word_1_854' title='bbox 1882 1652 2191 1696; x_wconf 87' lang='lat' dir='ltr'>compromissum.</span> <span class='ocrx_word' id='word_1_855' title='bbox 2230 1652 2292 1687; x_wconf 88' lang='lat' dir='ltr'>sed</span> <span class='ocrx_word' id='word_1_856' title='bbox 2326 1652 2384 1687; x_wconf 88' lang='lat' dir='ltr'>cui</span> 
     </span>
     <span class='ocr_line' id='line_1_117' title="bbox 1279 1697 2384 1742; baseline 0 -10"><span class='ocrx_word' id='word_1_857' title='bbox 1279 1698 1331 1732; x_wconf 88' lang='lat' dir='ltr'>rei</span> <span class='ocrx_word' id='word_1_858' title='bbox 1354 1701 1550 1740; x_wconf 89' lang='lat' dir='ltr'>moveatur,</span> <span class='ocrx_word' id='word_1_859' title='bbox 1576 1708 1650 1732; x_wconf 92' lang='lat' dir='ltr'>non</span> <span class='ocrx_word' id='word_1_860' title='bbox 1673 1697 1793 1732; x_wconf 88' lang='lat' dir='ltr'>video:</span> <span class='ocrx_word' id='word_1_861' title='bbox 1820 1707 1903 1731; x_wconf 85' lang='lat' dir='ltr'>nam</span> <span class='ocrx_word' id='word_1_862' title='bbox 1927 1697 1957 1732; x_wconf 90' lang='lat' dir='ltr'>si</span> <span class='ocrx_word' id='word_1_863' title='bbox 1982 1697 2073 1739; x_wconf 90' lang='lat' dir='ltr'>ideo,</span> <span class='ocrx_word' id='word_1_864' title='bbox 2100 1697 2185 1742; x_wconf 87' lang='lat' dir='ltr'>quia</span> <span class='ocrx_word' id='word_1_865' title='bbox 2209 1697 2254 1732; x_wconf 92' lang='lat' dir='ltr'>de</span> <span class='ocrx_word' id='word_1_866' title='bbox 2277 1698 2384 1732; x_wconf 89' lang='lat' dir='ltr'>unius</span> 
     </span>
     <span class='ocr_line' id='line_1_118' title="bbox 1281 1742 2383 1787; baseline -0.001 -9"><span class='ocrx_word' id='word_1_867' title='bbox 1281 1743 1533 1778; x_wconf 85' lang='lat' dir='ltr'>controversiis</span> <span class='ocrx_word' id='word_1_868' title='bbox 1566 1743 1682 1778; x_wconf 91' lang='lat' dir='ltr'>solum</span> <span class='ocrx_word' id='word_1_869' title='bbox 1718 1742 2015 1787; x_wconf 89' lang='lat' dir='ltr'>compromissum</span> <span class='ocrx_word' id='word_1_870' title='bbox 2048 1746 2120 1785; x_wconf 90' lang='lat' dir='ltr'>est,</span> <span class='ocrx_word' id='word_1_871' title='bbox 2157 1743 2257 1777; x_wconf 91' lang='lat' dir='ltr'>nulla</span> <span class='ocrx_word' id='word_1_872' title='bbox 2290 1742 2383 1777; x_wconf 90' lang='lat' dir='ltr'>ratio</span> 
     </span>
     <span class='ocr_line' id='line_1_119' title="bbox 1281 1788 2382 1832; baseline -0.001 -9"><span class='ocrx_word' id='word_1_873' title='bbox 1281 1792 1353 1823; x_wconf 89' lang='lat' dir='ltr'>est:</span> <span class='ocrx_word' id='word_1_874' title='bbox 1387 1788 1473 1823; x_wconf 88' lang='lat' dir='ltr'>licet</span> <span class='ocrx_word' id='word_1_875' title='bbox 1497 1788 1589 1823; x_wconf 89' lang='lat' dir='ltr'>enim</span> <span class='ocrx_word' id='word_1_876' title='bbox 1615 1791 1651 1823; x_wconf 91' lang='lat' dir='ltr'>et</span> <span class='ocrx_word' id='word_1_877' title='bbox 1674 1788 1718 1822; x_wconf 91' lang='lat' dir='ltr'>de</span> <span class='ocrx_word' id='word_1_878' title='bbox 1742 1798 1815 1822; x_wconf 89' lang='lat' dir='ltr'>una</span> <span class='ocrx_word' id='word_1_879' title='bbox 1838 1798 1877 1822; x_wconf 90' lang='lat' dir='ltr'>re</span> <span class='ocrx_word' id='word_1_880' title='bbox 1902 1788 2210 1832; x_wconf 87' lang='lat' dir='ltr'>compromittere:</span> <span class='ocrx_word' id='word_1_881' title='bbox 2245 1788 2276 1823; x_wconf 89' lang='lat' dir='ltr'>si</span> <span class='ocrx_word' id='word_1_882' title='bbox 2299 1798 2382 1823; x_wconf 89' lang='lat' dir='ltr'>vero</span> 
     </span>
     <span class='ocr_line' id='line_1_120' title="bbox 1279 1833 2383 1878; baseline -0.001 -10"><span class='ocrx_word' id='word_1_883' title='bbox 1279 1833 1378 1876; x_wconf 91' lang='lat' dir='ltr'>ideo,</span> <span class='ocrx_word' id='word_1_884' title='bbox 1404 1834 1489 1878; x_wconf 89' lang='lat' dir='ltr'>quia</span> <span class='ocrx_word' id='word_1_885' title='bbox 1514 1844 1557 1868; x_wconf 91' lang='lat' dir='ltr'>ex</span> <span class='ocrx_word' id='word_1_886' title='bbox 1581 1833 1696 1868; x_wconf 88' lang='lat' dir='ltr'>altera</span> <span class='ocrx_word' id='word_1_887' title='bbox 1721 1833 1910 1868; x_wconf 89' lang='lat' dir='ltr'>dumtaxat</span> <span class='ocrx_word' id='word_1_888' title='bbox 1932 1836 2036 1878; x_wconf 89' lang='lat' dir='ltr'>parte</span> <span class='ocrx_word' id='word_1_889' title='bbox 2061 1833 2107 1868; x_wconf 91' lang='lat' dir='ltr'>sti</span> <span class='ocrx_word' id='word_1_890' title='bbox 2133 1833 2246 1868; x_wconf 90' lang='lat' dir='ltr'>ulatio</span> <span class='ocrx_word' id='word_1_891' title='bbox 2271 1834 2383 1868; x_wconf 90' lang='lat' dir='ltr'>inter-</span> 
     </span>
     <span class='ocr_line' id='line_1_121' title="bbox 1279 1878 2383 1923; baseline 0 -10"><span class='ocrx_word' id='word_1_892' title='bbox 1279 1879 1387 1921; x_wconf 86' lang='lat' dir='ltr'>venit,</span> <span class='ocrx_word' id='word_1_893' title='bbox 1413 1883 1467 1914; x_wconf 91' lang='lat' dir='ltr'>est</span> <span class='ocrx_word' id='word_1_894' title='bbox 1490 1879 1627 1914; x_wconf 82' lang='lat' dir='ltr'>ratio¹⁶.</span> <span class='ocrx_word' id='word_1_895' title='bbox 1654 1889 1871 1923; x_wconf 89' lang='lat' dir='ltr'>quamquam</span> <span class='ocrx_word' id='word_1_896' title='bbox 1895 1878 1926 1913; x_wconf 89' lang='lat' dir='ltr'>si</span> <span class='ocrx_word' id='word_1_897' title='bbox 1948 1878 2081 1923; x_wconf 90' lang='lat' dir='ltr'>petitor</span> <span class='ocrx_word' id='word_1_898' title='bbox 2122 1879 2209 1913; x_wconf 91' lang='lat' dir='ltr'>uit¹⁷</span> <span class='ocrx_word' id='word_1_899' title='bbox 2235 1879 2295 1923; x_wconf 90' lang='lat' dir='ltr'>qui</span> <span class='ocrx_word' id='word_1_900' title='bbox 2320 1879 2383 1913; x_wconf 89' lang='lat' dir='ltr'>sti-</span> 
     </span>
     <span class='ocr_line' id='line_1_122' title="bbox 1279 1924 2382 1969; baseline 0 -11"><span class='ocrx_word' id='word_1_901' title='bbox 1279 1924 1425 1969; x_wconf 88' lang='lat' dir='ltr'>pulatus</span> <span class='ocrx_word' id='word_1_902' title='bbox 1459 1928 1532 1966; x_wconf 91' lang='lat' dir='ltr'>est,</span> <span class='ocrx_word' id='word_1_903' title='bbox 1565 1924 1681 1969; x_wconf 90' lang='lat' dir='ltr'>possit</span> <span class='ocrx_word' id='word_1_904' title='bbox 1705 1924 1776 1958; x_wconf 92' lang='lat' dir='ltr'>dici</span> <span class='ocrx_word' id='word_1_905' title='bbox 1799 1924 1944 1968; x_wconf 91' lang='lat' dir='ltr'>plenum</span> <span class='ocrx_word' id='word_1_906' title='bbox 1970 1933 2048 1958; x_wconf 89' lang='lat' dir='ltr'>esse</span> <span class='ocrx_word' id='word_1_907' title='bbox 2074 1924 2382 1968; x_wconf 84' lang='lat' dir='ltr'>compromissum,</span> 
     </span>
     <span class='ocr_line' id='line_1_123' title="bbox 1281 1969 2383 2014; baseline -0.001 -10"><span class='ocrx_word' id='word_1_908' title='bbox 1281 1970 1366 2014; x_wconf 92' lang='lat' dir='ltr'>quia</span> <span class='ocrx_word' id='word_1_909' title='bbox 1396 1970 1427 2004; x_wconf 92' lang='lat' dir='ltr'>is</span> <span class='ocrx_word' id='word_1_910' title='bbox 1452 1970 1515 2014; x_wconf 88' lang='lat' dir='ltr'>qui</span> <span class='ocrx_word' id='word_1_911' title='bbox 1551 1969 1762 2004; x_wconf 88' lang='lat' dir='ltr'>convenitur</span> <span class='ocrx_word' id='word_1_912' title='bbox 1786 1972 1888 2004; x_wconf 89' lang='lat' dir='ltr'>tutus</span> <span class='ocrx_word' id='word_1_913' title='bbox 1913 1972 1970 2003; x_wconf 90' lang='lat' dir='ltr'>est</span> <span class='ocrx_word' id='word_1_914' title='bbox 1994 1969 2104 2004; x_wconf 84' lang='lat' dir='ltr'>veluti</span> <span class='ocrx_word' id='word_1_915' title='bbox 2128 1969 2228 2014; x_wconf 89' lang='lat' dir='ltr'>pacti</span> <span class='ocrx_word' id='word_1_916' title='bbox 2253 1979 2383 2013; x_wconf 87' lang='lat' dir='ltr'>excep-</span> 
     </span>
     <span class='ocr_line' id='line_1_124' title="bbox 1279 2014 2384 2059; baseline 0 -11"><span class='ocrx_word' id='word_1_917' title='bbox 1279 2016 1386 2056; x_wconf 88' lang='lat' dir='ltr'>tione,</span> <span class='ocrx_word' id='word_1_918' title='bbox 1411 2015 1441 2049; x_wconf 89' lang='lat' dir='ltr'>is</span> <span class='ocrx_word' id='word_1_919' title='bbox 1467 2015 1527 2059; x_wconf 91' lang='lat' dir='ltr'>qui</span> <span class='ocrx_word' id='word_1_920' title='bbox 1553 2015 1729 2056; x_wconf 88' lang='lat' dir='ltr'>convenit,</span> <span class='ocrx_word' id='word_1_921' title='bbox 1755 2014 1785 2049; x_wconf 91' lang='lat' dir='ltr'>si</span> <span class='ocrx_word' id='word_1_922' title='bbox 1809 2014 1944 2049; x_wconf 91' lang='lat' dir='ltr'>arbitro</span> <span class='ocrx_word' id='word_1_923' title='bbox 1970 2025 2043 2049; x_wconf 90' lang='lat' dir='ltr'>non</span> <span class='ocrx_word' id='word_1_924' title='bbox 2067 2018 2249 2059; x_wconf 86' lang='lat' dir='ltr'>pareatur,</span> <span class='ocrx_word' id='word_1_925' title='bbox 2275 2015 2384 2049; x_wconf 90' lang='lat' dir='ltr'>habet</span> 
     </span>
     <span class='ocr_line' id='line_1_125' title="bbox 1280 2059 2383 2104; baseline 0 -10"><span class='ocrx_word' id='word_1_926' title='bbox 1280 2060 1558 2104; x_wconf 90' lang='lat' dir='ltr'>stipulationem.</span> <span class='ocrx_word' id='word_1_927' title='bbox 1596 2060 1660 2094; x_wconf 90' lang='lat' dir='ltr'>sed</span> <span class='ocrx_word' id='word_1_928' title='bbox 1683 2059 1719 2094; x_wconf 93' lang='lat' dir='ltr'>id</span> <span class='ocrx_word' id='word_1_929' title='bbox 1750 2070 1873 2094; x_wconf 88' lang='lat' dir='ltr'>verum</span> <span class='ocrx_word' id='word_1_930' title='bbox 1904 2070 1983 2094; x_wconf 90' lang='lat' dir='ltr'>esse</span> <span class='ocrx_word' id='word_1_931' title='bbox 2016 2070 2089 2094; x_wconf 92' lang='lat' dir='ltr'>non</span> <span class='ocrx_word' id='word_1_932' title='bbox 2147 2063 2229 2095; x_wconf 84' lang='lat' dir='ltr'>uto:</span> <span class='ocrx_word' id='word_1_933' title='bbox 2267 2070 2383 2104; x_wconf 89' lang='lat' dir='ltr'>neque</span> 
     </span>
     <span class='ocr_line' id='line_1_126' title="bbox 1281 2071 2383 2149; baseline 0 -10"><span class='ocrx_word' id='word_1_934' title='bbox 1281 2106 1372 2140; x_wconf 91' lang='lat' dir='ltr'>enim</span> <span class='ocrx_word' id='word_1_935' title='bbox 1396 2104 1532 2140; x_wconf 87' lang='lat' dir='ltr'>sufficit</span> <span class='ocrx_word' id='word_1_936' title='bbox 1556 2105 1804 2149; x_wconf 90' lang='lat' dir='ltr'>exceptionem</span> <span class='ocrx_word' id='word_1_937' title='bbox 1828 2104 1981 2146; x_wconf 91' lang='lat' dir='ltr'>habere,</span> <span class='ocrx_word' id='word_1_938' title='bbox 2015 2108 2056 2139; x_wconf 92' lang='lat' dir='ltr'>ut</span> <span class='ocrx_word' id='word_1_939' title='bbox 2080 2071 2216 2140; x_wconf 61' lang='lat' dir='ltr'>arBiter</span> <span class='ocrx_word' id='word_1_940' title='bbox 2240 2109 2383 2140; x_wconf 87' lang='lat' dir='ltr'>senten-</span> 
     </span>
     <span class='ocr_line' id='line_1_127' title="bbox 1281 2149 2384 2195; baseline -0.001 -10"><span class='ocrx_word' id='word_1_941' title='bbox 1281 2153 1300 2185; x_wconf 90' lang='lat'><strong>2</strong></span> <span class='ocrx_word' id='word_1_942' title='bbox 1348 2150 1435 2185; x_wconf 88' lang='lat' dir='ltr'>tiam</span> <span class='ocrx_word' id='word_1_943' title='bbox 1469 2150 1588 2185; x_wconf 90' lang='lat' dir='ltr'>dicere</span> <span class='ocrx_word' id='word_1_944' title='bbox 1612 2154 1771 2195; x_wconf 89' lang='lat' dir='ltr'>cogatur.</span> <span class='ocrx_word' id='word_1_945' title='bbox 1820 2149 1917 2185; x_wconf 87' lang='lat' dir='ltr'>Rece</span> <span class='ocrx_word' id='word_1_946' title='bbox 1944 2150 2014 2185; x_wconf 89' lang='lat' dir='ltr'>isse</span> <span class='ocrx_word' id='word_1_947' title='bbox 2045 2153 2166 2185; x_wconf 91' lang='lat' dir='ltr'>autem</span> <span class='ocrx_word' id='word_1_948' title='bbox 2198 2150 2384 2185; x_wconf 91' lang='lat' dir='ltr'>arbitrium</span> 
     </span>
     <span class='ocr_line' id='line_1_128' title="bbox 1279 2195 2383 2240; baseline 0 -10"><span class='ocrx_word' id='word_1_949' title='bbox 1279 2195 1430 2238; x_wconf 90' lang='lat' dir='ltr'>videtur,</span> <span class='ocrx_word' id='word_1_950' title='bbox 1455 2199 1496 2230; x_wconf 93' lang='lat' dir='ltr'>ut</span> <span class='ocrx_word' id='word_1_951' title='bbox 1516 2195 1649 2231; x_wconf 86' lang='lat' dir='ltr'>Pedius</span> <span class='ocrx_word' id='word_1_952' title='bbox 1673 2196 1764 2230; x_wconf 92' lang='lat' dir='ltr'>libro</span> <span class='ocrx_word' id='word_1_953' title='bbox 1789 2206 1883 2230; x_wconf 92' lang='lat' dir='ltr'>nono</span> <span class='ocrx_word' id='word_1_954' title='bbox 1934 2195 2006 2238; x_wconf 90' lang='lat' dir='ltr'>icit,</span> <span class='ocrx_word' id='word_1_955' title='bbox 2033 2195 2094 2240; x_wconf 93' lang='lat' dir='ltr'>qui</span> <span class='ocrx_word' id='word_1_956' title='bbox 2113 2195 2239 2230; x_wconf 90' lang='lat' dir='ltr'>iudicis</span> <span class='ocrx_word' id='word_1_957' title='bbox 2261 2199 2383 2240; x_wconf 86' lang='lat' dir='ltr'>partes</span> 
     </span>
     <span class='ocr_line' id='line_1_129' title="bbox 1280 2241 2382 2286; baseline 0 -11"><span class='ocrx_word' id='word_1_958' title='bbox 1280 2241 1439 2286; x_wconf 89' lang='lat' dir='ltr'>suscepit</span> <span class='ocrx_word' id='word_1_959' title='bbox 1462 2241 1640 2286; x_wconf 91' lang='lat' dir='ltr'>finemque</span> <span class='ocrx_word' id='word_1_960' title='bbox 1664 2251 1702 2276; x_wconf 89' lang='lat' dir='ltr'>se</span> <span class='ocrx_word' id='word_1_961' title='bbox 1727 2251 1794 2276; x_wconf 89' lang='lat' dir='ltr'>sua</span> <span class='ocrx_word' id='word_1_962' title='bbox 1826 2241 2003 2276; x_wconf 88' lang='lat' dir='ltr'>sententia</span> <span class='ocrx_word' id='word_1_963' title='bbox 2036 2241 2285 2276; x_wconf 88' lang='lat' dir='ltr'>controversiis</span> <span class='ocrx_word' id='word_1_964' title='bbox 2317 2241 2382 2275; x_wconf 90' lang='lat' dir='ltr'>im-</span> 
     </span>
     <span class='ocr_line' id='line_1_130' title="bbox 1279 2286 2382 2331; baseline -0.001 -10"><span class='ocrx_word' id='word_1_965' title='bbox 1279 2287 1480 2331; x_wconf 92' lang='lat' dir='ltr'>positurum</span> <span class='ocrx_word' id='word_1_966' title='bbox 1493 2287 1694 2331; x_wconf 90' lang='lat' dir='ltr'>pollicetur.</span> <span class='ocrx_word' id='word_1_967' title='bbox 1733 2286 1829 2331; x_wconf 92' lang='lat' dir='ltr'>quod</span> <span class='ocrx_word' id='word_1_968' title='bbox 1854 2286 1894 2327; x_wconf 90' lang='lat' dir='ltr'>si,</span> <span class='ocrx_word' id='word_1_969' title='bbox 1919 2286 2046 2331; x_wconf 90' lang='lat' dir='ltr'>inquit,</span> <span class='ocrx_word' id='word_1_970' title='bbox 2072 2287 2247 2321; x_wconf 87' lang='lat' dir='ltr'>hactenus</span> <span class='ocrx_word' id='word_1_971' title='bbox 2271 2286 2382 2320; x_wconf 89' lang='lat' dir='ltr'>inter-</span> 
     </span>
     <span class='ocr_line' id='line_1_131' title="bbox 1279 2331 2383 2377; baseline -0.001 -10"><span class='ocrx_word' id='word_1_972' title='bbox 1279 2332 1393 2374; x_wconf 88' lang='lat' dir='ltr'>venit,</span> <span class='ocrx_word' id='word_1_973' title='bbox 1419 2335 1459 2366; x_wconf 91' lang='lat' dir='ltr'>ut</span> <span class='ocrx_word' id='word_1_974' title='bbox 1484 2332 1722 2377; x_wconf 87' lang='lat' dir='ltr'>experiretur,</span> <span class='ocrx_word' id='word_1_975' title='bbox 1749 2342 1797 2366; x_wconf 90' lang='lat' dir='ltr'>an</span> <span class='ocrx_word' id='word_1_976' title='bbox 1822 2332 1969 2366; x_wconf 90' lang='lat' dir='ltr'>consilio</span> <span class='ocrx_word' id='word_1_977' title='bbox 1996 2342 2060 2366; x_wconf 90' lang='lat' dir='ltr'>suo</span> <span class='ocrx_word' id='word_1_978' title='bbox 2086 2332 2141 2366; x_wconf 88' lang='lat' dir='ltr'>vel</span> <span class='ocrx_word' id='word_1_979' title='bbox 2167 2331 2383 2366; x_wconf 88' lang='lat' dir='ltr'>auctoritate</span> 
     </span>
     <span class='ocr_line' id='line_1_132' title="bbox 1281 2377 2381 2422; baseline -0.001 -10"><span class='ocrx_word' id='word_1_980' title='bbox 1281 2377 1411 2412; x_wconf 90' lang='lat' dir='ltr'>discuti</span> <span class='ocrx_word' id='word_1_981' title='bbox 1442 2377 1541 2412; x_wconf 91' lang='lat' dir='ltr'>litem</span> <span class='ocrx_word' id='word_1_982' title='bbox 1572 2381 1802 2422; x_wconf 87' lang='lat' dir='ltr'>paterentur,</span> <span class='ocrx_word' id='word_1_983' title='bbox 1837 2387 1910 2412; x_wconf 92' lang='lat' dir='ltr'>non</span> <span class='ocrx_word' id='word_1_984' title='bbox 1942 2377 2083 2412; x_wconf 89' lang='lat' dir='ltr'>videtur</span> <span class='ocrx_word' id='word_1_985' title='bbox 2113 2377 2301 2411; x_wconf 91' lang='lat' dir='ltr'>arbitrium</span> <span class='ocrx_word' id='word_1_986' title='bbox 2326 2388 2381 2411; x_wconf 90' lang='lat' dir='ltr'>re-</span> 
     </span>
     <span class='ocr_line' id='line_1_133' title="bbox 1281 2421 2382 2467; baseline -0.001 -10"><span class='ocrx_word' id='word_1_987' title='bbox 1281 2425 1299 2457; x_wconf 92' lang='lat'><strong>3</strong></span> <span class='ocrx_word' id='word_1_988' title='bbox 1349 2423 1497 2467; x_wconf 90' lang='lat' dir='ltr'>cepisse.</span> <span class='ocrx_word' id='word_1_989' title='bbox 1546 2423 1692 2457; x_wconf 90' lang='lat' dir='ltr'>Arbiter</span> <span class='ocrx_word' id='word_1_990' title='bbox 1725 2433 1769 2457; x_wconf 89' lang='lat' dir='ltr'>ex</span> <span class='ocrx_word' id='word_1_991' title='bbox 1793 2422 2049 2466; x_wconf 90' lang='lat' dir='ltr'>compromisso</span> <span class='ocrx_word' id='word_1_992' title='bbox 2074 2422 2130 2457; x_wconf 87' lang='lat' dir='ltr'>his</span> <span class='ocrx_word' id='word_1_993' title='bbox 2155 2421 2281 2456; x_wconf 90' lang='lat' dir='ltr'>diebus</span> <span class='ocrx_word' id='word_1_994' title='bbox 2307 2432 2382 2456; x_wconf 90' lang='lat' dir='ltr'>non</span> 
     </span>
     <span class='ocr_line' id='line_1_134' title="bbox 1281 2467 2381 2512; baseline -0.002 -9"><span class='ocrx_word' id='word_1_995' title='bbox 1281 2468 1420 2512; x_wconf 88' lang='lat' dir='ltr'>cogitur</span> <span class='ocrx_word' id='word_1_996' title='bbox 1443 2468 1657 2502; x_wconf 88' lang='lat' dir='ltr'>sententiam</span> <span class='ocrx_word' id='word_1_997' title='bbox 1682 2467 1811 2510; x_wconf 91' lang='lat' dir='ltr'>dicere,</span> <span class='ocrx_word' id='word_1_998' title='bbox 1838 2467 1966 2512; x_wconf 90' lang='lat' dir='ltr'>quibus</span> <span class='ocrx_word' id='word_1_999' title='bbox 1990 2467 2099 2502; x_wconf 89' lang='lat' dir='ltr'>iudex</span> <span class='ocrx_word' id='word_1_1000' title='bbox 2123 2478 2196 2502; x_wconf 92' lang='lat' dir='ltr'>non</span> <span class='ocrx_word' id='word_1_1001' title='bbox 2222 2470 2381 2511; x_wconf 86' lang='lat' dir='ltr'>cogetur,</span> 
     </span>
     <span class='ocr_line' id='line_1_135' title="bbox 1279 2512 2380 2557; baseline -0.002 -9"><span class='ocrx_word' id='word_1_1002' title='bbox 1279 2513 1348 2548; x_wconf 90' lang='lat' dir='ltr'>nisi</span> <span class='ocrx_word' id='word_1_1003' title='bbox 1380 2513 1454 2548; x_wconf 91' lang='lat' dir='ltr'>dies</span> <span class='ocrx_word' id='word_1_1004' title='bbox 1480 2514 1726 2557; x_wconf 87' lang='lat' dir='ltr'>compromissi</span> <span class='ocrx_word' id='word_1_1005' title='bbox 1751 2514 1890 2547; x_wconf 86' lang='lat' dir='ltr'>exitura</span> <span class='ocrx_word' id='word_1_1006' title='bbox 1915 2513 1961 2547; x_wconf 91' lang='lat' dir='ltr'>sit</span> <span class='ocrx_word' id='word_1_1007' title='bbox 1984 2523 2051 2547; x_wconf 91' lang='lat' dir='ltr'>nec</span> <span class='ocrx_word' id='word_1_1008' title='bbox 2075 2512 2231 2557; x_wconf 85' lang='lat' dir='ltr'>proferri</span> <span class='ocrx_word' id='word_1_1009' title='bbox 2254 2512 2380 2557; x_wconf 90' lang='lat' dir='ltr'>possit.</span> 
     </span>
     <span class='ocr_line' id='line_1_136' title="bbox 1280 2557 2381 2609; baseline -0.001 -16"><span class='ocrx_word' id='word_1_1010' title='bbox 1280 2562 1301 2593; x_wconf 89' lang='lat'>4</span> <span class='ocrx_word' id='word_1_1011' title='bbox 1347 2558 1504 2593; x_wconf 91' lang='lat' dir='ltr'>Proinde</span> <span class='ocrx_word' id='word_1_1012' title='bbox 1529 2559 1559 2593; x_wconf 92' lang='lat' dir='ltr'>si</span> <span class='ocrx_word' id='word_1_1013' title='bbox 1582 2558 1677 2593; x_wconf 88' lang='lat' dir='ltr'>forte</span> <span class='ocrx_word' id='word_1_1014' title='bbox 1700 2562 1896 2603; x_wconf 85' lang='lat' dir='ltr'>urgueatur</span> <span class='ocrx_word' id='word_1_1015' title='bbox 1920 2568 1942 2592; x_wconf 92' lang='lat' dir='ltr'>a</span> <span class='ocrx_word' id='word_1_1016' title='bbox 1964 2560 2133 2609; x_wconf 86' lang='lat' dir='ltr'>praetore</span> <span class='ocrx_word' id='word_1_1017' title='bbox 2157 2557 2205 2592; x_wconf 90' lang='lat' dir='ltr'>ad</span> <span class='ocrx_word' id='word_1_1018' title='bbox 2237 2561 2381 2593; x_wconf 88' lang='lat' dir='ltr'>senten-</span> 
     </span>
     <span class='ocr_line' id='line_1_137' title="bbox 1279 2602 2381 2648; baseline -0.001 -10"><span class='ocrx_word' id='word_1_1019' title='bbox 1279 2604 1377 2646; x_wconf 88' lang='lat' dir='ltr'>tiam,</span> <span class='ocrx_word' id='word_1_1020' title='bbox 1403 2604 1656 2648; x_wconf 90' lang='lat' dir='ltr'>aequissimum</span> <span class='ocrx_word' id='word_1_1021' title='bbox 1677 2604 1753 2645; x_wconf 92' lang='lat' dir='ltr'>erit,</span> <span class='ocrx_word' id='word_1_1022' title='bbox 1780 2604 1810 2638; x_wconf 92' lang='lat' dir='ltr'>si</span> <span class='ocrx_word' id='word_1_1023' title='bbox 1829 2603 1924 2637; x_wconf 89' lang='lat' dir='ltr'>iuret</span> <span class='ocrx_word' id='word_1_1024' title='bbox 1944 2603 2013 2637; x_wconf 85' lang='lat' dir='ltr'>sibi</span> <span class='ocrx_word' id='word_1_1025' title='bbox 2034 2602 2077 2638; x_wconf 94' lang='lat' dir='ltr'>de</span> <span class='ocrx_word' id='word_1_1026' title='bbox 2098 2613 2209 2638; x_wconf 90' lang='lat' dir='ltr'>causa</span> <span class='ocrx_word' id='word_1_1027' title='bbox 2221 2603 2381 2638; x_wconf 91' lang='lat' dir='ltr'>nondum</span> 
     </span>
     <span class='ocr_line' id='line_1_138' title="bbox 1279 2647 2217 2694; baseline -0.002 -10"><span class='ocrx_word' id='word_1_1028' title='bbox 1279 2649 1426 2694; x_wconf 90' lang='lat' dir='ltr'>liquere,</span> <span class='ocrx_word' id='word_1_1029' title='bbox 1452 2649 1608 2694; x_wconf 88' lang='lat' dir='ltr'>spatium</span> <span class='ocrx_word' id='word_1_1030' title='bbox 1633 2649 1665 2684; x_wconf 90' lang='lat' dir='ltr'>ei</span> <span class='ocrx_word' id='word_1_1031' title='bbox 1690 2649 1735 2683; x_wconf 91' lang='lat' dir='ltr'>ad</span> <span class='ocrx_word' id='word_1_1032' title='bbox 1758 2647 2064 2693; x_wconf 89' lang='lat' dir='ltr'>pronuntiandum</span> <span class='ocrx_word' id='word_1_1033' title='bbox 2090 2647 2217 2682; x_wconf 88' lang='lat' dir='ltr'>dari¹⁸.</span> 
     </span>
    </p>

    <p class='ocr_par' dir='ltr' id='par_1_22' title="bbox 1279 2692 2382 2955">
     <span class='ocr_line' id='line_1_139' title="bbox 1330 2692 2381 2735; baseline -0.002 -5"><span class='ocrx_word' id='word_1_1034' title='bbox 1330 2693 1381 2730; x_wconf 84' lang='lat'>14</span> <span class='ocrx_word' id='word_1_1035' title='bbox 1406 2693 1637 2729; x_wconf 75' lang='lat' dir='ltr'><em>POMPONIUS</em></span> <span class='ocrx_word' id='word_1_1036' title='bbox 1654 2694 1746 2729; x_wconf 76' lang='lat' dir='ltr'>libro</span> <span class='ocrx_word' id='word_1_1037' title='bbox 1766 2694 1956 2728; x_wconf 71' lang='lat' dir='ltr'>undecimo</span> <span class='ocrx_word' id='word_1_1038' title='bbox 1969 2693 2020 2727; x_wconf 82' lang='lat' dir='ltr'>ad</span> <span class='ocrx_word' id='word_1_1039' title='bbox 2031 2692 2203 2735; x_wconf 65' lang='lat' dir='ltr'>Quintum</span> <span class='ocrx_word' id='word_1_1040' title='bbox 2217 2692 2381 2729; x_wconf 81' lang='lat' dir='ltr'>Mucium</span> 
     </span>
     <span class='ocr_line' id='line_1_140' title="bbox 1281 2738 2382 2784; baseline 0 -10"><span class='ocrx_word' id='word_1_1041' title='bbox 1281 2739 1351 2774; x_wconf 89' lang='lat' dir='ltr'>Sed</span> <span class='ocrx_word' id='word_1_1042' title='bbox 1371 2739 1402 2774; x_wconf 92' lang='lat' dir='ltr'>si</span> <span class='ocrx_word' id='word_1_1043' title='bbox 1423 2739 1718 2784; x_wconf 88' lang='lat' dir='ltr'>compromissum</span> <span class='ocrx_word' id='word_1_1044' title='bbox 1739 2739 1816 2774; x_wconf 89' lang='lat' dir='ltr'>sine</span> <span class='ocrx_word' id='word_1_1045' title='bbox 1837 2738 1894 2773; x_wconf 85' lang='lat' dir='ltr'>die</span> <span class='ocrx_word' id='word_1_1046' title='bbox 1914 2738 2118 2774; x_wconf 87' lang='lat' dir='ltr'>confectum</span> <span class='ocrx_word' id='word_1_1047' title='bbox 2143 2742 2207 2781; x_wconf 88' lang='lat' dir='ltr'>est,</span> <span class='ocrx_word' id='word_1_1048' title='bbox 2232 2749 2382 2774; x_wconf 88' lang='lat' dir='ltr'>necesse</span> 
     </span>
     <span class='ocr_line' id='line_1_141' title="bbox 1280 2784 2380 2829; baseline -0.001 -10"><span class='ocrx_word' id='word_1_1049' title='bbox 1280 2788 1335 2819; x_wconf 90' lang='lat' dir='ltr'>est</span> <span class='ocrx_word' id='word_1_1050' title='bbox 1359 2784 1493 2819; x_wconf 90' lang='lat' dir='ltr'>arbitro</span> <span class='ocrx_word' id='word_1_1051' title='bbox 1526 2784 1728 2819; x_wconf 91' lang='lat' dir='ltr'>omnimodo</span> <span class='ocrx_word' id='word_1_1052' title='bbox 1762 2784 1836 2819; x_wconf 90' lang='lat' dir='ltr'>dies</span> <span class='ocrx_word' id='word_1_1053' title='bbox 1851 2784 1879 2804; x_wconf 84' lang='lat'>¹⁹</span> <span class='ocrx_word' id='word_1_1054' title='bbox 1903 2786 2078 2826; x_wconf 90' lang='lat' dir='ltr'>statuere,</span> <span class='ocrx_word' id='word_1_1055' title='bbox 2111 2784 2277 2829; x_wconf 89' lang='lat' dir='ltr'>partibus</span> <span class='ocrx_word' id='word_1_1056' title='bbox 2311 2785 2380 2820; x_wconf 90' lang='lat' dir='ltr'>sci-</span> 
     </span>
     <span class='ocr_line' id='line_1_142' title="bbox 1279 2829 2381 2875; baseline 0.001 -11"><span class='ocrx_word' id='word_1_1057' title='bbox 1279 2830 1365 2864; x_wconf 91' lang='lat' dir='ltr'>licet</span> <span class='ocrx_word' id='word_1_1058' title='bbox 1389 2829 1708 2872; x_wconf 88' lang='lat' dir='ltr'>consentientibus,</span> <span class='ocrx_word' id='word_1_1059' title='bbox 1735 2832 1770 2864; x_wconf 92' lang='lat' dir='ltr'>et</span> <span class='ocrx_word' id='word_1_1060' title='bbox 1793 2829 1845 2864; x_wconf 89' lang='lat' dir='ltr'>ita</span> <span class='ocrx_word' id='word_1_1061' title='bbox 1870 2839 2017 2864; x_wconf 90' lang='lat' dir='ltr'>causam</span> <span class='ocrx_word' id='word_1_1062' title='bbox 2042 2829 2139 2864; x_wconf 90' lang='lat' dir='ltr'>disce</span> <span class='ocrx_word' id='word_1_1063' title='bbox 2166 2830 2256 2865; x_wconf 87' lang='lat' dir='ltr'>tari:</span> <span class='ocrx_word' id='word_1_1064' title='bbox 2283 2830 2381 2875; x_wconf 91' lang='lat' dir='ltr'>quod</span> 
     </span>
     <span class='ocr_line' id='line_1_143' title="bbox 1281 2874 2379 2919; baseline 0.001 -10"><span class='ocrx_word' id='word_1_1065' title='bbox 1281 2875 1312 2910; x_wconf 89' lang='lat' dir='ltr'>si</span> <span class='ocrx_word' id='word_1_1066' title='bbox 1323 2875 1393 2909; x_wconf 90' lang='lat' dir='ltr'>hoc</span> <span class='ocrx_word' id='word_1_1067' title='bbox 1404 2874 1693 2919; x_wconf 89' lang='lat' dir='ltr'>praetermiserit,</span> <span class='ocrx_word' id='word_1_1068' title='bbox 1719 2874 1816 2910; x_wconf 91' lang='lat' dir='ltr'>omni</span> <span class='ocrx_word' id='word_1_1069' title='bbox 1835 2877 1997 2919; x_wconf 91' lang='lat' dir='ltr'>tempore</span> <span class='ocrx_word' id='word_1_1070' title='bbox 2018 2884 2130 2919; x_wconf 87' lang='lat' dir='ltr'>cogen</span> <span class='ocrx_word' id='word_1_1071' title='bbox 2156 2885 2198 2910; x_wconf 92' lang='lat' dir='ltr'>us</span> <span class='ocrx_word' id='word_1_1072' title='bbox 2222 2878 2277 2910; x_wconf 90' lang='lat' dir='ltr'>est</span> <span class='ocrx_word' id='word_1_1073' title='bbox 2298 2886 2379 2910; x_wconf 89' lang='lat' dir='ltr'>sen·</span> 
     </span>
     <span class='ocr_line' id='line_1_144' title="bbox 1280 2919 1583 2955; baseline -0.003 0"><span class='ocrx_word' id='word_1_1074' title='bbox 1280 2920 1430 2955; x_wconf 89' lang='lat' dir='ltr'>tentiam</span> <span class='ocrx_word' id='word_1_1075' title='bbox 1455 2919 1583 2954; x_wconf 89' lang='lat' dir='ltr'>dicere.</span> 
     </span>
    </p>

    <p class='ocr_par' dir='ltr' id='par_1_23' title="bbox 1280 2964 2380 3417">
     <span class='ocr_line' id='line_1_145' title="bbox 1330 2964 2380 3001; baseline 0 0"><span class='ocrx_word' id='word_1_1076' title='bbox 1330 2964 1379 3001; x_wconf 87' lang='lat'>15</span> <span class='ocrx_word' id='word_1_1077' title='bbox 1413 2964 1609 3000; x_wconf 72' lang='lat' dir='ltr'><em>ULPJANUS</em></span> <span class='ocrx_word' id='word_1_1078' title='bbox 1617 2964 1707 3000; x_wconf 83' lang='lat' dir='ltr'>libro</span> <span class='ocrx_word' id='word_1_1079' title='bbox 1721 2965 1825 2999; x_wconf 80' lang='lat' dir='ltr'>tertio</span> <span class='ocrx_word' id='word_1_1080' title='bbox 1847 2964 1983 3001; x_wconf 74' lang='lat' dir='ltr'>decimo</span> <span class='ocrx_word' id='word_1_1081' title='bbox 2002 2965 2052 3000; x_wconf 83' lang='lat' dir='ltr'>ad</span> <span class='ocrx_word' id='word_1_1082' title='bbox 2072 2965 2229 3001; x_wconf 78' lang='lat' dir='ltr'>edictum</span> <span class='ocrx_word' id='word_1_1083' title='bbox 2275 2965 2380 3001; x_wconf 91' lang='lat' dir='ltr'>Licet</span> 
     </span>
     <span class='ocr_line' id='line_1_146' title="bbox 1281 3009 2379 3055; baseline 0.001 -11"><span class='ocrx_word' id='word_1_1084' title='bbox 1281 3014 1399 3045; x_wconf 83' lang='lat' dir='ltr'>autem</span> <span class='ocrx_word' id='word_1_1085' title='bbox 1420 3013 1567 3055; x_wconf 86' lang='lat' dir='ltr'>praetor</span> <span class='ocrx_word' id='word_1_1086' title='bbox 1588 3009 1757 3045; x_wconf 90' lang='lat' dir='ltr'>destricte</span> <span class='ocrx_word' id='word_1_1087' title='bbox 1777 3009 1896 3045; x_wconf 89' lang='lat' dir='ltr'>edicat</span> <span class='ocrx_word' id='word_1_1088' title='bbox 1909 3010 2123 3046; x_wconf 89' lang='lat' dir='ltr'>sententiam</span> <span class='ocrx_word' id='word_1_1089' title='bbox 2144 3020 2183 3046; x_wconf 88' lang='lat' dir='ltr'>se</span> <span class='ocrx_word' id='word_1_1090' title='bbox 2203 3010 2379 3046; x_wconf 89' lang='lat' dir='ltr'>arbitrum</span> 
     </span>
     <span class='ocr_line' id='line_1_147' title="bbox 1281 3055 2378 3097; baseline -0.001 -6"><span class='ocrx_word' id='word_1_1091' title='bbox 1281 3056 1399 3091; x_wconf 91' lang='lat' dir='ltr'>dicere</span> <span class='ocrx_word' id='word_1_1092' title='bbox 1431 3059 1658 3097; x_wconf 88' lang='lat' dir='ltr'>coacturum,</span> <span class='ocrx_word' id='word_1_1093' title='bbox 1691 3058 1850 3090; x_wconf 87' lang='lat' dir='ltr'>attamen</span> <span class='ocrx_word' id='word_1_1094' title='bbox 1881 3055 2060 3091; x_wconf 89' lang='lat' dir='ltr'>interdum</span> <span class='ocrx_word' id='word_1_1095' title='bbox 2090 3056 2267 3091; x_wconf 88' lang='lat' dir='ltr'>rationem</span> <span class='ocrx_word' id='word_1_1096' title='bbox 2301 3056 2378 3090; x_wconf 90' lang='lat' dir='ltr'>eius</span> 
     </span>
     <span class='ocr_line' id='line_1_148' title="bbox 1280 3100 2376 3146; baseline 0.001 -11"><span class='ocrx_word' id='word_1_1097' title='bbox 1280 3101 1414 3136; x_wconf 88' lang='lat' dir='ltr'>habere</span> <span class='ocrx_word' id='word_1_1098' title='bbox 1434 3100 1541 3135; x_wconf 90' lang='lat' dir='ltr'>debet</span> <span class='ocrx_word' id='word_1_1099' title='bbox 1561 3104 1597 3135; x_wconf 89' lang='lat' dir='ltr'>et</span> <span class='ocrx_word' id='word_1_1100' title='bbox 1616 3100 1882 3136; x_wconf 86' lang='lat' dir='ltr'>excusationem</span> <span class='ocrx_word' id='word_1_1101' title='bbox 1902 3101 2062 3146; x_wconf 90' lang='lat' dir='ltr'>recipere</span> <span class='ocrx_word' id='word_1_1102' title='bbox 2084 3111 2196 3136; x_wconf 88' lang='lat' dir='ltr'>causa</span> <span class='ocrx_word' id='word_1_1103' title='bbox 2216 3101 2376 3145; x_wconf 86' lang='lat' dir='ltr'>cognita:</span> 
     </span>
     <span class='ocr_line' id='line_1_149' title="bbox 1280 3145 2377 3191; baseline 0 -11"><span class='ocrx_word' id='word_1_1104' title='bbox 1280 3149 1322 3181; x_wconf 94' lang='lat' dir='ltr'>ut</span> <span class='ocrx_word' id='word_1_1105' title='bbox 1344 3149 1433 3191; x_wconf 86' lang='lat' dir='ltr'>puta</span> <span class='ocrx_word' id='word_1_1106' title='bbox 1456 3146 1487 3180; x_wconf 93' lang='lat' dir='ltr'>si</span> <span class='ocrx_word' id='word_1_1107' title='bbox 1511 3145 1620 3180; x_wconf 87' lang='lat' dir='ltr'>fuerit</span> <span class='ocrx_word' id='word_1_1108' title='bbox 1642 3145 1836 3181; x_wconf 86' lang='lat' dir='ltr'>infamatus</span> <span class='ocrx_word' id='word_1_1109' title='bbox 1861 3156 1883 3181; x_wconf 90' lang='lat' dir='ltr'>a</span> <span class='ocrx_word' id='word_1_1110' title='bbox 1906 3146 2156 3191; x_wconf 88' lang='lat' dir='ltr'>litigatoribus,</span> <span class='ocrx_word' id='word_1_1111' title='bbox 2182 3150 2245 3181; x_wconf 86' lang='lat' dir='ltr'>aut</span> <span class='ocrx_word' id='word_1_1112' title='bbox 2264 3146 2294 3180; x_wconf 91' lang='lat' dir='ltr'>si</span> <span class='ocrx_word' id='word_1_1113' title='bbox 2310 3146 2377 3180; x_wconf 89' lang='lat' dir='ltr'>ini-</span> 
     </span>
     <span class='ocr_line' id='line_1_150' title="bbox 1281 3190 2377 3236; baseline 0 -11"><span class='ocrx_word' id='word_1_1114' title='bbox 1281 3191 1436 3226; x_wconf 89' lang='lat' dir='ltr'>micitiae</span> <span class='ocrx_word' id='word_1_1115' title='bbox 1449 3191 1621 3235; x_wconf 89' lang='lat' dir='ltr'>capitales</span> <span class='ocrx_word' id='word_1_1116' title='bbox 1633 3190 1726 3225; x_wconf 89' lang='lat' dir='ltr'>inter</span> <span class='ocrx_word' id='word_1_1117' title='bbox 1739 3200 1821 3226; x_wconf 91' lang='lat' dir='ltr'>eum</span> <span class='ocrx_word' id='word_1_1118' title='bbox 1834 3194 1869 3226; x_wconf 92' lang='lat' dir='ltr'>et</span> <span class='ocrx_word' id='word_1_1119' title='bbox 1880 3191 2078 3236; x_wconf 88' lang='lat' dir='ltr'>litigatores</span> <span class='ocrx_word' id='word_1_1120' title='bbox 2090 3192 2122 3213; x_wconf 81' lang='lat'>2⁰</span> <span class='ocrx_word' id='word_1_1121' title='bbox 2142 3194 2206 3226; x_wconf 89' lang='lat' dir='ltr'>aut</span> <span class='ocrx_word' id='word_1_1122' title='bbox 2226 3191 2377 3226; x_wconf 89' lang='lat' dir='ltr'>alterum</span> 
     </span>
     <span class='ocr_line' id='line_1_151' title="bbox 1282 3236 2376 3280; baseline 0 -10"><span class='ocrx_word' id='word_1_1123' title='bbox 1282 3247 1326 3271; x_wconf 89' lang='lat' dir='ltr'>ex</span> <span class='ocrx_word' id='word_1_1124' title='bbox 1348 3236 1587 3280; x_wconf 87' lang='lat' dir='ltr'>litigatoribus</span> <span class='ocrx_word' id='word_1_1125' title='bbox 1610 3236 1890 3279; x_wconf 84' lang='lat' dir='ltr'>intercesserint,</span> <span class='ocrx_word' id='word_1_1126' title='bbox 1924 3241 1988 3271; x_wconf 89' lang='lat' dir='ltr'>aut</span> <span class='ocrx_word' id='word_1_1127' title='bbox 2012 3237 2043 3272; x_wconf 94' lang='lat' dir='ltr'>si</span> <span class='ocrx_word' id='word_1_1128' title='bbox 2066 3240 2167 3272; x_wconf 87' lang='lat' dir='ltr'>aetas</span> <span class='ocrx_word' id='word_1_1129' title='bbox 2192 3240 2256 3271; x_wconf 89' lang='lat' dir='ltr'>aut</span> <span class='ocrx_word' id='word_1_1130' title='bbox 2279 3236 2376 3271; x_wconf 82' lang='lat' dir='ltr'>vale-</span> 
     </span>
     <span class='ocr_line' id='line_1_152' title="bbox 1280 3281 2377 3326; baseline -0.004 -9"><span class='ocrx_word' id='word_1_1131' title='bbox 1280 3281 1367 3317; x_wconf 90' lang='lat' dir='ltr'>tudo</span> <span class='ocrx_word' id='word_1_1132' title='bbox 1393 3291 1486 3326; x_wconf 88' lang='lat' dir='ltr'>quae</span> <span class='ocrx_word' id='word_1_1133' title='bbox 1509 3284 1636 3326; x_wconf 87' lang='lat' dir='ltr'>postea</span> <span class='ocrx_word' id='word_1_1134' title='bbox 1660 3281 1808 3326; x_wconf 90' lang='lat' dir='ltr'>contigit</span> <span class='ocrx_word' id='word_1_1135' title='bbox 1830 3282 1868 3316; x_wconf 90' lang='lat' dir='ltr'>id</span> <span class='ocrx_word' id='word_1_1136' title='bbox 1892 3282 1923 3317; x_wconf 88' lang='lat' dir='ltr'>ei</span> <span class='ocrx_word' id='word_1_1137' title='bbox 1947 3292 2075 3317; x_wconf 91' lang='lat' dir='ltr'>munus</span> <span class='ocrx_word' id='word_1_1138' title='bbox 2100 3282 2278 3321; x_wconf 87' lang='lat' dir='ltr'>remittat,</span> <span class='ocrx_word' id='word_1_1139' title='bbox 2312 3283 2377 3314; x_wconf 88' lang='lat' dir='ltr'>aut</span> 
     </span>
     <span class='ocr_line' id='line_1_153' title="bbox 1281 3326 2374 3372; baseline -0.003 -10"><span class='ocrx_word' id='word_1_1140' title='bbox 1281 3326 1472 3371; x_wconf 86' lang='lat' dir='ltr'>occupatio</span> <span class='ocrx_word' id='word_1_1141' title='bbox 1505 3326 1728 3371; x_wconf 86' lang='lat' dir='ltr'>negotiorum</span> <span class='ocrx_word' id='word_1_1142' title='bbox 1760 3327 1987 3372; x_wconf 90' lang='lat' dir='ltr'>propriorum</span> <span class='ocrx_word' id='word_1_1143' title='bbox 2018 3327 2075 3362; x_wconf 87' lang='lat' dir='ltr'>vel</span> <span class='ocrx_word' id='word_1_1144' title='bbox 2106 3327 2281 3372; x_wconf 85' lang='lat' dir='ltr'>profectio</span> <span class='ocrx_word' id='word_1_1145' title='bbox 2313 3336 2374 3359; x_wconf 90' lang='lat' dir='ltr'>ur-</span> 
     </span>
     <span class='ocr_line' id='line_1_154' title="bbox 1281 3370 2374 3417; baseline -0.002 -11"><span class='ocrx_word' id='word_1_1146' title='bbox 1281 3382 1392 3416; x_wconf 88' lang='lat' dir='ltr'>guens</span> <span class='ocrx_word' id='word_1_1147' title='bbox 1416 3375 1481 3406; x_wconf 91' lang='lat' dir='ltr'>aut</span> <span class='ocrx_word' id='word_1_1148' title='bbox 1503 3382 1632 3407; x_wconf 87' lang='lat' dir='ltr'>munus</span> <span class='ocrx_word' id='word_1_1149' title='bbox 1657 3371 1803 3417; x_wconf 88' lang='lat' dir='ltr'>aliquod</span> <span class='ocrx_word' id='word_1_1150' title='bbox 1821 3372 1874 3407; x_wconf 89' lang='lat' dir='ltr'>rei</span> <span class='ocrx_word' id='word_1_1151' title='bbox 1891 3373 2076 3417; x_wconf 83' lang='lat' dir='ltr'>publicae:</span> <span class='ocrx_word' id='word_1_1152' title='bbox 2103 3375 2139 3407; x_wconf 91' lang='lat' dir='ltr'>et</span> <span class='ocrx_word' id='word_1_1153' title='bbox 2158 3372 2209 3406; x_wconf 91' lang='lat' dir='ltr'>ita</span> <span class='ocrx_word' id='word_1_1154' title='bbox 2229 3370 2374 3405; x_wconf 89' lang='lat' dir='ltr'>Labeo:</span> 
     </span>
    </p>

    <p class='ocr_par' dir='ltr' id='par_1_24' title="bbox 1284 3414 2376 3508">
     <span class='ocr_line' id='line_1_155' title="bbox 1333 3414 2376 3454; baseline -0.005 0"><span class='ocrx_word' id='word_1_1155' title='bbox 1333 3414 1382 3454; x_wconf 85' lang='lat'>16</span> <span class='ocrx_word' id='word_1_1156' title='bbox 1408 3416 1568 3452; x_wconf 53' lang='lat' dir='ltr'>Pavws</span> <span class='ocrx_word' id='word_1_1157' title='bbox 1597 3416 1689 3452; x_wconf 82' lang='lat' dir='ltr'>libro</span> <span class='ocrx_word' id='word_1_1158' title='bbox 1721 3418 1827 3453; x_wconf 79' lang='lat' dir='ltr'>tertio</span> <span class='ocrx_word' id='word_1_1159' title='bbox 1859 3417 1996 3454; x_wconf 77' lang='lat' dir='ltr'>decimo</span> <span class='ocrx_word' id='word_1_1160' title='bbox 2021 3417 2074 3452; x_wconf 87' lang='lat' dir='ltr'>ad</span> <span class='ocrx_word' id='word_1_1161' title='bbox 2095 3417 2249 3452; x_wconf 78' lang='lat' dir='ltr'>edictum</span> <span class='ocrx_word' id='word_1_1162' title='bbox 2285 3418 2320 3449; x_wconf 89' lang='lat' dir='ltr'>et</span> <span class='ocrx_word' id='word_1_1163' title='bbox 2344 3414 2376 3450; x_wconf 91' lang='lat' dir='ltr'>si</span> 
     </span>
     <span class='ocr_line' id='line_1_156' title="bbox 1284 3462 2373 3508; baseline -0.002 -12"><span class='ocrx_word' id='word_1_1164' title='bbox 1284 3472 1355 3507; x_wconf 92' lang='lat' dir='ltr'>qua</span> <span class='ocrx_word' id='word_1_1165' title='bbox 1379 3462 1450 3496; x_wconf 81' lang='lat' dir='ltr'>alia</span> <span class='ocrx_word' id='word_1_1166' title='bbox 1472 3462 1746 3498; x_wconf 86' lang='lat' dir='ltr'>incommoditas</span> <span class='ocrx_word' id='word_1_1167' title='bbox 1773 3463 1805 3498; x_wconf 92' lang='lat' dir='ltr'>ei</span> <span class='ocrx_word' id='word_1_1168' title='bbox 1827 3466 1911 3508; x_wconf 89' lang='lat' dir='ltr'>post</span> <span class='ocrx_word' id='word_1_1169' title='bbox 1934 3462 2144 3498; x_wconf 90' lang='lat' dir='ltr'>arbiterium</span> <span class='ocrx_word' id='word_1_1170' title='bbox 2168 3463 2373 3504; x_wconf 90' lang='lat' dir='ltr'>susceptum</span> 
     </span>
    </p>
   </div>
   <div class='ocr_carea' id='block_1_12' title="bbox 1280 3617 2380 3752">
    <p class='ocr_par' dir='ltr' id='par_1_25' title="bbox 1280 3617 2380 3752">
     <span class='ocr_line' id='line_1_157' title="bbox 1280 3617 2374 3663; baseline -0.003 -11"><span class='ocrx_word' id='word_1_1171' title='bbox 1280 3622 1333 3659; x_wconf 84' lang='lat'><strong>(11)</strong></span> <span class='ocrx_word' id='word_1_1172' title='bbox 1358 3621 1631 3663; x_wconf 81' lang='lat' dir='ltr'>pomponponius</span> <span class='ocrx_word' id='word_1_1173' title='bbox 1643 3621 1678 3654; x_wconf 81' lang='lat' dir='ltr'><em>F</em></span> <span class='ocrx_word' id='word_1_1174' title='bbox 1788 3623 1845 3663; x_wconf 87' lang='lat'>(12)</span> <span class='ocrx_word' id='word_1_1175' title='bbox 1872 3621 2000 3653; x_wconf 83' lang='lat' dir='ltr'>dandae</span> <span class='ocrx_word' id='word_1_1176' title='bbox 2013 3621 2048 3653; x_wconf 87' lang='lat' dir='ltr'><em>F</em></span> <span class='ocrx_word' id='word_1_1177' title='bbox 2145 3620 2202 3660; x_wconf 87' lang='grc'>(13)</span> <span class='ocrx_word' id='word_1_1178' title='bbox 2227 3617 2374 3660; x_wconf 84' lang='lat' dir='ltr'>pecunia</span> 
     </span>
     <span class='ocr_line' id='line_1_158' title="bbox 1757 3662 2373 3708; baseline -0.01 -8"><span class='ocrx_word' id='word_1_1179' title='bbox 1757 3667 1815 3708; x_wconf 80' lang='grc'>(14)</span> <span class='ocrx_word' id='word_1_1180' title='bbox 1841 3676 1950 3708; x_wconf 86' lang='lat' dir='ltr'>poena</span> <span class='ocrx_word' id='word_1_1181' title='bbox 1963 3665 1998 3697; x_wconf 82' lang='lat' dir='ltr'><em>F</em></span> <span class='ocrx_word' id='word_1_1182' title='bbox 2130 3665 2186 3705; x_wconf 84' lang='grc'>(15)</span> <span class='ocrx_word' id='word_1_1183' title='bbox 2212 3663 2308 3695; x_wconf 86' lang='lat' dir='ltr'>stetit</span> <span class='ocrx_word' id='word_1_1184' title='bbox 2319 3663 2355 3695; x_wconf 87' lang='lat' dir='ltr'><em>F</em></span> <span class='ocrx_word' id='word_1_1185' title='bbox 2362 3662 2373 3682; x_wconf 84' lang='lat'><strong>¹</strong></span> 
     </span>
     <span class='ocr_line' id='line_1_159' title="bbox 1281 3706 2380 3752; baseline -0.001 -11"><span class='ocrx_word' id='word_1_1186' title='bbox 1281 3710 1339 3751; x_wconf 89' lang='grc'>(16)</span> <span class='ocrx_word' id='word_1_1187' title='bbox 1365 3710 1429 3743; x_wconf 90' lang='lat' dir='ltr'>int.</span> <span class='ocrx_word' id='word_1_1188' title='bbox 1444 3713 1496 3743; x_wconf 85' lang='lat' dir='ltr'>est</span> <span class='ocrx_word' id='word_1_1189' title='bbox 1509 3712 1556 3752; x_wconf 89' lang='lat' dir='ltr'>(et</span> <span class='ocrx_word' id='word_1_1190' title='bbox 1569 3712 1671 3744; x_wconf 82' lang='lat' dir='ltr'>altero</span> <span class='ocrx_word' id='word_1_1191' title='bbox 1687 3712 1768 3752; x_wconf 85' lang='lat' dir='ltr'>loco)</span> <span class='ocrx_word' id='word_1_1192' title='bbox 1783 3712 1871 3743; x_wconf 88' lang='lat' dir='ltr'>ratio</span> <span class='ocrx_word' id='word_1_1193' title='bbox 1886 3712 1935 3744; x_wconf 74' lang='lat' dir='ltr'>bis</span> <span class='ocrx_word' id='word_1_1194' title='bbox 1947 3710 1982 3742; x_wconf 87' lang='lat' dir='ltr'><em>F</em></span> <span class='ocrx_word' id='word_1_1195' title='bbox 2055 3710 2112 3750; x_wconf 79' lang='lat'>(17)</span> <span class='ocrx_word' id='word_1_1196' title='bbox 2138 3708 2204 3740; x_wconf 86' lang='lat' dir='ltr'>fuit</span> <span class='ocrx_word' id='word_1_1197' title='bbox 2218 3708 2256 3751; x_wconf 87' lang='lat' dir='ltr'>S,</span> <span class='ocrx_word' id='word_1_1198' title='bbox 2271 3720 2329 3741; x_wconf 87' lang='lat' dir='ltr'>om.</span> <span class='ocrx_word' id='word_1_1199' title='bbox 2343 3706 2380 3740; x_wconf 79' lang='lat' dir='ltr'><em>F</em></span> 
     </span>
    </p>
   </div>
   <div class='ocr_carea' id='block_1_13' title="bbox 1280 3754 2159 3842">
    <p class='ocr_par' dir='ltr' id='par_1_26' title="bbox 1280 3754 2159 3842">
     <span class='ocr_line' id='line_1_160' title="bbox 1280 3754 2159 3796; baseline -0.003 -8"><span class='ocrx_word' id='word_1_1200' title='bbox 1280 3755 1340 3793; x_wconf 88' lang='lat'>(18)</span> <span class='ocrx_word' id='word_1_1201' title='bbox 1367 3755 1474 3788; x_wconf 63' lang='grc' dir='ltr'><strong>ἀει-Γ</strong></span> <span class='ocrx_word' id='word_1_1202' title='bbox 1533 3756 1595 3789; x_wconf 72' lang='lat'>(19)</span> <span class='ocrx_word' id='word_1_1203' title='bbox 1621 3756 1709 3788; x_wconf 83' lang='lat' dir='ltr'>diem</span> <span class='ocrx_word' id='word_1_1204' title='bbox 1723 3757 1798 3789; x_wconf 75' lang='lat' dir='ltr'>dett.</span> <span class='ocrx_word' id='word_1_1205' title='bbox 1860 3756 1923 3796; x_wconf 78' lang='lat'><strong>(20)</strong></span> <span class='ocrx_word' id='word_1_1206' title='bbox 1949 3754 2159 3796; x_wconf 80' lang='lat' dir='ltr'>ligatoresF</span> 
     </span>
     <span class='ocr_line' id='line_1_161' title="bbox 2047 3810 2098 3842; baseline 0 -11"><span class='ocrx_word' id='word_1_1207' title='bbox 2047 3810 2098 3842; x_wconf 83' lang='lat'>9*</span> 
     </span>
    </p>
   </div>
  </div>
 </body>
</html>
