2528 3918
145 159 204 189 DE
234 159 462 189 DIVORTIIS
490 159 547 188 ΕΤ
574 158 778 190 REPUDIIS

144 267 207 301 Vir
229 266 365 301 mulieri
397 267 543 301 divortio
575 267 672 302 facto
705 267 879 318 quaedam
909 268 1041 304 idcirco
1068 270 1222 313 dederat,

141 316 181 345 ut
205 310 251 345 ad
283 321 321 345 se
350 315 600 345 reverteretur:
641 312 766 345 mulier
798 322 939 347 reversa
971 318 1064 356 erat,
1098 315 1224 349 deinde

142 354 326 390 divortium
349 354 493 390 fecerat.
516 355 645 390 LABEO
659 357 686 389 ¹:
707 356 894 391 Trebatius
915 358 1007 392 inter
1021 359 1223 394 Terentiam

141 404 175 434 et
186 399 430 434 Maecenatem
445 403 466 420 ²·
489 399 673 444 respondit
696 401 726 435 si
745 411 865 435 verum
879 401 1063 437 divortium
1084 404 1221 446 fuisset,

140 448 254 479 ratam
286 454 363 479 esse
396 444 642 487 donationem,
673 445 702 479 si
735 445 955 489 simulatum,
989 452 1123 483 contra.
1160 449 1222 483 sed

139 499 260 523 verum
284 492 346 530 est,
372 489 467 533 quod
489 489 664 524 Proculus
690 493 726 523 et
751 489 923 525 Caecilius
955 496 1101 536 putant,
1136 499 1222 528 tunc

139 543 258 568 verum
290 543 368 568 esse
400 533 585 568 divortium
618 537 652 568 et
681 534 798 569 valere
831 535 1057 572 donationem
1082 538 1221 572 divortii

140 587 249 613 causa
271 577 439 620 factam2,
472 578 502 612 si
532 578 623 613 aliae
654 579 799 623 nuptiae
831 581 1012 616 insecutae
1046 588 1129 616 sunt
1159 587 1221 616 aut

137 628 211 656 tam
244 622 349 667 longo
385 627 544 667 tempore
577 623 683 658 vidua
716 624 860 666 fuisset,
897 631 938 659 ut
973 626 1117 661 dubium
1149 638 1220 662 non

137 667 229 702 foret
247 667 397 701 alterum
417 677 494 702 esse
513 668 791 703 matrimonium:
817 670 905 704 alias
919 681 983 705 nec
997 671 1221 706 donationem

137 711 242 746 ullius
268 722 345 747 esse
368 713 535 747 momenti
558 712 727 747 futuram.

183 754 261 792 65³
283 756 415 791 LABEO
449 757 539 792 libro
574 761 679 792 sexto
691 758 715 778 ³¹
733 759 977 803 posteriorum
1003 772 1025 795 a
1048 761 1219 796 Iavoleno

137 801 409 847 epitomatorum
456 801 559 846 Quod
582 802 634 836 vir
658 802 700 844 ei,
726 813 817 847 quae
840 804 996 838 nondum
1027 805 1219 850 viripotens

136 857 184 880 nu
211 846 307 888 serit,
333 846 526 889 donaverit,
551 850 669 882 ratum
692 847 852 882 futurum
876 849 1047 885 existimo.

182 856 234 927 66
248 889 277 926 S
281 900 450 925 CAEVOLA
464 891 555 927 libro
567 902 662 927 nono
676 892 894 938 diqestorum
920 893 1000 928 Seia
1013 894 1218 939 Sempronio

137 946 216 970 cum
240 939 338 970 certa
362 936 418 971 die
441 941 596 981 nuptura
621 941 731 979 esset,
764 942 953 982 antequam
986 939 1128 974 domum
1159 940 1219 975 de-

136 980 326 1015 duceretur
356 981 570 1026 tabulaeque
604 981 696 1017 dotis
727 982 967 1026 signarentur,
1000 984 1144 1019 donavit
1166 989 1220 1020 tot

135 1035 281 1060 aureos:
315 1036 457 1070 quaero,
490 1037 538 1060 an
569 1037 611 1061 ea
643 1026 786 1062 donatio
818 1032 897 1062 rata
934 1029 990 1063 sit.
1030 1040 1102 1064 non
1137 1030 1218 1064 atti-

134 1070 253 1105 nuisse
275 1075 414 1115 tempus
425 1072 450 1112 ⁴,
484 1081 531 1105 an
565 1075 754 1115 antequam
797 1071 939 1107 domum
975 1074 1218 1117 deduceretur,

135 1115 276 1150 donatio
312 1115 411 1150 facta
435 1120 546 1158 esset,
580 1117 664 1150 aut⁴
689 1117 891 1151 tabularum
923 1119 1218 1163 consignatarum,

157 1170 225 1194 uae
260 1160 465 1205 plerumque
509 1165 543 1195 et
577 1165 659 1205 post
703 1166 923 1196 contractum
959 1165 1219 1199 matrimonium

133 1171 277 1247 zerem,
313 1205 350 1239 in
386 1205 586 1250 quaerendo
623 1207 787 1250 exprimi:
840 1207 984 1251 itaque5
1027 1209 1094 1243 nisi
1136 1214 1220 1244 ante

133 1250 396 1285 matrimonium
421 1254 653 1292 contractum,
679 1251 774 1295 quod
796 1262 972 1287 consensu
995 1254 1217 1298 intellegitur,

136 1298 151 1328 1
203 1294 346 1329 donatio
371 1294 469 1329 facta
493 1299 596 1337 esset,
621 1306 694 1330 non
713 1297 839 1331 valere.
882 1296 1018 1341 Virgini
1039 1299 1077 1332 in
1095 1299 1218 1334 hortos

134 1338 309 1374 deductae
333 1344 416 1374 ante
441 1340 532 1374 diem
554 1340 698 1375 tertium
723 1351 828 1385 quam
847 1341 897 1376 ibi
916 1343 1061 1386 nuptiae
1080 1343 1217 1386 fierent,

134 1394 213 1418 cum
237 1384 275 1418 in
298 1388 465 1429 separata
489 1385 606 1420 diaeta
640 1385 685 1419 ab
718 1396 758 1420 eo
785 1390 897 1427 esset,
923 1387 979 1421 die
1003 1389 1216 1432 nuptiarum,

133 1429 341 1480 priusquam
373 1430 419 1464 ad
455 1440 535 1464 eum
567 1430 735 1465 transiret
767 1434 801 1465 et
835 1431 1041 1476 priusquam
1066 1443 1159 1477 aqua
1184 1438 1218 1468 et

133 1473 205 1518 igni
229 1474 461 1518 acciperetur,
494 1475 531 1509 id
564 1480 617 1509 est
649 1475 793 1519 nuptiae
825 1476 1063 1519 celebrentur,
1090 1479 1218 1522 optulit

134 1518 255 1553 decem
289 1529 417 1554 aureos
457 1520 569 1555 dono:
619 1521 815 1564 quaesitum
851 1526 921 1563 est,
958 1528 1040 1566 post
1075 1524 1216 1567 nuptias

134 1567 337 1599 contractas
372 1564 519 1599 divortio
551 1564 648 1599 facto
681 1576 727 1599 an
767 1576 902 1600 summa
938 1567 1069 1602 donata
1104 1569 1217 1612 repeti

132 1608 255 1653 possit.
279 1609 464 1654 respondit
486 1610 533 1651 id,
559 1610 655 1654 quod
679 1614 761 1645 ante
784 1612 926 1655 nuptias
945 1612 1115 1647 donatum
1132 1624 1214 1658 pro-

131 1657 333 1698 poneretur,
358 1664 429 1688 non
452 1665 558 1699 posse
583 1654 625 1689 de
649 1655 731 1690 dote
756 1655 894 1690 deduci.

179 1695 231 1734 67
257 1697 390 1732 LABEO
413 1699 502 1735 libro
526 1700 682 1734 secundo
699 1699 882 1745 pithanon
915 1713 938 1735 a
962 1701 1079 1736 Paulo
1103 1703 1215 1747 epito-

132 1747 308 1778 matomm
356 1743 393 1777 Si
417 1755 507 1779 uxor
529 1745 680 1779 nummis
705 1755 726 1778 a
749 1746 823 1780 viro
849 1749 911 1780 aut
946 1747 990 1780 ab
1024 1757 1063 1781 eo
1097 1747 1156 1791 qui
1179 1748 1216 1781 in

134 1787 207 1822 eius
231 1792 409 1832 potestate
426 1793 518 1823 esset
538 1790 606 1824 sibi
619 1789 758 1824 donatis
779 1800 917 1825 servum
931 1791 1064 1833 emerit,
1078 1791 1214 1834 deinde,

135 1843 213 1867 cum
237 1833 311 1867 eius
334 1832 452 1868 factus
477 1833 594 1876 fuerit,
621 1844 699 1868 eum
722 1835 839 1879 ipsum
872 1836 1072 1871 donationis
1106 1847 1215 1872 causa

133 1877 204 1912 viro
230 1878 424 1920 tradiderit,
449 1883 529 1913 rata
554 1879 619 1913 erit
642 1879 806 1922 traditio,
840 1881 998 1925 quamvis
1033 1892 1074 1916 ea
1098 1886 1215 1916 mente

130 1921 229 1956 facta
251 1923 360 1957 fuerit
382 1933 453 1967 qua
477 1929 617 1958 ceterae
641 1924 861 1967 donationes,
886 1935 1001 1970 neque
1025 1926 1097 1960 ulla
1121 1927 1213 1961 actio

131 1966 206 2001 eius
230 1968 369 2002 nomine
394 1967 471 2002 dari
494 1973 622 2013 potest.

638 2149 712 2189 11⁸.

351 2225 411 2257 DE
436 2226 665 2258 DIVORTns
694 2227 752 2258 ET
776 2227 1000 2260 REPUDns.

180 2278 197 2314 1
243 2279 402 2315 PAULUS
441 2280 531 2315 libro
576 2282 756 2326 triqesimo
801 2283 925 2327 quinto
968 2283 1018 2317 ad
1062 2283 1213 2318 edictum

130 2323 316 2358 Dirimitur
338 2325 599 2360 matrimonium
624 2326 771 2361 divortio
793 2332 907 2362 morte
932 2328 1135 2372 captivitate
1159 2328 1212 2362 vel

130 2369 199 2403 alia
224 2369 469 2414 contingente⁷
494 2371 662 2405 servitute
685 2371 798 2406 utrius
824 2382 956 2407 eorum.

176 2411 201 2449 2
229 2413 351 2449 G-Ams
379 2414 468 2450 libro
499 2415 684 2451 undecimo
716 2416 765 2450 ad
798 2417 950 2452 edictum
987 2418 1212 2463 provinciale

130 2458 328 2493 Divortium
361 2464 479 2494 autem
510 2460 564 2494 vel
595 2471 616 2495 a
648 2460 848 2496 diversitate
879 2463 1048 2497 mentium
1079 2461 1211 2496 dictum

131 2507 184 2538 est
208 2503 263 2538 vel
287 2503 370 2547 quia
392 2504 429 2538 in
453 2504 609 2540 diversas
633 2510 753 2550 partes
786 2511 888 2549 eunt,
920 2507 980 2551 qui
1011 2507 1212 2541 distrahunt

132 2552 147 2582 1
196 2548 466 2583 matrimonium.
513 2550 555 2584 In
577 2551 733 2594 repudiis
758 2556 887 2594 autem,
911 2552 948 2586 id
973 2553 1050 2587 est⁸
1080 2562 1210 2586 renun-

129 2592 276 2628 tiatione
300 2594 531 2638 comprobata
555 2599 638 2629 sunt
660 2596 750 2630 haec
774 2597 898 2631 verba:
934 2601 1026 2632 ‘tuas
1058 2607 1114 2631 res
1146 2597 1212 2631 tibi

130 2640 149 2671 2
199 2638 371 2680 ‘habet0’,
407 2639 490 2673 item
525 2640 632 2675 haec:
677 2643 769 2676 ‘tuas
804 2652 860 2676 res
896 2642 960 2676 tibi
994 2642 1111 2686 agito’.
1169 2642 1211 2675 In

130 2683 354 2727 sponsalibus
367 2694 507 2728 quoque
520 2684 748 2720 discutiendis
761 2686 896 2730 placuit
912 2687 1211 2721 renuntiationem

129 2727 337 2762 intervenire
349 2732 530 2772 oportere:
555 2729 592 2764 in
603 2740 673 2775 qua
681 2740 720 2764 re
728 2731 818 2765 haec
832 2732 939 2766 verba
947 2732 1099 2776 probata
1108 2735 1208 2765 sunt:

130 2775 148 2806 3
197 2772 417 2808 ‘condicione
441 2778 504 2808 tua
527 2785 600 2809 non
623 2776 727 2811 utor'.
776 2775 855 2811 Sive
867 2781 985 2811 autem
1016 2776 1083 2820 ipsi
1106 2786 1209 2820 prae-

129 2817 220 2851 senti
237 2818 458 2853 renuntietur
477 2819 550 2854 sive
569 2820 709 2855 absenti
727 2831 791 2865 per
811 2831 901 2863 eum,
915 2821 1021 2866 quiin
1034 2825 1210 2865 potestate

130 2862 204 2897 eius
227 2862 273 2896 sit
293 2862 435 2897 cuiusve
457 2863 488 2898 is
510 2874 593 2899 eave
615 2864 652 2899 in
675 2869 853 2909 potestate
869 2866 924 2908 sit,
944 2866 1030 2900 nihil
1052 2866 1209 2900 interest.

175 2903 225 2943 3⁹
260 2906 419 2942 PAULUS
459 2908 548 2943 libro
593 2910 774 2955 triqesimo
811 2912 935 2955 quinto
971 2911 1020 2945 acl
1057 2910 1208 2945 edictum

128 2951 327 2986 Divortium
349 2963 421 2987 non
446 2957 499 2988 est
521 2954 590 2988 nisi
609 2965 739 2996 verum,
754 2956 849 2999 quod
869 2956 983 2990 animo
1002 2959 1209 2999 perpetuam

130 2996 368 3031 constituendi
399 2997 651 3034 dissensionem
666 3001 693 3020 ¹0
723 3000 774 3034 fit.
821 3001 942 3045 itaque
974 3000 1142 3044 quidquid
1172 3000 1209 3033 in

130 3040 246 3076 calore
269 3041 474 3077 iracundiae
498 3043 552 3077 vel
574 3043 615 3078 fit
637 3044 692 3079 vel
716 3044 854 3087 dicitur,
875 3056 947 3080 non
970 3045 1068 3089 prius
1092 3048 1209 3079 ratum

129 3090 192 3127 est,
218 3096 322 3130 quam
346 3086 376 3120 si
398 3089 661 3131 perseverantia
676 3090 701 3110 ¹¹
727 3090 893 3134 apparuit
915 3090 1083 3124 iudicium
1103 3089 1209 3123 animi

128 3129 254 3165 fuisse:
289 3131 440 3176 ideoque
471 3143 536 3177 per
567 3134 720 3169 calorem
750 3135 857 3169 misso
888 3134 1034 3179 repudio
1060 3135 1090 3169 si
1113 3134 1209 3169 brevi

128 3185 268 3210 reversa
290 3186 382 3211 uxor
405 3180 468 3219 est,
494 3188 559 3212 nec
584 3178 768 3214 divortisse
790 3179 940 3214 videtur.

174 3218 201 3256 4
243 3219 436 3256 ULPIANUS
473 3221 563 3257 libro
606 3224 768 3258 vicesimo
812 3228 916 3259 sexto
953 3224 1002 3258 ad
1035 3223 1208 3258 Sabinum

128 3263 285 3300 Iulianus
307 3265 397 3300 libro
431 3270 556 3302 octavo
590 3267 725 3303 decimo
751 3268 965 3313 digestorum
990 3268 1137 3313 quaerit,
1162 3278 1208 3302 an

128 3307 263 3344 furiosa
295 3310 482 3354 repudium
515 3312 654 3347 mittere
694 3313 750 3347 vel
790 3313 970 3357 repudiari
1004 3312 1127 3357 possit.
1175 3315 1209 3347 et

129 3354 251 3388 scribit
273 3354 444 3390 furiosam
467 3357 645 3401 repudiari
667 3368 782 3401 posse,
804 3358 887 3402 quia
909 3357 1104 3402 ignorantis
1128 3357 1207 3391 loco

128 3397 295 3434 habetur:
334 3400 522 3444 repudiare
557 3405 676 3436 autem
706 3413 778 3437 non
812 3412 918 3446 posse
949 3412 1062 3446 neque
1095 3402 1208 3445 ipsam

131 3511 168 3550 (1)
194 3510 234 3542 ab
249 3521 287 3542 eo
300 3524 360 3544 scr.

130 3554 250 3587 factam
264 3556 324 3588 del.

129 3599 215 3631 libro
229 3600 248 3632 l.
263 3602 353 3632 sexto
366 3601 401 3632 F

132 3645 171 3683 (5)
199 3645 315 3686 utique
327 3657 388 3677 scr.

174 3689 218 3729 (6)
252 3689 435 3727 Sab.1...9;
468 3690 534 3722 Ed.
547 3697 637 3723 10.11.
673 3710 711 3714 —
737 3692 1044 3731 Bas.28,7,8——15.
1076 3709 1121 3714 —
1151 3689 1200 3732 Cf.

135 3732 204 3764 Cod
228 3735 259 3771 5,
277 3741 306 3766 17
468 3734 509 3773 (7)
532 3736 762 3776 contingentes
777 3736 807 3767 F
962 3739 1005 3777 (8)
1027 3735 1063 3767 in
1078 3736 1136 3768 ins.
1149 3733 1200 3766 F2

455 3514 504 3553 η’)
530 3512 720 3544 decenatem
734 3513 768 3544 F
775 3513 785 3532 ¹
879 3514 921 3553 (2)
948 3513 1084 3544 divortii
1106 3523 1205 3544 causa

458 3559 500 3598 (3)
525 3559 604 3589 citat
621 3558 783 3600 Ulpianus
795 3559 824 3590 h.
840 3565 861 3592 t.
875 3559 894 3590 l.
910 3565 944 3591 32
969 3562 984 3596 §
1007 3564 1041 3590 27
1151 3559 1202 3595 (3⁸)

531 3603 573 3642 (4)
598 3606 728 3644 tempus
742 3610 916 3645 transpone
929 3609 1002 3635 ante
1015 3600 1203 3633 tabularum

1223 147 1303 194 319

2147 163 2314 205 XXlllI
2346 169 2369 206 2

1290 277 1436 316 propter
1468 273 1677 308 dementiam
1718 288 1829 321 neque
1871 286 2067 316 curatorem
2107 284 2199 325 eius,
2234 289 2368 328 patrem

1290 320 1408 351 tamen
1433 318 1506 352 eius
1531 319 1692 352 nuntium
1724 322 1859 356 mittere
1890 336 2003 367 posse,
2047 328 2140 370 quod
2175 339 2243 362 non
2275 333 2367 363 trac-

1290 365 1383 395 taret
1407 361 1450 396 de
1474 363 1631 406 repudio,
1650 364 1716 397 nisi
1735 372 1913 401 constaret
1933 371 2072 404 retineri
2089 373 2366 409 matrimonium:

1291 416 1381 449 quae
1405 407 1578 441 sententia
1591 409 1617 427 ¹²
1642 408 1726 442 mihi
1749 410 1885 445 videtur
1909 424 2000 447 vera.

1336 449 1359 486 5
1397 450 1502 485 IDEM
1534 452 1623 486 libro
1661 454 1840 498 triqcsimo
1877 463 2004 500 quarm
2040 460 2088 493 ad
2122 461 2272 496 edictum
2332 463 2368 498 Si

1290 494 1362 529 filia
1387 496 1608 540 emancipata
1632 497 1763 532 idcirco
1790 499 1993 544 diverterat,
2019 508 2058 537 ut
2082 507 2243 540 maritum
2268 507 2366 542 lucro

1290 539 1380 573 dotis
1406 540 1557 582 adficiat,
1579 545 1717 586 patrem
1737 543 1886 586 fraudet,
1908 548 1966 589 qui
1986 548 2225 591 proiecticiam
2251 551 2366 586 dotem

1289 585 1406 627 potuit
1428 589 1559 629 petere,
1585 586 1614 620 si
1639 590 1825 622 constante
1850 591 2068 626 matrimonio
2106 594 2315 630 decessisset
2328 597 2365 639 ¹³,

1289 628 1367 663 ideo
1392 630 1486 673 patri
1510 631 1786 666 succurrendum
1811 638 1881 674 est,
1916 646 1959 668 ne
1984 636 2098 671 dotem
2122 640 2261 682 perdat:
2295 651 2366 675 non

1290 673 1381 707 enim
1405 674 1519 709 minus
1543 676 1637 719 patri
1661 686 1766 720 quam
1790 678 1914 712 marito
1941 690 2145 716 succurrere
2169 690 2364 728 praetorem

1290 722 1439 761 oportet.
1476 719 1594 754 danda
1626 721 1732 764 igitur
1764 725 1818 756 est
1849 723 1881 756 ei
1912 723 2002 758 dotis
2035 728 2181 769 exactio,
2207 734 2312 773 atque
2335 730 2365 765 si

1289 766 1476 798 constante
1499 765 1720 800 matrimonio
1747 765 1956 801 decessisset
1979 769 2059 803 filia.

1335 804 1359 843 6
1384 807 1575 843 IULIANUS
1595 809 1685 844 libro
1708 813 1933 856 sexagesimo
1964 815 2117 849 secundo
2149 816 2364 861 digestorum

1290 851 1425 886 Uxores
1451 863 1590 895 eorum,
1623 854 1682 898 qui
1713 855 1750 889 in
1780 856 1934 890 hostium
1964 862 2175 901 potestate¹⁴
2199 872 2364 905 pervene-

1288 900 1389 938 runt,
1421 902 1571 941 possunt
1602 898 1711 933 videri
1741 904 1931 943 nuptarum
1946 904 1971 922 ¹⁵
2003 903 2118 937 locum
2151 905 2300 940 retinere
2324 917 2364 941 eo

1289 941 1376 982 solo,
1402 942 1496 985 quod
1529 943 1588 976 alii
1621 947 1750 978 temere
1785 946 1917 980 nubere
1953 958 2022 981 non
2046 954 2202 991 possunt.
2251 955 2284 984 et
2306 962 2363 995 ge-

1289 986 1454 1020 neraliter
1478 987 1713 1022 definiendum
1738 993 1799 1031 est,
1826 989 1937 1025 donec
1962 996 2095 1026 certum
2129 1000 2181 1028 est
2204 996 2363 1030 maritum

1288 1031 1402 1065 vivere
1426 1031 1463 1065 in
1487 1032 1692 1075 captivitate
1718 1034 1959 1077 constitutum,
1972 1037 2103 1071 nullam
2117 1038 2247 1073 habere
2259 1040 2364 1073 licen-

1287 1076 1372 1109 tiam
1405 1086 1533 1111 uxores
1568 1087 1689 1111 eorum
1720 1078 1868 1122 migrare
1899 1080 1945 1114 ad
1978 1082 2073 1115 aliud
2097 1084 2364 1125 matrimonium,

1288 1120 1355 1154 nisi
1378 1121 1522 1155 mallent
1545 1121 1643 1165 ipsae
1663 1123 1826 1158 mulieres
1851 1134 1994 1159 causam
2018 1127 2154 1171 repudii
2176 1134 2365 1171 praestare.

1288 1165 1342 1199 sin
1366 1169 1484 1199 autem
1506 1166 1543 1199 in
1567 1167 1701 1202 incerto
1724 1171 1787 1209 est,
1813 1179 1858 1202 an
1878 1169 1974 1204 vivus
1995 1171 2091 1214 apud
2103 1172 2222 1206 hostes
2247 1177 2364 1206 tenea-

1286 1213 1346 1243 tur
1369 1210 1424 1244 vel
1448 1214 1559 1245 morte
1583 1216 1795 1255 praeventus
1810 1214 1846 1255 ¹⁶,
1871 1217 1967 1257 tunc,
1993 1215 2022 1249 si
2047 1217 2320 1261 quinquennium
2345 1228 2365 1251 a

1287 1259 1445 1298 tempore
1487 1256 1700 1300 captivitatis
1744 1259 1954 1302 excesserit,
1998 1260 2174 1295 licentiam
2221 1262 2365 1296 habet¹⁷

1287 1300 1411 1334 mulier
1435 1300 1480 1334 ad
1505 1301 1591 1335 alias
1616 1301 1766 1346 migrare
1789 1303 1942 1347 nuptias,
1974 1305 2024 1338 ita
2048 1308 2185 1348 tamen,
2210 1311 2250 1340 ut
2273 1307 2365 1341 bona

1286 1345 1400 1388 gratia
1425 1345 1633 1380 dissolutum
1656 1346 1817 1381 videatur
1840 1348 2026 1391 pristinum
2050 1351 2308 1385 matrimonium
2332 1355 2365 1385 et

1287 1390 1528 1433 unusquisque
1562 1401 1665 1425 suum
1698 1392 1753 1426 ius
1788 1392 1918 1427 habeat
1952 1394 2190 1429 imminutum:
2243 1395 2364 1430 eodem

1285 1434 1361 1468 iure
1387 1434 1478 1468 etin
1503 1436 1628 1470 marito
1653 1436 1690 1470 in
1725 1436 1864 1471 civitate
1896 1438 2041 1482 degente
2072 1443 2106 1474 et
2137 1450 2247 1475 uxore
2281 1451 2364 1485 cap-

1285 1479 1358 1513 tiva
1382 1479 1612 1514 observando.

1332 1521 1354 1559 7
1381 1523 1626 1559 PAPJNJANUS
1647 1525 1737 1560 libro
1755 1527 1878 1571 primo
1903 1527 1946 1561 de
1972 1527 2157 1563 adulteriis
2213 1529 2249 1563 Si
2280 1539 2363 1573 pae-

1285 1568 1391 1602 nituit
1415 1579 1504 1611 eum,
1531 1569 1591 1613 qui
1614 1569 1768 1604 libellum
1800 1571 2011 1606 tradendum
2045 1572 2182 1607 divortii
2198 1575 2225 1594 ¹⁸
2256 1574 2362 1615 dedit,

1284 1613 1384 1658 isque
1425 1624 1489 1657 per
1523 1614 1757 1657 ignorantiam
1791 1619 1949 1650 mutatae
1991 1617 2180 1652 voluntatis
2223 1619 2362 1653 oblatus

1285 1663 1354 1699 est,
1380 1658 1508 1692 durare
1532 1659 1789 1694 matrimonium
1814 1660 2019 1703 dicendum,
2053 1662 2119 1696 nisi
2148 1663 2363 1707 paenitentia

1285 1703 1424 1747 cognita
1447 1704 1477 1737 is
1502 1704 1562 1747 qui
1585 1705 1723 1748 accepit
1753 1705 1829 1748 ipse
1860 1706 1970 1740 voluit
2000 1707 2258 1742 matrimonium
2291 1708 2361 1742 dis-

1284 1748 1438 1782 solvere:
1482 1751 1567 1782 tunc
1604 1749 1694 1783 enim
1728 1760 1791 1794 per
1827 1761 1905 1784 eum
1941 1751 1999 1795 qui
2043 1752 2181 1796 accepit
2217 1753 2362 1787 solvitur

1283 1793 1554 1827 matrimonium.

1330 1834 1354 1874 8
1379 1837 1483 1871 IDEM
1504 1837 1594 1872 libro
1618 1839 1773 1873 secundo
1799 1839 1842 1873 dc
1866 1839 2052 1874 adulteriis
2086 1840 2197 1875 Divus
2209 1841 2360 1876 Hadria-

1283 1892 1349 1916 nus
1375 1892 1464 1924 eum,
1490 1883 1550 1926 qui
1574 1882 1723 1916 alienam
1736 1894 1881 1918 uxorem
1906 1895 1949 1919 ex
1971 1885 2095 1919 itinere
2109 1885 2248 1919 domum
2261 1896 2361 1920 suam

1284 1927 1441 1961 duxisset
1474 1932 1508 1961 et
1538 1927 1620 1961 inde
1650 1928 1776 1963 marito
1810 1929 1883 1963 eius
1914 1929 2099 1973 repudium
2130 1930 2300 1973 misisset,
2325 1931 2360 1965 in

1282 1972 1470 2006 triennium
1494 1971 1661 2016 relegavit

1328 2013 1352 2053 9
1388 2015 1445 2050 ΡΑ
1453 2026 1546 2051 ULUS
1578 2017 1668 2051 libro
1703 2016 1858 2051 secundo
1894 2017 1937 2051 cle
1972 2018 2158 2053 adulteriis
2214 2019 2358 2054 Nullum

1283 2061 1469 2095 divortium
1504 2065 1621 2095 ratum
1665 2064 1719 2096 est
1752 2061 1821 2095 nisi
1854 2065 1988 2105 septem
2025 2063 2157 2097 civibus
2192 2063 2360 2099 Romanis

1282 2106 1475 2149 puberibus
1500 2106 1666 2140 adhibitis
1697 2109 1838 2149 praeter
1868 2106 2032 2141 libertum
2064 2108 2138 2142 eius
2164 2108 2223 2152 qui
2247 2109 2359 2144 divor-

1282 2151 1368 2184 tium
1399 2150 1517 2184 faciet.
1553 2150 1717 2184 libertum
1749 2149 1960 2193 accipiemus
1996 2153 2100 2185 etiam
2135 2163 2232 2194 eum,
2256 2154 2316 2197 qui
2339 2163 2361 2187 a

1281 2199 1382 2238 patre
1418 2205 1481 2229 avo
1517 2205 1648 2239 proavo
1683 2199 1718 2229 et
1753 2195 1877 2229 ceteris
1913 2205 2033 2230 susum
2067 2207 2206 2231 versum
2237 2207 2359 2232 manu·

1281 2240 1407 2274 missus
1433 2239 1488 2273 sit.

1330 2283 1378 2321 10
1404 2283 1655 2318 MODESTJNUS
1684 2283 1773 2318 libro
1798 2283 1921 2329 primo
1950 2284 2157 2328 reqularum
2203 2285 2357 2319 Patrono

1280 2329 1388 2363 invito
1423 2329 1560 2370 liberta,
1599 2338 1704 2372 quam
1737 2328 1774 2361 in
1808 2328 2028 2362 matrimonio
2063 2329 2197 2370 habuit,
2235 2330 2279 2363 ab
2316 2340 2356 2364 eo

1282 2373 1463 2408 discedere
1498 2384 1569 2408 non
1604 2376 1742 2417 potest,
1779 2372 1846 2407 nisi
1881 2382 1923 2407 ex
1959 2383 2067 2407 causa
2101 2373 2357 2408 fideicommissi

1280 2418 1495 2453 manumissa
1517 2418 1579 2452 sit:
1606 2422 1690 2452 tunc
1704 2417 1795 2451 enim
1816 2420 1943 2461 potest,
1965 2417 2047 2451 licet
2067 2418 2140 2452 eius
2161 2418 2201 2451 fit
2219 2418 2356 2453 liberta.

1329 2462 1375 2500 11
1411 2463 1604 2498 ULPJANUS
1625 2462 1714 2497 libro
1740 2463 1842 2496 tertio
1867 2463 1916 2496 ad
1939 2462 2048 2506 leqem
2072 2462 2203 2497 Iuliam
2228 2467 2262 2496 et
2285 2462 2353 2497 Pa-

1273 2509 1375 2554 piam
1423 2507 1525 2551 Quod
1549 2507 1599 2541 ait
1622 2507 1695 2541 lex:
1730 2506 1878 2541 ‘divortii
1900 2505 2052 2540 faciendi
2071 2510 2228 2551 potestas
2252 2507 2352 2541 liber-

1281 2557 1360 2594 ‘tae,
1387 2563 1476 2597 quae
1500 2556 1611 2596 nupta
1636 2556 1689 2586 est
1711 2555 1872 2595 patrono,
1897 2561 1942 2585 ne
1966 2551 2063 2592 esto’,
2088 2561 2159 2585 non
2183 2551 2353 2586 infectum

1280 2598 1416 2632 videtur
1448 2596 1606 2632 effecisse
1638 2596 1841 2637 divortium,
1875 2595 1968 2639 quod
1999 2596 2074 2630 iure
2108 2595 2197 2630 civili
2229 2596 2353 2630 dissol-

1278 2653 1358 2677 vere
1381 2642 1470 2677 solet
1493 2641 1760 2675 matrimonium.
1793 2650 1900 2684 quare
1921 2644 2083 2674 constare
2096 2640 2354 2675 matrimonium

1280 2687 1396 2722 dicere
1419 2697 1488 2721 non
1513 2696 1711 2730 possumus,
1737 2695 1815 2719 cum
1839 2684 1885 2718 sit
1915 2685 2166 2728 separatum¹⁹.
2204 2685 2354 2729 denique

1279 2732 1401 2766 scribit
1423 2731 1581 2765 Iulianus
1607 2730 1649 2764 de
1681 2730 1762 2764 dote
1793 2729 1885 2763 hanc
1910 2730 2084 2764 actionem
2117 2740 2187 2763 non
2210 2730 2351 2764 habere.

1278 2777 1400 2811 merito
1433 2776 1547 2820 igitur,
1588 2774 1753 2819 quamdiu
1783 2777 1954 2818 patronus
1987 2774 2060 2809 eius
2099 2784 2174 2808 eam
2209 2784 2353 2808 uxorem

1279 2832 1378 2856 suam
1403 2830 1479 2855 esse
1502 2820 1587 2860 vult,
1614 2830 1692 2854 cum
1713 2818 1807 2852 nullo
1823 2818 1890 2852 alio
1917 2819 2105 2853 conubium
2130 2819 2161 2853 ei
2185 2822 2247 2853 est.
2272 2829 2352 2853 nam

1279 2866 1360 2910 quia
1383 2865 1554 2899 intellexit
1577 2864 1660 2908 legis
1685 2864 1777 2897 lator
1799 2862 1894 2897 facto
1920 2863 2067 2898 libertae
2084 2864 2185 2914 quasi
2200 2863 2350 2907 diremp-

1278 2915 1353 2944 tum
1384 2909 1661 2949 matrimonium,
1696 2908 1846 2942 detraxit
1882 2908 1913 2942 ei
1944 2918 2023 2942 cum
2054 2908 2122 2943 alio
2154 2908 2348 2942 conubium.

1278 2965 1387 2999 quare
1412 2954 1618 2997 cuicumque
1642 2953 1811 2996 nupserit,
1836 2963 1899 2996 pro
1925 2963 1996 2987 non
2020 2956 2131 2997 nupta
2154 2952 2350 2987 habebitur.

1277 3000 1432 3034 Iulianus
1468 2998 1607 3042 quidem
1638 2997 1787 3041 amplius
1818 3000 1922 3041 putat
1956 3007 2020 3031 nec
2054 2998 2090 3031 in
2115 2997 2349 3047 concubinatu

1281 3048 1295 3079 1
1335 3054 1411 3078 eam
1436 3043 1578 3077 alterius
1590 3042 1731 3086 patroni
1749 3052 1825 3077 esse
1844 3052 1959 3085 posse.
1993 3042 2054 3075 Ait
2077 3042 2152 3077 lex:
2175 3041 2348 3085 ‘quamdiu

1278 3092 1459 3133 ‘patronus
1496 3097 1572 3121 eam
1607 3097 1751 3121 uxorem
1787 3096 1863 3121 esse
1896 3086 2010 3121 volet'.
2058 3091 2092 3121 et
2126 3087 2210 3121 velle
2247 3086 2348 3119 debet

1277 3143 1422 3168 uxorem
1454 3142 1531 3166 esse
1562 3135 1597 3165 et
1626 3135 1796 3175 patronus
1829 3131 1971 3165 durare:
2006 3131 2035 3165 si
2065 3132 2169 3174 igitur
2201 3134 2262 3163 aut
2285 3138 2346 3172 pa-

1276 3182 1399 3213 tronus
1424 3187 1500 3211 esse
1523 3180 1586 3210 aut
1608 3176 1697 3210 velle
1721 3175 1880 3217 desierit,
1913 3176 2012 3209 finita
2044 3180 2095 3210 est
2118 3175 2201 3219 legis
2225 3178 2344 3207 aucto-

1278 3227 1295 3256 2
1343 3223 1440 3256 ritas.
1487 3220 1578 3255 Illud
1601 3220 1793 3255 rectissime
1807 3220 1951 3264 placuit,
1965 3220 2152 3264 qualiquali
2171 3218 2346 3266 voluntate

1276 3266 1428 3310 intellegi
1452 3266 1564 3310 possit
1586 3268 1757 3309 patronus
1778 3266 1930 3298 animum
1950 3265 2079 3298 habere
2101 3263 2228 3313 desi-sse
2247 3270 2345 3304 quaS1

1275 3312 1312 3346 in
1336 3320 1491 3351 uxorem,
1516 3310 1609 3343 finiri
1632 3309 1716 3353 legis
1740 3310 1843 3343 huius
1865 3309 2076 3343 beneficium.
2103 3306 2245 3351 proinde
2267 3316 2343 3354 cuin

1275 3359 1446 3400 patronus
1471 3365 1587 3388 rerum
1611 3358 1809 3388 amotarum
1834 3365 1912 3388 cum
1936 3354 2078 3403 liberta,
2112 3361 2198 3394 quae
2223 3350 2266 3383 ab
2291 3360 2342 3381 ln-

1276 3402 1345 3435 vito
1380 3410 1419 3433 eo
1453 3399 1661 3440 diverterat,
1695 3399 1799 3433 vellet
1830 3398 1989 3442 experiri,
2014 3400 2201 3440 imperator
2226 3396 2343 3427 noster

1770 3512 1826 3548 (10)
1861 3506 2282 3542 constituendissensionem
2303 3505 2340 3540 F,

1273 3555 1499 3587 constituendi
1513 3555 1746 3587 discessionem
1761 3556 1930 3587 For-uerius
2000 3558 2052 3591 (ιι)
2065 3549 2304 3591 perseverentia
2316 3549 2345 3579 F

1273 3601 1329 3640 (12)
1355 3600 1463 3631 sentia
1474 3601 1508 3631 F
1618 3601 1674 3641 (13)
1700 3603 1733 3631 et
1747 3601 1803 3632 ins.
1817 3600 1851 3630 F
1981 3599 2035 3636 (14)
2061 3598 2255 3636 potestatem
2269 3597 2339 3644 dell.

1271 3645 1329 3683 (15)
1354 3645 1548 3685 nuptiarum
1563 3643 1613 3676 F²
1701 3645 1758 3684 (16)
1784 3644 1828 3674 sit
1843 3644 1900 3674 ins.
1917 3642 1994 3672 Hal.
2077 3643 2130 3689 117)
2157 3638 2275 3668 habeat
2288 3636 2340 3667 F²

1270 3694 1328 3725 (18)
1353 3688 1489 3720 divortii
1502 3689 1697 3721 tradendum
1711 3701 1770 3720 scr.
1841 3693 1897 3726 (19)
1923 3685 1978 3717 scd
1992 3696 2050 3715 nec
2065 3684 2257 3714 dissolutum
2272 3691 2339 3712 esse

1267 3733 1305 3765 in
1318 3735 1424 3765 totum
1438 3734 1496 3766 ins.

1275 3518 1316 3551 (9)
1341 3527 1386 3538 =
1407 3508 1623 3551 D.50‚17‚48
