2528 3918
143 127 227 157 VEL
256 126 525 158 FID'EICOMM.
558 127 705 158 CEDAT

140 236 332 273 aditionem
398 241 520 282 ropter
558 248 662 273 usum
699 237 877 274 fructum:
918 237 1076 282 quamvis
1090 239 1101 259 ¹
1137 238 1231 273 enim

139 281 264 317 electio
299 283 345 318 sit
391 283 559 328 egatarii,
590 287 711 318 tamen
743 283 901 318 nondum
932 282 1098 318 electioni
1128 283 1230 319 locus

139 337 216 362 esse
239 332 372 372 potest,
405 340 485 363 cum
508 332 731 373 proponatur
754 332 818 363 aut
840 327 997 363 nondum
1022 331 1230 364 testatorem

139 372 336 409 decessisse
371 378 434 408 aut
470 384 511 409 eo
544 378 685 408 mortuo
718 373 896 409 hereditas
929 374 1087 408 nondum
1119 374 1228 409 adita.

144 421 154 451 l
210 418 295 453 Inde
320 420 458 463 quaerit
480 419 658 461 Iulianus,
693 419 723 454 si
752 422 837 464 post
863 423 1014 454 mortem
1045 420 1229 455 testatoris

137 463 331 508 legatarius
357 464 526 506 decedat,
557 474 604 499 an
629 464 675 499 ad
698 464 866 500 heredem
889 464 1085 499 transferat
1108 465 1229 500 decem

140 510 304 554 legatum,
331 513 366 544 et
389 510 479 544 libro
505 510 708 554 trigensimo
735 510 883 555 septimo
904 510 1122 555 digestorum
1140 509 1227 545 scri-

141 555 191 588 bit
214 565 319 599 posse
344 554 413 589 dici
437 554 560 590 decem
583 555 829 598 transtulisse,
862 555 945 600 quia
967 560 1108 591 mortuo
1133 556 1227 600 lega-

139 599 229 634 tario
270 600 344 635 dies
383 600 490 645 legati
526 600 629 636 cedit.
688 604 935 645 argumentum
965 600 1126 636 Iulianus
1162 611 1227 645 pro

139 645 315 680 sententia
339 655 404 680 sua
427 645 545 680 adfert
568 646 657 681 tale:
685 646 799 681 ‘Seiae
824 646 945 681 decem
971 650 1042 690 aut,
1068 647 1098 682 si
1119 657 1227 692 pepe-

142 691 270 732 ι101112,
296 690 446 725 fundum
470 691 574 727 heres
599 702 698 727 meus
723 691 837 727 dato':
862 701 945 726 nam
969 692 1011 734 si,
1037 696 1228 737 antequam

137 736 437 817 &arssssitsffiffii'
472 736 1228 827 dsefeififrissffisa‘iessssssssffimfifffflssassffiiff

139 806 157 816 a
425 809 433 816 .
1218 809 1226 825 ,

138 830 176 861 111
207 826 276 871 ipsi
307 827 484 868 solvatur,
516 831 636 872 potest
666 830 862 873 procedere
892 828 1048 872 legatum
1073 839 1139 864 nec
1162 828 1227 863 im-

137 872 257 916 putari
279 872 413 916 heredi,
439 883 504 907 cur
526 884 598 909 non
623 874 728 918 patri,
761 873 824 909 sed
847 874 968 919 potius
993 874 1064 909 filio
1090 874 1225 910 solvat:

138 917 186 951 fin
210 927 229 952 e
269 918 360 952 enim
399 918 469 953 hoc
502 919 711 954 nominatim
743 929 951 964 expressum
988 919 1050 954 ‘ita
1082 923 1123 954 ut
1153 919 1226 954 filio

139 928 293 998 ‘soffvat'z
327 967 424 999 certe
455 964 486 998 si
509 968 612 1009 pater
635 968 752 1009 petat,
786 965 996 1010 exceptione
1021 965 1088 1000 erit
1111 964 1226 1016 repel-

139 1013 155 1042 3
204 1008 343 1043 lendus.
393 1009 430 1044 Si
455 1009 529 1044 dies
551 1010 660 1055 legati
684 1010 850 1053 cesserit,
883 1010 1010 1045 deinde
1033 1010 1226 1056 legatarius

136 1053 172 1088 in
191 1053 246 1088 ius
267 1054 422 1089 alienum
440 1058 611 1100 pervenit,
632 1056 726 1101 ipsi³
749 1056 870 1102 potius
890 1056 1040 1091 debetur
1059 1056 1226 1101 legatum,

135 1099 171 1133 in
196 1099 297 1134 cuius
321 1100 399 1144 ipse
422 1100 502 1136 ius⁴
526 1101 704 1146 pervenit:
736 1106 926 1137 transeunt
951 1101 1042 1136 enim
1067 1112 1148 1137 cum
1173 1111 1225 1143 eo,

135 1155 227 1189 quae
259 1145 292 1180 ei
325 1145 558 1181 debebantur.
614 1147 677 1182 sed
707 1146 738 1182 si
769 1147 836 1182 sub
874 1146 1082 1182 condicione
1120 1147 1228 1182 fuerit

134 1190 309 1234 legatum,
342 1201 415 1226 non
447 1192 594 1235 transit,
632 1192 696 1227 sed
728 1192 952 1237 exspectabit
983 1192 1227 1227 condicionem

136 1235 236 1280 eique
261 1235 469 1281 adquiretur
479 1239 503 1280 ⁵,
537 1237 638 1273 cuius
670 1238 757 1273 iuris
790 1238 856 1273 erit
889 1237 1109 1273 condicionis
1132 1237 1224 1273 exis-

135 1281 242 1316 tentis
266 1285 444 1326 tempore:
479 1283 573 1328 quod
603 1283 634 1318 si
665 1284 721 1318 sui
744 1284 831 1318 iuris
855 1283 964 1319 fuerit
988 1294 1029 1318 eo
1054 1287 1225 1328 tempore,

134 1327 202 1361 sibi
226 1326 344 1370 potius
369 1327 542 1373 adquiret.

183 1370 232 1408 15
258 1371 367 1406 IDEM
385 1373 476 1408 libro
501 1374 628 1419 quinto
653 1374 940 1419 disputationum
996 1373 1034 1409 Si
1057 1374 1109 1408 ita
1133 1378 1227 1409 esset

134 1417 253 1452 liberis
277 1417 588 1454 fideicommissum
611 1419 793 1463 relictum,
826 1419 857 1454 si
888 1422 1002 1455 morte
1031 1420 1145 1465 patris
1170 1419 1227 1455 sui

134 1462 220 1499 iuris
245 1467 364 1498 essent
389 1463 516 1506 effecti,
542 1475 608 1499 nec
632 1465 850 1500 mortalitate
874 1465 999 1510 patris,
1026 1465 1088 1500 sed
1104 1475 1225 1500 eman-

134 1508 335 1553 cipatione6
367 1513 488 1554 patres
520 1509 735 1545 familiarum
767 1511 954 1546 constituti
983 1510 1072 1553 sint,
1105 1510 1226 1546 deberi

133 1554 185 1588 eis
218 1553 529 1590 fideicommissum
561 1566 663 1590 nemo
697 1556 911 1591 dubitaverit
949 1556 1111 1601 diemque
1150 1557 1225 1592 eius

133 1599 416 1643 emancipatione
440 1601 602 1644 cessisse,
628 1602 689 1646 qui
713 1605 826 1637 morte
849 1601 963 1647 patris
989 1602 1141 1637 cederet.

182 1643 231 1681 16
261 1645 456 1681 IULIANUS
482 1646 574 1681 libro
608 1648 815 1692 triqensimo
847 1648 973 1693 quinto
1003 1648 1043 1682 di
1068 1652 1225 1682 cestorum

133 1690 222 1725 Cum
243 1690 294 1725 ita
320 1691 476 1736 legatum
501 1695 572 1727 est:
599 1692 773 1728 ‘Stichum
792 1693 847 1728 vel
865 1692 962 1738 quod
977 1703 1021 1728 ex
1069 1692 1226 1738 amphila

132 1739 268 1770 ‘natum
283 1736 351 1771 erit
366 1737 468 1772 heres
484 1748 584 1772 meus
602 1737 710 1781 dato'‚
735 1749 807 1773 non
825 1742 909 1773 ante
929 1738 1003 1773 dies
1024 1738 1131 1783 legati
1150 1738 1225 1773 eius

132 1781 251 1824 cedet,
283 1792 389 1827 quam
419 1783 554 1827 aliquid
585 1793 629 1818 ex
651 1783 842 1828 Pamphila
870 1789 994 1818 natum
1023 1784 1133 1820 fuerit
1163 1787 1226 1818 aut

135 1830 149 1861 1
200 1830 337 1862 certum
360 1827 469 1863 fuerit
492 1828 594 1863 nasci
617 1839 689 1864 non
706 1840 827 1881 posse.
866 1829 955 1864 Cum
973 1840 1074 1865 servo
1093 1830 1224 1874 legato,

132 1876 324 1917 antequam
348 1873 528 1908 hereditas
554 1874 629 1909 eius
655 1885 716 1918 qu1
739 1875 919 1919 legaverat
943 1875 1111 1918 adiretur,
1137 1886 1224 1910 usus

131 1917 270 1953 fructus
295 1918 342 1953 ab
366 1919 436 1953 alio
460 1919 599 1964 legatus
623 1919 733 1954 fuerit
758 1925 793 1955 et
815 1920 914 1965 prior
938 1920 1118 1956 hereditas
1136 1921 1223 1964 01118,

132 1963 192 2008 (1111
216 1974 320 1999 usum
345 1963 502 1999 fructum
526 1965 706 2009 legaverit,
732 1965 831 2000 adita
855 1966 982 2001 fuerit:
1008 1966 1108 2001 nulla
1131 1966 1223 2001 ratio

131 2013 203 2051 est,
238 2020 302 2044 cur
334 2009 426 2044 diem
454 2010 563 2055 legati
587 2010 714 2046 cedere
738 2011 998 2054 existimemus,
1031 2015 1224 2056 antequam

131 2065 173 2089 ea
206 2065 347 2100 quoque
378 2055 576 2098 hereditas,
618 2066 662 2091 ex
702 2067 773 2102 qua
808 2067 932 2092 servus
963 2057 1100 2102 legatus
1133 2061 1222 2100 erat,

131 2100 299 2142 adeatur,
335 2111 416 2135 cum
439 2110 555 2146 neque
578 2101 615 2136 in
639 2102 845 2146 praesentia
869 2102 982 2138 ullum
1007 2103 1223 2138 emolumen-

130 2150 206 2180 tum
229 2145 420 2181 hereditati
444 2146 654 2191 adquiratur
678 2152 733 2190 et,
762 2148 792 2182 si
816 2148 957 2183 interim
982 2158 1104 2184 servus
1128 2159 1221 2183 mor-

130 2195 214 2226 tuus
239 2191 357 2233 fuerit,
382 2192 538 2236 legatum
564 2193 803 2238 extinguatur.
852 2204 962 2238 quare
993 2193 1091 2229 adita
1119 2194 1221 2229 here-

131 2236 241 2272 ditate
257 2237 531 2272 existimandum
549 2242 603 2273 est
618 2249 723 2273 usum
738 2238 897 2274 fructum
914 2239 961 2274 ad
979 2249 1070 2282 eum,
1097 2240 1198 2274 cuius
1209 2241 1222 2260 ⁷

133 2286 149 2316 2
199 2292 321 2317 servus
351 2282 490 2328 legatus
523 2287 634 2326 esset,
666 2284 856 2329 pertinere.
905 2284 1009 2328 Quod
1033 2286 1063 2320 si
1087 2296 1221 2327 servus,

131 2327 189 2362 cui
224 2338 310 2363 usus
347 2327 488 2364 fructus
525 2329 664 2373 legatus
703 2329 830 2372 fuerit,
870 2330 948 2375 ipse
980 2330 1118 2376 legatus
1150 2342 1223 2366 non

129 2373 255 2415 fuerit,
289 2373 478 2408 dicendum
503 2378 558 2409 est
582 2385 686 2410 usum
710 2375 869 2411 fructum
894 2375 941 2410 ad
963 2376 1222 2411 hereditatem⁸

130 2418 318 2462 pertinere,
344 2429 385 2454 eo
412 2419 508 2464 quod
532 2419 606 2455 dies
631 2420 706 2455 eius
728 2425 811 2457 ante
835 2421 969 2456 aditam
986 2421 1221 2457 hereditatem

131 2475 202 2498 11011
228 2464 384 2499 cesserit.

179 2507 229 2545 17
255 2509 364 2544 IDEM
383 2510 473 2545 libro
500 2511 707 2557 triqensz'mo
732 2515 836 2547 sexto
862 2512 1082 2564 diqestorum
1133 2512 1222 2547 Cum

130 2555 245 2598 legato
280 2565 380 2590 servo
411 2556 546 2601 aliquid
577 2556 735 2601 legatur,
769 2557 844 2592 dies
876 2568 952 2593 elus
984 2558 1092 2603 legati
1125 2558 1222 2603 quod

130 2611 231 2635 servo
257 2600 363 2635 datur
386 2611 458 2636 non
482 2602 606 2636 mortis
631 2606 807 2647 tempore,
840 2603 904 2638 sed
935 2603 1055 2639 aditae
1081 2604 1219 2638 heredi—

130 2646 215 2680 tatis
240 2646 350 2681 cedit:
378 2650 413 2681 et
436 2646 515 2682 ideo
540 2647 792 2691 impedimento
817 2659 890 2683 non
915 2652 969 2683 est
982 2649 1106 2693 regula
1122 2649 1219 2691 iuris,

130 2702 200 2735 quo
232 2691 349 2726 minus
382 2692 600 2727 manumisso
633 2693 789 2738 legatum
821 2693 1012 2736 debeatur,
1046 2695 1129 2739 quia
1153 2695 1222 2729 etsi

132 2736 315 2771 confestim
340 2741 442 2781 pater
465 2737 618 2772 familias
643 2743 858 2782 moreretur,
892 2750 965 2774 non
993 2740 1031 2774 in
1063 2740 1220 2775 eiusdem

130 2793 321 2827 personam
352 2786 388 2817 et
420 2783 694 2818 emolumentum
725 2784 832 2829 legati
864 2788 900 2819 et
932 2785 1099 2829 obligatio
1131 2785 1219 2820 iuris

131 2832 371 2863 concurreret.
419 2828 566 2880 perinde
597 2829 703 2874 igitur
735 2833 790 2865 est
819 2830 905 2873 hoc,
939 2830 983 2864 de
1016 2841 1084 2874 quo
1111 2841 1219 2874 quae-

130 2873 231 2915 ritur,
257 2883 299 2908 ac
323 2873 354 2908 si
378 2873 450 2908 filio
475 2874 606 2909 herede
629 2874 793 2910 instituto
814 2875 910 2920 patri
928 2876 1084 2919 legatum
1106 2880 1217 2912 esset:

130 2918 225 2963 quod
251 2919 447 2954 consistere
471 2919 687 2965 intellegitur
706 2930 759 2963 eo,
787 2921 893 2965 quod,
920 2921 1079 2966 quamvis
1100 2922 1220 2956 statim

130 2968 232 3008 pater
265 2963 419 3000 familias
452 2965 642 3009 moriatur,
682 2969 801 3010 potest
838 2966 1083 3010 emancipatus
1121 2967 1220 3002 adire

130 3009 372 3049 hereditatem,
398 3013 438 3044 ut
460 3010 555 3055 patri
579 3011 734 3056 legatum
759 3011 898 3047 debeat.

179 3051 228 3091 18
253 3054 360 3089 IDEM
387 3055 477 3090 libro
506 3057 715 3102 triqensimo
740 3059 890 3103 septimo
916 3057 1136 3103 diffestorum
1183 3059 1217 3093 Is

132 3099 214 3133 cui⁹
244 3099 294 3134 ita
325 3100 480 3144 legatum
505 3105 558 3136 est
583 3102 809 3147 ‘quandoque
832 3103 962 3138 liberos
987 3103 1164 3138 habuerit'
1190 3105 1219 3138 si

130 3149 323 3189 praegnate
352 3157 464 3181 uxore
495 3147 622 3182 relicta
654 3147 865 3191 decesserit,
905 3148 1122 3194 intellegitur
1157 3159 1217 3184 ex-

130 3189 227 3233 pleta
266 3190 473 3227 condicione
513 3192 709 3227 decessisse
747 3197 782 3228 et
819 3194 975 3238 legatum
1012 3194 1147 3237 valere,
1188 3195 1220 3230 si

130 3239 250 3269 tamen
299 3239 458 3272 ostumus
483 3242 590 3272 natus
614 3237 733 3272 fuerit.

152 3325 159 3331 ·
180 3277 230 3316 19
263 3246 369 3315 PDEM
395 3282 485 3317 libro
521 3284 812 3330 septuaqensimo
853 3284 1073 3330 diyestorum
1131 3285 1219 3320 Cum

131 3336 208 3360 sine
231 3324 477 3377 praefinitione
500 3329 669 3372 temporis
694 3328 850 3373 legatum
873 3329 924 3364 ita
949 3330 1072 3364 datum
1092 3330 1217 3366 fuerit:

132 3374 246 3405 ‘uxori
270 3380 369 3405 meae
392 3382 523 3416 penum
546 3374 650 3409 heres
675 3373 778 3409 dato:
805 3375 834 3409 si
858 3385 930 3410 non
954 3375 1108 3418 dederit,
1135 3386 1216 3410 cen-

131 3419 217 3450 ‘tum
253 3415 360 3458 dato’,
404 3428 513 3452 unum
549 3418 705 3464 legatum
744 3420 961 3464 intellegitur
1001 3425 1143 3456 centum
1182 3425 1218 3456 et

132 3461 251 3496 statim
274 3461 348 3505 peti
370 3465 506 3506 potest,
538 3464 680 3509 penoris
712 3469 831 3500 autem
865 3475 975 3500 causa
1004 3477 1046 3501 eo
1079 3470 1218 3501 tantum

131 3506 295 3551 pertinet,
320 3509 361 3541 ut
384 3511 467 3543 ante
484 3508 582 3544 litem
601 3513 838 3546 contestatam
854 3511 986 3546 tradita
1004 3522 1097 3557 peno
1114 3512 1217 3547 heres

1223 110 1311 160 537

2148 119 2338 163 XXXVI
2368 123 2393 162 2

1306 242 1319 272 1
1369 237 1552 274 liberetur.
1609 237 1713 282 Quod
1744 238 1774 273 si
1810 238 1860 273 ita
1895 240 2067 285 scriptum
2103 241 2150 276 sit
2184 241 2227 277 ‘si
2261 252 2394 287 penum

1302 284 1408 318 ‘intra
1431 282 1605 318 kalendas
1630 293 1703 318 non
1728 283 1874 326 dederit,
1901 290 2043 321 centum
2068 286 2176 330 dato’,
2208 298 2283 322 non
2313 288 2391 323 effi-

1302 329 1411 372 citur,
1442 333 1483 363 ut
1508 328 1578 364 duo
1603 328 1722 374 legata
1746 328 1833 371 sint,
1865 330 1927 364 sed
1952 335 1992 366 ut
2016 337 2159 367 centum
2182 332 2301 378 legata
2324 334 2393 370 sub

1301 374 1510 409 condicione
1538 373 1742 409 videantur:
1775 374 1908 410 idcirco
1939 376 1969 411 si
1994 388 2085 412 uxor
2108 382 2192 413 ante
2217 378 2392 415 kalendas

1300 420 1504 462 decesserit,
1529 420 1651 454 heredi
1674 429 1740 455 suo
1765 430 1879 463 neque
1902 431 2033 465 penum
2057 423 2243 468 relinquet,
2269 425 2393 478 (1111οῑο

1298 464 1416 509 legata
1440 476 1513 500 non
1538 469 1608 507 est,
1642 475 1758 509 neque
1787 469 1945 509 centum,
1977 468 2059 512 quia
2083 468 2158 504 dies
2182 469 2214 504 le
2239 474 2291 505 ati
2315 480 2392 506 ces-

1300 513 1318 544 2
1367 510 1452 545 serit
1476 513 1651 546 *necesse
1673 514 1726 545 est
1742 511 1916 555 legataria
1933 511 2022 547 viva.
2060 513 2188 549 Statim
2231 515 2282 550 ies
2306 516 2392 551 mihi

1299 556 1422 591 *cedit
1435 557 1496 598 ¹¹‚*
1522 566 1602 591 cum
1623 556 1669 591 ab
1691 566 1732 591 eo
1754 556 1841 590 mihi
1858 555 2168 594 fideicommissum
2185 560 2308 595 datum
2326 565 2391 604 est,

1299 600 1356 635 0111
1390 601 1458 636 sub
1492 601 1700 637 condicione
1730 601 1886 646 legatum
1919 606 1991 645 est,
2030 605 2328 648 quemadmodum
2361 607 2393 642 si

1298 646 1429 681 herede
1468 646 1632 682 instituto
1669 646 1736 682 sub
1769 647 1977 683 condicione
2006 660 2097 693 pure
2126 651 2211 685 mihi
2242 652 2391 696 legetur.

1300 695 1318 726 3
1369 691 1406 726 Si
1437 691 1589 727 debitori
1622 692 1718 737 quod
1755 693 1822 728 sub
1857 693 2066 730 condicione
2099 695 2205 731 debet
2236 696 2392 741 legatum

1298 740 1372 780 est,
1405 747 1577 781 praesens
1601 737 1757 782 legatum
1782 741 1837 773 est
1861 739 1989 784 agique
2014 750 2058 775 ex
2081 744 2293 777 testamento
2318 747 2391 778 sta—

1298 782 1362 816 tim
1385 785 1521 827 potest,
1546 787 1587 817 ut
1610 783 1774 818 liberatio
1798 788 2019 827 praestetur,
2052 789 2106 828 et,
2138 787 2169 821 si
2192 791 2274 831 post
2298 799 2391 823 mor-

1298 831 1368 862 tem
1408 828 1591 863 testatoris
1633 828 1845 872 decesserit,
1890 829 1937 865 ad
1975 830 2142 865 heredem
2184 834 2393 868 transmittit

1298 876 1318 907 4
1367 873 1555 908 actionem.
1599 873 1700 909 Haec
1726 874 1876 909 dicenda
1901 879 2006 910 erunt
2030 879 2066 911 et
2089 877 2119 912 si
2143 888 2215 912 non
2238 878 2307 922 ipsi
2331 879 2391 914 de-

1298 918 1422 961 bitori,
1454 918 1517 954 sed
1547 919 1607 954 alii
1639 919 1787 954 cuilibet
1819 920 1980 956 similiter
2012 920 2168 966 legatum
2198 932 2276 959 esse
2308 935 2390 969 pro-

1323 968 1463 999 onatur.

1297 975 1320 1009 p
1343 1007 1396 1046 20
1422 1009 1659 1045 MAROIANUS
1680 1010 1771 1046 libro
1799 1015 1904 1046 sexto
1930 1011 2194 1047 institutionum
2250 1012 2287 1048 Si
2312 1025 2393 1049 cum

1296 1055 1545 1145 Ρᾶἒξὲᾞὲἓὲἓ
1565 1065 1748 1137 ἓὲΠὲἔὲἒ
1770 1056 1928 1137 ἓξῖᾞ
1950 1056 2350 1140 11111ῗὲ1ξῖἒὲξῖᾙῖΕὲ
2366 1061 2393 1081 ¹²

2352 1118 2392 1140 n-

1297 1146 1385 1181 simo
1411 1146 1631 1190 digestorum
1655 1147 1782 1182 scribit
1804 1128 1995 1183 interesse:
2027 1152 2063 1183 et
2092 1148 2124 1184 si
2155 1148 2296 1194 quidem
2307 1116 2391 1185 gali-

1296 1196 1496 1227 mentorum
1525 1192 1668 1227 nomine
1691 1192 1848 1237 legatum
1871 1192 1996 1235 fuerit,
2029 1194 2136 1238 plura
2167 1205 2244 1230 esse
2275 1195 2394 1240 legata

1298 1240 1334 1272 et
1357 1237 1562 1272 futurorum
1586 1248 1762 1273 annorum
1785 1238 1943 1283 legatum
1971 1238 2184 1283 legatarium
2213 1245 2393 1276 mortuum

1296 1282 1342 1317 ad
1373 1282 1540 1318 heredem
1571 1294 1644 1319 non
1676 1284 1936 1319 transmittere:
1968 1284 1999 1320 si
2031 1295 2114 1320 vero
2140 1297 2213 1321 non
2236 1297 2302 1331 pro
2328 1287 2391 1321 ali-

1297 1328 1426 1364 mentis
1450 1328 1589 1373 legavit,
1616 1328 1679 1364 sed
1702 1330 1739 1364 in
1763 1330 1884 1374 plures
1908 1330 2099 1375 pensiones
2125 1331 2243 1367 divisit
2264 1342 2393 1367 exone-

1296 1373 1400 1409 randi
1422 1374 1565 1409 heredis
1589 1375 1725 1419 gratia,
1756 1375 1825 1410 1100
1851 1385 1938 1411 casu
1963 1376 2013 1410 ait
2038 1376 2195 1412 omnium
2218 1387 2393 1412 annorum

1298 1430 1408 1454 unum
1440 1430 1519 1455 esse
1548 1419 1707 1464 legatum
1739 1424 1775 1456 et
1805 1421 1902 1456 intra
1926 1420 2138 1457 decennium
2163 1422 2393 1459 decedentem

1297 1465 1507 1510 legatarium
1532 1466 1639 1500 etiam
1661 1465 1865 1501 futurorum
1890 1477 2067 1502 annorum
2089 1468 2245 1513 legatum
2266 1469 2312 1503 ad
2330 1469 2393 1506 110-

1296 1510 1415 1546 redem
1440 1521 1545 1546 suum
1568 1511 1822 1554 transmittere,
1849 1523 1941 1557 quae
1966 1513 2145 1551 sententia
2167 1524 2251 1549 vera
2276 1518 2340 1549 est.

1343 1554 1393 1593 21
1427 1555 1485 1591 ΡΑ
1493 1565 1589 1592 ULUS
1615 1557 1706 1592 libro
1736 1558 1895 1593 secundo
1926 1558 1975 1593 ad
2014 1558 2196 1594 Vitellium
2249 1559 2288 1594 Si
2318 1560 2393 1595 dies

1296 1602 1461 1646 adposita
1492 1602 1609 1647 legato
1643 1613 1715 1638 non
1740 1607 1812 1645 est,
1846 1614 2017 1648 praesens
2043 1603 2194 1640 debetur
2217 1609 2281 1640 aut
2306 1616 2390 1641 con-

1295 1647 1414 1683 festim
1439 1647 1484 1682 ad
1510 1658 1590 1682 eum
1613 1649 1769 1692 pertinet
1794 1649 1852 1684 cui
1873 1648 1996 1684 datum
2014 1653 2084 1686 est:
2111 1650 2253 1686 adiecta
2270 1661 2391 1696 quam-

1295 1693 1346 1728 vis
1370 1693 1481 1736 longa
1505 1693 1570 1736 sit,
1604 1694 1634 1729 si
1659 1698 1757 1729 certa
1782 1698 1853 1736 est,
1887 1695 1996 1730 veluti
2026 1695 2189 1731 kalendis
2213 1696 2392 1732 Ianuariis

1296 1738 1517 1781 centesimis,
1543 1738 1617 1774 dies
1643 1739 1785 1784 quidem
1808 1740 1916 1785 legati
1940 1740 2060 1775 statim
2086 1741 2195 1784 cedit,
2222 1742 2284 1777 sed
2309 1746 2392 1777 ante

1295 1784 1388 1819 diem
1412 1784 1487 1829 peti
1505 1795 1578 1820 non
1593 1788 1730 1829 potest:
1756 1788 1794 1820 at
1812 1786 1843 1822 si
1858 1785 2007 1829 incerta,
2034 1786 2138 1832 quasi
2162 1788 2255 1823 ‘cum
2279 1788 2390 1832 pubes

1296 1829 1372 1865 erit'
1409 1833 1502 1864 ‘cum
1533 1829 1571 1864 in
1602 1830 1774 1865 familiam
1805 1832 1978 1876 nupserit'
2017 1834 2110 1867 ‘cum
2142 1833 2391 1877 magistratum

1293 1875 1422 1910 inierit’
1457 1886 1538 1910 cum
1570 1875 1704 1921 aliquid
1729 1876 1889 1919 demum,
1923 1877 2019 1922 quod
2049 1878 2223 1913 scribenti
2236 1879 2264 1899 ¹³
2295 1890 2389 1914 00111-

1296 1920 1517 1965 prehendere
1542 1921 1588 1956 sit
1613 1922 1849 1965 commodum,
1874 1923 2019 1958 fecerit:
2045 1923 2114 1958 nisi
2137 1927 2279 1969 tempus
2305 1935 2389 1959 con-

1295 1966 1431 2001 diciove
1456 1966 1593 2011 optigit,
1618 1977 1734 2012 neque
1757 1979 1815 2003 res
1840 1967 2021 2012 pertinere
2045 1979 2160 2014 neque
2185 1969 2259 2004 dies
2284 1970 2390 2015 legati

1297 2015 1310 2045 1
1363 2011 1489 2046 cedere
1513 2016 1643 2056 potest.
1687 2012 1726 2048 Si
1749 2014 1816 2049 sub
1843 2013 2065 2056 condicione,
2092 2025 2162 2058 qua
2177 2015 2204 2035 ¹⁴
2228 2019 2264 2050 te
2287 2015 2389 2050 here-

1294 2057 1373 2092 dem
1404 2057 1562 2100 institui,
1596 2058 1664 2093 sub
1698 2068 1741 2093 ea
1774 2059 1983 2094 condicione
2017 2060 2111 2095 Titio
2144 2060 2301 2105 legatum
2333 2061 2390 2103 sit,

1292 2102 1513 2148 Pomponius
1543 2106 1648 2147 putat
1676 2103 1825 2148 perinde
1856 2104 1964 2140 huius
1997 2105 2106 2150 legati
2139 2105 2231 2140 diem
2264 2106 2390 2141 cedere

1293 2151 1401 2193 atque
1425 2148 1456 2183 si
1479 2158 1569 2193 pure
1592 2149 1757 2184 relictum
1788 2154 1898 2193 esset,
1930 2151 2097 2195 quoniam
2128 2155 2265 2186 certum
2295 2156 2391 2187 esset

1292 2193 1423 2229 herede
1454 2194 1628 2229 existente
1658 2194 1817 2230 debitum
1840 2195 1902 2231 iri:
1936 2206 2051 2241 neque
2084 2196 2175 2231 enim
2207 2207 2272 2242 per
2304 2207 2388 2232 con-

1293 2239 1468 2274 dicionem
1499 2239 1670 2274 heredum
1702 2240 1780 2275 fieri
1808 2242 1948 2276 incerta
1978 2241 2096 2286 legata
2135 2252 2201 2277 nec
2239 2242 2389 2277 multum

1292 2285 1462 2320 interesse
1486 2285 1559 2319 tale
1582 2285 1739 2330 legatum
1764 2286 1809 2322 ab
1834 2287 1904 2322 hoc
1929 2287 1971 2322 ‘si
1994 2287 2098 2322 heres
2123 2288 2200 2330 erit,
2228 2288 2335 2323 dato'.

1338 2328 1392 2366 22
1419 2330 1649 2366 POMPONIUS
1676 2332 1767 2366 libro
1798 2333 1924 2377 quinto
1957 2333 2007 2367 ad
2030 2332 2200 2374 Quintum
2225 2333 2388 2369 Mucium

1292 2375 1331 2411 Si
1355 2375 1466 2418 Titio,
1501 2378 1595 2411 ‘cum
1623 2376 1654 2411 is
1680 2387 1857 2412 annorum
1882 2377 2168 2423 quattuordecim
2194 2382 2287 2414 esset
2311 2378 2386 2414 fac-

1293 2422 1386 2464 ‘tus’‚
1426 2421 1459 2456 10
1485 2425 1583 2456 atum
1620 2421 1730 2458 fuerit
1768 2426 1804 2457 et
1838 2423 1869 2457 is
1901 2427 1985 2458 ante
2015 2427 2181 2467 quartum
2214 2423 2388 2459 decimum

1292 2477 1426 2502 annum
1476 2467 1655 2510 ecesserit,
1680 2478 1803 2503 verum
1829 2472 1881 2504 est
1898 2470 1922 2490 ¹⁵
1946 2468 1993 2503 ad
2010 2469 2176 2504 heredem
2195 2469 2271 2504 eius
2290 2470 2386 2514 lega-

1292 2516 1368 2547 tum
1392 2523 1466 2547 non
1489 2513 1654 2555 transire,
1681 2514 1849 2558 quoniam
1874 2524 1946 2549 11011
1969 2514 2085 2549 solum
2111 2514 2222 2558 diem,
2256 2514 2320 2550 sed
2352 2519 2388 2550 et

1293 2558 1538 2593 condicionem
1559 2559 1627 2593 hoc
1648 2559 1805 2603 legatum
1828 2559 1864 2593 in
1889 2570 1928 2594 se
1954 2559 2112 2594 continet
2137 2560 2179 2595 ‘si
2196 2560 2387 2595 01100111016

1293 2605 1399 2639 ‘esset
1422 2613 1599 2639 annorum
1624 2604 1932 2649 quattuordecim',
1967 2605 2027 2649 qui
2056 2609 2176 2640 autem
2205 2605 2243 2640 in
2265 2616 2385 2641 rerum

1291 2653 1421 2683 natura
1442 2660 1514 2684 non
1533 2653 1638 2693 esset,
1665 2660 1840 2685 annorum
1858 2650 2145 2694 quattuordecim
2160 2652 2186 2671 ¹⁷
2211 2661 2288 2686 esse
2313 2662 2385 2686 non

1290 2694 1566 2739 intellegeretur.
1615 2705 1681 2730 nee
1705 2696 1871 2739 interest,
1904 2699 2025 2730 utrum
2048 2696 2230 2732 scribatur
2254 2697 2295 2732 ‘si
2320 2708 2383 2732 an-

1292 2743 1430 2775 ‘norum
1454 2740 1741 2785 quattuordecim
1765 2741 1884 2776 factus
1910 2741 1987 2776 erit’
2013 2752 2059 2776 an
2078 2742 2139 2784 ita,
2166 2753 2246 2777 011111
2265 2742 2385 2787 priore

1291 2786 1469 2831 scriptura
1493 2796 1557 2830 per
1583 2786 1827 2821 condicionem
1850 2790 1991 2831 tempus
2017 2787 2296 2830 demonstratur,
2328 2798 2382 2823 se-

1291 2831 1413 2875 quenti
1435 2841 1500 2875 per
1523 2835 1663 2876 tempus
1690 2832 1867 2876 condicio,
1899 2832 2091 2878 utrubique
2115 2836 2236 2869 tamen
2259 2833 2383 2868 eadem

1294 2880 1308 2910 1
1360 2876 1521 2911 condicio
1546 2881 1611 2912 est.
1661 2877 1843 2921 Quaedam
1873 2881 1992 2912 autem
2023 2878 2251 2914 condiciones
2277 2879 2382 2913 etiam

1291 2931 1535 2966 supervacuae
1558 2926 1651 2966 sunt,
1681 2923 1790 2957 veluti
1814 2924 1843 2958 si
1867 2923 1918 2958 ita
1941 2923 2093 2958 scribat:
2126 2924 2255 2959 ‘Titius
2279 2924 2381 2958 heres

1291 2970 1391 3001 ί0010.
1440 2968 1470 3001 si
1502 2967 1619 3003 Titius
1651 2967 1884 3003 hereditatem
1917 2979 2032 3003 meam
2063 2969 2206 3012 adierit,
2239 2969 2380 3004 Maevio

1291 3012 1424 3047 ‘decem
1445 3012 1561 3048 dato’:
1587 3023 1669 3047 nam
1687 3024 1753 3058 pro
1771 3014 1885 3049 1101118
1909 3015 2043 3059 scripto
2063 3025 2106 3050 ea
2124 3015 2284 3050 condicio
2305 3015 2380 3055 erit,

1290 3062 1330 3092 ut
1361 3058 1561 3093 omnimodo
1595 3058 1641 3093 ad
1673 3059 1838 3094 heredem
1862 3059 1995 3095 Maevii
2023 3060 2179 3104 legatum
2209 3063 2379 3102 transeat,

1290 3103 1428 3137 etiamsi
1451 3103 1612 3138 Maevius
1645 3108 1728 3139 ante
1759 3104 1893 3140 aditam
1917 3105 2151 3140 hereditatem
2176 3105 2378 3139 decesserit.

1290 3153 1324 3183 et
1347 3148 1451 3190 idem,
1476 3149 1508 3184 si
1531 3149 1582 3183 ita
1606 3148 1716 3184 fuerit
1735 3150 1924 3196 scriptum:
1952 3151 1993 3185 ‘si
2014 3151 2128 3185 Titius
2147 3150 2377 3184 hereditatem

1290 3197 1416 3229 ‘meam
1432 3194 1569 3238 adierit,
1594 3194 1689 3229 intra
1711 3195 1785 3230 dies
1807 3200 1948 3231 centum
1965 3196 2103 3230 Maevio
2123 3195 2245 3230 decem
2262 3194 2375 3229 dato':

1289 3249 1371 3273 nam
1395 3239 1464 3273 1100
1488 3240 1643 3284 legatum
1666 3241 1702 3275 in
1727 3241 1819 3276 diem
1844 3242 1926 3285 erit,
1957 3252 2030 3277 11011
2058 3242 2125 3276 sub
2158 3240 2376 3282 condicione,

1289 3285 1372 3329 quia
1397 3284 1553 3320 definitio
1579 3285 1759 3321 Labeonis
1809 3286 1971 3322 robanda
1995 3290 2049 3321 est
2073 3285 2221 3320 dicentis
2250 3285 2287 3319 id
2317 3284 2376 3319 de-

1287 3341 1382 3364 mum
1416 3329 1571 3373 legatum
1603 3331 1650 3366 ad
1678 3331 1764 3366 here
1792 3343 1846 3367 em
1878 3332 2040 3376 legatarii
2069 3330 2238 3381 transire,
2282 3329 2377 3381 quod

1289 3378 1308 3409 2
1358 3378 1495 3409 certum
1524 3375 1570 3410 sit
1598 3376 1758 3412 debitum
1786 3377 1845 3419 iri,
1875 3378 1905 3412 si
1929 3377 2078 3412 adeatur
2101 3374 2291 3409 heredltas.
2340 3374 2376 3426 ξι

1288 3425 1407 3454 tamen
1440 3420 1531 3456 duos
1563 3422 1712 3458 heredes
1743 3423 1929 3457 instituam
1961 3426 2014 3462 et,
2054 3421 2084 3455 si
2121 3421 2211 3454 alter
2246 3429 2288 3453 ex
2321 3419 2376 3453 his

1288 3465 1394 3500 adeat
1417 3466 1669 3512 hereditatem,
1704 3468 1812 3503 alicui
1840 3468 1952 3512 legem
1977 3467 2023 3501 ab
2048 3466 2211 3500 omnibus
2235 3464 2375 3516 heredi-

1288 3512 1374 3546 bus:
1406 3521 1479 3546 non
1510 3512 1578 3547 erit
1606 3524 1673 3559 pro
1705 3523 1928 3558 supervacuo
1962 3522 2003 3546 ea
2036 3510 2215 3553 condicio,
2247 3509 2311 3545 sed
2338 3520 2376 3544 111

132 3622 171 3660 (1)
197 3630 336 3660 quamus
349 3620 382 3652 F
431 3623 474 3660 (2)
491 3622 615 3662 pererit
630 3623 663 3655 F
708 3625 749 3663 (3)
767 3624 841 3666 ipsi]
854 3624 884 3656 01
896 3637 957 3656 scr.
1013 3626 1053 3663 (4)
1071 3625 1175 3666 ipsius
1188 3624 1221 3656 F

133 3666 176 3704 (5)
202 3665 434 3706 adquireretur
447 3666 479 3696 F
561 3669 604 3708 (ὅ)
631 3669 927 3711 emancipatatione
942 3670 975 3701 F
1053 3671 1096 3711 (ἵ)
1122 3670 1176 3702 0111
1190 3671 1218 3702 S

133 3712 177 3750 (8)
202 3710 243 3742 ad
254 3710 407 3742 heredem
416 3710 507 3742 adita
515 3712 697 3745 hereditate
709 3716 853 3756 sensere
863 3722 896 3746 ut
907 3715 1011 3746 Faber
1059 3716 1101 3757 (9)
1121 3716 1178 3755 (1111
1190 3717 1224 3747 F

133 3759 191 3798 (ιο)
218 3766 368 3797 quaquae
382 3757 414 3788 lv'
504 3757 558 3799 (11)
583 3768 711 3791 necesso
723 3763 769 3791 est
781 3759 802 3790 1.
820 3770 846 3791 v.
861 3762 899 3790 st.
916 3759 945 3791 d.
959 3760 1042 3791 mihi
1056 3760 1143 3793 cedit
1156 3774 1212 3792 um.

1288 3626 1319 3657 in
1334 3626 1424 3658 hiatu
1437 3639 1583 3660 versuum
1597 3626 1659 3671 2¹l2
1680 3628 1716 3660 F
1819 3627 1876 3665 (12)
1901 3624 2056 3657 volutitio
2069 3625 2103 3657 F
2211 3626 2268 3664 (13)
2294 3623 2375 3655 scri-

1287 3670 1387 3702 bendi
1398 3671 1430 3702 F
1527 3677 1584 3711 414)
1609 3673 1670 3705 sub
1684 3682 1749 3713 qua
1761 3671 1955 3703 condicione
1968 3684 2029 3703 scr.
2130 3670 2186 3709 (151
2215 3672 2262 3701 est
2275 3682 2333 3701 om.
2348 3669 2381 3701 F

1288 3718 1345 3755 (10)
1372 3716 1507 3749 effaetus
1520 3719 1556 3750 F
1641 3720 1698 3757 (11)
1726 3728 1792 3748 11011
1808 3718 1866 3749 ins.
1883 3718 1914 3747 F
2003 3719 2060 3753 (is)
2087 3725 2130 3746 no
2145 3716 2179 3746 F

2058 3818 2102 3851 &8
