2528 3918
107 134 259 165 LEGEM
287 134 536 164 FALCIDIAM
564 133 774 165 LICUERIT

107 248 284 295 putationi
323 248 442 284 locum
485 258 565 283 esse
601 246 737 282 ‚Pedius
781 246 847 289 ait,
891 248 932 280 ut
974 245 1194 287 aestimetur,

108 294 231 339 quanti
255 294 301 329 sit
348 294 420 329 uod
442 293 481 328 in
505 293 599 328 diem
629 292 785 337 legatum
816 295 869 326 est
893 294 928 326 et
952 294 1092 325 tantum
1117 300 1193 325 cre-

107 341 212 374 datur
236 349 313 374 esse
354 342 504 383 egatum,
544 339 739 383 quantum¹
767 336 878 371 efficit
906 336 1123 379 aestimatio,
1155 339 1196 370 ut

107 396 170 430 pro
196 385 300 419 modo
325 385 401 419 eius
427 394 470 419 ex
495 383 657 419 omnibus
688 382 813 427 legatis
847 382 968 417 statim
998 382 1085 426 legis
1110 381 1195 415 Fal-

107 434 126 464 3
175 430 288 465 cidiae
313 430 403 464 ratio
429 429 616 464 habeatur.
666 427 838 472 Quotiens
863 427 1024 462 futurum
1056 430 1130 470 est,
1155 430 1196 460 ut

106 475 224 519 palam
248 475 295 510 sit
317 479 354 510 et
377 477 460 509 ante
486 474 578 508 diem
602 474 798 508 venientem
821 473 893 507 iam
916 472 1116 506 Falcidiam
1141 471 1193 506 lo-

107 531 187 554 cum
210 520 353 563 habere,
378 519 510 554 totiens
535 518 753 563 computatio
769 518 845 553 eius
870 518 921 552 fit.
946 528 1029 552 nam
1053 517 1085 553 si
1109 527 1194 552 con-

108 565 200 599 dicio
226 565 263 599 in
279 575 379 600 mora
392 568 457 606 est,
483 563 769 608 exspectabimus
791 562 1050 605 condicionem,
1077 561 1194 607 quoad

107 611 270 645 exsistat:
302 610 332 645 si
357 614 476 644 autem
500 610 575 644 dies
601 612 783 653 superest,
816 609 887 642 iam
910 608 969 643 1110
992 608 1194 652 intercape-

106 656 198 690 dinis
222 655 392 699 temporis
416 655 540 689 habita
564 655 703 690 ratione
728 658 835 698 atque
848 654 1094 689 aestimatione
1118 653 1195 688 sic²

107 701 150 735 de
175 701 338 735 Falcidia
362 700 623 745 disputabimus
648 704 683 735 et
708 699 905 734 0011111111113
929 699 1196 744 stipulationem

107 751 125 780 -2
174 745 343 781 dicemus.
370 745 536 789 Quamvis
560 749 679 780 autem
704 755 826 780 omnes
849 744 1012 789 legatarii
1037 749 1072 780 et
1095 743 1194 779 fidei-

107 791 340 827 commissarii
364 801 510 826 necesse
533 791 691 825 habeant
713 790 783 825 hac
808 790 1038 835 stipulatione
1059 799 1195 831 cavere,

106 841 225 871 tamen
250 836 462 880 quibusdam
494 836 625 871 remitti
655 836 726 870 divi
761 836 892 870 fratres
922 835 1194 880 rescripserunt,

108 886 146 915 ut
170 886 258 926 puta
294 882 359 923 his,
396 882 525 925 quibus
559 881 697 915 minuta
736 881 906 916 alimenta
940 884 1025 916 sunt
1058 880 1195 915 relicta.

107 927 296 971 Pompeiae
337 926 431 961 enim
469 926 665 961 Faustinae
702 927 965 972 rescripserunt
1000 926 1070 961 sic:
1114 929 1197 960 ‘non

108 974 270 1007 ‘eandem
296 982 442 1006 causam
466 982 544 1007 esse
569 972 691 1007 decem
716 982 916 1014 aureorum,
942 982 1032 1015 quos
1057 981 1196 1006 annuos

112 1017 188 1052 ‘tibi
219 1021 435 1052 testamento
459 1017 651 1062 Pompeiae
676 1017 884 1062 Crispianae
915 1020 1089 1062 patronae
1113 1021 1197 1051 tuae

107 1063 261 1097 ‘relictos
285 1063 468 1107 proponis,
493 1067 601 1107 atque
626 1062 694 1097 11111
717 1063 968 1098 alimentorum
992 1067 1028 1098 et
1039 1061 1196 1097 vestiarii

107 1108 254 1143 ‘libertis
279 1108 495 1150 relictorum,
532 1108 662 1152 quibus
686 1112 878 1153 propterea
902 1108 1080 1143 cautionis
1106 1118 1195 1143 onus

107 1158 125 1187 5
177 1153 437 1188 ‘remittendum
462 1153 763 1189 existimavimus'.
811 1154 902 1189 Item
935 1153 1119 1189 sciendum
1143 1156 1198 1188 est

106 1198 232 1234 fiscum
265 1199 358 1234 hanc
392 1199 594 1234 cautionem
617 1210 689 1234 non
719 1199 811 1244 pati,
842 1199 904 1234 sed
933 1199 1080 1244 perinde
1112 1208 1195 1234 con-

106 1244 217 1279 veniri
239 1255 362 1288 posse,
395 1254 439 1279 ac
474 1244 504 1279 si
529 1244 691 1280 cavisset.
740 1248 877 1280 ceteros
909 1248 1045 1287 autem,
1077 1244 1196 1279 cuius-

107 1300 258 1334 cumque
283 1289 463 1334 dignitatis
488 1290 575 1331 sint,
611 1290 697 1324 licet
718 1290 790 1324 iam
819 1290 937 1335 legata
959 1289 1196 1335 perceperint,

107 1334 272 1379 compelli
296 1334 424 1369 debere
455 1334 501 1369 ad
526 1335 722 1370 cavendum
746 1335 848 1370 divus
872 1335 959 1370 Pius
991 1334 1195 1380 rescripsit:

107 1391 150 1415 ex
174 1391 243 1424 quo
268 1380 441 1424 rescripto
467 1380 573 1415 etiam
595 1380 685 1415 illud
714 1381 926 1426 accipimus,
964 1380 1061 1425 quod
1091 1380 1198 1415 etiam

106 1431 188 1470 post
223 1425 342 1460 soluta
386 1426 504 1470 legata
543 1426 656 1460 voluit
699 1426 966 1470 stipulationem
1005 1426 1195 1470 interponi.

107 1476 127 1505 6
174 1471 212 1506 Si
235 1471 428 1515 legatarius
452 1470 584 1513 heredi,
612 1471 673 1515 qui
686 1472 964 1506 controversiam
989 1471 1197 1506 hereditatis

106 1517 241 1561 patitur
269 1517 342 1551 iam
373 1516 428 1551 vel
459 1521 598 1560 sperat,
636 1516 679 1551 de
720 1516 942 1552 restituendo
977 1517 1093 1562 legato
1129 1516 1198 1552 sibi

107 1561 281 1606 praestito
307 1562 439 1596 caverit
474 1566 510 1596 et
534 1562 649 1596 evicta
672 1562 852 1597 hereditas
889 1562 955 1604 sit,
993 1562 1055 1597 sed
1079 1562 1197 1606 negle-
1218 1601 1222 1603 ,

105 1607 225 1651 gentia
248 1607 303 1642 vel
328 1606 409 1642 dolo
436 1606 511 1642 eius
537 1607 598 1651 qui
631 1607 787 1652 legatum
810 1607 1006 1652 praestitit,
1040 1607 1197 1642 dicemus

106 1663 179 1688 non
209 1652 381 1687 committi
411 1652 678 1697 stipulationem
710 1658 857 1698 propter
890 1653 955 1688 viri
986 1653 1072 1688 boni
1102 1652 1197 1687 arbi-

107 1702 124 1731 7
173 1698 291 1740 11111111,
317 1697 413 1742 quod
436 1698 530 1732 inest
552 1698 636 1733 huic
661 1698 895 1743 stipulationi.
942 1698 1032 1733 Item
1056 1698 1087 1733 si
1109 1698 1197 1743 ipse,

107 1743 167 1787 qui
191 1742 370 1788 praestitit
394 1743 559 1796 legatum,
585 1754 630 1778 ex
653 1743 725 1778 alia
750 1754 859 1779 causa
886 1744 955 1779 sibi
978 1744 1133 1786 evicerit,
1158 1747 1199 1777 ut

106 1792 196 1834 puta
220 1789 304 1833 quia
327 1788 507 1823 invenitur
531 1789 694 1833 sequenti
716 1792 931 1825 testamento
956 1790 1060 1825 heres
1087 1789 1198 1834 scrip-

106 1839 180 1876 tus,
213 1834 251 1868 in
284 1844 353 1878 quo
386 1834 541 1878 legatum
568 1834 636 1869 iste
671 1835 863 1879 legatarius
894 1845 967 1869 non
998 1838 1198 1879 acceperat,

107 1880 264 1914 dicemus
315 1879 486 1914 committi
526 1879 791 1924 stipulationem
829 1884 977 1925 propter
1010 1880 1077 1915 viri
1115 1880 1200 1915 boni

109 1928 127 1959 8
177 1924 376 1959 arbitrium.
416 1924 467 1959 Et
489 1925 704 1969 generaliter
726 1926 942 1970 ubicumque
965 1925 1199 1961 hereditatem

107 1970 162 2005 vel
186 1970 423 2014 quantitatem
453 1971 509 2004 vel
539 1970 815 2005 emolumentum
845 1971 1026 2016 praestitit
1053 1971 1102 2013 is,
1139 1971 1200 2016 qui

107 2016 175 2050 hac
200 2015 432 2060 stipulatione
457 2014 527 2050 sibi
557 2021 810 2060 prospexerat,
836 2016 1026 2052 dicendum
1050 2020 1105 2051 est
1127 2016 1199 2051 ibi-¹·

108 2060 280 2096 committi
305 2071 394 2103 eam,
421 2060 452 2096 si
474 2060 579 2096 modo
595 2062 701 2106 culpa
724 2062 827 2097 abest
852 2062 896 2096 ab
923 2072 976 2104 eo,
1002 2062 1062 2107 qui
1085 2062 1198 2106 stipu-

109 2110 128 2140 9
176 2106 270 2141 latus
296 2110 360 2141 est.
388 2106 595 2150 Quaesitum
620 2111 684 2150 est,
710 2117 756 2141 an
781 2108 925 2152 saepius
941 2107 1198 2143 committatur.

109 2155 144 2186 et
167 2151 286 2196 placet
311 2151 417 2186 etiam
441 2152 585 2196 saepius
610 2163 688 2187 eam
713 2153 901 2195 committi,
936 2153 966 2188 si
989 2163 1054 2198 per
1077 2156 1199 2197 partes

111 2200 151 2231 10
199 2196 321 2231 ablata
346 2200 401 2232 est
424 2197 613 2232 hereditas.
664 2197 701 2233 Si
723 2198 879 2242 legatum
908 2197 1017 2233 fuerit
1047 2198 1198 2243 praesti-

106 2246 183 2276 tum
212 2245 297 2277 ante
326 2242 575 2287 interpositam
603 2243 697 2278 hanc
726 2244 1011 2289 stipulationem,
1042 2254 1088 2278 an
1114 2254 1199 2278 con-

107 2287 178 2322 dici
191 2287 316 2332 possit,
341 2291 382 2321 ut
399 2287 518 2322 cautio
542 2288 614 2323 ista
635 2288 908 2333 interponatur?
931 2292 1049 2324 movet
1072 2299 1199 2333 quaes-

106 2333 259 2375 tionem,
285 2332 380 2376 quod
405 2343 467 2376 ea,
493 2343 585 2377 quae
608 2344 673 2378 per
698 2344 854 2369 errorem
868 2335 999 2370 omissa
1011 2334 1067 2369 vel
1080 2334 1200 2369 soluta

108 2381 201 2421 sunt,
228 2378 370 2413 condici
393 2382 547 2423 possunt
570 2382 606 2414 et
629 2379 688 2414 hic
701 2390 785 2424 ergo
811 2380 913 2424 quasi
935 2381 1016 2425 plus
1042 2380 1200 2415 solutum

106 2423 247 2458 videtur
275 2434 320 2459 ex
349 2433 412 2465 eo,
453 2424 549 2468 quod
578 2425 697 2460 cautio
733 2425 936 2461 intermissa
971 2429 1036 2460 est.
1084 2429 1120 2460 et
1149 2425 1201 2459 ait

107 2468 327 2514 Pomponius
354 2468 614 2504 condictionem
643 2470 923 2515 interponendae
954 2470 1198 2506 satisdatiom’s

106 2514 222 2559 gratia
237 2517 438 2558 competere
458 2518 491 2548 et
515 2519 604 2559 puto
628 2515 698 2550 hoc
720 2517 948 2560 probandum
973 2516 1068 2561 quod
1092 2517 1197 2551 Pom-

107 2559 248 2604 ponius,
274 2559 440 2595 utilitatis
463 2560 588 2604 gratia.

154 2603 180 2641 4
204 2604 365 2639 mes
385 2605 477 2639 libro
508 2606 772 2651 septuaqesz'mo
811 2606 936 2650 quinto
961 2606 1011 2641 ad
1043 2606 1198 2642 edictum

107 2649 208 2685 Haec
232 2653 353 2685 autem
376 2649 563 2686 satisdatio
595 2651 715 2685 locum
745 2651 869 2693 habet,
904 2651 935 2686 si
963 2652 1059 2687 iusta
1089 2662 1200 2687 causa

107 2705 186 2730 esse
215 2695 409 2730 videbitur:
440 2705 523 2730 nam
550 2695 712 2739 iniquum
741 2699 820 2731 erat
849 2696 1050 2732 omnimodo
1082 2697 1200 2732 caveri

108 2740 267 2775 nondum
289 2740 391 2775 illata
416 2741 684 2776 controversia5
708 2741 791 2783 litis,
819 2752 900 2775 cum
923 2742 1063 2786 possint
1086 2742 1120 2777 ei
1142 2743 1198 2777 lu-

108 2786 225 2820 soriae
261 2785 378 2821 minae
412 2785 506 2821 fieri:
556 2786 708 2831 ideoque
744 2796 823 2821 eam
862 2797 937 2822 rem
970 2790 1117 2832 praetor
1152 2788 1199 2822 ad

112 2835 125 2865 1
177 2831 415 2875 cognitionem
440 2841 542 2866 suam
565 2835 721 2867 revocat.
756 2831 794 2866 Si
819 2831 889 2867 duo
915 2843 960 2867 ex
983 2836 1197 2868 testamento

107 2875 341 2911 hereditatem
377 2876 416 2911 in
451 2876 604 2912 solidum
640 2877 708 2912 sibi
743 2877 939 2921 vindicent,
978 2877 1072 2913 forte
1102 2878 1198 2923 quod

108 2921 267 2956 eiusdem
290 2921 443 2957 nominis
468 2922 555 2964 sint,
586 2926 660 2957 tam
689 2923 726 2957 in
756 2933 1001 2967 possessorem
1025 2933 1132 2968 quam
1160 2924 1198 2958 in

108 2966 296 3010 petitorem
326 2970 533 3011 competunt
561 2968 721 3003 actiones
754 2971 790 3003 et
821 2968 1057 3004 creditoribus
1082 2972 1118 3004 et
1147 2968 1197 3003 10-

109 3015 128 3045 2
175 3011 323 3056 gatariis
333 3013 358 3047 θ.
405 3012 505 3048 Ηο00
530 3013 650 3048 0011110
675 3013 798 3058 utique
829 3014 1034 3049 necessaria
1063 3017 1133 3057 031,
1167 3014 1199 3050 31

110 3125 149 3165 (1)
175 3127 337 3166 quantum
350 3125 388 3168 S,
402 3136 491 3168 quan
504 3127 538 3159 F
541 3128 566 3168 2,
582 3139 641 3160 om.
655 3127 689 3160 F
697 3128 707 3148 ¹
964 3130 1007 3169 (2)
1033 3128 1120 3160 facta
1134 3129 1195 3161 ins.

110 3170 153 3211 (3)
177 3170 287 3202 01111111
296 3183 358 3204 scr.
486 3173 527 3213 (4)
550 3172 614 3204 tibi
628 3173 663 3205 F
788 3174 830 3215 (5)
855 3172 970 3206 heredi
983 3174 1016 3206 et
1027 3173 1196 3205 interdum

110 3214 211 3247 etiam
221 3217 311 3248 mota
323 3217 548 3250 controversia
560 3220 620 3251 ins.
760 3218 804 3259 (6)
832 3223 848 3257 §
862 3226 887 3252 1.
901 3226 917 3252 3
931 3220 1081 3252 videntur
1093 3220 1194 3251 conti-

112 3267 230 3292 nuatae
247 3261 356 3303 fuisse
377 3269 406 3294 et
435 3267 450 3301 §
472 3270 488 3295 2
509 3264 702 3306 interposita
723 3276 790 3296 esse
827 3276 866 3296 ex
908 3271 1038 3297 auctore
1070 3265 1196 3297 diverso

110 3306 153 3345 (7)
180 3305 269 3346 quod
288 3305 430 3347 amplius
450 3317 549 3348 quam
566 3318 625 3350 per
645 3307 831 3341 Falcidiam
851 3308 987 3341 licuerit
998 3309 1123 3351 ceperis
1134 3322 1195 3342 scr.

1175 118 1256 164 519

2129 119 2294 161 XXXV
2325 123 2348 161 3

1265 244 1345 289 quis
1370 244 1559 289 pecuniam
1582 252 1685 278 suam
1710 242 1824 276 solvat
1857 243 1911 277 vel
1942 252 2016 277 rem
2039 242 2175 278 tradat:
2209 244 2239 278 si
2270 253 2350 277 vero

1264 289 1454 335 pecuniam
1476 287 1729 323 hereditariam
1754 288 1868 322 solvat
1879 288 1934 323 vel
1957 298 2031 322 rem
2055 288 2185 330 tradat,
2209 288 2352 333 quidam

1264 346 1336 371 non
1358 338 1487 380 putant
1511 333 1719 375 cavendum,
1746 332 1829 376 quia
1853 343 1918 367 nec
1943 333 2056 367 teneri
2079 337 2198 378 potest
2222 344 2263 369 00
2288 345 2352 370 110-

1264 381 1357 415 1111110
1379 380 1506 422 victus,
1532 389 1614 415 cum
1636 388 1709 413 non
1731 377 1914 422 possideat
1938 379 1992 413 vel
2016 378 2097 413 dolo
2123 379 2257 423 fecerit,
2283 391 2352 425 quo

1263 425 1381 461 minus
1406 424 1600 470 possideat.
1647 424 1718 459 hoc
1750 423 1782 458 si
1813 427 1896 457 ante
1918 427 2050 458 motam
2076 426 2351 460 controversiam

1265 471 1397 507 solvat:
1434 470 1531 516 quod
1560 469 1591 505 si
1624 472 1767 514 postea,
1797 468 1978 502 tenebitur
2016 469 2143 513 culpae
2178 471 2351 506 nomine‘R

1265 519 1284 550 3
1332 516 1402 551 Sed
1427 527 1508 551 cum
1533 515 1576 551 de
1600 514 1742 550 nomine
1766 513 1859 548 inter
1872 513 1960 548 duos
1975 515 2135 557 quaestio
2161 520 2225 557 est,
2252 527 2351 551 num-

1265 561 1351 606 quid
1385 572 1458 597 non
1492 561 1540 597 sit
1577 559 1775 595 cavendum
1810 558 1861 601 ei,
1899 559 1959 603 qui
1994 560 2244 595 hereditarIam
2279 572 2354 597 rem

1263 607 1402 649 tradat,
1444 607 1528 652 quia
1568 604 1769 641 omnimodo
1795 614 1887 638 unus
1913 604 2100 639 liberatur:
2127 607 2353 649 quemadmo-

1265 653 1350 687 dum
1375 652 1406 687 si
1436 662 1496 687 aes
1529 651 1685 686 alienum
1715 649 1969 684 hereditarium
2004 650 2184 686 solvatur?
2232 653 2295 687 sed
2324 653 2355 688 si

1264 698 1397 743 petitor
1422 707 1524 732 suam
1553 696 1742 742 pecuniam
1767 695 1881 730 solvet
1912 698 1975 729 aut
1998 705 2073 729 rem
2097 707 2199 731 suam
2222 698 2353 739 tradat,

1265 754 1337 778 non
1366 743 1477 778 habet
1508 742 1601 778 unde
1631 741 1785 776 retineat
1818 744 1853 775 et
1885 740 1967 775 ideo
2004 743 2208 777 necessaria
2238 747 2292 778 est
2323 744 2357 778 ei

1266 788 1398 824 cautio.

1312 832 1336 870 5
1362 834 1601 868 MARCELLUS
1635 832 1726 867 libro
1768 832 1934 866 vicesimo
1973 831 2098 876 primo
2134 832 2174 866 de·
2198 837 2354 867 estorum

1270 879 1472 921 Videamus,
1499 888 1547 912 an
1570 877 1754 922 stipulatio
1780 880 1864 921 ‘qua
1886 876 2039 921 amplius
2068 886 2134 921 per
2190 878 2355 913 alcidiam

1267 925 1417 969 ‘ceperis
1446 924 1610 958 licuerit7
1645 922 1733 957 dari'
1767 923 1938 957 adversus
1973 932 2055 957 eum
2086 932 2159 957 non
2187 923 2355 966 sufficiat,

1266 970 1328 1015 qui
1362 970 1519 1014 legatum
1551 969 1612 1003 alii
1641 968 1831 1003 restituere
1868 978 1912 1002 ex
1946 966 2211 1002 fideicommissi
2247 979 2357 1004 causa

1267 1016 1384 1051 debet.
1421 1014 1578 1050 sufficiet
1609 1017 1729 1049 autem
1759 1013 1829 1048 dici
1858 1012 1947 1047 nihil
1977 1013 2053 1047 eius
2086 1012 2169 1047 fidei
2194 1015 2355 1049 commis-

1267 1072 1346 1096 sum
1369 1062 1486 1096 esse⁸:
1521 1059 1661 1095 cavebit
1684 1059 1820 1094 scilicet
1844 1058 2016 1103 legatario
2041 1062 2077 1093 et
2101 1058 2149 1099 is,
2175 1059 2235 1103 qui
2259 1060 2357 1094 fidei-

1268 1106 1495 1142 commissum
1514 1105 1678 1150 accipiet,
1703 1104 1772 1139 nisi
1789 1103 1882 1139 forte
1902 1104 2012 1138 malet
2023 1105 2046 1124 ⁸⁸
2071 1103 2264 1148 legatarius
2290 1106 2357 1139 cir-

1268 1152 1366 1187 cuitu
1391 1151 1533 1186 sublato
1557 1150 1681 1186 heredi
1693 1149 1822 1185 caveri.
1848 1149 1959 1184 sedet
1976 1149 2146 1193 legatario
2171 1154 2359 1194 praeterea

1268 1197 1465 1232 cavendum
1502 1200 1574 1240 est,
1612 1196 1643 1231 si
1674 1199 1726 1236 (ut
1761 1195 1970 1240 plerumque
2007 1205 2159 1239 aequum
2189 1199 2256 1238 est)
2292 1207 2357 1240 pro

1266 1246 1347 1277 rata
1371 1253 1415 1278 ex
1438 1241 1713 1277 fideicommisso
1746 1240 1899 1275 retinere
1931 1240 1965 1275 ei
1997 1240 2263 1275 concedendum
2294 1245 2358 1285 est,

1267 1288 1427 1333 quamvis
1452 1291 1592 1322 tantum
1622 1297 1665 1322 ex
1695 1286 1813 1330 legato
1845 1285 1943 1330 apud
1966 1296 2047 1320 eum
2077 1285 2144 1320 erit
2173 1296 2357 1322 remansu-

1267 1345 1362 1387 rum,
1394 1337 1436 1368 111
1466 1333 1633 1368 sufficere
1663 1332 1780 1377 possit
1808 1331 1854 1366 ad
1889 1331 2147 1376 praestandum
2177 1331 2357 1368 fideicom—

1265 1390 1424 1414 missum.

1314 1422 1338 1462 6
1381 1424 1669 1460 CALLJSTRATUS
1708 1423 1800 1459 libro
1845 1426 1977 1468 quarto
2014 1422 2058 1456 de
2094 1423 2360 1468 coqnitionibus

1268 1470 1358 1505 Cum
1381 1481 1454 1505 non
1483 1469 1589 1504 facile
1621 1468 1891 1504 satisdationem
1924 1467 2053 1502 offerre
2082 1467 2275 1512 legatarius
2305 1469 2359 1503 vel

1268 1515 1619 1551 fideicommissarius
1648 1514 1764 1559 possit
1791 1518 1828 1549 et
1856 1513 2019 1548 futurum
2048 1513 2110 1555 slt,
2141 1516 2182 1547 ut
2212 1517 2361 1559 propter

1268 1562 1337 1596 hoc
1370 1571 1392 1596 a
1420 1560 1593 1606 petitione
1622 1559 1848 1595 liberalitatis
1885 1569 1929 1594 ex
1965 1562 2179 1594 testamento
2216 1560 2358 1594 submo-

1268 1611 1421 1642 veantur
1432 1607 1456 1649 ⁹,
1481 1605 1655 1649 numquid
1679 1615 1769 1640 onus
1795 1604 2040 1640 satisdationis
2064 1604 2153 1639 eis¹⁰
2176 1605 2358 1640 remitten-

1269 1652 1354 1687 dum
1378 1652 1468 1687 erit?
1493 1651 1590 1696 quod
1612 1651 1752 1685 videtur
1775 1650 1938 1685 adiuvari
1960 1649 2135 1695 rescripto
2161 1649 2232 1685 divi
2256 1650 2359 1686 Com-

1267 1697 1364 1732 modi
1386 1697 1425 1732 in
1448 1697 1538 1732 haec
1562 1697 1690 1731 verba:
1730 1695 1792 1738 ι13,
1827 1696 1929 1731 0111113
1959 1695 2003 1730 (10
2033 1705 2076 1730 00
2107 1705 2147 1730 10
2170 1696 2268 1731 110110
2293 1700 2359 1738 031,

1269 1743 1400 1778 ‘aditus
1426 1743 1457 1778 si
1482 1742 1695 1787 compererit
1724 1741 1805 1777 ideo
1835 1741 2038 1776 cautionem
2067 1751 2089 1775 a
2119 1744 2155 1775 te
2180 1741 2289 1785 exigi,
2321 1746 2360 1775 ut

1269 1791 1302 1823 ‘a
1325 1788 1589 1823 fideicommissi
1605 1786 1778 1832 petitione
1795 1786 1980 1829 avertaris,
2005 1797 2095 1821 onus
2115 1786 2359 1822 satisdationis

1270 1834 1346 1869 ‘tibi
1369 1833 1502 1869 remitti
1526 1832 1690 1868 curabit'.

1316 1877 1339 1916 7
1366 1879 1526 1914 Panas
1547 1879 1638 1914 libro
1662 1878 1814 1924 septimo
1846 1877 1897 1912 ad
1925 1877 2038 1924 leyem
2069 1876 2206 1912 Iuliam
2230 1881 2265 1912 et
2288 1877 2360 1913 Pa-

1263 1926 1368 1972 piam
1392 1925 1505 1960 Divus
1530 1924 1617 1959 Pius
1642 1924 1688 1958 ab
1702 1934 1755 1967 eo,
1782 1923 1843 1967 qui
1867 1933 1988 1957 annua
2011 1923 2130 1968 legata
2152 1923 2360 1968 praecipere

1269 1970 1315 2006 ad
1340 1969 1625 2006 distribuendum
1648 1968 1769 2004 iussus
1794 1972 1881 2011 erat,
1906 1968 2019 2003 vetuit
2043 1968 2245 2004 cautionem
2269 1969 2361 2013 exigi

1270 2016 1488 2052 cessantium
1516 2019 1638 2061 partes
1668 2014 1789 2057 reddi,
1827 2014 1897 2050 nisi
1928 2018 2051 2059 aperte
2084 2024 2211 2049 cavere
2239 2014 2360 2050 iussus

1268 2065 1373 2097 esset.

1316 2104 1340 2144 8
1366 2106 1603 2142 MAEOIANUS
1629 2105 1719 2141 libro
1750 2104 1887 2140 decimo
1917 2104 2276 2150 fideicommissorum
2323 2105 2361 2140 Si

1268 2153 1373 2188 heres
1397 2155 1536 2197 partem
1561 2151 1738 2186 bonorum
1760 2150 1817 2185 vel
1849 2149 1958 2185 etiam
1980 2150 2149 2186 universa
2179 2151 2275 2186 bona
2299 2150 2360 2185 de-

1268 2198 1343 2233 lata
1367 2198 1413 2232 ad
1436 2197 1564 2233 fiscum
1589 2196 1735 2238 diceret,
1762 2198 1945 2231 constaret
1969 2199 2088 2230 autem
2113 2195 2155 2231 de
2179 2195 2359 2231 fideicom-

1268 2243 1388 2286 misso,
1414 2242 1598 2278 decretum
1622 2245 1686 2284 est,
1712 2244 1753 2276 ut
1775 2240 1920 2286 petitori
1945 2241 2084 2276 caventi
2109 2240 2234 2276 ‘evicta
2257 2241 2359 2276 here-

1270 2289 1393 2324 ‘ditate
1417 2287 1625 2324 restitutu¹¹
1649 2287 1705 2322 iri'
1730 2287 1938 2322 solveretur.

1315 2332 1340 2372 9
1365 2334 1472 2370 IDEM
1493 2333 1585 2369 libro
1610 2332 1820 2368 duodecimo
1842 2332 2200 2377 fideicommissorum
2227 2331 2265 2366 Si
2288 2342 2360 2366 non

1267 2380 1306 2414 in
1330 2378 1576 2415 controversia
1600 2378 1647 2413 sit
1669 2377 1891 2423 proprietas,
1917 2377 1981 2412 sed
2004 2388 2091 2413 usus
2116 2376 2257 2412 fructus
2282 2380 2358 2422 (po-

1267 2429 1339 2461 test
1363 2425 1456 2460 enim
1479 2424 1542 2466 rei,
1569 2424 1671 2459 cuius
1696 2423 1897 2468 proprietas
1924 2422 2018 2457 Titio
2041 2423 2159 2466 legata
2182 2425 2248 2464 est,
2273 2433 2360 2457 usus

1268 2471 1408 2506 fructus
1433 2470 1494 2505 alii
1516 2469 1652 2514 legari),
1677 2472 1764 2503 tunc
1778 2468 1821 2503 de
1834 2479 1876 2503 eo
1901 2468 2121 2503 restituendo
2137 2478 2210 2503 non
2226 2468 2358 2511 heredi,

1268 2516 1331 2551 sed
1356 2515 1451 2551 Titio
1477 2514 1595 2550 caveri
1619 2515 1748 2549 debeat
1758 2515 1797 2548 ¹2.
1822 2513 2001 2548 interdum
2032 2517 2068 2548 et
2091 2513 2121 2548 si
2151 2514 2197 2548 ab
2229 2513 2360 2548 herede

1267 2562 1405 2606 legetur
1427 2572 1514 2596 usus
1540 2560 1700 2602 fructus,
1733 2559 1827 2594 Titio
1861 2559 2056 2593 cavendum
2087 2562 2159 2594 est:
2196 2559 2306 2594 veluti
2329 2559 2360 2594 si

1269 2607 1429 2642 detracto
1455 2617 1525 2642 usu
1548 2605 1671 2640 fructu
1695 2605 1896 2650 proprietas
1921 2604 1954 2639 01
1977 2604 2124 2648 legetur,
2150 2615 2238 2639 usus
2261 2604 2356 2639 fruc-

1267 2656 1326 2688 tus
1352 2652 1452 2688 Seio:
1478 2651 1564 2696 quid
1588 2651 1681 2686 enim
1708 2649 1873 2685 attinebit
1895 2649 1964 2684 hoc
1978 2659 2065 2684 casu
2088 2649 2211 2685 heredi
2231 2650 2358 2693 caveri,

1268 2698 1315 2733 ad
1351 2708 1456 2743 quem
1497 2696 1775 2732 emolumentum
1816 2694 2060 2730 intercidentis
2096 2706 2184 2730 usus
2219 2695 2359 2730 fructus

1267 2754 1341 2778 non
1365 2743 1412 2778 sit
1436 2742 1697 2788 spectandum?
1722 2751 1844 2775 verum
1869 2740 1899 2775 si
1915 2751 1984 2775 usu
1996 2739 2118 2775 fructu
2137 2740 2217 2775 Seio
2242 2740 2358 2786 legato

1268 2789 1472 2833 proprietas
1497 2787 1590 2822 Titio
1615 2787 1667 2821 ita
1691 2786 1848 2830 legetur,
1873 2788 1929 2828 ut,
1956 2796 2037 2820 cum
2061 2786 2108 2820 ad
2132 2785 2254 2821 Seium
2276 2797 2357 2831 per-

1267 2834 1382 2869 tinere
1406 2832 1562 2874 desierit,
1587 2832 1720 2867 habeat
1742 2830 2015 2875 proprietatem,
2039 2834 2126 2866 tunc
2150 2831 2274 2866 heredi
2299 2842 2356 2867 ca-

1267 2879 1343 2914 veri
1367 2878 1548 2923 oportebit
1570 2887 1592 2912 a
1615 2876 1834 2918 fructuario,
1865 2877 1911 2911 ab
1941 2876 2071 2912 herede
2100 2880 2220 2912 autem
2252 2877 2357 2920 Titio,

1269 2924 1353 2968 quia
1376 2935 1449 2959 non
1473 2923 1520 2959 sit
1545 2926 1682 2957 certum
1706 2933 1773 2957 usu
1805 2921 1927 2956 fructu
1958 2922 2156 2968 intercepto
2170 2923 2197 2943 ¹³
2226 2922 2272 2957 ad
2297 2922 2357 2957 Τ1-

1268 2970 1358 3004 1111111
1381 2969 1639 3014 proprietatem
1662 2977 1899 3002 reversuram.

1267 3129 1336 3165 sere
1349 3135 1382 3161 ut
1395 3128 1476 3161 Hal.

1267 3175 1322 3214 (8¹)
1348 3172 1464 3205 mallet
1475 3173 1509 3204 F

1567 3128 1613 3169 (8)
1639 3127 1705 3160 dici
1718 3127 1805 3160 nihil
1818 3127 1890 3160 eius
1901 3128 1979 3161 fidei
1992 3129 2200 3160 commissum
2213 3138 2279 3160 esse
2294 3130 2355 3160 del.

1653 3175 1697 3214 (9)
1722 3173 1957 3206 submoveatur
1969 3173 2022 3206 F²
2176 3177 2235 3212 (10)
2262 3173 2293 3205 ei
2304 3172 2356 3205 F²

1267 3220 1339 3296 9133
1341 3218 1466 3296 11ξὲῗὲιί
1480 3218 1514 3250 F
1564 3219 1623 3260 (12)
1648 3220 1730 3251 tunc
1743 3243 1751 3251 .
1760 3243 1768 3252 .
1777 3244 1784 3252 .
1798 3219 1908 3252 caveri
1922 3218 2039 3252 debeat
2051 3219 2112 3251 del.
2169 3220 2226 3260 (13)
2251 3218 2353 3250 inter-
