2528 3918
141 108 291 140 RERUM
320 105 517 138 Domino

140 218 268 254 tutium
292 216 494 253 debitarum
517 215 744 252 transfertur.
788 213 818 249 si
843 213 920 258 quis
943 213 1052 259 igitur
1075 212 1225 248 fundum

140 264 267 299 dixerit
296 263 466 304 liberum,
505 272 585 297 cum
615 260 791 303 traderet,
824 269 906 295 eum
930 260 990 304 qui
1019 269 1143 295 servus
1168 258 1224 301 sit,

140 308 226 344 nihil
266 307 358 342 iuri¹
403 306 583 343 servitutis
625 305 729 340 fundi
768 304 941 348 detrahit,
982 308 1226 340 verumtamen

140 358 158 389 2
207 353 342 398 obligat
380 362 418 388 se
448 352 661 396 debebitque
693 354 878 395 praestare
909 350 1005 394 quod
1040 350 1140 385 dixit.
1189 349 1227 385 Si

138 409 202 443 ego
235 402 271 433 et
301 397 418 433 Titius
450 407 524 432 rem
555 397 743 432 emerimus
782 405 894 440 eaque
927 395 1022 431 Titio
1055 401 1092 431 et
1123 394 1227 440 quasi

139 454 216 479 meo
241 443 468 489 procuratori
490 442 623 477 tradita
646 442 703 484 sit,
728 445 815 486 puto
839 441 926 475 mihi
951 451 1092 485 quoque
1117 450 1224 485 quae-

139 490 244 525 situm
269 488 479 530 dominium,
512 487 596 532 quia
619 488 739 532 placet
769 496 834 532 per
862 485 1012 521 liberam
1035 495 1226 531 personam

139 534 294 570 omnium
331 544 450 569 rerum
487 533 752 578 possessionem
793 532 916 577 quaeri
955 542 1063 576 posse
1096 535 1131 566 et
1161 541 1227 576 per

140 581 231 614 hane
256 578 460 614 dominium.

185 623 234 661 21
264 624 492 659 POMPONIUS
528 622 619 658 libro
659 621 848 657 undecimo
887 622 935 656 ad
966 621 1141 657 Sabinum
1190 620 1228 656 Si

139 680 262 706 servus
293 679 394 704 meus
417 667 484 703 tibi
506 667 601 703 bona
623 666 695 702 fide
719 667 868 702 serviret
892 670 928 702 et
940 668 961 688 ¹·
985 677 1060 702 rem
1085 666 1229 702 emisset

139 715 341 759 traditaque
372 714 404 750 ei
435 718 548 756 esset,
581 712 758 748 Proculus
783 723 849 747 nec
874 723 990 747 meam
1013 712 1110 754 fieri,
1144 711 1228 755 quia

138 771 278 795 servum
302 770 374 795 1100
396 758 617 804 possideam,
648 768 714 793 nec
737 763 855 801 tuam,
881 759 912 793 si
936 769 1009 793 non
1034 768 1077 792 ex
1100 767 1139 792 re
1163 761 1227 791 tua

139 806 184 841 sit
203 809 340 850 parata.
379 804 443 840 sed
461 804 492 839 si
511 804 602 839 liber
621 803 717 839 bona
735 803 804 839 fide
825 803 891 838 tibi
911 804 1068 839 serviens
1090 802 1226 844 emerit,

144 855 152 884 1
206 851 318 895 1118108
337 850 425 885 fieri.
462 849 500 885 Si
523 859 598 884 rem
621 859 736 884 meam
760 849 946 894 possideas
971 852 1007 884 et
1027 859 1104 884 eam
1123 847 1227 883 velim

138 900 237 930 tuam
260 905 350 938 esse,
375 894 436 931 fiet
459 898 539 937 tua,
565 895 724 939 quamvis
748 895 929 940 possessio
954 894 1051 940 apud
1074 904 1130 929 me
1154 903 1228 928 non

139 942 259 976 fuerit.

185 984 239 1022 22
271 986 465 1022 ULPIANUS
502 985 592 1021 libro
659 985 939 1031 uadraqensimo
971 984 1021 1020 ad
1053 984 1227 1020 Sabinum

138 1032 251 1067 Nemo
284 1042 425 1067 servum
454 1030 489 1066 vi
518 1030 618 1076 possi
644 1041 707 1066 ens
747 1034 809 1065 aut
841 1030 933 1066 clam
965 1034 1029 1065 aut
1063 1029 1227 1075 precario

139 1088 202 1123 per
242 1078 336 1112 hunc
374 1077 603 1122 stipulantem
643 1076 698 1111 vel
729 1087 804 1111 rem
842 1075 1077 1120 accipientem
1109 1077 1229 1120 potest

140 1124 193 1157 011(
212 1124 338 1158 011010.

186 1136 237 1205 {3
263 1168 371 1202 IDEM
397 1167 490 1203 libro
515 1167 819 1213 quadr-ayensimo
845 1167 948 1201 tertio
981 1165 1030 1201 ad
1053 1164 1228 1201 Sabinum

141 1214 209 1257 Qui
238 1213 335 1249 bona
366 1212 436 1248 fide
459 1212 567 1247 alicui
599 1212 726 1254 servit,
759 1212 832 1247 sive
863 1221 987 1247 servus
1012 1211 1149 1246 alienus
1175 1213 1230 1245 est

141 1260 212 1294 sive
242 1260 348 1294 homo
381 1258 472 1293 liber
501 1261 572 1300 est,
609 1257 782 1302 quidquid
806 1267 849 1291 ex
872 1267 911 1292 re
936 1257 1012 1292 eius
1038 1257 1095 1292 cui
1120 1256 1230 1291 servit

142 1304 306 1349 adquirit,
333 1303 366 1339 ei
389 1303 563 1348 adquirit,
589 1303 646 1338 cui
670 1303 765 1337 bona
788 1302 858 1337 fide
882 1302 1000 1338 servit.
1050 1301 1114 1337 sed
1137 1305 1173 1336 et
1196 1300 1228 1336 si

140 1350 225 1394 quid
258 1359 303 1384 ex
334 1350 452 1394 operis
483 1348 557 1384 suis
581 1348 807 1393 adquisierit,
840 1347 944 1383 simili
973 1347 1078 1382 modo
1109 1346 1142 1382 ei
1165 1346 1228 1381 ad-

141 1395 265 1439 quirit:
297 1405 381 1429 0010
412 1398 448 1430 01
478 1404 610 1438 operae
641 1392 901 1438 quodammodo
932 1403 977 1428 ex
999 1403 1039 1428 re
1069 1392 1145 1427 eius
1171 1391 1230 1427 cui

141 1441 248 1475 servit
271 1440 467 1482 habentur,
500 1439 585 1484 quia
606 1439 684 1474 iure
709 1449 837 1497 operas
863 1439 895 1474 ei
919 1438 1086 1474 exhibere
1111 1437 1228 1479 debet,

147 1490 157 1520 1
209 1485 267 1520 001
306 1486 402 1520 bona
439 1484 511 1520 fide
548 1485 667 1520 servit.
716 1484 870 1519 'Iamdiu
905 1488 1025 1519 autem
1061 1482 1228 1527 adquirit,

142 1530 311 1576 quamdiu
341 1531 437 1566 bona
467 1530 537 1565 fide
559 1531 683 1565 servit:
719 1533 877 1565 ceterum
901 1530 932 1565 si
956 1529 1114 1574 coeperit
1137 1529 1230 1564 80110

141 1587 218 1611 0880
249 1587 331 1612 eum
362 1576 517 1611 alienum
541 1576 595 1611 vel
618 1575 789 1617 liberum,
815 1575 1013 1617 videamus,
1038 1584 1085 1608 00
1110 1574 1142 1609 01
1166 1573 1229 1608 011-

141 1622 258 1667 quirit.
307 1622 469 1666 quaestio
493 1620 531 1656 in
554 1631 597 1656 eo
621 1625 692 1663 est,
717 1624 838 1655 utrum
861 1621 1002 1655 initium
1025 1623 1230 1665 spectamus

141 1678 188 1702 an
220 1668 361 1712 singula
389 1670 585 1702 momenta:
619 1670 654 1701 et
677 1666 790 1711 magis
823 1670 894 1710 est,
926 1670 968 1701 ut
992 1665 1131 1709 singula
1153 1676 1230 1699 mo-

142 1716 161 1747 2
210 1717 329 1748 menta
348 1716 561 1757 spectemus.
599 1711 820 1747 Generaliter
842 1711 1031 1747 dicendum
1044 1715 1108 1754 est,
1134 1710 1232 1755 quod

141 1769 186 1793 ex
209 1769 248 1793 re
273 1769 348 1801 sua,
374 1759 443 1793 hoc
468 1761 523 1792 est
546 1757 622 1793 eius
648 1758 706 1792 cui
729 1758 825 1792 bona
849 1757 920 1792 fide
945 1757 1023 1802 quis
1049 1755 1172 1799 servit,
1199 1756 1233 1791 ei

142 1804 329 1848 adquirere
353 1814 425 1839 non
448 1807 585 1848 potest,
619 1803 688 1838 sibi
711 1813 792 1838 eum
824 1802 1102 1847 adquisiturum,
1136 1802 1232 1845 quod

142 1854 262 1884 autem
292 1860 365 1884 000
390 1860 433 1884 ex
456 1859 495 1883 re
519 1848 595 1884 eius
628 1848 696 1884 sibi
720 1848 907 1892 adquirere
930 1859 1005 1883 non
1027 1850 1166 1892 potest,
1198 1846 1232 1881 ei

144 1898 161 1928 3
211 1894 489 1939 adquisiturum,
515 1894 573 1929 cui
597 1894 693 1929 bona
716 1894 787 1929 fide
810 1893 928 1929 servit.
977 1893 1015 1928 Si
1038 1893 1118 1938 quis
1142 1892 1231 1927 duo-

143 1941 209 1975 bus
234 1941 329 1975 bona
352 1939 423 1975 fide
448 1939 596 1981 serviat,
622 1940 764 1984 utrique
788 1939 970 1984 adquiret,
995 1939 1059 1974 sed
1083 1938 1232 1983 singulis

143 1996 187 2020 ex
220 1996 258 2020 re
289 1996 367 2021 sua.
416 1985 511 2030 quod
541 1988 661 2020 autem
692 1995 737 2020 ex
771 1995 810 2020 re
834 1985 983 2020 alterius
1008 1987 1079 2027 est,
1111 1988 1232 2018 utrum

143 2042 207 2075 pro
225 2034 327 2076 parte
340 2030 382 2073 ei,
408 2031 466 2066 cui
485 2031 580 2065 bona
598 2029 668 2065 fide
692 2030 802 2065 servit
813 2031 837 2072 2,
862 2041 928 2075 pro
952 2033 1054 2075 parte
1075 2029 1230 2071 domino,

143 2077 174 2111 si
197 2086 321 2111 servus
345 2076 409 2120 sit,
435 2079 517 2118 aut,
549 2076 581 2111 si
603 2076 693 2111 liber
717 2076 780 2119 sit,
806 2076 839 2110 ei
863 2076 921 2111 cui
944 2076 1040 2111 bona
1063 2074 1134 2110 fide
1157 2084 1232 2110 ser-

145 2122 194 2156 vit
204 2123 228 2164 ³,
255 2132 302 2156 an
324 2132 408 2157 vero
434 2122 466 2156 ei
489 2121 620 2156 debeat
632 2121 820 2165 adquirere
844 2125 971 2163 totum,
998 2131 1041 2155 ex
1066 2120 1168 2156 cuius
1192 2131 1232 2155 re

144 2172 216 2209 est,
261 2167 454 2202 videamus.
514 2177 620 2212 quam
663 2167 818 2211 speciem
853 2166 1048 2202 Scaevola⁴
1090 2176 1232 2211 quoque

143 2216 277 2247 tractat
318 2213 410 2247 libro
453 2212 612 2248 secundo
654 2213 920 2257 quaestionum:
964 2212 1016 2247 ait
1049 2212 1159 2255 enim,
1202 2211 1233 2246 si

144 2258 281 2293 alienus
305 2268 428 2294 servus
453 2257 593 2293 duobus
623 2258 719 2293 bona
741 2257 813 2292 fide
844 2257 975 2293 serviat
999 2261 1034 2292 et
1058 2267 1102 2292 ex
1125 2256 1232 2292 unius

144 2314 267 2339 eorum
291 2314 331 2338 re
354 2303 539 2348 adquirat,
569 2303 745 2339 rationem
769 2303 900 2346 facere,
925 2306 966 2337 ut
990 2303 1023 2338 ei
1046 2302 1233 2337 dumtaxat

143 2349 179 2383 in
204 2348 356 2383 solidum
380 2349 578 2393 01111011015.
619 2349 681 2384 sed
705 2350 735 2384 si
760 2348 893 2384 adiciat
917 2348 992 2383 eius
1017 2359 1162 2391 nomen,
1189 2358 1233 2383 ex

145 2395 247 2429 cuius
271 2404 310 2429 re
334 2394 543 2439 stipulatur,
573 2404 639 2429 nec
669 2394 907 2429 dubitandum
939 2404 1018 2429 esse
1041 2394 1110 2436 ait,
1147 2394 1232 2438 quin

145 2440 179 2474 ei
203 2440 270 2475 soli
294 2439 521 2485 adquiratur,
555 2440 639 2484 quia
663 2445 699 2475 et
724 2441 754 2474 si
776 2450 821 2475 ex
844 2450 883 2475 re
906 2439 1018 2484 ipsius
1042 2439 1232 2484 stipulare-

144 2489 204 2520 tur
228 2485 331 2520 alteri
355 2495 399 2520 ex
423 2485 592 2528 dominis,
616 2485 824 2520 nominatim
848 2484 1053 2530 stipulando
1079 2484 1232 2520 solidum

145 2531 178 2565 ei
202 2530 378 2575 adquiret.
426 2532 487 2566 et6
509 2531 547 2566 in
570 2530 797 2566 inferioribus
821 2531 983 2576 probat⁷‚
1017 2533 1074 2574 ut,
1108 2540 1232 2575 quam-

146 2576 196 2611 vis
235 2587 307 2611 non
338 2576 548 2611 nominatim
586 2586 653 2611 nec
691 2576 793 2611 iussu
827 2586 923 2618 meo,
960 2586 1005 2611 ex
1038 2586 1078 2611 re
1111 2579 1232 2611 tamen

146 2632 224 2656 mea
248 2621 440 2666 stipulatus
464 2622 528 2665 sit,
562 2632 642 2657 cum
664 2621 829 2666 pluribus
852 2622 949 2657 bona
979 2620 1050 2656 fide
1074 2621 1231 2663 serviret,

147 2666 232 2701 mihi
256 2667 323 2702 soli
347 2666 524 2711 adquirat.
573 2677 657 2701 nam
680 2671 717 2702 et
745 2666 835 2702 illud
864 2670 1049 2712 receptum
1079 2670 1149 2709 est,
1179 2670 1231 2708 ut,

147 2711 311 2756 quotiens
343 2712 537 2747 communis
569 2722 692 2747 servus
733 2712 896 2748 omnibus
937 2712 1126 2757 adquirere
1159 2722 1232 2747 non

147 2761 281 2802 potest,
315 2757 350 2792 ei
380 2758 446 2792 soli
475 2768 556 2792 eum
587 2757 794 2802 adquirere,
827 2757 887 2792 001
917 2761 1047 2802 potest.
1096 2761 1133 2792 et
1163 2758 1232 2792 hoc

146 2802 322 2837 lulianum
354 2813 494 2848 quoque
526 2802 682 2838 scribere
712 2812 821 2848 saepe
858 2803 981 2838 rettuli
1013 2813 1126 2847 eoque
1155 2802 1232 2838 iure

147 2848 290 2882 utimur.

193 2891 247 2929 24
274 2892 431 2928 Panos
452 2893 543 2928 libro
574 2897 709 2939 quarto
737 2893 873 2929 decimo
897 2893 948 2929 ad
970 2892 1145 2930 Sabinum
1190 2893 1234 2928 In

148 2938 328 2982 omnibus,
362 2948 454 2982 quae
476 2938 523 2973 ad
547 2938 696 2974 eandem
720 2939 876 2984 speciem
899 2939 1030 2974 reverti
1052 2950 1125 2974 non
1148 2949 1231 2984 pos-

147 2988 241 3026 sunt,
267 2983 453 3019 dicendum
479 2987 544 3027 est,
568 2984 599 3019 si
622 2985 770 3019 materia
786 2988 951 3020 manente
975 2985 1112 3030 species
1131 2984 1232 3020 dum-

147 3033 247 3063 taxat
277 3028 370 3064 forte
399 3032 538 3065 mutata
569 3030 633 3072 sit,
665 3029 775 3065 veluti
805 3030 836 3066 si
859 3039 938 3066 meo
969 3040 1052 3066 aere
1076 3034 1234 3066 statuam

147 3079 211 3108 aut
240 3079 386 3119 argento
419 3075 594 3120 scyphum
623 3074 789 3118 fecisses,
824 3086 881 3111 me
905 3086 1028 3111 eorum
1052 3075 1234 3111 dominum

148 3130 301 3163 manere,

193 3162 245 3202 25
275 3165 561 3201 CALLISTRATUS
578 3164 669 3201 libro
689 3164 846 3201 secundo
867 3166 1130 3202 institutionum
1165 3165 1235 3202 nisi

149 3211 329 3245 voluntate
371 3210 505 3245 domini
548 3210 695 3245 alterius
737 3211 879 3246 nomine
919 3211 957 3246 id
990 3211 1128 3247 factum
1169 3212 1232 3247 sit:

148 3259 294 3301 propter
329 3266 541 3291 consensum
572 3256 665 3291 enim
704 3255 838 3291 domini
873 3259 952 3292 tota
983 3267 1041 3292 res
1074 3258 1150 3293 eius
1180 3257 1233 3299 fit,

149 3302 250 3336 cuius
274 3301 416 3337 nomine
438 3300 540 3337 facta
562 3305 629 3337 est.

195 3343 248 3384 26
275 3346 432 3382 PAULUs
453 3347 544 3383 libro
569 3350 701 3393 quarto
726 3346 863 3382 decimo
886 3347 937 3382 ad
953 3346 1128 3383 Sabinum
1164 3347 1235 3383 Sed

150 3391 180 3426 si
211 3392 298 3427 meis
330 3392 463 3427 tabulis
495 3402 622 3428 navem
652 3392 816 3435 fecisses,
856 3395 955 3427 tuam
986 3403 1112 3428 navem
1145 3403 1233 3435 esse,

151 3437 233 3480 quia
265 3447 456 3482 cupressus
484 3448 558 3473 11011
587 3441 768 3479 1110110101,
794 3436 901 3472 sicuti
923 3448 990 3473 1100
1013 3438 1097 3473 1000
1128 3438 1235 3473 vesti-

150 3486 266 3517 mento
304 3483 422 3525 facto,
464 3483 526 3518 sed
566 3493 796 3527 cupresseum
834 3486 897 3517 aut
931 3483 1074 3518 laneum
1104 3494 1235 3529 corpus

1211 86 1296 133 647

2129 93 2322 136 XXXXI
2357 97 2374 136 l

1293 212 1404 248 fieret.
1453 211 1629 247 Proculus
1653 212 1789 247 indicat
1813 214 1880 249 hoc
1904 214 1982 249 iure
2006 225 2070 250 nos
2095 215 2158 258 uti,
2184 215 2279 260 quod
2298 214 2380 251 Ser-

1294 259 1349 294 vio
1374 261 1411 293 et
1427 257 1590 293 Labeoni
1613 257 1825 302 placuisset:
1852 260 1888 294 in
1913 260 2039 304 quibus
2061 261 2207 306 propria
2228 261 2381 306 qualitas

1294 306 1566 348 exspectaretur
1576 303 1600 346 ⁸,
1634 302 1664 337 si
1695 303 1781 347 quid
1813 304 1972 339 additum
2005 307 2072 341 erit
2095 311 2170 341 toto
2197 306 2308 349 cedit,
2342 310 2382 341 ut

1295 353 1437 384 statuae
1476 358 1540 394 pes
1580 351 1644 391 aut
1674 358 1818 390 manus,
1859 351 1992 395 scypho
2024 351 2154 387 fundus
2187 356 2250 387 aut
2281 362 2380 394 ansa,

1294 395 1387 430 lecto
1412 394 1578 436 fulcrum,
1604 393 1685 428 navi
1709 394 1845 436 tabula,
1870 396 2029 431 aedificio
2057 401 2273 432 cementum:
2305 400 2382 432 tota

1299 444 1312 474 1
1364 440 1458 475 enim
1481 440 1558 475 eius
1582 442 1682 481 8001,
1709 438 1810 474 0111118
1836 443 1919 474 0010
1942 440 2094 476 fuerant.
2143 443 2262 477 Arbor
2286 442 2380 477 radi-

1296 485 1389 520 citus
1421 488 1526 520 eruta
1558 488 1595 520 et
1624 484 1662 519 in
1693 484 1789 519 01109
1819 485 1937 529 1108110
1966 487 2174 532 priusquam
2199 488 2381 528 coaluerit,

1295 530 1425 575 prioris
1458 529 1591 566 domini
1623 533 1695 573 est,
1733 529 1797 564 ubi
1830 530 1980 573 coaluit,
2017 542 2102 576 agro
2141 533 2249 575 cedit,
2286 536 2323 568 et
2354 534 2383 567 si

1295 586 1421 611 rursus
1442 579 1545 611 eruta
1565 576 1623 618 sit,
1644 585 1718 610 non
1737 574 1785 609 ad
1803 575 1959 620 priorem
1979 576 2157 612 dominum
2176 579 2381 613 revertitur:

1295 631 1380 656 nam
1405 621 1574 656 credibile
1599 624 1654 656 est
1678 620 1748 656 alio
1773 624 1891 655 terrae
1916 621 2082 658 alimento
2108 624 2213 658 aliam
2237 624 2381 658 factam.

1297 669 1316 700 2
1364 666 1402 701 Si
1425 677 1541 701 meam
1563 666 1683 701 10110111
1706 665 1888 708 infeceris,
1914 677 2109 712 purpuram
2133 669 2242 704 nihilo
2268 669 2382 703 minus

1296 722 1411 747 meam
1437 722 1515 747 esse
1538 712 1660 746 Labeo
1687 712 1753 755 ait,
1789 711 1873 756 quia
1897 711 1985 746 nihil
2015 713 2162 749 interest
2184 715 2276 749 inter
2299 725 2382 758 pur-

1296 767 1423 802 puram
1459 760 1495 792 et
1525 767 1603 791 eam
1635 757 1774 799 lanam,
1813 767 1905 802 quae
1936 757 1974 791 10
2002 757 2117 793 lutum
2148 764 2211 793 aut
2235 770 2384 794 caenum

1297 802 1484 838 cecidisset
1508 806 1614 847 atque
1637 803 1688 836 ita
1711 802 1902 847 pristinum
1927 803 2082 838 colorem
2106 805 2328 848 perdidisset.

1343 845 1395 884 27
1421 847 1652 882 POMPONIUS
1669 848 1761 883 libro
1783 849 1991 894 triqensimo
2005 849 2054 883 ad
2067 848 2238 884 Sabinum
2276 850 2383 894 Quid-

1296 893 1381 938 quid
1411 892 1545 928 infecto
1576 896 1725 937 argento
1766 893 1872 929 alieni
1909 894 2047 938 argenti
2080 894 2277 937 addideris,
2315 906 2385 929 non

1296 949 1375 974 esse
1398 942 1501 973 tuum
1524 941 1641 974 totum
1670 941 1857 983 argentum
1880 938 2065 973 fatendum
2090 944 2161 975 est:
2201 944 2238 974 at
2263 944 2386 975 contra

1297 985 1328 1019 si
1347 988 1450 1019 tuum
1470 985 1645 1030 scyphum
1665 983 1782 1019 alieno
1803 984 1949 1029 plumbo
1970 985 2208 1029 plumbaveris
2229 986 2386 1020 alienove

1297 1033 1444 1075 argento
1463 1029 1764 1071 ferruminaveris,
1789 1040 1863 1065 non
1887 1030 2073 1065 dubitatur
2097 1032 2268 1076 scyphum
2287 1034 2387 1065 tuum

1300 1079 1315 1110 1
1366 1086 1445 1111 0880
1484 1079 1519 1110 01
1550 1085 1573 1110 0
1609 1078 1646 1110 10
1684 1078 1783 1110 10010
1814 1075 1999 1110 vindicari.
2048 1076 2118 1111 Ubi
2149 1076 2255 1111 simul
2286 1076 2388 1120 plura

1298 1121 1592 1163 contribuuntur,
1627 1130 1672 1155 ex
1704 1121 1834 1165 quibus
1866 1131 1977 1155 unum
2010 1121 2306 1156 medicamentum
2338 1121 2387 1164 fit,

1297 1170 1361 1201 aut
1373 1168 1400 1188 ¹⁰
1437 1166 1548 1202 coctis
1584 1166 1756 1202 odoribus
1791 1169 1973 1211 unguenta
2007 1166 2175 1210 facimus,
2211 1166 2300 1201 nihil
2331 1167 2388 1200 hic

1297 1223 1402 1247 suum
1420 1222 1503 1247 vere
1521 1211 1642 1247 dicere
1665 1215 1786 1256 potest
1808 1212 1908 1257 prior
1931 1211 2113 1247 dominus:
2139 1222 2250 1256 quare
2274 1213 2385 1256 potis-

1297 1258 1425 1293 simum
1446 1257 1651 1301 existimari,
1678 1257 1781 1292 cuius
1802 1258 1946 1293 nomine
1965 1257 2103 1293 factum
2120 1258 2178 1300 sit,
2204 1259 2279 1293 eius
2299 1268 2387 1292 esse.

1299 1306 1318 1338 2
1368 1302 1458 1337 Cum
1489 1306 1612 1349 partes
1649 1303 1802 1338 duorum
1840 1303 2063 1338 dominorum
2099 1303 2293 1338 ferrumine
2330 1313 2388 1337 00-

1297 1349 1489 1391 haereant,
1514 1349 1583 1383 hae
1607 1359 1689 1384 cum
1713 1352 1946 1401 quaereretur
1969 1349 2041 1384 utri
2066 1348 2211 1392 cedant,
2246 1348 2389 1384 Cassius

1298 1395 1350 1428 ait
1383 1404 1448 1439 pro
1484 1394 1649 1439 portione
1690 1403 1742 1429 101
1783 1394 2044 1429 aestimandum
2079 1395 2135 1429 vel
2174 1405 2241 1439 pro
2275 1394 2388 1438 pretio

1298 1440 1471 1484 cuiusque
1495 1440 1621 1484 partis.
1671 1439 1735 1475 sed
1768 1439 1798 1474 si
1821 1442 1952 1475 neutra
1975 1439 2301 1475 alteri·accessi0ni
2324 1444 2389 1481 est,

1297 1485 1498 1527 videamus,
1529 1495 1574 1519 ne
1606 1488 1671 1520 aut
1694 1484 1881 1530 utriusque
1905 1495 1983 1520 esse
2013 1485 2165 1520 dicenda
2189 1485 2252 1527 sit,
2286 1485 2391 1520 sicuti

1298 1541 1419 1566 massa
1443 1530 1613 1574 confusa,
1646 1534 1710 1565 aut
1734 1531 1827 1574 eius,
1860 1530 1961 1566 cuius
1987 1531 2128 1566 nomine
2156 1530 2391 1566 ferruminata

1300 1579 1364 1611 est.
1401 1575 1466 1611 sed
1483 1576 1661 1611 Proculus
1680 1579 1716 1610 et
1734 1576 1893 1620 Pegasus
1919 1576 2123 1612 existimant
2146 1586 2248 1612 suam
2274 1576 2390 1611 cuius-

1300 1631 1369 1666 que
1393 1632 1467 1656 rem
1490 1631 1647 1657 manere.

1345 1663 1399 1704 28
1424 1667 1533 1702 IDEM
1561 1667 1653 1702 libro
1687 1667 1897 1713 triqensimo
1930 1667 2035 1702 tertio
2059 1666 2109 1701 ad
2132 1665 2306 1703 Sabinum
2354 1666 2392 1702 Si

1299 1723 1411 1757 supra
1434 1716 1536 1747 tuum
1558 1712 1734 1792 8011010111
1757 1712 1895 1748 vicinus
1920 1712 2177 1754 aedificaverit,
2207 1712 2391 1757 proprium

1301 1758 1376 1793 eius
1411 1757 1448 1792 id
1484 1769 1554 1803 quo
1616 1757 1859 1792 aedificaverit
1893 1757 1971 1792 fieri
2010 1757 2134 1793 Labeo
2170 1761 2206 1792 et
2237 1757 2391 1792 Sabinus

1300 1805 1418 1838 aiunt:
1452 1803 1517 1839 sed
1540 1803 1719 1838 Proculus
1743 1806 1845 1838 tuum
1869 1803 2071 1848 proprium,
2096 1803 2391 1847 quemadmodum

1300 1854 1402 1884 tuum
1425 1848 1539 1892 fieret,
1565 1848 1662 1894 quod
1684 1849 1721 1883 in
1737 1849 1814 1884 solo
1832 1852 1893 1884 tuo
1919 1848 2010 1884 alius
2027 1848 2270 1884 aedificasset:
2296 1848 2391 1893 quod

1300 1895 1418 1930 verius
1443 1898 1508 1930 est.

1347 1937 1401 1977 29
1426 1939 1588 1975 PAULUS
1608 1939 1700 1975 libro
1724 1943 1830 1975 sexto
1855 1939 1992 1975 decimo
2017 1939 2067 1974 ad
2085 1938 2259 1975 Sabinum
2293 1939 2391 1974 Inter

1302 1995 1384 2028 eos,
1425 1984 1487 2029 qui
1523 1985 1722 2021 secundum
1763 1995 1872 2020 unam
1914 1985 2030 2030 ripam
2063 1985 2213 2029 praedia
2246 1985 2391 2026 habent,

1300 2031 1421 2066 insula
1449 2031 1486 2065 10
1517 2030 1664 2066 flumine
1695 2033 1782 2066 nata
1812 2041 1886 2066 non
1918 2041 1985 2075 pro
2015 2030 2163 2065 indiviso
2197 2031 2390 2066 communis

1301 2077 1353 2119 fit,
1377 2076 1441 2112 sed
1460 2076 1666 2121 regionibus
1683 2087 1825 2121 quoque
1846 2076 1984 2111 divisis:
2007 2080 2180 2120 quantum
2200 2076 2292 2111 enim
2310 2080 2391 2110 ante

1302 2122 1476 2167 cuiusque
1507 2132 1631 2157 eorum
1659 2122 1775 2166 ripam
1799 2125 1869 2164 est,
1906 2125 2065 2164 tantum,
2100 2122 2210 2156 veluti
2238 2122 2333 2156 linea
2355 2122 2392 2156 10

1302 2168 1477 2203 (1110010111
1500 2178 1567 2213 1101
1589 2167 1743 2202 10801010
1772 2167 2001 2211 11008110010,
2035 2167 2184 2212 (10181100
2210 2177 2332 2202 eorum
2356 2167 2391 2200 in

1301 2224 1344 2249 ea
1367 2213 1516 2249 habebit
1542 2213 1650 2248 certis
1673 2212 1891 2257 regionibus.

1348 2256 1401 2296 30
1425 2258 1658 2294 POMPONIUS
1676 2259 1767 2294 libro
1789 2259 1999 2304 trz'qensz'mo
2038 2262 2143 2293 uarto
2157 2257 2207 2292 ad
2218 2256 2390 2293 Sabinum

1300 2304 1399 2349 Ergo
1438 2304 1469 2339 si
1502 2304 1622 2339 insula
1660 2307 1749 2339 nata
1786 2304 1987 2339 adcreverit
2034 2303 2129 2338 undo
2162 2313 2240 2338 meo
2274 2306 2309 2337 et
2337 2302 2391 2336 in-

1301 2350 1469 2385 feriorem
1500 2353 1639 2395 partem
1668 2349 1772 2384 fundi
1803 2349 2011 2391 vendidero,
2043 2349 2089 2383 ad
2114 2349 2214 2383 cuius
2239 2348 2391 2383 frontem

1300 2395 1420 2431 insula
1443 2405 1517 2430 non
1539 2394 1705 2440 respicit,
1740 2395 1828 2429 nihil
1852 2405 1897 2430 ex
1921 2405 1964 2429 ea
1987 2394 2107 2430 insula
2129 2394 2323 2439 pertinebit
2346 2393 2392 2427 ad

1303 2444 1499 2486 emptorem
1530 2440 1654 2475 eadem
1686 2451 1730 2476 ex
1762 2450 1892 2482 eausa,
1925 2449 1996 2485 qua
2020 2450 2087 2474 nec
2118 2440 2164 2473 ab
2188 2439 2288 2474 initio
2315 2439 2390 2483 qui-

1303 2486 1383 2521 dem
1407 2486 1484 2521 eius
1508 2484 1629 2527 fieret,
1654 2486 1685 2521 si
1707 2486 1779 2520 iam
1803 2490 1899 2529 tunc,
1926 2496 2006 2520 cum
2029 2484 2148 2520 insula
2170 2488 2390 2525 nasceretur,

1308 2536 1319 2566 1
1373 2531 1531 2567 0108110111
1554 2531 1669 2576 1101118
1694 2531 1857 2566 dominus
1881 2531 2020 2565 fuisset.
2070 2530 2193 2566 Celsus
2217 2530 2331 2572 filius,
2363 2530 2391 2564 si

1301 2577 1339 2612 in
1361 2577 1440 2622 ripa
1468 2576 1643 2619 fluminis,
1681 2587 1773 2622 quae
1804 2576 2000 2612 secundum
2032 2586 2157 2620 agrum
2188 2585 2305 2610 meum
2334 2575 2390 2617 sit,

1302 2623 1411 2658 arbor
1441 2627 1530 2657 nata
1560 2622 1622 2664 sit,
1655 2633 1771 2657 meam
1804 2632 1881 2657 esse
1914 2622 1983 2664 ait,
2017 2622 2102 2666 quia
2133 2621 2248 2656 solum
2275 2621 2390 2665 ipsum

1301 2678 1420 2703 meum
1442 2668 1620 2713 privatum
1646 2671 1717 2711 est,
1743 2678 1829 2702 usus
1853 2671 1974 2702 autem
1999 2667 2074 2701 eius
2099 2666 2264 2711 publicus
2288 2666 2390 2700 intel-

1300 2713 1442 2758 legitur.
1493 2717 1527 2748 et
1550 2713 1630 2748 ideo
1657 2724 1737 2748 cum
1763 2713 1964 2748 exsiccatus
1988 2715 2084 2747 esset
2107 2711 2245 2754 alveus,
2269 2712 2390 2756 proxi-

1303 2763 1321 2793 2
1370 2769 1508 2794 morum
1531 2758 1583 2801 fit,
1610 2759 1693 2803 quia
1716 2759 1788 2793 iam
1810 2758 1966 2803 populus
1988 2768 2031 2792 eo
2055 2768 2128 2792 non
2152 2757 2275 2792 utitur.
2312 2756 2387 2791 Tri⁴

1302 2805 1370 2839 bus
1402 2804 1516 2839 modis
1546 2804 1666 2839 insula
1693 2804 1732 2838 in
1759 2803 1905 2838 flumine
1928 2802 1986 2846 fit,
2020 2813 2111 2845 uno,
2150 2813 2232 2837 cum
2256 2812 2390 2846 agrum,

1302 2849 1364 2894 qui
1386 2850 1478 2884 alvei
1508 2860 1582 2885 non
1611 2849 1696 2891 fuit,
1729 2849 1844 2883 amnis
1879 2848 2114 2891 circumfluit,
2147 2847 2277 2887 altero,
2312 2857 2389 2881 cum

1301 2895 1439 2937 locum,
1472 2896 1533 2939 qui
1561 2895 1652 2930 alvei
1676 2898 1787 2935 esset,
1820 2894 1957 2929 siccum
1988 2893 2157 2938 relinquit
2181 2897 2217 2928 et
2240 2892 2389 2928 circum-

1300 2940 1414 2975 fluere
1437 2940 1574 2985 coepit,
1604 2940 1727 2982 tertio,
1758 2950 1839 2974 cum
1864 2939 2039 2983 paulatim
2064 2938 2249 2974 colluendo
2273 2937 2389 2972 locum

1302 2986 1515 3021 eminentem
1539 2995 1650 3029 supra
1670 2985 1808 3019 alveum
1830 2984 1917 3019 fecit
1941 2988 1976 3018 et
1997 2995 2077 3019 eum
2101 2983 2265 3018 alluendo
2278 2982 2388 3017 auxit.

1303 3031 1444 3067 duobus
1475 3030 1735 3075 posterioribus
1767 3029 1881 3064 modis
1912 3030 2053 3074 privata
2084 3029 2202 3064 insula
2232 3028 2273 3062 fit
2304 3027 2388 3068 eius,

1304 3076 1405 3111 cuius
1430 3086 1516 3121 ager
1565 3075 1687 3128 ropior
1709 3075 1834 3117 fuerit,
1860 3086 1942 3110 cum
1966 3075 2118 3119 primum
2143 3073 2274 3109 extitit:
2307 3082 2388 3106 nam

1303 3125 1339 3156 et
1366 3124 1498 3155 natura
1554 3121 1683 3155 uminis
1714 3121 1804 3155 haec
1836 3124 1908 3162 est,
1942 3125 1983 3155 ut
2016 3130 2124 3154 cursu
2155 3129 2219 3153 suo
2252 3119 2387 3151 mutato

1303 3167 1394 3201 alvei
1419 3176 1565 3201 causam
1589 3169 1713 3201 mutet.
1749 3176 1816 3201 nec
1840 3167 2030 3211 quicquam
2054 3163 2244 3204 intersit¹¹,
2269 3165 2388 3196 utrum

1304 3212 1347 3246 de
1371 3211 1461 3246 alvei
1486 3211 1673 3245 dumtaxat
1705 3211 1781 3246 solo
1806 3214 1944 3246 mutato
1977 3220 2024 3244 an
2048 3209 2091 3243 de
2116 3219 2174 3250 eo,
2210 3206 2303 3251 quod
2329 3217 2387 3240 su-

1302 3256 1489 3303 perfusum
1521 3257 1597 3291 solo
1631 3260 1667 3291 et
1702 3260 1821 3291 terrae
1853 3256 1916 3298 sit,
1951 3257 2164 3300 quaeratur,
2200 3257 2389 3296 utrumque

1303 3302 1398 3337 enim
1430 3301 1585 3337 eiusdem
1617 3302 1757 3346 generis
1790 3306 1853 3336 est.
1903 3301 2015 3345 primo
2047 3304 2167 3334 01110111
2198 3297 2259 3348 illo
2282 3296 2387 3331 modo

1304 3351 1323 3382 3
1373 3357 1485 3382 00080
1515 3347 1748 3392 proprietatis
1781 3358 1853 3382 non
1882 3349 2050 3380 mutatur.
2099 3343 2238 3377 Alluvio
2264 3352 2388 3386 agrum

1303 3391 1461 3427 restituit
1484 3402 1582 3434 eum,
1608 3403 1713 3437 quem
1736 3392 1888 3436 impetus
1911 3388 2066 3424 fluminis
2090 3391 2205 3422 totum
2229 3387 2386 3421 abstulit.

1303 3438 1424 3482 itaque
1447 3437 1479 3472 si
1503 3447 1605 3482 ager,
1644 3438 1706 3482 qui
1738 3437 1831 3471 inter
1862 3435 1953 3470 viam
1985 3433 2165 3478 publicam
2198 3436 2232 3484 et
2255 3431 2387 3466 flumen

1303 3483 1391 3525 fuit,
1413 3482 1647 3518 inundatione
1669 3482 1824 3518 fluminis
1849 3484 2046 3523 occupatus
2071 3482 2175 3519 esset,
2200 3486 2274 3512 sive
2297 3487 2386 3521 pau-

151 3598 191 3636 (1)
216 3598 300 3629 iuris
313 3599 348 3630 F
429 3599 482 3640 (ι’)
507 3599 540 3630 01
551 3611 608 3631 om.
623 3599 657 3631 F
750 3600 792 3639 (2)
817 3598 874 3630 eui
881 3597 970 3631 bona
980 3598 1044 3632 fide
1056 3599 1159 3633 servit
1172 3600 1232 3632 del.

151 3643 196 3682 (3)
220 3645 279 3674 aut
290 3643 363 3684 sibi,
382 3643 411 3675 si
422 3642 509 3675 liber
520 3644 564 3676 sit
576 3643 634 3685 qui
645 3643 733 3676 bona
745 3644 810 3676 fide
821 3644 924 3676 servit
940 3656 1002 3677 scr.
1121 3646 1165 3686 (4)
1191 3647 1232 3688 cf.

159 3686 232 3729 Ulp.
252 3688 299 3719 D.
320 3690 351 3729 7,
372 3696 396 3729 1,
418 3696 464 3729 25,
487 3695 502 3721 6
612 3690 656 3730 (5)
679 3689 908 3730 rationemque
927 3689 991 3721 1100
1010 3688 1118 3722 facere
1138 3692 1187 3731 ut,
1207 3690 1235 3721 si

153 3741 191 3763 ex
203 3742 239 3764 re
251 3731 389 3765 alterius
399 3733 591 3776 stipulatur,
602 3736 730 3776 partem
742 3735 773 3767 ei
786 3734 957 3766 dumtaxat
969 3735 1096 3777 quaeri,
1107 3737 1235 3777 partem

1895 3595 1938 3634 (6)
1956 3594 1991 3624 at
2004 3593 2110 3624 Fuchs
2170 3593 2214 3632 (7)
2235 3594 2278 3636 (f.
2287 3592 2387 3625 Scae-

1867 3640 1912 3680 (8)
1935 3640 2138 3680 spectaretur
2152 3638 2180 3670 S
2246 3639 2290 3678 (9)
2315 3635 2389 3671 1000

1818 3686 1873 3725 (11)
1897 3683 2037 3716 interest
2049 3682 2131 3714 Hal.

1304 3597 1440 3630 domino
1458 3598 1534 3640 Ulp.
1547 3609 1588 3631 εει·
1599 3596 1761 3630 Scaevola
1774 3596 1793 3627 I.
1808 3607 1834 3628 c.

1303 3645 1378 3676 vola
1393 3644 1412 3676 l.
1422 3643 1565 3686 XIIIq.
1579 3643 1624 3675 D.
1640 3643 1694 3683 45,
1708 3648 1735 3681 3,
1748 3648 1780 3673 19

1305 3691 1364 3721 ins.
1380 3685 1431 3721 ΙΨ
1527 3690 1585 3729 (10)
1612 3690 1650 3719 ut
1661 3699 1723 3719 scr.
