<?xml version="1.0" encoding="UTF-8"?>
<!DOCTYPE html PUBLIC "-//W3C//DTD XHTML 1.0 Transitional//EN"
    "http://www.w3.org/TR/xhtml1/DTD/xhtml1-transitional.dtd">
<html xmlns="http://www.w3.org/1999/xhtml" xml:lang="en" lang="en">
 <head>
  <title>
</title>
<meta http-equiv="Content-Type" content="text/html;charset=utf-8" />
  <meta name='ocr-system' content='tesseract 3.04.00' />
  <meta name='ocr-capabilities' content='ocr_page ocr_carea ocr_par ocr_line ocrx_word'/>
</head>
<body>
  <div class='ocr_page' id='page_1' title='image "./corpusjuriscivil01krueuoft_0369.png"; bbox 0 0 2528 3918; ppageno 0'>
   <div class='ocr_carea' id='block_1_1' title="bbox 22 127 358 175">
    <p class='ocr_par' dir='ltr' id='par_1_1' title="bbox 22 104 358 178">
     <span class='ocr_line' id='line_1_1' title="bbox 22 127 358 175; baseline -0.015 -12"><span class='ocrx_word' id='word_1_1' title='bbox 22 164 30 175; x_wconf 60' lang='grc'><strong><em>,</em></strong></span> <span class='ocrx_word' id='word_1_2' title='bbox 132 127 358 161; x_wconf 76' lang='lat' dir='ltr'><strong>commori</strong></span> 
     </span>
    </p>
   </div>
   <div class='ocr_carea' id='block_1_2' title="bbox 0 0 118 3918">
    <p class='ocr_par' dir='ltr' id='par_1_2' title="bbox 0 0 118 3918">
     <span class='ocr_line' id='line_1_2' title="bbox 0 0 118 3918; baseline 0 0"><span class='ocrx_word' id='word_1_3' title='bbox 0 0 118 3918; x_wconf 95' lang='lat' dir='ltr'><strong> </strong></span> 
     </span>
    </p>
   </div>
   <div class='ocr_carea' id='block_1_3' title="bbox 175 235 1215 284">
    <p class='ocr_par' dir='ltr' id='par_1_3' title="bbox 175 235 1215 284">
     <span class='ocr_line' id='line_1_3' title="bbox 175 235 1215 284; baseline -0.005 -8"><span class='ocrx_word' id='word_1_4' title='bbox 175 236 228 277; x_wconf 84' lang='lat'><strong>23</strong></span> <span class='ocrx_word' id='word_1_5' title='bbox 253 238 595 274; x_wconf 60' lang='lat' dir='ltr'><strong>Hsauoonmnlvvs</strong></span> <span class='ocrx_word' id='word_1_6' title='bbox 624 236 714 273; x_wconf 83' lang='lat' dir='ltr'><strong>libro</strong></span> <span class='ocrx_word' id='word_1_7' title='bbox 746 235 904 273; x_wconf 69' lang='lat' dir='ltr'><strong>secundo</strong></span> <span class='ocrx_word' id='word_1_8' title='bbox 929 236 1021 273; x_wconf 81' lang='lat' dir='ltr'><strong>iuris</strong></span> <span class='ocrx_word' id='word_1_9' title='bbox 1045 236 1215 284; x_wconf 80' lang='lat' dir='ltr'><strong>epitoma-</strong></span> 
     </span>
    </p>
   </div>
   <div class='ocr_carea' id='block_1_4' title="bbox 27 273 1217 334">
    <p class='ocr_par' dir='ltr' id='par_1_4' title="bbox 27 270 1217 334">
     <span class='ocr_line' id='line_1_4' title="bbox 27 273 1217 334; baseline -0.003 -13"><span class='ocrx_word' id='word_1_10' title='bbox 27 270 65 329; x_wconf 47' lang='grc' dir='ltr'><strong>ζ’</strong></span> <span class='ocrx_word' id='word_1_11' title='bbox 128 295 209 321; x_wconf 87' lang='lat' dir='ltr'><strong>rum</strong></span> <span class='ocrx_word' id='word_1_12' title='bbox 256 287 292 320; x_wconf 91' lang='lat' dir='ltr'><strong>et</strong></span> <span class='ocrx_word' id='word_1_13' title='bbox 313 284 394 320; x_wconf 91' lang='lat' dir='ltr'><strong>ideo</strong></span> <span class='ocrx_word' id='word_1_14' title='bbox 417 285 604 330; x_wconf 85' lang='lat' dir='ltr'><strong>praetextu</strong></span> <span class='ocrx_word' id='word_1_15' title='bbox 627 281 781 334; x_wconf 46' lang='lat' dir='ltr'><strong>minoris·</strong></span> <span class='ocrx_word' id='word_1_16' title='bbox 805 281 1006 328; x_wconf 73' lang='lat' dir='ltr'>pensionis,</span> <span class='ocrx_word' id='word_1_17' title='bbox 1037 281 1217 318; x_wconf 89' lang='lat' dir='ltr'><strong>locatione</strong></span> 
     </span>
    </p>
   </div>
   <div class='ocr_carea' id='block_1_5' title="bbox 121 327 1217 3600">
    <p class='ocr_par' dir='ltr' id='par_1_5' title="bbox 129 327 1215 419">
     <span class='ocr_line' id='line_1_5' title="bbox 129 327 1215 373; baseline -0.004 -7"><span class='ocrx_word' id='word_1_18' title='bbox 129 330 244 372; x_wconf 83' lang='lat' dir='ltr'><strong>facta,</strong></span> <span class='ocrx_word' id='word_1_19' title='bbox 269 329 299 365; x_wconf 90' lang='lat' dir='ltr'><strong>si</strong></span> <span class='ocrx_word' id='word_1_20' title='bbox 322 329 440 365; x_wconf 86' lang='lat' dir='ltr'><strong>nullus</strong></span> <span class='ocrx_word' id='word_1_21' title='bbox 464 327 567 364; x_wconf 87' lang='lat' dir='ltr'><strong>dolus</strong></span> <span class='ocrx_word' id='word_1_22' title='bbox 590 327 784 363; x_wconf 79' lang='lat' dir='ltr'><strong>adversarii</strong></span> <span class='ocrx_word' id='word_1_23' title='bbox 806 327 952 373; x_wconf 90' lang='lat' dir='ltr'><strong>probari</strong></span> <span class='ocrx_word' id='word_1_24' title='bbox 975 328 1107 373; x_wconf 85' lang='lat' dir='ltr'>possit,</span> <span class='ocrx_word' id='word_1_25' title='bbox 1140 337 1215 363; x_wconf 86' lang='lat' dir='ltr'><strong>res-</strong></span> 
     </span>
     <span class='ocr_line' id='line_1_6' title="bbox 129 375 627 419; baseline -0.008 -7"><span class='ocrx_word' id='word_1_26' title='bbox 129 375 224 413; x_wconf 91' lang='lat' dir='ltr'><strong>cindi</strong></span> <span class='ocrx_word' id='word_1_27' title='bbox 245 375 376 410; x_wconf 81' lang='lat' dir='ltr'><strong>locatio</strong></span> <span class='ocrx_word' id='word_1_28' title='bbox 401 384 474 409; x_wconf 92' lang='lat' dir='ltr'><strong>non</strong></span> <span class='ocrx_word' id='word_1_29' title='bbox 496 376 627 419; x_wconf 89' lang='lat' dir='ltr'><strong>potest.</strong></span> 
     </span>
    </p>

    <p class='ocr_par' dir='ltr' id='par_1_6' title="bbox 121 416 1217 2331">
     <span class='ocr_line' id='line_1_7' title="bbox 174 416 1217 465; baseline -0.004 -8"><span class='ocrx_word' id='word_1_30' title='bbox 174 418 227 457; x_wconf 87' lang='lat'><strong>24</strong></span> <span class='ocrx_word' id='word_1_31' title='bbox 252 419 309 456; x_wconf 74' lang='lat' dir='ltr'><strong>PA</strong></span> <span class='ocrx_word' id='word_1_32' title='bbox 317 428 411 456; x_wconf 60' lang='lat' dir='ltr'><strong>vsvs</strong></span> <span class='ocrx_word' id='word_1_33' title='bbox 430 418 520 454; x_wconf 81' lang='lat' dir='ltr'><strong>libro</strong></span> <span class='ocrx_word' id='word_1_34' title='bbox 546 418 727 465; x_wconf 74' lang='lat' dir='ltr'><strong>triqesae’mo</strong></span> <span class='ocrx_word' id='word_1_35' title='bbox 752 420 884 464; x_wconf 81' lang='lat' dir='ltr'><strong>quarto</strong></span> <span class='ocrx_word' id='word_1_36' title='bbox 909 418 959 454; x_wconf 86' lang='lat' dir='ltr'><strong>ad</strong></span> <span class='ocrx_word' id='word_1_37' title='bbox 981 417 1135 454; x_wconf 85' lang='lat' dir='ltr'><strong>edictum</strong></span> <span class='ocrx_word' id='word_1_38' title='bbox 1178 416 1217 453; x_wconf 90' lang='lat' dir='ltr'><strong>Si</strong></span> 
     </span>
     <span class='ocr_line' id='line_1_8' title="bbox 127 462 1215 510; baseline -0.003 -9"><span class='ocrx_word' id='word_1_39' title='bbox 127 466 163 502; x_wconf 92' lang='lat' dir='ltr'><strong>in</strong></span> <span class='ocrx_word' id='word_1_40' title='bbox 186 466 261 510; x_wconf 86' lang='lat' dir='ltr'><strong>lege</strong></span> <span class='ocrx_word' id='word_1_41' title='bbox 282 463 469 500; x_wconf 83' lang='lat' dir='ltr'><strong>locationis</strong></span> <span class='ocrx_word' id='word_1_42' title='bbox 495 464 788 509; x_wconf 88' lang='lat' dir='ltr'><strong>comprehensum</strong></span> <span class='ocrx_word' id='word_1_43' title='bbox 812 462 868 506; x_wconf 91' lang='lat' dir='ltr'><strong>sit,</strong></span> <span class='ocrx_word' id='word_1_44' title='bbox 893 466 935 498; x_wconf 90' lang='lat' dir='ltr'><strong>ut</strong></span> <span class='ocrx_word' id='word_1_45' title='bbox 954 463 1130 499; x_wconf 87' lang='lat' dir='ltr'><strong>arbitratu</strong></span> <span class='ocrx_word' id='word_1_46' title='bbox 1152 462 1215 498; x_wconf 93' lang='lat' dir='ltr'><strong>do-</strong></span> 
     </span>
     <span class='ocr_line' id='line_1_9' title="bbox 127 508 1216 556; baseline -0.004 -9"><span class='ocrx_word' id='word_1_47' title='bbox 127 510 212 547; x_wconf 90' lang='lat' dir='ltr'><strong>mini</strong></span> <span class='ocrx_word' id='word_1_48' title='bbox 242 520 263 546; x_wconf 92' lang='lat' dir='ltr'><strong>o</strong></span> <span class='ocrx_word' id='word_1_49' title='bbox 291 519 334 545; x_wconf 89' lang='lat' dir='ltr'><strong>us</strong></span> <span class='ocrx_word' id='word_1_50' title='bbox 365 509 603 556; x_wconf 62' lang='lat' dir='ltr'><strong>improbetur,</strong></span> <span class='ocrx_word' id='word_1_51' title='bbox 634 508 781 554; x_wconf 86' lang='lat' dir='ltr'>perinde</span> <span class='ocrx_word' id='word_1_52' title='bbox 811 508 982 551; x_wconf 90' lang='lat' dir='ltr'><strong>habetur,</strong></span> <span class='ocrx_word' id='word_1_53' title='bbox 1015 519 1058 544; x_wconf 89' lang='lat' dir='ltr'><strong>ac</strong></span> <span class='ocrx_word' id='word_1_54' title='bbox 1090 508 1121 544; x_wconf 87' lang='lat' dir='ltr'><strong>si</strong></span> <span class='ocrx_word' id='word_1_55' title='bbox 1150 508 1216 544; x_wconf 91' lang='lat' dir='ltr'><strong>viri</strong></span> 
     </span>
     <span class='ocr_line' id='line_1_10' title="bbox 127 553 1214 600; baseline -0.004 -8"><span class='ocrx_word' id='word_1_56' title='bbox 127 556 211 593; x_wconf 91' lang='lat' dir='ltr'><strong>boni</strong></span> <span class='ocrx_word' id='word_1_57' title='bbox 234 565 275 591; x_wconf 90' lang='lat' dir='ltr'><strong>ar</strong></span> <span class='ocrx_word' id='word_1_58' title='bbox 300 554 420 590; x_wconf 86' lang='lat' dir='ltr'><strong>itrium</strong></span> <span class='ocrx_word' id='word_1_59' title='bbox 444 554 737 600; x_wconf 88' lang='lat' dir='ltr'><strong>comprehensum</strong></span> <span class='ocrx_word' id='word_1_60' title='bbox 767 553 914 597; x_wconf 87' lang='lat' dir='ltr'><strong>fuisset,</strong></span> <span class='ocrx_word' id='word_1_61' title='bbox 945 554 1109 600; x_wconf 83' lang='lat' dir='ltr'><strong>idemque</strong></span> <span class='ocrx_word' id='word_1_62' title='bbox 1140 563 1214 589; x_wconf 85' lang='lat' dir='ltr'><strong>ser-</strong></span> 
     </span>
     <span class='ocr_line' id='line_1_11' title="bbox 127 598 1216 645; baseline -0.003 -7"><span class='ocrx_word' id='word_1_63' title='bbox 127 605 251 644; x_wconf 87' lang='lat' dir='ltr'><strong>vatur,</strong></span> <span class='ocrx_word' id='word_1_64' title='bbox 275 600 306 636; x_wconf 86' lang='lat' dir='ltr'><strong>si</strong></span> <span class='ocrx_word' id='word_1_65' title='bbox 329 600 476 635; x_wconf 86' lang='lat' dir='ltr'><strong>alterius</strong></span> <span class='ocrx_word' id='word_1_66' title='bbox 501 599 689 636; x_wconf 91' lang='lat' dir='ltr'><strong>cuiuslibet</strong></span> <span class='ocrx_word' id='word_1_67' title='bbox 713 598 898 635; x_wconf 81' lang='lat' dir='ltr'><strong>arbitrium</strong></span> <span class='ocrx_word' id='word_1_68' title='bbox 923 600 1216 645; x_wconf 88' lang='lat' dir='ltr'><strong>comprehensum</strong></span> 
     </span>
     <span class='ocr_line' id='line_1_12' title="bbox 127 644 1214 690; baseline -0.003 -8"><span class='ocrx_word' id='word_1_69' title='bbox 127 648 191 683; x_wconf 87' lang='lat' dir='ltr'><strong>sit:</strong></span> <span class='ocrx_word' id='word_1_70' title='bbox 222 656 305 682; x_wconf 90' lang='lat' dir='ltr'><strong>nam</strong></span> <span class='ocrx_word' id='word_1_71' title='bbox 328 645 417 681; x_wconf 90' lang='lat' dir='ltr'><strong>fides</strong></span> <span class='ocrx_word' id='word_1_72' title='bbox 442 645 536 681; x_wconf 90' lang='lat' dir='ltr'><strong>bona</strong></span> <span class='ocrx_word' id='word_1_73' title='bbox 561 645 686 690; x_wconf 86' lang='lat' dir='ltr'><strong>exigit,</strong></span> <span class='ocrx_word' id='word_1_74' title='bbox 718 648 759 680; x_wconf 92' lang='lat' dir='ltr'><strong>ut</strong></span> <span class='ocrx_word' id='word_1_75' title='bbox 790 644 976 680; x_wconf 82' lang='lat' dir='ltr'><strong>arbitrium</strong></span> <span class='ocrx_word' id='word_1_76' title='bbox 1006 645 1079 680; x_wconf 88' lang='lat' dir='ltr'><strong>tale</strong></span> <span class='ocrx_word' id='word_1_77' title='bbox 1111 654 1214 690; x_wconf 89' lang='lat' dir='ltr'><strong>prae-</strong></span> 
     </span>
     <span class='ocr_line' id='line_1_13' title="bbox 126 689 1216 737; baseline -0.004 -9"><span class='ocrx_word' id='word_1_78' title='bbox 126 695 251 735; x_wconf 88' lang='lat' dir='ltr'><strong>stetur,</strong></span> <span class='ocrx_word' id='word_1_79' title='bbox 276 691 380 737; x_wconf 89' lang='lat' dir='ltr'><strong>quale</strong></span> <span class='ocrx_word' id='word_1_80' title='bbox 402 690 477 726; x_wconf 91' lang='lat' dir='ltr'><strong>viro</strong></span> <span class='ocrx_word' id='word_1_81' title='bbox 502 690 597 726; x_wconf 93' lang='lat' dir='ltr'><strong>bono</strong></span> <span class='ocrx_word' id='word_1_82' title='bbox 623 689 798 726; x_wconf 89' lang='lat' dir='ltr'><strong>convenit.</strong></span> <span class='ocrx_word' id='word_1_83' title='bbox 833 689 941 736; x_wconf 89' lang='lat' dir='ltr'><strong>idque</strong></span> <span class='ocrx_word' id='word_1_84' title='bbox 964 690 1150 726; x_wconf 81' lang='lat' dir='ltr'><strong>arbitrium</strong></span> <span class='ocrx_word' id='word_1_85' title='bbox 1170 689 1216 725; x_wconf 88' lang='lat' dir='ltr'><strong>ad</strong></span> 
     </span>
     <span class='ocr_line' id='line_1_14' title="bbox 127 734 1215 784; baseline -0.003 -11"><span class='ocrx_word' id='word_1_86' title='bbox 127 737 333 784; x_wconf 86' lang='lat' dir='ltr'><strong>qualitatem</strong></span> <span class='ocrx_word' id='word_1_87' title='bbox 352 735 480 782; x_wconf 89' lang='lat' dir='ltr'><strong>operis,</strong></span> <span class='ocrx_word' id='word_1_88' title='bbox 505 746 579 771; x_wconf 92' lang='lat' dir='ltr'><strong>non</strong></span> <span class='ocrx_word' id='word_1_89' title='bbox 598 735 645 771; x_wconf 92' lang='lat' dir='ltr'><strong>ad</strong></span> <span class='ocrx_word' id='word_1_90' title='bbox 663 746 771 782; x_wconf 91' lang='lat' dir='ltr'><strong>proro</strong></span> <span class='ocrx_word' id='word_1_91' title='bbox 796 735 928 771; x_wconf 91' lang='lat' dir='ltr'><strong>andum</strong></span> <span class='ocrx_word' id='word_1_92' title='bbox 945 739 1098 782; x_wconf 89' lang='lat' dir='ltr'><strong>tempus,</strong></span> <span class='ocrx_word' id='word_1_93' title='bbox 1120 734 1215 780; x_wconf 92' lang='lat' dir='ltr'><strong>quod</strong></span> 
     </span>
     <span class='ocr_line' id='line_1_15' title="bbox 125 780 1214 828; baseline -0.004 -9"><span class='ocrx_word' id='word_1_94' title='bbox 125 784 202 828; x_wconf 84' lang='lat' dir='ltr'><strong>lege</strong></span> <span class='ocrx_word' id='word_1_95' title='bbox 224 782 363 818; x_wconf 89' lang='lat' dir='ltr'><strong>finitum</strong></span> <span class='ocrx_word' id='word_1_96' title='bbox 386 782 443 824; x_wconf 90' lang='lat' dir='ltr'><strong>sit,</strong></span> <span class='ocrx_word' id='word_1_97' title='bbox 467 781 639 826; x_wconf 81' lang='lat' dir='ltr'><strong>pertinet,</strong></span> <span class='ocrx_word' id='word_1_98' title='bbox 663 781 732 817; x_wconf 91' lang='lat' dir='ltr'><strong>nisi</strong></span> <span class='ocrx_word' id='word_1_99' title='bbox 754 781 767 816; x_wconf 93' lang='lat' dir='ltr'><strong>i</strong></span> <span class='ocrx_word' id='word_1_100' title='bbox 813 780 930 826; x_wconf 90' lang='lat' dir='ltr'><strong>ipsum</strong></span> <span class='ocrx_word' id='word_1_101' title='bbox 953 781 1030 826; x_wconf 89' lang='lat' dir='ltr'><strong>lege</strong></span> <span class='ocrx_word' id='word_1_102' title='bbox 1054 790 1214 826; x_wconf 90' lang='lat' dir='ltr'><strong>compre-</strong></span> 
     </span>
     <span class='ocr_line' id='line_1_16' title="bbox 128 825 1214 873; baseline -0.003 -9"><span class='ocrx_word' id='word_1_103' title='bbox 128 830 279 864; x_wconf 89' lang='lat' dir='ltr'><strong>hensum</strong></span> <span class='ocrx_word' id='word_1_104' title='bbox 303 827 359 863; x_wconf 90' lang='lat' dir='ltr'><strong>sit.</strong></span> <span class='ocrx_word' id='word_1_105' title='bbox 398 827 526 873; x_wconf 91' lang='lat' dir='ltr'><strong>quibus</strong></span> <span class='ocrx_word' id='word_1_106' title='bbox 551 836 773 873; x_wconf 88' lang='lat' dir='ltr'><strong>consequens</strong></span> <span class='ocrx_word' id='word_1_107' title='bbox 798 830 871 870; x_wconf 91' lang='lat' dir='ltr'><strong>est,</strong></span> <span class='ocrx_word' id='word_1_108' title='bbox 895 830 936 861; x_wconf 90' lang='lat' dir='ltr'><strong>ut</strong></span> <span class='ocrx_word' id='word_1_109' title='bbox 958 826 1059 862; x_wconf 89' lang='lat' dir='ltr'><strong>irrita</strong></span> <span class='ocrx_word' id='word_1_110' title='bbox 1082 826 1129 862; x_wconf 90' lang='lat' dir='ltr'><strong>sit</strong></span> <span class='ocrx_word' id='word_1_111' title='bbox 1152 825 1214 861; x_wconf 89' lang='lat' dir='ltr'><strong>ad-</strong></span> 
     </span>
     <span class='ocr_line' id='line_1_17' title="bbox 125 871 1215 921; baseline -0.003 -12"><span class='ocrx_word' id='word_1_112' title='bbox 125 873 288 921; x_wconf 84' lang='lat' dir='ltr'><strong>probatio</strong></span> <span class='ocrx_word' id='word_1_113' title='bbox 325 872 406 908; x_wconf 92' lang='lat' dir='ltr'><strong>dolo</strong></span> <span class='ocrx_word' id='word_1_114' title='bbox 443 872 672 908; x_wconf 87' lang='lat' dir='ltr'><strong>conductoris</strong></span> <span class='ocrx_word' id='word_1_115' title='bbox 707 871 825 915; x_wconf 91' lang='lat' dir='ltr'><strong>facta,</strong></span> <span class='ocrx_word' id='word_1_116' title='bbox 857 876 899 907; x_wconf 91' lang='lat' dir='ltr'><strong>ut</strong></span> <span class='ocrx_word' id='word_1_117' title='bbox 930 883 974 907; x_wconf 86' lang='lat' dir='ltr'><strong>ex</strong></span> <span class='ocrx_word' id='word_1_118' title='bbox 1005 872 1125 907; x_wconf 88' lang='lat' dir='ltr'><strong>locato</strong></span> <span class='ocrx_word' id='word_1_119' title='bbox 1158 871 1215 916; x_wconf 89' lang='lat' dir='ltr'><strong>agi</strong></span> 
     </span>
     <span class='ocr_line' id='line_1_18' title="bbox 127 917 1212 972; baseline -0.003 -17"><span class='ocrx_word' id='word_1_120' title='bbox 127 923 143 955; x_wconf 94' lang='lat'>1</span> <span class='ocrx_word' id='word_1_121' title='bbox 192 917 317 972; x_wconf 84' lang='lat' dir='ltr'><strong>possit.</strong></span> <span class='ocrx_word' id='word_1_122' title='bbox 366 917 404 953; x_wconf 91' lang='lat' dir='ltr'><strong>Si</strong></span> <span class='ocrx_word' id='word_1_123' title='bbox 427 918 575 953; x_wconf 89' lang='lat' dir='ltr'><strong>colonus</strong></span> <span class='ocrx_word' id='word_1_124' title='bbox 598 917 769 953; x_wconf 87' lang='lat' dir='ltr'><strong>locaverit</strong></span> <span class='ocrx_word' id='word_1_125' title='bbox 798 917 968 960; x_wconf 89' lang='lat' dir='ltr'><strong>fundum,</strong></span> <span class='ocrx_word' id='word_1_126' title='bbox 1000 927 1059 952; x_wconf 90' lang='lat' dir='ltr'><strong>res</strong></span> <span class='ocrx_word' id='word_1_127' title='bbox 1093 920 1212 962; x_wconf 91' lang='lat' dir='ltr'><strong>poste-</strong></span> 
     </span>
     <span class='ocr_line' id='line_1_19' title="bbox 124 962 1214 1008; baseline -0.003 -8"><span class='ocrx_word' id='word_1_128' title='bbox 124 964 228 1000; x_wconf 81' lang='lat' dir='ltr'><strong>rioms</strong></span> <span class='ocrx_word' id='word_1_129' title='bbox 254 963 482 999; x_wconf 88' lang='lat' dir='ltr'><strong>conductoris</strong></span> <span class='ocrx_word' id='word_1_130' title='bbox 507 963 648 999; x_wconf 90' lang='lat' dir='ltr'><strong>domino</strong></span> <span class='ocrx_word' id='word_1_131' title='bbox 672 973 745 998; x_wconf 93' lang='lat' dir='ltr'><strong>non</strong></span> <span class='ocrx_word' id='word_1_132' title='bbox 769 962 988 1008; x_wconf 85' lang='lat' dir='ltr'><strong>obligantur:</strong></span> <span class='ocrx_word' id='word_1_133' title='bbox 1022 963 1084 998; x_wconf 90' lang='lat' dir='ltr'><strong>sed</strong></span> <span class='ocrx_word' id='word_1_134' title='bbox 1116 962 1214 997; x_wconf 89' lang='lat' dir='ltr'><strong>fruc-</strong></span> 
     </span>
     <span class='ocr_line' id='line_1_20' title="bbox 124 1008 1213 1089; baseline -0.002 -44"><span class='ocrx_word' id='word_1_135' title='bbox 124 1013 183 1045; x_wconf 88' lang='lat' dir='ltr'><strong>tus</strong></span> <span class='ocrx_word' id='word_1_136' title='bbox 206 1010 244 1045; x_wconf 91' lang='lat' dir='ltr'><strong>in</strong></span> <span class='ocrx_word' id='word_1_137' title='bbox 269 1019 379 1044; x_wconf 89' lang='lat' dir='ltr'><strong>causa</strong></span> <span class='ocrx_word' id='word_1_138' title='bbox 402 1009 558 1089; x_wconf 57' lang='lat' dir='ltr'><strong>pignoris</strong></span> <span class='ocrx_word' id='word_1_139' title='bbox 581 1012 737 1051; x_wconf 91' lang='lat' dir='ltr'><strong>manent,</strong></span> <span class='ocrx_word' id='word_1_140' title='bbox 762 1008 1059 1054; x_wconf 85' lang='lat' dir='ltr'><strong>quemadmodum</strong></span> <span class='ocrx_word' id='word_1_141' title='bbox 1084 1011 1213 1049; x_wconf 84' lang='lat' dir='ltr'><strong>essent,</strong></span> 
     </span>
     <span class='ocr_line' id='line_1_21' title="bbox 125 1052 1215 1100; baseline -0.003 -9"><span class='ocrx_word' id='word_1_142' title='bbox 125 1058 144 1091; x_wconf 86' lang='lat'><strong>2</strong></span> <span class='ocrx_word' id='word_1_143' title='bbox 192 1055 222 1091; x_wconf 86' lang='lat' dir='ltr'><strong>si</strong></span> <span class='ocrx_word' id='word_1_144' title='bbox 245 1054 379 1100; x_wconf 89' lang='lat' dir='ltr'><strong>primus</strong></span> <span class='ocrx_word' id='word_1_145' title='bbox 404 1064 446 1090; x_wconf 88' lang='lat' dir='ltr'><strong>co</strong></span> <span class='ocrx_word' id='word_1_146' title='bbox 463 1064 554 1090; x_wconf 90' lang='lat' dir='ltr'><strong>onus</strong></span> <span class='ocrx_word' id='word_1_147' title='bbox 578 1064 638 1090; x_wconf 89' lang='lat' dir='ltr'><strong>eos</strong></span> <span class='ocrx_word' id='word_1_148' title='bbox 661 1054 891 1100; x_wconf 86' lang='lat' dir='ltr'><strong>percepisset.</strong></span> <span class='ocrx_word' id='word_1_149' title='bbox 939 1053 977 1089; x_wconf 88' lang='lat' dir='ltr'><strong>Si</strong></span> <span class='ocrx_word' id='word_1_150' title='bbox 1010 1053 1135 1089; x_wconf 90' lang='lat' dir='ltr'><strong>domus</strong></span> <span class='ocrx_word' id='word_1_151' title='bbox 1159 1052 1215 1089; x_wconf 85' lang='lat' dir='ltr'><strong>vel</strong></span> 
     </span>
     <span class='ocr_line' id='line_1_22' title="bbox 123 1099 1212 1145; baseline -0.001 -9"><span class='ocrx_word' id='word_1_152' title='bbox 123 1100 256 1136; x_wconf 81' lang='lat' dir='ltr'><strong>fundus</strong></span> <span class='ocrx_word' id='word_1_153' title='bbox 279 1100 316 1135; x_wconf 91' lang='lat' dir='ltr'><strong>in</strong></span> <span class='ocrx_word' id='word_1_154' title='bbox 341 1100 619 1145; x_wconf 86' lang='lat' dir='ltr'><strong>quinquennium</strong></span> <span class='ocrx_word' id='word_1_155' title='bbox 642 1100 872 1145; x_wconf 86' lang='lat' dir='ltr'><strong>pensionibus</strong></span> <span class='ocrx_word' id='word_1_156' title='bbox 896 1099 1034 1135; x_wconf 85' lang='lat' dir='ltr'><strong>locatus</strong></span> <span class='ocrx_word' id='word_1_157' title='bbox 1059 1099 1124 1142; x_wconf 81' lang='lat' dir='ltr'><strong>sit,</strong></span> <span class='ocrx_word' id='word_1_158' title='bbox 1148 1109 1212 1144; x_wconf 83' lang='lat' dir='ltr'><strong>po·</strong></span> 
     </span>
     <span class='ocr_line' id='line_1_23' title="bbox 123 1143 1213 1188; baseline -0.002 -7"><span class='ocrx_word' id='word_1_159' title='bbox 123 1150 195 1182; x_wconf 89' lang='lat' dir='ltr'><strong>test</strong></span> <span class='ocrx_word' id='word_1_160' title='bbox 225 1145 407 1188; x_wconf 84' lang='lat' dir='ltr'><strong>dominus,</strong></span> <span class='ocrx_word' id='word_1_161' title='bbox 444 1146 474 1181; x_wconf 90' lang='lat' dir='ltr'><strong>si</strong></span> <span class='ocrx_word' id='word_1_162' title='bbox 506 1145 703 1181; x_wconf 86' lang='lat' dir='ltr'><strong>deseruerit</strong></span> <span class='ocrx_word' id='word_1_163' title='bbox 733 1145 989 1181; x_wconf 86' lang='lat' dir='ltr'><strong>habitationem</strong></span> <span class='ocrx_word' id='word_1_164' title='bbox 1024 1145 1079 1181; x_wconf 90' lang='lat' dir='ltr'><strong>vel</strong></span> <span class='ocrx_word' id='word_1_165' title='bbox 1110 1143 1213 1180; x_wconf 90' lang='lat' dir='ltr'><strong>fundi</strong></span> 
     </span>
     <span class='ocr_line' id='line_1_24' title="bbox 125 1190 1212 1236; baseline -0.002 -9"><span class='ocrx_word' id='word_1_166' title='bbox 125 1192 299 1228; x_wconf 86' lang='lat' dir='ltr'><strong>culturam</strong></span> <span class='ocrx_word' id='word_1_167' title='bbox 335 1190 483 1227; x_wconf 89' lang='lat' dir='ltr'><strong>colonus</strong></span> <span class='ocrx_word' id='word_1_168' title='bbox 519 1191 576 1226; x_wconf 93' lang='lat' dir='ltr'><strong>vel</strong></span> <span class='ocrx_word' id='word_1_169' title='bbox 609 1190 813 1236; x_wconf 90' lang='lat' dir='ltr'><strong>inquilinus,</strong></span> <span class='ocrx_word' id='word_1_170' title='bbox 862 1192 963 1226; x_wconf 92' lang='lat' dir='ltr'><strong>¹cum</strong></span> <span class='ocrx_word' id='word_1_171' title='bbox 1006 1190 1056 1226; x_wconf 89' lang='lat' dir='ltr'><strong>eis</strong></span> <span class='ocrx_word' id='word_1_172' title='bbox 1092 1190 1212 1226; x_wconf 89' lang='lat' dir='ltr'><strong>statim</strong></span> 
     </span>
     <span class='ocr_line' id='line_1_25' title="bbox 125 1235 1211 1282; baseline -0.003 -9"><span class='ocrx_word' id='word_1_173' title='bbox 125 1241 145 1273; x_wconf 87' lang='grc'><strong>3</strong></span> <span class='ocrx_word' id='word_1_174' title='bbox 192 1247 307 1282; x_wconf 88' lang='lat' dir='ltr'><strong>agere.</strong></span> <span class='ocrx_word' id='word_1_175' title='bbox 357 1236 428 1272; x_wconf 85' lang='lat' dir='ltr'><strong>Sed</strong></span> <span class='ocrx_word' id='word_1_176' title='bbox 459 1239 495 1273; x_wconf 90' lang='lat' dir='ltr'><strong>et</strong></span> <span class='ocrx_word' id='word_1_177' title='bbox 526 1236 570 1272; x_wconf 92' lang='lat' dir='ltr'><strong>de</strong></span> <span class='ocrx_word' id='word_1_178' title='bbox 601 1236 676 1279; x_wconf 92' lang='lat' dir='ltr'><strong>his,</strong></span> <span class='ocrx_word' id='word_1_179' title='bbox 709 1246 801 1282; x_wconf 89' lang='lat' dir='ltr'><strong>quae</strong></span> <span class='ocrx_word' id='word_1_180' title='bbox 823 1236 1005 1282; x_wconf 87' lang='lat' dir='ltr'><strong>praesenti</strong></span> <span class='ocrx_word' id='word_1_181' title='bbox 1028 1235 1085 1271; x_wconf 91' lang='lat' dir='ltr'><strong>die</strong></span> <span class='ocrx_word' id='word_1_182' title='bbox 1107 1245 1211 1281; x_wconf 89' lang='lat' dir='ltr'><strong>prae-</strong></span> 
     </span>
     <span class='ocr_line' id='line_1_26' title="bbox 125 1281 1210 1327; baseline -0.002 -9"><span class='ocrx_word' id='word_1_183' title='bbox 125 1286 220 1319; x_wconf 90' lang='lat' dir='ltr'><strong>stare</strong></span> <span class='ocrx_word' id='word_1_184' title='bbox 244 1282 456 1325; x_wconf 89' lang='lat' dir='ltr'><strong>debuerunt,</strong></span> <span class='ocrx_word' id='word_1_185' title='bbox 481 1282 599 1317; x_wconf 82' lang='lat' dir='ltr'><strong>velut²</strong></span> <span class='ocrx_word' id='word_1_186' title='bbox 623 1292 713 1327; x_wconf 92' lang='lat' dir='ltr'><strong>opus</strong></span> <span class='ocrx_word' id='word_1_187' title='bbox 738 1281 882 1327; x_wconf 89' lang='lat' dir='ltr'><strong>aliquod</strong></span> <span class='ocrx_word' id='word_1_188' title='bbox 907 1282 1102 1324; x_wconf 86' lang='lat' dir='ltr'><strong>efficerent,</strong></span> <span class='ocrx_word' id='word_1_189' title='bbox 1127 1291 1210 1326; x_wconf 92' lang='lat' dir='ltr'><strong>pro-</strong></span> 
     </span>
     <span class='ocr_line' id='line_1_27' title="bbox 123 1325 1210 1374; baseline -0.002 -11"><span class='ocrx_word' id='word_1_190' title='bbox 123 1332 144 1364; x_wconf 88' lang='grc'>4</span> <span class='ocrx_word' id='word_1_191' title='bbox 190 1327 398 1374; x_wconf 86' lang='lat' dir='ltr'><strong>pagationes</strong></span> <span class='ocrx_word' id='word_1_192' title='bbox 420 1327 593 1370; x_wconf 91' lang='lat' dir='ltr'><strong>facerent,</strong></span> <span class='ocrx_word' id='word_1_193' title='bbox 617 1338 722 1373; x_wconf 86' lang='lat' dir='ltr'><strong>agere</strong></span> <span class='ocrx_word' id='word_1_194' title='bbox 746 1327 906 1362; x_wconf 90' lang='lat' dir='ltr'><strong>similiter</strong></span> <span class='ocrx_word' id='word_1_195' title='bbox 927 1330 1057 1373; x_wconf 90' lang='lat' dir='ltr'><strong>potest.</strong></span> <span class='ocrx_word' id='word_1_196' title='bbox 1108 1325 1210 1362; x_wconf 91' lang='lat' dir='ltr'><strong>Colo-</strong></span> 
     </span>
     <span class='ocr_line' id='line_1_28' title="bbox 123 1371 1212 1418; baseline -0.003 -8"><span class='ocrx_word' id='word_1_197' title='bbox 123 1384 210 1416; x_wconf 91' lang='lat' dir='ltr'><strong>nus,</strong></span> <span class='ocrx_word' id='word_1_198' title='bbox 235 1373 266 1409; x_wconf 88' lang='lat' dir='ltr'><strong>si</strong></span> <span class='ocrx_word' id='word_1_199' title='bbox 289 1373 321 1408; x_wconf 93' lang='lat' dir='ltr'><strong>ei</strong></span> <span class='ocrx_word' id='word_1_200' title='bbox 343 1372 414 1408; x_wconf 89' lang='lat' dir='ltr'><strong>frui</strong></span> <span class='ocrx_word' id='word_1_201' title='bbox 438 1383 511 1409; x_wconf 92' lang='lat' dir='ltr'><strong>non</strong></span> <span class='ocrx_word' id='word_1_202' title='bbox 533 1372 657 1416; x_wconf 91' lang='lat' dir='ltr'><strong>liceat,</strong></span> <span class='ocrx_word' id='word_1_203' title='bbox 682 1373 792 1408; x_wconf 89' lang='lat' dir='ltr'><strong>totius</strong></span> <span class='ocrx_word' id='word_1_204' title='bbox 817 1372 1048 1418; x_wconf 86' lang='lat' dir='ltr'><strong>quinquennii</strong></span> <span class='ocrx_word' id='word_1_205' title='bbox 1070 1371 1212 1407; x_wconf 91' lang='lat' dir='ltr'><strong>nomine</strong></span> 
     </span>
     <span class='ocr_line' id='line_1_29' title="bbox 124 1417 1213 1464; baseline -0.002 -10"><span class='ocrx_word' id='word_1_206' title='bbox 124 1419 244 1455; x_wconf 89' lang='lat' dir='ltr'><strong>statim</strong></span> <span class='ocrx_word' id='word_1_207' title='bbox 275 1422 372 1454; x_wconf 89' lang='lat' dir='ltr'><strong>recte</strong></span> <span class='ocrx_word' id='word_1_208' title='bbox 404 1422 502 1464; x_wconf 87' lang='lat' dir='ltr'><strong>aget,</strong></span> <span class='ocrx_word' id='word_1_209' title='bbox 536 1419 602 1454; x_wconf 92' lang='lat' dir='ltr'><strong>etsi</strong></span> <span class='ocrx_word' id='word_1_210' title='bbox 625 1418 769 1464; x_wconf 89' lang='lat' dir='ltr'><strong>reliquis</strong></span> <span class='ocrx_word' id='word_1_211' title='bbox 794 1418 898 1454; x_wconf 87' lang='lat' dir='ltr'><strong>annis</strong></span> <span class='ocrx_word' id='word_1_212' title='bbox 923 1417 1087 1454; x_wconf 91' lang='lat' dir='ltr'><strong>dominus</strong></span> <span class='ocrx_word' id='word_1_213' title='bbox 1111 1417 1213 1452; x_wconf 89' lang='lat' dir='ltr'><strong>fundi</strong></span> 
     </span>
     <span class='ocr_line' id='line_1_30' title="bbox 122 1463 1212 1510; baseline -0.003 -9"><span class='ocrx_word' id='word_1_214' title='bbox 122 1464 193 1501; x_wconf 86' lang='lat' dir='ltr'><strong>frui</strong></span> <span class='ocrx_word' id='word_1_215' title='bbox 223 1464 399 1510; x_wconf 85' lang='lat' dir='ltr'><strong>patiatur:</strong></span> <span class='ocrx_word' id='word_1_216' title='bbox 432 1474 497 1499; x_wconf 86' lang='lat' dir='ltr'><strong>nec</strong></span> <span class='ocrx_word' id='word_1_217' title='bbox 529 1464 622 1499; x_wconf 91' lang='lat' dir='ltr'><strong>enim</strong></span> <span class='ocrx_word' id='word_1_218' title='bbox 652 1474 792 1509; x_wconf 86' lang='lat' dir='ltr'><strong>semper</strong></span> <span class='ocrx_word' id='word_1_219' title='bbox 815 1463 1024 1499; x_wconf 89' lang='lat' dir='ltr'><strong>liberabitur</strong></span> <span class='ocrx_word' id='word_1_220' title='bbox 1049 1463 1212 1499; x_wconf 88' lang='lat' dir='ltr'><strong>dominus</strong></span> 
     </span>
     <span class='ocr_line' id='line_1_31' title="bbox 124 1508 1211 1556; baseline -0.002 -10"><span class='ocrx_word' id='word_1_221' title='bbox 124 1521 177 1553; x_wconf 91' lang='lat' dir='ltr'><strong>eo,</strong></span> <span class='ocrx_word' id='word_1_222' title='bbox 203 1509 298 1556; x_wconf 92' lang='lat' dir='ltr'><strong>quod</strong></span> <span class='ocrx_word' id='word_1_223' title='bbox 322 1509 478 1545; x_wconf 86' lang='lat' dir='ltr'><strong>secundo</strong></span> <span class='ocrx_word' id='word_1_224' title='bbox 503 1509 558 1545; x_wconf 88' lang='lat' dir='ltr'><strong>vel</strong></span> <span class='ocrx_word' id='word_1_225' title='bbox 580 1510 685 1545; x_wconf 90' lang='lat' dir='ltr'><strong>tertio</strong></span> <span class='ocrx_word' id='word_1_226' title='bbox 707 1520 801 1545; x_wconf 88' lang='lat' dir='ltr'><strong>anno</strong></span> <span class='ocrx_word' id='word_1_227' title='bbox 820 1509 978 1555; x_wconf 90' lang='lat' dir='ltr'><strong>patietur</strong></span> <span class='ocrx_word' id='word_1_228' title='bbox 997 1508 1110 1544; x_wconf 91' lang='lat' dir='ltr'><strong>fundo</strong></span> <span class='ocrx_word' id='word_1_229' title='bbox 1129 1508 1211 1544; x_wconf 85' lang='lat' dir='ltr'><strong>frui.</strong></span> 
     </span>
     <span class='ocr_line' id='line_1_32' title="bbox 123 1554 1211 1601; baseline -0.001 -10"><span class='ocrx_word' id='word_1_230' title='bbox 123 1566 206 1592; x_wconf 92' lang='lat' dir='ltr'><strong>nam</strong></span> <span class='ocrx_word' id='word_1_231' title='bbox 231 1555 289 1591; x_wconf 76' lang='lat' dir='ltr'><strong>et²³</strong></span> <span class='ocrx_word' id='word_1_232' title='bbox 313 1555 373 1601; x_wconf 91' lang='lat' dir='ltr'><strong>qui</strong></span> <span class='ocrx_word' id='word_1_233' title='bbox 397 1555 564 1601; x_wconf 87' lang='lat' dir='ltr'><strong>expulsus</strong></span> <span class='ocrx_word' id='word_1_234' title='bbox 589 1565 611 1591; x_wconf 91' lang='lat' dir='ltr'><strong>a</strong></span> <span class='ocrx_word' id='word_1_235' title='bbox 635 1555 873 1591; x_wconf 87' lang='lat' dir='ltr'><strong>conductione</strong></span> <span class='ocrx_word' id='word_1_236' title='bbox 895 1555 933 1590; x_wconf 88' lang='lat' dir='ltr'><strong>iu</strong></span> <span class='ocrx_word' id='word_1_237' title='bbox 957 1554 1063 1590; x_wconf 88' lang='lat' dir='ltr'><strong>aliam</strong></span> <span class='ocrx_word' id='word_1_238' title='bbox 1088 1564 1127 1590; x_wconf 89' lang='lat' dir='ltr'><strong>se</strong></span> <span class='ocrx_word' id='word_1_239' title='bbox 1151 1564 1211 1590; x_wconf 91' lang='lat' dir='ltr'><strong>co-</strong></span> 
     </span>
     <span class='ocr_line' id='line_1_33' title="bbox 122 1599 1214 1646; baseline -0.002 -9"><span class='ocrx_word' id='word_1_240' title='bbox 122 1601 254 1638; x_wconf 88' lang='lat' dir='ltr'><strong>loniam</strong></span> <span class='ocrx_word' id='word_1_241' title='bbox 280 1600 449 1643; x_wconf 88' lang='lat' dir='ltr'><strong>contulit,</strong></span> <span class='ocrx_word' id='word_1_242' title='bbox 482 1611 555 1636; x_wconf 83' lang='lat' dir='ltr'><strong>non</strong></span> <span class='ocrx_word' id='word_1_243' title='bbox 586 1600 801 1636; x_wconf 87' lang='lat' dir='ltr'><strong>suffecturus</strong></span> <span class='ocrx_word' id='word_1_244' title='bbox 835 1600 974 1636; x_wconf 89' lang='lat' dir='ltr'><strong>duabus</strong></span> <span class='ocrx_word' id='word_1_245' title='bbox 998 1610 1114 1646; x_wconf 87' lang='lat' dir='ltr'><strong>neque</strong></span> <span class='ocrx_word' id='word_1_246' title='bbox 1136 1599 1214 1645; x_wconf 90' lang='lat' dir='ltr'><strong>ipse</strong></span> 
     </span>
     <span class='ocr_line' id='line_1_34' title="bbox 122 1645 1213 1693; baseline -0.002 -11"><span class='ocrx_word' id='word_1_247' title='bbox 122 1646 333 1693; x_wconf 87' lang='lat' dir='ltr'><strong>pensionum</strong></span> <span class='ocrx_word' id='word_1_248' title='bbox 356 1646 498 1682; x_wconf 91' lang='lat' dir='ltr'><strong>nomine</strong></span> <span class='ocrx_word' id='word_1_249' title='bbox 521 1646 698 1692; x_wconf 88' lang='lat' dir='ltr'><strong>obligatus</strong></span> <span class='ocrx_word' id='word_1_250' title='bbox 723 1646 790 1682; x_wconf 91' lang='lat' dir='ltr'><strong>erit</strong></span> <span class='ocrx_word' id='word_1_251' title='bbox 810 1649 845 1681; x_wconf 91' lang='lat' dir='ltr'><strong>et</strong></span> <span class='ocrx_word' id='word_1_252' title='bbox 865 1649 1037 1692; x_wconf 87' lang='lat' dir='ltr'><strong>quantum</strong></span> <span class='ocrx_word' id='word_1_253' title='bbox 1057 1656 1121 1690; x_wconf 89' lang='lat' dir='ltr'><strong>per</strong></span> <span class='ocrx_word' id='word_1_254' title='bbox 1141 1645 1213 1680; x_wconf 87' lang='lat' dir='ltr'><strong>sin-</strong></span> 
     </span>
     <span class='ocr_line' id='line_1_35' title="bbox 123 1691 1212 1739; baseline -0.003 -11"><span class='ocrx_word' id='word_1_255' title='bbox 123 1693 225 1739; x_wconf 85' lang='lat' dir='ltr'><strong>gulos</strong></span> <span class='ocrx_word' id='word_1_256' title='bbox 250 1702 364 1728; x_wconf 89' lang='lat' dir='ltr'><strong>annos</strong></span> <span class='ocrx_word' id='word_1_257' title='bbox 398 1691 598 1737; x_wconf 87' lang='lat' dir='ltr'><strong>compendii</strong></span> <span class='ocrx_word' id='word_1_258' title='bbox 630 1691 794 1727; x_wconf 89' lang='lat' dir='ltr'><strong>facturus</strong></span> <span class='ocrx_word' id='word_1_259' title='bbox 827 1696 921 1734; x_wconf 90' lang='lat' dir='ltr'><strong>erat,</strong></span> <span class='ocrx_word' id='word_1_260' title='bbox 955 1694 1212 1736; x_wconf 86' lang='lat' dir='ltr'><strong>consequetur:</strong></span> 
     </span>
     <span class='ocr_line' id='line_1_36' title="bbox 123 1736 1213 1782; baseline -0.002 -9"><span class='ocrx_word' id='word_1_261' title='bbox 123 1748 203 1774; x_wconf 86' lang='lat' dir='ltr'><strong>sera</strong></span> <span class='ocrx_word' id='word_1_262' title='bbox 227 1741 281 1773; x_wconf 89' lang='lat' dir='ltr'><strong>est</strong></span> <span class='ocrx_word' id='word_1_263' title='bbox 300 1737 391 1773; x_wconf 89' lang='lat' dir='ltr'><strong>enim</strong></span> <span class='ocrx_word' id='word_1_264' title='bbox 411 1737 584 1782; x_wconf 89' lang='lat' dir='ltr'><strong>patientia</strong></span> <span class='ocrx_word' id='word_1_265' title='bbox 603 1736 757 1780; x_wconf 88' lang='lat' dir='ltr'><strong>fruendi,</strong></span> <span class='ocrx_word' id='word_1_266' title='bbox 781 1747 874 1782; x_wconf 87' lang='lat' dir='ltr'><strong>quae</strong></span> <span class='ocrx_word' id='word_1_267' title='bbox 894 1736 1042 1772; x_wconf 88' lang='lat' dir='ltr'><strong>offertur</strong></span> <span class='ocrx_word' id='word_1_268' title='bbox 1063 1747 1104 1772; x_wconf 91' lang='lat' dir='ltr'><strong>eo</strong></span> <span class='ocrx_word' id='word_1_269' title='bbox 1125 1739 1213 1772; x_wconf 91' lang='lat' dir='ltr'><strong>tem-</strong></span> 
     </span>
     <span class='ocr_line' id='line_1_37' title="bbox 122 1782 1213 1830; baseline -0.003 -11"><span class='ocrx_word' id='word_1_270' title='bbox 122 1794 228 1830; x_wconf 91' lang='lat' dir='ltr'><strong>pore,</strong></span> <span class='ocrx_word' id='word_1_271' title='bbox 260 1793 330 1828; x_wconf 88' lang='lat' dir='ltr'><strong>quo</strong></span> <span class='ocrx_word' id='word_1_272' title='bbox 362 1782 434 1818; x_wconf 90' lang='lat' dir='ltr'><strong>frui</strong></span> <span class='ocrx_word' id='word_1_273' title='bbox 470 1782 618 1818; x_wconf 92' lang='lat' dir='ltr'><strong>colonus</strong></span> <span class='ocrx_word' id='word_1_274' title='bbox 643 1783 720 1818; x_wconf 90' lang='lat' dir='ltr'><strong>aliis</strong></span> <span class='ocrx_word' id='word_1_275' title='bbox 743 1783 851 1818; x_wconf 89' lang='lat' dir='ltr'><strong>rebus</strong></span> <span class='ocrx_word' id='word_1_276' title='bbox 875 1782 1029 1827; x_wconf 87' lang='lat' dir='ltr'><strong>illigatus</strong></span> <span class='ocrx_word' id='word_1_277' title='bbox 1053 1793 1126 1817; x_wconf 91' lang='lat' dir='ltr'><strong>non</strong></span> <span class='ocrx_word' id='word_1_278' title='bbox 1148 1791 1213 1827; x_wconf 90' lang='lat' dir='ltr'><strong>po-</strong></span> 
     </span>
     <span class='ocr_line' id='line_1_38' title="bbox 122 1827 1214 1874; baseline -0.002 -10"><span class='ocrx_word' id='word_1_279' title='bbox 122 1832 203 1864; x_wconf 89' lang='lat' dir='ltr'><strong>test.</strong></span> <span class='ocrx_word' id='word_1_280' title='bbox 241 1828 335 1874; x_wconf 92' lang='lat' dir='ltr'><strong>quod</strong></span> <span class='ocrx_word' id='word_1_281' title='bbox 360 1828 390 1864; x_wconf 93' lang='lat' dir='ltr'><strong>si</strong></span> <span class='ocrx_word' id='word_1_282' title='bbox 413 1828 538 1873; x_wconf 86' lang='lat' dir='ltr'><strong>paucis</strong></span> <span class='ocrx_word' id='word_1_283' title='bbox 565 1828 689 1863; x_wconf 91' lang='lat' dir='ltr'><strong>diebus</strong></span> <span class='ocrx_word' id='word_1_284' title='bbox 713 1827 914 1873; x_wconf 90' lang='lat' dir='ltr'><strong>prohibuit,</strong></span> <span class='ocrx_word' id='word_1_285' title='bbox 940 1827 1068 1863; x_wconf 90' lang='lat' dir='ltr'><strong>deinde</strong></span> <span class='ocrx_word' id='word_1_286' title='bbox 1091 1827 1214 1873; x_wconf 89' lang='lat' dir='ltr'><strong>paeni-</strong></span> 
     </span>
     <span class='ocr_line' id='line_1_39' title="bbox 122 1872 1215 1919; baseline -0.002 -10"><span class='ocrx_word' id='word_1_287' title='bbox 122 1874 270 1910; x_wconf 86' lang='lat' dir='ltr'><strong>tentiam</strong></span> <span class='ocrx_word' id='word_1_288' title='bbox 302 1874 375 1918; x_wconf 86' lang='lat' dir='ltr'><strong>agit</strong></span> <span class='ocrx_word' id='word_1_289' title='bbox 406 1873 596 1919; x_wconf 87' lang='lat' dir='ltr'><strong>omniaque</strong></span> <span class='ocrx_word' id='word_1_290' title='bbox 620 1874 746 1909; x_wconf 91' lang='lat' dir='ltr'><strong>colono</strong></span> <span class='ocrx_word' id='word_1_291' title='bbox 770 1874 808 1908; x_wconf 92' lang='lat' dir='ltr'><strong>in</strong></span> <span class='ocrx_word' id='word_1_292' title='bbox 831 1873 968 1918; x_wconf 86' lang='lat' dir='ltr'><strong>integro</strong></span> <span class='ocrx_word' id='word_1_293' title='bbox 994 1876 1096 1915; x_wconf 89' lang='lat' dir='ltr'><strong>sunt,</strong></span> <span class='ocrx_word' id='word_1_294' title='bbox 1128 1872 1215 1907; x_wconf 89' lang='lat' dir='ltr'><strong>nihil</strong></span> 
     </span>
     <span class='ocr_line' id='line_1_40' title="bbox 123 1918 1214 1965; baseline -0.002 -11"><span class='ocrx_word' id='word_1_295' title='bbox 123 1930 165 1955; x_wconf 85' lang='lat' dir='ltr'><strong>ex</strong></span> <span class='ocrx_word' id='word_1_296' title='bbox 189 1920 403 1965; x_wconf 83' lang='lat' dir='ltr'><strong>obligatione</strong></span> <span class='ocrx_word' id='word_1_297' title='bbox 426 1930 624 1964; x_wconf 90' lang='lat' dir='ltr'><strong>paucorum</strong></span> <span class='ocrx_word' id='word_1_298' title='bbox 649 1919 784 1954; x_wconf 87' lang='lat' dir='ltr'><strong>dierum</strong></span> <span class='ocrx_word' id='word_1_299' title='bbox 816 1928 917 1954; x_wconf 89' lang='lat' dir='ltr'><strong>mora</strong></span> <span class='ocrx_word' id='word_1_300' title='bbox 947 1918 1092 1953; x_wconf 87' lang='lat' dir='ltr'><strong>minuet.</strong></span> <span class='ocrx_word' id='word_1_301' title='bbox 1129 1918 1214 1953; x_wconf 91' lang='lat' dir='ltr'><strong>item</strong></span> 
     </span>
     <span class='ocr_line' id='line_1_41' title="bbox 123 1963 1214 2010; baseline -0.003 -9"><span class='ocrx_word' id='word_1_302' title='bbox 123 1965 256 2001; x_wconf 89' lang='lat' dir='ltr'><strong>utiliter</strong></span> <span class='ocrx_word' id='word_1_303' title='bbox 281 1975 323 2000; x_wconf 84' lang='lat' dir='ltr'><strong>ex</strong></span> <span class='ocrx_word' id='word_1_304' title='bbox 350 1965 527 2001; x_wconf 89' lang='lat' dir='ltr'><strong>conducto</strong></span> <span class='ocrx_word' id='word_1_305' title='bbox 554 1965 626 2010; x_wconf 77' lang='lat' dir='ltr'><strong>agIt</strong></span> <span class='ocrx_word' id='word_1_306' title='bbox 656 1965 707 2007; x_wconf 83' lang='lat' dir='ltr'><strong>is,</strong></span> <span class='ocrx_word' id='word_1_307' title='bbox 741 1964 799 2000; x_wconf 93' lang='lat' dir='ltr'><strong>cui</strong></span> <span class='ocrx_word' id='word_1_308' title='bbox 830 1963 1027 2000; x_wconf 83' lang='lat' dir='ltr'><strong>secundum</strong></span> <span class='ocrx_word' id='word_1_309' title='bbox 1060 1974 1214 1999; x_wconf 87' lang='lat' dir='ltr'><strong>conven-</strong></span> 
     </span>
     <span class='ocr_line' id='line_1_42' title="bbox 121 2009 1213 2062; baseline -0.003 -15"><span class='ocrx_word' id='word_1_310' title='bbox 121 2012 253 2047; x_wconf 88' lang='lat' dir='ltr'><strong>tionem</strong></span> <span class='ocrx_word' id='word_1_311' title='bbox 277 2021 349 2046; x_wconf 93' lang='lat' dir='ltr'><strong>non</strong></span> <span class='ocrx_word' id='word_1_312' title='bbox 372 2014 602 2062; x_wconf 85' lang='lat' dir='ltr'><strong>praestantur</strong></span> <span class='ocrx_word' id='word_1_313' title='bbox 625 2020 718 2056; x_wconf 87' lang='lat' dir='ltr'><strong>quae</strong></span> <span class='ocrx_word' id='word_1_314' title='bbox 742 2013 1002 2052; x_wconf 88' lang='lat' dir='ltr'><strong>convenerant,</strong></span> <span class='ocrx_word' id='word_1_315' title='bbox 1036 2009 1108 2045; x_wconf 89' lang='lat' dir='ltr'><strong>sive</strong></span> <span class='ocrx_word' id='word_1_316' title='bbox 1132 2019 1213 2054; x_wconf 81' lang='lat' dir='ltr'><strong>pro-</strong></span> 
     </span>
     <span class='ocr_line' id='line_1_43' title="bbox 122 2054 1214 2101; baseline -0.003 -9"><span class='ocrx_word' id='word_1_317' title='bbox 122 2057 290 2092; x_wconf 91' lang='lat' dir='ltr'><strong>hibeatur</strong></span> <span class='ocrx_word' id='word_1_318' title='bbox 319 2055 392 2091; x_wconf 86' lang='lat' dir='ltr'><strong>fru1</strong></span> <span class='ocrx_word' id='word_1_319' title='bbox 416 2066 437 2090; x_wconf 88' lang='lat' dir='ltr'><strong>a</strong></span> <span class='ocrx_word' id='word_1_320' title='bbox 462 2055 603 2091; x_wconf 88' lang='lat' dir='ltr'><strong>domino</strong></span> <span class='ocrx_word' id='word_1_321' title='bbox 628 2055 684 2091; x_wconf 93' lang='lat' dir='ltr'><strong>vel</strong></span> <span class='ocrx_word' id='word_1_322' title='bbox 707 2056 752 2090; x_wconf 91' lang='lat' dir='ltr'><strong>ab</strong></span> <span class='ocrx_word' id='word_1_323' title='bbox 779 2059 948 2091; x_wconf 84' lang='lat' dir='ltr'><strong>extraneo</strong></span> <span class='ocrx_word' id='word_1_324' title='bbox 974 2065 1078 2101; x_wconf 85' lang='lat' dir='ltr'><strong>quem</strong></span> <span class='ocrx_word' id='word_1_325' title='bbox 1103 2054 1214 2090; x_wconf 91' lang='lat' dir='ltr'><strong>domi-</strong></span> 
     </span>
     <span class='ocr_line' id='line_1_44' title="bbox 123 2099 1214 2147; baseline -0.002 -10"><span class='ocrx_word' id='word_1_326' title='bbox 123 2106 142 2138; x_wconf 86' lang='lat'>5</span> <span class='ocrx_word' id='word_1_327' title='bbox 191 2112 259 2137; x_wconf 87' lang='lat' dir='ltr'><strong>nus</strong></span> <span class='ocrx_word' id='word_1_328' title='bbox 290 2101 479 2147; x_wconf 87' lang='lat' dir='ltr'><strong>prohibere</strong></span> <span class='ocrx_word' id='word_1_329' title='bbox 510 2105 639 2146; x_wconf 90' lang='lat' dir='ltr'><strong>potest.</strong></span> <span class='ocrx_word' id='word_1_330' title='bbox 689 2100 757 2146; x_wconf 81' lang='lat' dir='ltr'><strong>Qui</strong></span> <span class='ocrx_word' id='word_1_331' title='bbox 787 2101 825 2136; x_wconf 91' lang='lat' dir='ltr'><strong>in</strong></span> <span class='ocrx_word' id='word_1_332' title='bbox 848 2101 970 2147; x_wconf 88' lang='lat' dir='ltr'><strong>plures</strong></span> <span class='ocrx_word' id='word_1_333' title='bbox 994 2110 1109 2136; x_wconf 89' lang='lat' dir='ltr'><strong>annos</strong></span> <span class='ocrx_word' id='word_1_334' title='bbox 1131 2099 1214 2135; x_wconf 91' lang='lat' dir='ltr'><strong>fun-</strong></span> 
     </span>
     <span class='ocr_line' id='line_1_45' title="bbox 123 2145 1216 2189; baseline -0.004 -5"><span class='ocrx_word' id='word_1_335' title='bbox 123 2148 206 2184; x_wconf 90' lang='lat' dir='ltr'><strong>dum</strong></span> <span class='ocrx_word' id='word_1_336' title='bbox 228 2147 418 2189; x_wconf 85' lang='lat' dir='ltr'><strong>locaverat,</strong></span> <span class='ocrx_word' id='word_1_337' title='bbox 443 2150 655 2183; x_wconf 86' lang='lat' dir='ltr'><strong>testamento</strong></span> <span class='ocrx_word' id='word_1_338' title='bbox 680 2156 745 2182; x_wconf 89' lang='lat' dir='ltr'><strong>suo</strong></span> <span class='ocrx_word' id='word_1_339' title='bbox 771 2146 951 2182; x_wconf 87' lang='lat' dir='ltr'><strong>damnavit</strong></span> <span class='ocrx_word' id='word_1_340' title='bbox 972 2145 1150 2188; x_wconf 88' lang='lat' dir='ltr'><strong>heredem,</strong></span> <span class='ocrx_word' id='word_1_341' title='bbox 1174 2149 1216 2181; x_wconf 94' lang='lat' dir='ltr'><strong>ut</strong></span> 
     </span>
     <span class='ocr_line' id='line_1_46' title="bbox 123 2192 1213 2238; baseline -0.003 -9"><span class='ocrx_word' id='word_1_342' title='bbox 123 2193 375 2229; x_wconf 89' lang='lat' dir='ltr'><strong>conductorem</strong></span> <span class='ocrx_word' id='word_1_343' title='bbox 399 2192 576 2228; x_wconf 87' lang='lat' dir='ltr'><strong>liberaret.</strong></span> <span class='ocrx_word' id='word_1_344' title='bbox 614 2192 644 2228; x_wconf 92' lang='lat' dir='ltr'><strong>si</strong></span> <span class='ocrx_word' id='word_1_345' title='bbox 661 2202 735 2227; x_wconf 89' lang='lat' dir='ltr'><strong>non</strong></span> <span class='ocrx_word' id='word_1_346' title='bbox 753 2192 913 2238; x_wconf 88' lang='lat' dir='ltr'><strong>patiatur</strong></span> <span class='ocrx_word' id='word_1_347' title='bbox 933 2192 1037 2227; x_wconf 90' lang='lat' dir='ltr'><strong>heres</strong></span> <span class='ocrx_word' id='word_1_348' title='bbox 1057 2202 1137 2227; x_wconf 90' lang='lat' dir='ltr'><strong>eum</strong></span> <span class='ocrx_word' id='word_1_349' title='bbox 1157 2201 1213 2226; x_wconf 91' lang='lat' dir='ltr'><strong>re-</strong></span> 
     </span>
     <span class='ocr_line' id='line_1_47' title="bbox 121 2236 1215 2284; baseline -0.003 -9"><span class='ocrx_word' id='word_1_350' title='bbox 121 2239 217 2284; x_wconf 91' lang='lat' dir='ltr'><strong>liquo</strong></span> <span class='ocrx_word' id='word_1_351' title='bbox 243 2242 404 2284; x_wconf 88' lang='lat' dir='ltr'><strong>tempore</strong></span> <span class='ocrx_word' id='word_1_352' title='bbox 427 2237 518 2280; x_wconf 85' lang='lat' dir='ltr'><strong>frui,</strong></span> <span class='ocrx_word' id='word_1_353' title='bbox 552 2241 607 2274; x_wconf 91' lang='lat' dir='ltr'><strong>est</strong></span> <span class='ocrx_word' id='word_1_354' title='bbox 638 2247 682 2273; x_wconf 84' lang='lat' dir='ltr'><strong>ex</strong></span> <span class='ocrx_word' id='word_1_355' title='bbox 707 2237 884 2273; x_wconf 90' lang='lat' dir='ltr'><strong>conducto</strong></span> <span class='ocrx_word' id='word_1_356' title='bbox 910 2238 1025 2273; x_wconf 86' lang='lat' dir='ltr'><strong>actio:</strong></span> <span class='ocrx_word' id='word_1_357' title='bbox 1059 2236 1155 2282; x_wconf 87' lang='lat' dir='ltr'><strong>quod</strong></span> <span class='ocrx_word' id='word_1_358' title='bbox 1184 2236 1215 2272; x_wconf 91' lang='lat' dir='ltr'><strong>si</strong></span> 
     </span>
     <span class='ocr_line' id='line_1_48' title="bbox 121 2283 1212 2331; baseline -0.003 -11"><span class='ocrx_word' id='word_1_359' title='bbox 121 2284 280 2331; x_wconf 89' lang='lat' dir='ltr'><strong>patiatur</strong></span> <span class='ocrx_word' id='word_1_360' title='bbox 301 2294 366 2319; x_wconf 90' lang='lat' dir='ltr'><strong>nec</strong></span> <span class='ocrx_word' id='word_1_361' title='bbox 387 2283 568 2320; x_wconf 86' lang='lat' dir='ltr'><strong>mercedes</strong></span> <span class='ocrx_word' id='word_1_362' title='bbox 588 2283 756 2327; x_wconf 90' lang='lat' dir='ltr'><strong>remittat,</strong></span> <span class='ocrx_word' id='word_1_363' title='bbox 779 2294 822 2319; x_wconf 84' lang='lat' dir='ltr'><strong>ex</strong></span> <span class='ocrx_word' id='word_1_364' title='bbox 834 2286 1047 2319; x_wconf 85' lang='lat' dir='ltr'><strong>testamento</strong></span> <span class='ocrx_word' id='word_1_365' title='bbox 1060 2285 1212 2318; x_wconf 91' lang='lat' dir='ltr'><strong>tenetur.</strong></span> 
     </span>
    </p>

    <p class='ocr_par' dir='ltr' id='par_1_7' title="bbox 121 2327 1215 3102">
     <span class='ocr_line' id='line_1_49' title="bbox 169 2327 1215 2375; baseline -0.003 -9"><span class='ocrx_word' id='word_1_366' title='bbox 169 2328 222 2367; x_wconf 86' lang='lat'><strong>25</strong></span> <span class='ocrx_word' id='word_1_367' title='bbox 251 2329 374 2366; x_wconf 78' lang='lat' dir='ltr'><em>GAJUS</em></span> <span class='ocrx_word' id='word_1_368' title='bbox 395 2329 485 2365; x_wconf 81' lang='lat' dir='ltr'><strong>libro</strong></span> <span class='ocrx_word' id='word_1_369' title='bbox 509 2329 644 2365; x_wconf 83' lang='lat' dir='ltr'><strong>decimo</strong></span> <span class='ocrx_word' id='word_1_370' title='bbox 669 2328 719 2364; x_wconf 86' lang='lat' dir='ltr'><strong>ad</strong></span> <span class='ocrx_word' id='word_1_371' title='bbox 741 2328 896 2364; x_wconf 85' lang='lat' dir='ltr'><strong>edictum</strong></span> <span class='ocrx_word' id='word_1_372' title='bbox 912 2328 1143 2375; x_wconf 75' lang='lat' dir='ltr'><strong>provinciale</strong></span> <span class='ocrx_word' id='word_1_373' title='bbox 1178 2327 1215 2363; x_wconf 90' lang='lat' dir='ltr'><strong>Si</strong></span> 
     </span>
     <span class='ocr_line' id='line_1_50' title="bbox 122 2373 1212 2420; baseline -0.003 -9"><span class='ocrx_word' id='word_1_374' title='bbox 122 2385 258 2411; x_wconf 88' lang='lat' dir='ltr'><strong>merces</strong></span> <span class='ocrx_word' id='word_1_375' title='bbox 282 2374 459 2420; x_wconf 88' lang='lat' dir='ltr'><strong>promissa</strong></span> <span class='ocrx_word' id='word_1_376' title='bbox 482 2375 528 2410; x_wconf 91' lang='lat' dir='ltr'><strong>sit</strong></span> <span class='ocrx_word' id='word_1_377' title='bbox 550 2374 764 2420; x_wconf 86' lang='lat' dir='ltr'><strong>generaliter</strong></span> <span class='ocrx_word' id='word_1_378' title='bbox 787 2374 903 2410; x_wconf 91' lang='lat' dir='ltr'><strong>alieno</strong></span> <span class='ocrx_word' id='word_1_379' title='bbox 929 2374 1089 2416; x_wconf 88' lang='lat' dir='ltr'><strong>arbitrio,</strong></span> <span class='ocrx_word' id='word_1_380' title='bbox 1114 2373 1212 2409; x_wconf 91' lang='lat' dir='ltr'><strong>loca-</strong></span> 
     </span>
     <span class='ocr_line' id='line_1_51' title="bbox 122 2419 1214 2457; baseline -0.003 -1"><span class='ocrx_word' id='word_1_381' title='bbox 122 2422 171 2457; x_wconf 88' lang='lat' dir='ltr'><strong>tio</strong></span> <span class='ocrx_word' id='word_1_382' title='bbox 208 2424 244 2456; x_wconf 89' lang='lat' dir='ltr'><strong>et</strong></span> <span class='ocrx_word' id='word_1_383' title='bbox 278 2420 466 2456; x_wconf 89' lang='lat' dir='ltr'><strong>conductio</strong></span> <span class='ocrx_word' id='word_1_384' title='bbox 503 2419 667 2456; x_wconf 90' lang='lat' dir='ltr'><strong>contrahi</strong></span> <span class='ocrx_word' id='word_1_385' title='bbox 701 2430 774 2455; x_wconf 93' lang='lat' dir='ltr'><strong>non</strong></span> <span class='ocrx_word' id='word_1_386' title='bbox 809 2419 967 2456; x_wconf 89' lang='lat' dir='ltr'><strong>videtur:</strong></span> <span class='ocrx_word' id='word_1_387' title='bbox 1004 2419 1059 2454; x_wconf 87' lang='lat' dir='ltr'><strong>sin</strong></span> <span class='ocrx_word' id='word_1_388' title='bbox 1095 2422 1214 2454; x_wconf 90' lang='lat' dir='ltr'><strong>autem</strong></span> 
     </span>
     <span class='ocr_line' id='line_1_52' title="bbox 123 2465 1214 2514; baseline -0.001 -13"><span class='ocrx_word' id='word_1_389' title='bbox 123 2466 248 2514; x_wconf 86' lang='lat' dir='ltr'><strong>quanti</strong></span> <span class='ocrx_word' id='word_1_390' title='bbox 272 2466 388 2501; x_wconf 88' lang='lat' dir='ltr'><strong>Titius</strong></span> <span class='ocrx_word' id='word_1_391' title='bbox 413 2465 672 2508; x_wconf 86' lang='lat' dir='ltr'><strong>aestimaverit,</strong></span> <span class='ocrx_word' id='word_1_392' title='bbox 697 2466 764 2501; x_wconf 91' lang='lat' dir='ltr'><strong>sub</strong></span> <span class='ocrx_word' id='word_1_393' title='bbox 789 2465 859 2501; x_wconf 92' lang='lat' dir='ltr'><strong>hac</strong></span> <span class='ocrx_word' id='word_1_394' title='bbox 884 2465 1094 2501; x_wconf 91' lang='lat' dir='ltr'><strong>condicione</strong></span> <span class='ocrx_word' id='word_1_395' title='bbox 1118 2468 1214 2500; x_wconf 85' lang='lat' dir='ltr'><strong>stare</strong></span> 
     </span>
     <span class='ocr_line' id='line_1_53' title="bbox 122 2510 1215 2557; baseline -0.002 -10"><span class='ocrx_word' id='word_1_396' title='bbox 122 2512 356 2555; x_wconf 86' lang='lat' dir='ltr'><strong>locationem,</strong></span> <span class='ocrx_word' id='word_1_397' title='bbox 388 2515 448 2554; x_wconf 88' lang='lat' dir='ltr'><strong>ut,</strong></span> <span class='ocrx_word' id='word_1_398' title='bbox 480 2511 511 2547; x_wconf 90' lang='lat' dir='ltr'><strong>si</strong></span> <span class='ocrx_word' id='word_1_399' title='bbox 552 2511 693 2556; x_wconf 89' lang='lat' dir='ltr'><strong>quidem</strong></span> <span class='ocrx_word' id='word_1_400' title='bbox 723 2510 801 2556; x_wconf 88' lang='lat' dir='ltr'><strong>ipse</strong></span> <span class='ocrx_word' id='word_1_401' title='bbox 833 2510 894 2557; x_wconf 90' lang='lat' dir='ltr'><strong>qui</strong></span> <span class='ocrx_word' id='word_1_402' title='bbox 925 2510 1128 2546; x_wconf 89' lang='lat' dir='ltr'><strong>nominatus</strong></span> <span class='ocrx_word' id='word_1_403' title='bbox 1161 2513 1215 2545; x_wconf 90' lang='lat' dir='ltr'><strong>est</strong></span> 
     </span>
     <span class='ocr_line' id='line_1_54' title="bbox 123 2555 1211 2599; baseline -0.002 -6"><span class='ocrx_word' id='word_1_404' title='bbox 123 2557 321 2594; x_wconf 88' lang='lat' dir='ltr'><strong>mercedem</strong></span> <span class='ocrx_word' id='word_1_405' title='bbox 345 2556 530 2599; x_wconf 89' lang='lat' dir='ltr'><strong>definierit,</strong></span> <span class='ocrx_word' id='word_1_406' title='bbox 556 2556 757 2592; x_wconf 89' lang='lat' dir='ltr'><strong>omnimodo</strong></span> <span class='ocrx_word' id='word_1_407' title='bbox 783 2556 979 2592; x_wconf 91' lang='lat' dir='ltr'><strong>secundum</strong></span> <span class='ocrx_word' id='word_1_408' title='bbox 1004 2556 1080 2592; x_wconf 91' lang='lat' dir='ltr'><strong>eius</strong></span> <span class='ocrx_word' id='word_1_409' title='bbox 1105 2555 1211 2591; x_wconf 88' lang='lat' dir='ltr'><strong>aesti-</strong></span> 
     </span>
     <span class='ocr_line' id='line_1_55' title="bbox 123 2601 1213 2647; baseline -0.002 -9"><span class='ocrx_word' id='word_1_410' title='bbox 123 2604 314 2639; x_wconf 90' lang='lat' dir='ltr'><strong>mationem</strong></span> <span class='ocrx_word' id='word_1_411' title='bbox 346 2606 382 2638; x_wconf 90' lang='lat' dir='ltr'><strong>et</strong></span> <span class='ocrx_word' id='word_1_412' title='bbox 411 2602 611 2638; x_wconf 89' lang='lat' dir='ltr'><strong>mercedem</strong></span> <span class='ocrx_word' id='word_1_413' title='bbox 634 2602 786 2647; x_wconf 88' lang='lat' dir='ltr'><strong>persolvi</strong></span> <span class='ocrx_word' id='word_1_414' title='bbox 810 2605 975 2647; x_wconf 86' lang='lat' dir='ltr'><strong>oporteat</strong></span> <span class='ocrx_word' id='word_1_415' title='bbox 998 2605 1033 2637; x_wconf 87' lang='lat' dir='ltr'><strong>et</strong></span> <span class='ocrx_word' id='word_1_416' title='bbox 1057 2601 1213 2636; x_wconf 91' lang='lat' dir='ltr'><strong>conduc-</strong></span> 
     </span>
     <span class='ocr_line' id='line_1_56' title="bbox 121 2647 1213 2693; baseline -0.002 -9"><span class='ocrx_word' id='word_1_417' title='bbox 121 2649 256 2684; x_wconf 91' lang='lat' dir='ltr'><strong>tionem</strong></span> <span class='ocrx_word' id='word_1_418' title='bbox 280 2647 326 2683; x_wconf 90' lang='lat' dir='ltr'><strong>ad</strong></span> <span class='ocrx_word' id='word_1_419' title='bbox 350 2647 513 2684; x_wconf 87' lang='lat' dir='ltr'><strong>effectum</strong></span> <span class='ocrx_word' id='word_1_420' title='bbox 537 2647 739 2693; x_wconf 87' lang='lat' dir='ltr'><strong>pervenire:</strong></span> <span class='ocrx_word' id='word_1_421' title='bbox 765 2647 820 2683; x_wconf 87' lang='lat' dir='ltr'><strong>sin</strong></span> <span class='ocrx_word' id='word_1_422' title='bbox 845 2650 965 2682; x_wconf 87' lang='lat' dir='ltr'><strong>autem</strong></span> <span class='ocrx_word' id='word_1_423' title='bbox 988 2647 1046 2682; x_wconf 90' lang='lat' dir='ltr'><strong>ille</strong></span> <span class='ocrx_word' id='word_1_424' title='bbox 1069 2647 1124 2683; x_wconf 87' lang='lat' dir='ltr'><strong>vel</strong></span> <span class='ocrx_word' id='word_1_425' title='bbox 1148 2657 1213 2682; x_wconf 92' lang='lat' dir='ltr'><strong>no-</strong></span> 
     </span>
     <span class='ocr_line' id='line_1_57' title="bbox 122 2692 1213 2739; baseline -0.002 -9"><span class='ocrx_word' id='word_1_426' title='bbox 122 2694 229 2730; x_wconf 89' lang='lat' dir='ltr'><strong>luerit</strong></span> <span class='ocrx_word' id='word_1_427' title='bbox 251 2693 306 2729; x_wconf 90' lang='lat' dir='ltr'><strong>vel</strong></span> <span class='ocrx_word' id='word_1_428' title='bbox 330 2704 400 2729; x_wconf 90' lang='lat' dir='ltr'><strong>non</strong></span> <span class='ocrx_word' id='word_1_429' title='bbox 423 2693 581 2739; x_wconf 91' lang='lat' dir='ltr'><strong>potuerit</strong></span> <span class='ocrx_word' id='word_1_430' title='bbox 604 2692 802 2728; x_wconf 90' lang='lat' dir='ltr'><strong>mercedem</strong></span> <span class='ocrx_word' id='word_1_431' title='bbox 834 2692 998 2735; x_wconf 91' lang='lat' dir='ltr'><strong>definire,</strong></span> <span class='ocrx_word' id='word_1_432' title='bbox 1029 2696 1116 2727; x_wconf 92' lang='lat' dir='ltr'><strong>tunc</strong></span> <span class='ocrx_word' id='word_1_433' title='bbox 1147 2703 1213 2737; x_wconf 91' lang='lat' dir='ltr'><strong>pro</strong></span> 
     </span>
     <span class='ocr_line' id='line_1_58' title="bbox 123 2737 1212 2783; baseline -0.002 -8"><span class='ocrx_word' id='word_1_434' title='bbox 123 2739 233 2776; x_wconf 86' lang='lat' dir='ltr'><strong>nihilo</strong></span> <span class='ocrx_word' id='word_1_435' title='bbox 255 2749 333 2774; x_wconf 86' lang='lat' dir='ltr'><strong>esse</strong></span> <span class='ocrx_word' id='word_1_436' title='bbox 353 2738 626 2774; x_wconf 89' lang='lat' dir='ltr'><strong>conductionem</strong></span> <span class='ocrx_word' id='word_1_437' title='bbox 647 2738 749 2783; x_wconf 88' lang='lat' dir='ltr'><strong>quasi</strong></span> <span class='ocrx_word' id='word_1_438' title='bbox 768 2738 865 2774; x_wconf 90' lang='lat' dir='ltr'><strong>nulla</strong></span> <span class='ocrx_word' id='word_1_439' title='bbox 883 2737 1046 2773; x_wconf 88' lang='lat' dir='ltr'><strong>mercede</strong></span> <span class='ocrx_word' id='word_1_440' title='bbox 1065 2740 1212 2773; x_wconf 88' lang='lat' dir='ltr'><strong>statuta.</strong></span> 
     </span>
     <span class='ocr_line' id='line_1_59' title="bbox 130 2783 1211 2830; baseline -0.001 -10"><span class='ocrx_word' id='word_1_441' title='bbox 130 2789 140 2820; x_wconf 89' lang='lat' dir='ltr'><strong>l</strong></span> <span class='ocrx_word' id='word_1_442' title='bbox 192 2784 259 2830; x_wconf 78' lang='lat' dir='ltr'><strong>Qui</strong></span> <span class='ocrx_word' id='word_1_443' title='bbox 281 2784 430 2819; x_wconf 91' lang='lat' dir='ltr'><strong>fundum</strong></span> <span class='ocrx_word' id='word_1_444' title='bbox 453 2783 644 2819; x_wconf 89' lang='lat' dir='ltr'><strong>fruendum</strong></span> <span class='ocrx_word' id='word_1_445' title='bbox 667 2783 723 2819; x_wconf 90' lang='lat' dir='ltr'><strong>vel</strong></span> <span class='ocrx_word' id='word_1_446' title='bbox 746 2783 1003 2819; x_wconf 88' lang='lat' dir='ltr'><strong>habitationem</strong></span> <span class='ocrx_word' id='word_1_447' title='bbox 1027 2783 1135 2818; x_wconf 91' lang='lat' dir='ltr'><strong>alicui</strong></span> <span class='ocrx_word' id='word_1_448' title='bbox 1159 2783 1211 2819; x_wconf 93' lang='lat' dir='ltr'><strong>lo-</strong></span> 
     </span>
     <span class='ocr_line' id='line_1_60' title="bbox 125 2828 1213 2875; baseline -0.001 -10"><span class='ocrx_word' id='word_1_449' title='bbox 125 2830 236 2873; x_wconf 89' lang='lat' dir='ltr'><strong>cavit,</strong></span> <span class='ocrx_word' id='word_1_450' title='bbox 268 2830 299 2865; x_wconf 92' lang='lat' dir='ltr'><strong>si</strong></span> <span class='ocrx_word' id='word_1_451' title='bbox 330 2830 449 2875; x_wconf 89' lang='lat' dir='ltr'><strong>aliqua</strong></span> <span class='ocrx_word' id='word_1_452' title='bbox 481 2839 524 2865; x_wconf 87' lang='lat' dir='ltr'><strong>ex</strong></span> <span class='ocrx_word' id='word_1_453' title='bbox 556 2839 667 2864; x_wconf 88' lang='lat' dir='ltr'><strong>causa</strong></span> <span class='ocrx_word' id='word_1_454' title='bbox 689 2829 840 2864; x_wconf 90' lang='lat' dir='ltr'><strong>fundum</strong></span> <span class='ocrx_word' id='word_1_455' title='bbox 866 2829 919 2865; x_wconf 91' lang='lat' dir='ltr'><strong>vel</strong></span> <span class='ocrx_word' id='word_1_456' title='bbox 942 2828 1048 2864; x_wconf 90' lang='lat' dir='ltr'><strong>aedes</strong></span> <span class='ocrx_word' id='word_1_457' title='bbox 1071 2828 1213 2872; x_wconf 88' lang='lat' dir='ltr'><strong>vendat,</strong></span> 
     </span>
     <span class='ocr_line' id='line_1_61' title="bbox 125 2873 1212 2920; baseline -0.002 -9"><span class='ocrx_word' id='word_1_458' title='bbox 125 2885 252 2912; x_wconf 89' lang='lat' dir='ltr'><strong>curare</strong></span> <span class='ocrx_word' id='word_1_459' title='bbox 276 2875 393 2917; x_wconf 91' lang='lat' dir='ltr'><strong>debet,</strong></span> <span class='ocrx_word' id='word_1_460' title='bbox 417 2879 458 2910; x_wconf 93' lang='lat' dir='ltr'><strong>ut</strong></span> <span class='ocrx_word' id='word_1_461' title='bbox 481 2874 579 2920; x_wconf 90' lang='lat' dir='ltr'><strong>apud</strong></span> <span class='ocrx_word' id='word_1_462' title='bbox 602 2879 794 2920; x_wconf 88' lang='lat' dir='ltr'><strong>emptorem</strong></span> <span class='ocrx_word' id='word_1_463' title='bbox 819 2885 960 2920; x_wconf 90' lang='lat' dir='ltr'><strong>quoque</strong></span> <span class='ocrx_word' id='word_1_464' title='bbox 985 2873 1107 2909; x_wconf 89' lang='lat' dir='ltr'><strong>eadem</strong></span> <span class='ocrx_word' id='word_1_465' title='bbox 1126 2885 1212 2919; x_wconf 88' lang='lat' dir='ltr'><strong>pac-</strong></span> 
     </span>
     <span class='ocr_line' id='line_1_62' title="bbox 124 2919 1212 2965; baseline -0.002 -9"><span class='ocrx_word' id='word_1_466' title='bbox 124 2922 222 2957; x_wconf 91' lang='lat' dir='ltr'><strong>tione</strong></span> <span class='ocrx_word' id='word_1_467' title='bbox 246 2924 281 2956; x_wconf 89' lang='lat' dir='ltr'><strong>et</strong></span> <span class='ocrx_word' id='word_1_468' title='bbox 305 2920 431 2956; x_wconf 92' lang='lat' dir='ltr'><strong>colono</strong></span> <span class='ocrx_word' id='word_1_469' title='bbox 456 2920 528 2956; x_wconf 89' lang='lat' dir='ltr'><strong>frui</strong></span> <span class='ocrx_word' id='word_1_470' title='bbox 548 2923 584 2955; x_wconf 92' lang='lat' dir='ltr'><strong>et</strong></span> <span class='ocrx_word' id='word_1_471' title='bbox 599 2920 772 2965; x_wconf 91' lang='lat' dir='ltr'><strong>inquilino</strong></span> <span class='ocrx_word' id='word_1_472' title='bbox 791 2919 956 2955; x_wconf 88' lang='lat' dir='ltr'><strong>habitare</strong></span> <span class='ocrx_word' id='word_1_473' title='bbox 975 2919 1099 2955; x_wconf 89' lang='lat' dir='ltr'><strong>liceat:</strong></span> <span class='ocrx_word' id='word_1_474' title='bbox 1126 2920 1212 2955; x_wconf 86' lang='lat' dir='ltr'><strong>alio-</strong></span> 
     </span>
     <span class='ocr_line' id='line_1_63' title="bbox 125 2965 1214 3012; baseline -0.002 -10"><span class='ocrx_word' id='word_1_475' title='bbox 125 2970 144 3002; x_wconf 87' lang='lat'><strong>2</strong></span> <span class='ocrx_word' id='word_1_476' title='bbox 192 2966 277 3012; x_wconf 93' lang='lat' dir='ltr'><strong>quin</strong></span> <span class='ocrx_word' id='word_1_477' title='bbox 333 2965 508 3002; x_wconf 90' lang='lat' dir='ltr'><strong>rohibitus</strong></span> <span class='ocrx_word' id='word_1_478' title='bbox 538 2965 569 3001; x_wconf 90' lang='lat' dir='ltr'><strong>is</strong></span> <span class='ocrx_word' id='word_1_479' title='bbox 593 2969 675 3011; x_wconf 89' lang='lat' dir='ltr'><strong>aget</strong></span> <span class='ocrx_word' id='word_1_480' title='bbox 699 2976 779 3001; x_wconf 91' lang='lat' dir='ltr'><strong>cum</strong></span> <span class='ocrx_word' id='word_1_481' title='bbox 803 2975 844 3001; x_wconf 92' lang='lat' dir='ltr'><strong>eo</strong></span> <span class='ocrx_word' id='word_1_482' title='bbox 870 2975 913 3000; x_wconf 82' lang='lat' dir='ltr'><strong>ex</strong></span> <span class='ocrx_word' id='word_1_483' title='bbox 937 2965 1126 3001; x_wconf 88' lang='lat' dir='ltr'><strong>conducto.</strong></span> <span class='ocrx_word' id='word_1_484' title='bbox 1175 2965 1214 3001; x_wconf 90' lang='lat' dir='ltr'><strong>Si</strong></span> 
     </span>
     <span class='ocr_line' id='line_1_64' title="bbox 124 2977 1214 3053; baseline -0.001 -6"><span class='ocrx_word' id='word_1_485' title='bbox 124 3012 238 3048; x_wconf 82' lang='lat' dir='ltr'><strong>vicino</strong></span> <span class='ocrx_word' id='word_1_486' title='bbox 263 2977 475 3046; x_wconf 57' lang='lat' dir='ltr'><strong>aesificante</strong></span> <span class='ocrx_word' id='word_1_487' title='bbox 499 3011 735 3046; x_wconf 88' lang='lat' dir='ltr'><strong>obscurentur</strong></span> <span class='ocrx_word' id='word_1_488' title='bbox 753 3011 886 3046; x_wconf 89' lang='lat' dir='ltr'><strong>lumina</strong></span> <span class='ocrx_word' id='word_1_489' title='bbox 906 3010 1077 3053; x_wconf 90' lang='lat' dir='ltr'><strong>cenaculi‚</strong></span> <span class='ocrx_word' id='word_1_490' title='bbox 1101 3011 1214 3046; x_wconf 91' lang='lat' dir='ltr'><strong>teneri</strong></span> 
     </span>
     <span class='ocr_line' id='line_1_65' title="bbox 123 3056 1212 3102; baseline -0.002 -9"><span class='ocrx_word' id='word_1_491' title='bbox 123 3057 319 3093; x_wconf 89' lang='lat' dir='ltr'><strong>locatorem</strong></span> <span class='ocrx_word' id='word_1_492' title='bbox 342 3057 532 3102; x_wconf 90' lang='lat' dir='ltr'><strong>inquilino:</strong></span> <span class='ocrx_word' id='word_1_493' title='bbox 569 3060 666 3092; x_wconf 92' lang='lat' dir='ltr'><strong>certe</strong></span> <span class='ocrx_word' id='word_1_494' title='bbox 690 3056 775 3102; x_wconf 91' lang='lat' dir='ltr'><strong>quin</strong></span> <span class='ocrx_word' id='word_1_495' title='bbox 798 3056 905 3092; x_wconf 91' lang='lat' dir='ltr'><strong>liceat</strong></span> <span class='ocrx_word' id='word_1_496' title='bbox 929 3056 1057 3092; x_wconf 89' lang='lat' dir='ltr'><strong>colono</strong></span> <span class='ocrx_word' id='word_1_497' title='bbox 1081 3056 1136 3091; x_wconf 88' lang='lat' dir='ltr'><strong>vel</strong></span> <span class='ocrx_word' id='word_1_498' title='bbox 1158 3056 1212 3091; x_wconf 93' lang='lat' dir='ltr'><strong>in-</strong></span> 
     </span>
    </p>

    <p class='ocr_par' dir='ltr' id='par_1_8' title="bbox 125 3101 1213 3600">
     <span class='ocr_line' id='line_1_66' title="bbox 149 3101 1211 3147; baseline 0 -10"><span class='ocrx_word' id='word_1_499' title='bbox 149 3102 258 3137; x_wconf 92' lang='lat' dir='ltr'><strong>uilino</strong></span> <span class='ocrx_word' id='word_1_500' title='bbox 281 3102 480 3147; x_wconf 88' lang='lat' dir='ltr'><strong>relinquere</strong></span> <span class='ocrx_word' id='word_1_501' title='bbox 504 3101 793 3144; x_wconf 88' lang='lat' dir='ltr'><strong>conductionem,</strong></span> <span class='ocrx_word' id='word_1_502' title='bbox 825 3101 923 3137; x_wconf 89' lang='lat' dir='ltr'><strong>nulla</strong></span> <span class='ocrx_word' id='word_1_503' title='bbox 946 3101 1122 3137; x_wconf 90' lang='lat' dir='ltr'><strong>dubitatio</strong></span> <span class='ocrx_word' id='word_1_504' title='bbox 1147 3105 1211 3138; x_wconf 91' lang='lat' dir='ltr'><strong>est.</strong></span> 
     </span>
     <span class='ocr_line' id='line_1_67' title="bbox 151 3147 1213 3193; baseline 0 -11"><span class='ocrx_word' id='word_1_505' title='bbox 151 3158 170 3183; x_wconf 90' lang='lat' dir='ltr'><strong>e</strong></span> <span class='ocrx_word' id='word_1_506' title='bbox 193 3147 414 3183; x_wconf 86' lang='lat' dir='ltr'><strong>mercedibus</strong></span> <span class='ocrx_word' id='word_1_507' title='bbox 439 3158 580 3193; x_wconf 88' lang='lat' dir='ltr'><strong>quoque</strong></span> <span class='ocrx_word' id='word_1_508' title='bbox 599 3147 629 3182; x_wconf 89' lang='lat' dir='ltr'><strong>si</strong></span> <span class='ocrx_word' id='word_1_509' title='bbox 651 3158 732 3182; x_wconf 91' lang='lat' dir='ltr'><strong>cum</strong></span> <span class='ocrx_word' id='word_1_510' title='bbox 752 3158 793 3183; x_wconf 90' lang='lat' dir='ltr'><strong>eo</strong></span> <span class='ocrx_word' id='word_1_511' title='bbox 815 3151 953 3192; x_wconf 90' lang='lat' dir='ltr'><strong>agatur,</strong></span> <span class='ocrx_word' id='word_1_512' title='bbox 976 3147 1213 3192; x_wconf 90' lang='lat' dir='ltr'><strong>reputationis</strong></span> 
     </span>
     <span class='ocr_line' id='line_1_68' title="bbox 125 3192 1212 3238; baseline -0.002 -9"><span class='ocrx_word' id='word_1_513' title='bbox 125 3201 216 3229; x_wconf 77' lang='lat' dir='ltr'><strong>ratio</strong></span> <span class='ocrx_word' id='word_1_514' title='bbox 241 3192 406 3228; x_wconf 90' lang='lat' dir='ltr'><strong>habenda</strong></span> <span class='ocrx_word' id='word_1_515' title='bbox 431 3196 494 3227; x_wconf 88' lang='lat' dir='ltr'><strong>est.</strong></span> <span class='ocrx_word' id='word_1_516' title='bbox 533 3192 656 3228; x_wconf 89' lang='lat' dir='ltr'><strong>eadem</strong></span> <span class='ocrx_word' id='word_1_517' title='bbox 679 3193 941 3238; x_wconf 85' lang='lat' dir='ltr'><strong>intellegemus,</strong></span> <span class='ocrx_word' id='word_1_518' title='bbox 975 3193 1005 3228; x_wconf 89' lang='lat' dir='ltr'><strong>si</strong></span> <span class='ocrx_word' id='word_1_519' title='bbox 1037 3193 1130 3228; x_wconf 89' lang='lat' dir='ltr'><strong>ostia</strong></span> <span class='ocrx_word' id='word_1_520' title='bbox 1160 3192 1212 3228; x_wconf 88' lang='lat' dir='ltr'><strong>fe-</strong></span> 
     </span>
     <span class='ocr_line' id='line_1_69' title="bbox 125 3238 1211 3283; baseline -0.002 -9"><span class='ocrx_word' id='word_1_521' title='bbox 125 3242 308 3274; x_wconf 88' lang='lat' dir='ltr'><strong>nestrasve</strong></span> <span class='ocrx_word' id='word_1_522' title='bbox 343 3238 488 3273; x_wconf 90' lang='lat' dir='ltr'><strong>nimium</strong></span> <span class='ocrx_word' id='word_1_523' title='bbox 525 3242 712 3283; x_wconf 88' lang='lat' dir='ltr'><strong>corruptas</strong></span> <span class='ocrx_word' id='word_1_524' title='bbox 747 3238 885 3274; x_wconf 88' lang='lat' dir='ltr'><strong>locator</strong></span> <span class='ocrx_word' id='word_1_525' title='bbox 920 3248 991 3273; x_wconf 93' lang='lat' dir='ltr'><strong>non</strong></span> <span class='ocrx_word' id='word_1_526' title='bbox 1035 3238 1211 3274; x_wconf 87' lang='lat' dir='ltr'><strong>restituat.</strong></span> 
     </span>
     <span class='ocr_line' id='line_1_70' title="bbox 127 3283 1213 3329; baseline -0.002 -9"><span class='ocrx_word' id='word_1_527' title='bbox 127 3287 146 3320; x_wconf 85' lang='lat'><strong>3</strong></span> <span class='ocrx_word' id='word_1_528' title='bbox 195 3283 401 3319; x_wconf 85' lang='lat' dir='ltr'><strong>Gonductor</strong></span> <span class='ocrx_word' id='word_1_529' title='bbox 436 3283 555 3319; x_wconf 89' lang='lat' dir='ltr'><strong>omnia</strong></span> <span class='ocrx_word' id='word_1_530' title='bbox 589 3283 785 3319; x_wconf 91' lang='lat' dir='ltr'><strong>secundum</strong></span> <span class='ocrx_word' id='word_1_531' title='bbox 819 3283 931 3329; x_wconf 87' lang='lat' dir='ltr'><strong>legem</strong></span> <span class='ocrx_word' id='word_1_532' title='bbox 966 3283 1213 3319; x_wconf 89' lang='lat' dir='ltr'><strong>conductionis</strong></span> 
     </span>
     <span class='ocr_line' id='line_1_71' title="bbox 125 3328 1212 3371; baseline -0.002 -6"><span class='ocrx_word' id='word_1_533' title='bbox 125 3329 245 3365; x_wconf 88' lang='lat' dir='ltr'><strong>facere</strong></span> <span class='ocrx_word' id='word_1_534' title='bbox 278 3329 392 3364; x_wconf 91' lang='lat' dir='ltr'><strong>debet.</strong></span> <span class='ocrx_word' id='word_1_535' title='bbox 430 3332 466 3364; x_wconf 92' lang='lat' dir='ltr'><strong>et</strong></span> <span class='ocrx_word' id='word_1_536' title='bbox 496 3332 579 3364; x_wconf 88' lang='lat' dir='ltr'><strong>ante</strong></span> <span class='ocrx_word' id='word_1_537' title='bbox 610 3329 729 3364; x_wconf 89' lang='lat' dir='ltr'><strong>omnia</strong></span> <span class='ocrx_word' id='word_1_538' title='bbox 761 3329 907 3364; x_wconf 90' lang='lat' dir='ltr'><strong>colonus</strong></span> <span class='ocrx_word' id='word_1_539' title='bbox 941 3339 1067 3364; x_wconf 89' lang='lat' dir='ltr'><strong>curare</strong></span> <span class='ocrx_word' id='word_1_540' title='bbox 1098 3328 1212 3371; x_wconf 88' lang='lat' dir='ltr'><strong>debet,</strong></span> 
     </span>
     <span class='ocr_line' id='line_1_72' title="bbox 125 3374 1212 3420; baseline -0.002 -10"><span class='ocrx_word' id='word_1_541' title='bbox 125 3378 167 3410; x_wconf 93' lang='lat' dir='ltr'><strong>ut</strong></span> <span class='ocrx_word' id='word_1_542' title='bbox 190 3384 301 3420; x_wconf 86' lang='lat' dir='ltr'><strong>opera</strong></span> <span class='ocrx_word' id='word_1_543' title='bbox 323 3374 459 3409; x_wconf 88' lang='lat' dir='ltr'><strong>rustica</strong></span> <span class='ocrx_word' id='word_1_544' title='bbox 483 3384 548 3409; x_wconf 91' lang='lat' dir='ltr'><strong>suo</strong></span> <span class='ocrx_word' id='word_1_545' title='bbox 573 3384 712 3419; x_wconf 88' lang='lat' dir='ltr'><strong>quoque</strong></span> <span class='ocrx_word' id='word_1_546' title='bbox 735 3378 896 3419; x_wconf 88' lang='lat' dir='ltr'><strong>tempore</strong></span> <span class='ocrx_word' id='word_1_547' title='bbox 917 3374 1049 3416; x_wconf 91' lang='lat' dir='ltr'><strong>faciat,</strong></span> <span class='ocrx_word' id='word_1_548' title='bbox 1082 3384 1128 3409; x_wconf 90' lang='lat' dir='ltr'><strong>ne</strong></span> <span class='ocrx_word' id='word_1_549' title='bbox 1158 3374 1212 3408; x_wconf 92' lang='lat' dir='ltr'><strong>in-</strong></span> 
     </span>
     <span class='ocr_line' id='line_1_73' title="bbox 125 3419 1212 3465; baseline -0.001 -10"><span class='ocrx_word' id='word_1_550' title='bbox 125 3419 335 3465; x_wconf 86' lang='lat' dir='ltr'><strong>tempestiva</strong></span> <span class='ocrx_word' id='word_1_551' title='bbox 359 3419 500 3454; x_wconf 89' lang='lat' dir='ltr'><strong>cultura</strong></span> <span class='ocrx_word' id='word_1_552' title='bbox 523 3419 733 3455; x_wconf 86' lang='lat' dir='ltr'><strong>deteriorem</strong></span> <span class='ocrx_word' id='word_1_553' title='bbox 756 3419 906 3455; x_wconf 91' lang='lat' dir='ltr'><strong>fundum</strong></span> <span class='ocrx_word' id='word_1_554' title='bbox 928 3419 1075 3455; x_wconf 88' lang='lat' dir='ltr'><strong>faceret.</strong></span> <span class='ocrx_word' id='word_1_555' title='bbox 1109 3429 1212 3464; x_wconf 88' lang='lat' dir='ltr'><strong>prae-</strong></span> 
     </span>
     <span class='ocr_line' id='line_1_74' title="bbox 126 3464 1213 3509; baseline -0.001 -9"><span class='ocrx_word' id='word_1_556' title='bbox 126 3468 225 3500; x_wconf 90' lang='lat' dir='ltr'><strong>terea</strong></span> <span class='ocrx_word' id='word_1_557' title='bbox 247 3464 409 3500; x_wconf 88' lang='lat' dir='ltr'><strong>villarum</strong></span> <span class='ocrx_word' id='word_1_558' title='bbox 434 3474 556 3500; x_wconf 89' lang='lat' dir='ltr'><strong>curam</strong></span> <span class='ocrx_word' id='word_1_559' title='bbox 580 3474 684 3509; x_wconf 86' lang='lat' dir='ltr'><strong>agere</strong></span> <span class='ocrx_word' id='word_1_560' title='bbox 704 3464 820 3508; x_wconf 92' lang='lat' dir='ltr'><strong>debet,</strong></span> <span class='ocrx_word' id='word_1_561' title='bbox 845 3468 886 3500; x_wconf 86' lang='lat' dir='ltr'><strong>ut</strong></span> <span class='ocrx_word' id='word_1_562' title='bbox 906 3475 967 3500; x_wconf 84' lang='lat' dir='ltr'><strong>eas</strong></span> <span class='ocrx_word' id='word_1_563' title='bbox 985 3465 1213 3509; x_wconf 86' lang='lat' dir='ltr'><strong>incorruptas</strong></span> 
     </span>
     <span class='ocr_line' id='line_1_75' title="bbox 127 3509 1210 3561; baseline 0 -17"><span class='ocrx_word' id='word_1_564' title='bbox 127 3513 148 3544; x_wconf 91' lang='grc'>4</span> <span class='ocrx_word' id='word_1_565' title='bbox 195 3510 338 3545; x_wconf 89' lang='lat' dir='ltr'><strong>habeat.</strong></span> <span class='ocrx_word' id='word_1_566' title='bbox 387 3509 521 3555; x_wconf 87' lang='lat' dir='ltr'><strong>Culpae</strong></span> <span class='ocrx_word' id='word_1_567' title='bbox 545 3513 664 3545; x_wconf 90' lang='lat' dir='ltr'><strong>autem</strong></span> <span class='ocrx_word' id='word_1_568' title='bbox 688 3509 799 3561; x_wconf 87' lang='lat' dir='ltr'><strong>ipsius</strong></span> <span class='ocrx_word' id='word_1_569' title='bbox 825 3513 860 3544; x_wconf 92' lang='lat' dir='ltr'><strong>et</strong></span> <span class='ocrx_word' id='word_1_570' title='bbox 882 3510 969 3545; x_wconf 89' lang='lat' dir='ltr'><strong>illud</strong></span> <span class='ocrx_word' id='word_1_571' title='bbox 1001 3509 1210 3544; x_wconf 89' lang='lat' dir='ltr'><strong>adnumera-</strong></span> 
     </span>
     <span class='ocr_line' id='line_1_76' title="bbox 127 3554 1212 3600; baseline -0.001 -10"><span class='ocrx_word' id='word_1_572' title='bbox 127 3560 203 3598; x_wconf 87' lang='lat' dir='ltr'><strong>tur,</strong></span> <span class='ocrx_word' id='word_1_573' title='bbox 236 3555 267 3590; x_wconf 87' lang='lat' dir='ltr'><strong>si</strong></span> <span class='ocrx_word' id='word_1_574' title='bbox 296 3557 441 3600; x_wconf 89' lang='lat' dir='ltr'><strong>propter</strong></span> <span class='ocrx_word' id='word_1_575' title='bbox 463 3554 663 3590; x_wconf 87' lang='lat' dir='ltr'><strong>inimicitias</strong></span> <span class='ocrx_word' id='word_1_576' title='bbox 688 3565 763 3591; x_wconf 77' lang='lat' dir='ltr'><strong>eius</strong></span> <span class='ocrx_word' id='word_1_577' title='bbox 787 3555 923 3591; x_wconf 89' lang='lat' dir='ltr'><strong>vicinus</strong></span> <span class='ocrx_word' id='word_1_578' title='bbox 947 3555 1093 3590; x_wconf 88' lang='lat' dir='ltr'><strong>arbores</strong></span> <span class='ocrx_word' id='word_1_579' title='bbox 1118 3555 1212 3590; x_wconf 84' lang='lat' dir='ltr'><strong>exci-</strong></span> 
     </span>
    </p>
   </div>
   <div class='ocr_carea' id='block_1_6' title="bbox 61 3667 1213 3811">
    <p class='ocr_par' dir='ltr' id='par_1_9' title="bbox 61 3667 1213 3811">
     <span class='ocr_line' id='line_1_77' title="bbox 128 3667 1213 3712; baseline -0.001 -10"><span class='ocrx_word' id='word_1_580' title='bbox 128 3668 167 3708; x_wconf 82' lang='lat'><strong>(1)</strong></span> <span class='ocrx_word' id='word_1_581' title='bbox 193 3668 297 3700; x_wconf 88' lang='lat' dir='ltr'><strong>totius</strong></span> <span class='ocrx_word' id='word_1_582' title='bbox 310 3667 536 3710; x_wconf 83' lang='lat' dir='ltr'><strong>quinquennii</strong></span> <span class='ocrx_word' id='word_1_583' title='bbox 548 3669 683 3701; x_wconf 88' lang='lat' dir='ltr'><strong>nomine</strong></span> <span class='ocrx_word' id='word_1_584' title='bbox 697 3669 757 3703; x_wconf 77' lang='lat' dir='ltr'><strong>ins.</strong></span> <span class='ocrx_word' id='word_1_585' title='bbox 837 3670 881 3710; x_wconf 80' lang='lat'><strong>(2)</strong></span> <span class='ocrx_word' id='word_1_586' title='bbox 905 3671 944 3700; x_wconf 91' lang='lat' dir='ltr'><strong>ut</strong></span> <span class='ocrx_word' id='word_1_587' title='bbox 957 3669 1017 3702; x_wconf 81' lang='lat' dir='ltr'><strong>ins.</strong></span> <span class='ocrx_word' id='word_1_588' title='bbox 1031 3669 1213 3712; x_wconf 82' lang='lat' dir='ltr'><strong>Hoffinann</strong></span> 
     </span>
     <span class='ocr_line' id='line_1_78' title="bbox 67 3712 1213 3756; baseline -0.002 -9"><span class='ocrx_word' id='word_1_589' title='bbox 67 3748 73 3750; x_wconf 28' lang='lat' dir='ltr'><em>s</em></span> <span class='ocrx_word' id='word_1_590' title='bbox 129 3712 171 3753; x_wconf 80' lang='grc'><strong>(3)</strong></span> <span class='ocrx_word' id='word_1_591' title='bbox 196 3715 230 3745; x_wconf 75' lang='lat' dir='ltr'><strong>et</strong></span> <span class='ocrx_word' id='word_1_592' title='bbox 242 3712 303 3746; x_wconf 75' lang='lat' dir='ltr'><strong>del.</strong></span> <span class='ocrx_word' id='word_1_593' title='bbox 395 3713 437 3755; x_wconf 83' lang='grc'><strong>(4)</strong></span> <span class='ocrx_word' id='word_1_594' title='bbox 462 3723 594 3756; x_wconf 86' lang='lat' dir='ltr'><strong>quoque</strong></span> <span class='ocrx_word' id='word_1_595' title='bbox 607 3713 669 3747; x_wconf 79' lang='lat' dir='ltr'><strong>del.</strong></span> <span class='ocrx_word' id='word_1_596' title='bbox 763 3714 806 3756; x_wconf 87' lang='lat'><strong>(5)</strong></span> <span class='ocrx_word' id='word_1_597' title='bbox 832 3714 870 3747; x_wconf 79' lang='lat' dir='ltr'><strong>id</strong></span> <span class='ocrx_word' id='word_1_598' title='bbox 880 3720 946 3748; x_wconf 78' lang='lat' dir='ltr'><strong>est.-</strong></span> <span class='ocrx_word' id='word_1_599' title='bbox 958 3713 1026 3746; x_wconf 83' lang='lat' dir='ltr'><strong>vim</strong></span> <span class='ocrx_word' id='word_1_600' title='bbox 1038 3712 1213 3745; x_wconf 81' lang='lat' dir='ltr'><strong>caelestem</strong></span> 
     </span>
     <span class='ocr_line' id='line_1_79' title="bbox 61 3756 1213 3811; baseline -0.001 -21"><span class='ocrx_word' id='word_1_601' title='bbox 61 3768 64 3769; x_wconf 49' lang='lat'><em>⁷</em></span> <span class='ocrx_word' id='word_1_602' title='bbox 131 3756 174 3795; x_wconf 69' lang='lat' dir='ltr'><strong>(el</strong></span> <span class='ocrx_word' id='word_1_603' title='bbox 199 3756 429 3811; x_wconf 85' lang='lat' dir='ltr'><strong>vindicatione</strong></span> <span class='ocrx_word' id='word_1_604' title='bbox 441 3758 476 3791; x_wconf 87' lang='lat' dir='ltr'><em>F</em></span> <span class='ocrx_word' id='word_1_605' title='bbox 573 3759 614 3800; x_wconf 83' lang='lat'>(¹1)</span> <span class='ocrx_word' id='word_1_606' title='bbox 640 3769 659 3791; x_wconf 82' lang='lat' dir='ltr'><strong>a</strong></span> <span class='ocrx_word' id='word_1_607' title='bbox 672 3771 731 3792; x_wconf 90' lang='lat' dir='ltr'><strong>om.</strong></span> <span class='ocrx_word' id='word_1_608' title='bbox 744 3759 779 3790; x_wconf 83' lang='lat' dir='ltr'><em>F</em></span> <span class='ocrx_word' id='word_1_609' title='bbox 883 3759 927 3800; x_wconf 87' lang='lat'><strong>(8)</strong></span> <span class='ocrx_word' id='word_1_610' title='bbox 953 3759 1213 3801; x_wconf 82' lang='lat' dir='ltr'><strong>praestaturum]</strong></span> 
     </span>
    </p>
   </div>
   <div class='ocr_carea' id='block_1_7' title="bbox 1202 112 1285 159">
    <p class='ocr_par' dir='ltr' id='par_1_10' title="bbox 1202 112 1285 159">
     <span class='ocr_line' id='line_1_80' title="bbox 1202 112 1285 159; baseline 0 0"><span class='ocrx_word' id='word_1_611' title='bbox 1202 112 1285 159; x_wconf 85' lang='lat'><strong>253</strong></span> 
     </span>
    </p>
   </div>
   <div class='ocr_carea' id='block_1_8' title="bbox 2154 117 2376 160">
    <p class='ocr_par' dir='ltr' id='par_1_11' title="bbox 2154 117 2376 160">
     <span class='ocr_line' id='line_1_81' title="bbox 2154 117 2376 160; baseline -0.009 0"><span class='ocrx_word' id='word_1_612' title='bbox 2154 117 2320 160; x_wconf 93' lang='lat' dir='ltr'>XVIIII</span> <span class='ocrx_word' id='word_1_613' title='bbox 2352 119 2376 158; x_wconf 82' lang='lat'><strong>2</strong></span> 
     </span>
    </p>
   </div>
   <div class='ocr_carea' id='block_1_9' title="bbox 1279 237 2380 3600">
    <p class='ocr_par' dir='ltr' id='par_1_12' title="bbox 1282 237 2379 1012">
     <span class='ocr_line' id='line_1_82' title="bbox 1285 237 2377 284; baseline 0.003 -11"><span class='ocrx_word' id='word_1_614' title='bbox 1285 241 1303 272; x_wconf 89' lang='grc'>5</span> <span class='ocrx_word' id='word_1_615' title='bbox 1354 237 1455 274; x_wconf 88' lang='lat' dir='ltr'><strong>derit.</strong></span> <span class='ocrx_word' id='word_1_616' title='bbox 1503 238 1586 284; x_wconf 87' lang='lat' dir='ltr'><strong>Ipse</strong></span> <span class='ocrx_word' id='word_1_617' title='bbox 1610 238 1776 284; x_wconf 78' lang='lat' dir='ltr'><strong>quoque⁴</strong></span> <span class='ocrx_word' id='word_1_618' title='bbox 1799 239 1829 275; x_wconf 89' lang='lat' dir='ltr'><strong>si</strong></span> <span class='ocrx_word' id='word_1_619' title='bbox 1861 239 2049 283; x_wconf 86' lang='lat' dir='ltr'><strong>exciderit,</strong></span> <span class='ocrx_word' id='word_1_620' title='bbox 2082 250 2154 276; x_wconf 89' lang='lat' dir='ltr'><strong>non</strong></span> <span class='ocrx_word' id='word_1_621' title='bbox 2186 240 2302 276; x_wconf 86' lang='lat' dir='ltr'><strong>solum</strong></span> <span class='ocrx_word' id='word_1_622' title='bbox 2334 250 2377 276; x_wconf 85' lang='lat' dir='ltr'><strong>ex</strong></span> 
     </span>
     <span class='ocr_line' id='line_1_83' title="bbox 1284 283 2376 332; baseline 0.004 -14"><span class='ocrx_word' id='word_1_623' title='bbox 1284 283 1404 319; x_wconf 86' lang='lat' dir='ltr'><strong>locato</strong></span> <span class='ocrx_word' id='word_1_624' title='bbox 1428 286 1582 326; x_wconf 85' lang='lat' dir='ltr'><strong>tenetur,</strong></span> <span class='ocrx_word' id='word_1_625' title='bbox 1606 283 1669 319; x_wconf 87' lang='lat' dir='ltr'><strong>sed</strong></span> <span class='ocrx_word' id='word_1_626' title='bbox 1693 284 1800 319; x_wconf 89' lang='lat' dir='ltr'><strong>etiam</strong></span> <span class='ocrx_word' id='word_1_627' title='bbox 1819 285 1852 321; x_wconf 92' lang='lat' dir='ltr'><strong>le</strong></span> <span class='ocrx_word' id='word_1_628' title='bbox 1878 285 2052 332; x_wconf 87' lang='lat' dir='ltr'><strong>eAquilia</strong></span> <span class='ocrx_word' id='word_1_629' title='bbox 2072 289 2108 322; x_wconf 91' lang='lat' dir='ltr'><strong>et</strong></span> <span class='ocrx_word' id='word_1_630' title='bbox 2127 296 2172 322; x_wconf 85' lang='lat' dir='ltr'><strong>ex</strong></span> <span class='ocrx_word' id='word_1_631' title='bbox 2191 286 2267 332; x_wconf 89' lang='lat' dir='ltr'><strong>lege</strong></span> <span class='ocrx_word' id='word_1_632' title='bbox 2289 285 2376 321; x_wconf 89' lang='lat' dir='ltr'><strong>duo-</strong></span> 
     </span>
     <span class='ocr_line' id='line_1_84' title="bbox 1285 327 2376 367; baseline 0.002 -3"><span class='ocrx_word' id='word_1_633' title='bbox 1285 327 1401 364; x_wconf 91' lang='lat' dir='ltr'><strong>decim</strong></span> <span class='ocrx_word' id='word_1_634' title='bbox 1430 328 1635 364; x_wconf 86' lang='lat' dir='ltr'><strong>tabularum</strong></span> <span class='ocrx_word' id='word_1_635' title='bbox 1659 329 1826 365; x_wconf 88' lang='lat' dir='ltr'><strong>arborum</strong></span> <span class='ocrx_word' id='word_1_636' title='bbox 1867 331 1973 366; x_wconf 91' lang='lat' dir='ltr'><strong>urtim</strong></span> <span class='ocrx_word' id='word_1_637' title='bbox 1999 341 2185 367; x_wconf 88' lang='lat' dir='ltr'><strong>caesarum</strong></span> <span class='ocrx_word' id='word_1_638' title='bbox 2209 334 2245 367; x_wconf 90' lang='lat' dir='ltr'><strong>et</strong></span> <span class='ocrx_word' id='word_1_639' title='bbox 2267 330 2376 366; x_wconf 90' lang='lat' dir='ltr'><strong>inter-</strong></span> 
     </span>
     <span class='ocr_line' id='line_1_85' title="bbox 1285 373 2377 422; baseline 0.004 -13"><span class='ocrx_word' id='word_1_640' title='bbox 1285 373 1382 410; x_wconf 86' lang='lat' dir='ltr'><strong>dicto</strong></span> <span class='ocrx_word' id='word_1_641' title='bbox 1407 373 1502 419; x_wconf 86' lang='lat' dir='ltr'><strong>quod</strong></span> <span class='ocrx_word' id='word_1_642' title='bbox 1525 374 1558 409; x_wconf 90' lang='lat' dir='ltr'><strong>vi</strong></span> <span class='ocrx_word' id='word_1_643' title='bbox 1582 377 1646 409; x_wconf 87' lang='lat' dir='ltr'><strong>aut</strong></span> <span class='ocrx_word' id='word_1_644' title='bbox 1669 374 1779 410; x_wconf 86' lang='lat' dir='ltr'><strong>clam:</strong></span> <span class='ocrx_word' id='word_1_645' title='bbox 1812 375 1876 411; x_wconf 86' lang='lat' dir='ltr'><strong>sed</strong></span> <span class='ocrx_word' id='word_1_646' title='bbox 1906 376 2031 421; x_wconf 91' lang='lat' dir='ltr'><strong>utique</strong></span> <span class='ocrx_word' id='word_1_647' title='bbox 2061 377 2208 420; x_wconf 91' lang='lat' dir='ltr'><strong>iudicis,</strong></span> <span class='ocrx_word' id='word_1_648' title='bbox 2241 376 2302 422; x_wconf 90' lang='lat' dir='ltr'><strong>qui</strong></span> <span class='ocrx_word' id='word_1_649' title='bbox 2334 386 2377 412; x_wconf 83' lang='lat' dir='ltr'><strong>ex</strong></span> 
     </span>
     <span class='ocr_line' id='line_1_86' title="bbox 1285 419 2377 464; baseline 0.003 -10"><span class='ocrx_word' id='word_1_650' title='bbox 1285 419 1403 455; x_wconf 88' lang='lat' dir='ltr'><strong>locato</strong></span> <span class='ocrx_word' id='word_1_651' title='bbox 1428 419 1574 462; x_wconf 90' lang='lat' dir='ltr'><strong>iudicat,</strong></span> <span class='ocrx_word' id='word_1_652' title='bbox 1599 419 1719 456; x_wconf 88' lang='lat' dir='ltr'><strong>officio</strong></span> <span class='ocrx_word' id='word_1_653' title='bbox 1745 420 1967 464; x_wconf 89' lang='lat' dir='ltr'><strong>continetur,</strong></span> <span class='ocrx_word' id='word_1_654' title='bbox 1992 425 2032 457; x_wconf 92' lang='lat' dir='ltr'><strong>ut</strong></span> <span class='ocrx_word' id='word_1_655' title='bbox 2054 426 2192 458; x_wconf 86' lang='lat' dir='ltr'><strong>ceteras</strong></span> <span class='ocrx_word' id='word_1_656' title='bbox 2216 422 2377 458; x_wconf 89' lang='lat' dir='ltr'><strong>actiones</strong></span> 
     </span>
     <span class='ocr_line' id='line_1_87' title="bbox 1286 464 2378 513; baseline 0.001 -13"><span class='ocrx_word' id='word_1_657' title='bbox 1286 467 1306 500; x_wconf 87' lang='grc'><strong>6</strong></span> <span class='ocrx_word' id='word_1_658' title='bbox 1352 464 1493 500; x_wconf 88' lang='lat' dir='ltr'><strong>locator</strong></span> <span class='ocrx_word' id='word_1_659' title='bbox 1524 464 1677 501; x_wconf 89' lang='lat' dir='ltr'><strong>omittat.</strong></span> <span class='ocrx_word' id='word_1_660' title='bbox 1726 465 1788 501; x_wconf 91' lang='lat' dir='ltr'><strong>Vis</strong></span> <span class='ocrx_word' id='word_1_661' title='bbox 1819 465 1952 508; x_wconf 90' lang='lat' dir='ltr'><strong>maior,</strong></span> <span class='ocrx_word' id='word_1_662' title='bbox 1984 477 2091 513; x_wconf 89' lang='lat' dir='ltr'><strong>quam</strong></span> <span class='ocrx_word' id='word_1_663' title='bbox 2123 467 2254 504; x_wconf 87' lang='lat' dir='ltr'><strong>Graeci</strong></span> <span class='ocrx_word' id='word_1_664' title='bbox 2287 467 2378 502; x_wconf 75' lang='grc' dir='ltr'><strong><em>θεοῦ</em></strong></span> 
     </span>
     <span class='ocr_line' id='line_1_88' title="bbox 1283 510 2376 556; baseline 0.005 -14"><span class='ocrx_word' id='word_1_665' title='bbox 1283 511 1396 554; x_wconf 53' lang='lat' dir='ltr'><strong>elavi*</strong></span> <span class='ocrx_word' id='word_1_666' title='bbox 1420 510 1614 556; x_wconf 84' lang='lat' dir='ltr'><strong>appellant,</strong></span> <span class='ocrx_word' id='word_1_667' title='bbox 1638 520 1712 546; x_wconf 91' lang='lat' dir='ltr'><strong>non</strong></span> <span class='ocrx_word' id='word_1_668' title='bbox 1737 510 1843 546; x_wconf 88' lang='lat' dir='ltr'><strong>debet</strong></span> <span class='ocrx_word' id='word_1_669' title='bbox 1868 511 2078 548; x_wconf 89' lang='lat' dir='ltr'><strong>conductori</strong></span> <span class='ocrx_word' id='word_1_670' title='bbox 2098 512 2270 550; x_wconf 88' lang='lat' dir='ltr'><strong>damnosa</strong></span> <span class='ocrx_word' id='word_1_671' title='bbox 2289 522 2376 554; x_wconf 87' lang='lat' dir='ltr'><strong>esse,</strong></span> 
     </span>
     <span class='ocr_line' id='line_1_89' title="bbox 1284 555 2377 602; baseline 0.003 -12"><span class='ocrx_word' id='word_1_672' title='bbox 1284 555 1315 591; x_wconf 90' lang='lat' dir='ltr'><strong>si</strong></span> <span class='ocrx_word' id='word_1_673' title='bbox 1337 555 1440 600; x_wconf 89' lang='lat' dir='ltr'><strong>plus,</strong></span> <span class='ocrx_word' id='word_1_674' title='bbox 1473 566 1580 602; x_wconf 90' lang='lat' dir='ltr'><strong>quam</strong></span> <span class='ocrx_word' id='word_1_675' title='bbox 1611 555 1799 592; x_wconf 86' lang='lat' dir='ltr'><strong>tolerabile</strong></span> <span class='ocrx_word' id='word_1_676' title='bbox 1831 558 1904 599; x_wconf 90' lang='lat' dir='ltr'><strong>est,</strong></span> <span class='ocrx_word' id='word_1_677' title='bbox 1936 556 2024 592; x_wconf 87' lang='lat' dir='ltr'><strong>laesi</strong></span> <span class='ocrx_word' id='word_1_678' title='bbox 2053 557 2188 594; x_wconf 87' lang='lat' dir='ltr'><strong>fuerint</strong></span> <span class='ocrx_word' id='word_1_679' title='bbox 2217 558 2377 595; x_wconf 83' lang='lat' dir='ltr'><strong>fructus:</strong></span> 
     </span>
     <span class='ocr_line' id='line_1_90' title="bbox 1284 600 2377 647; baseline 0.003 -12"><span class='ocrx_word' id='word_1_680' title='bbox 1284 600 1442 646; x_wconf 88' lang='lat' dir='ltr'><strong>alioquin</strong></span> <span class='ocrx_word' id='word_1_681' title='bbox 1474 601 1653 637; x_wconf 86' lang='lat' dir='ltr'><strong>modicum</strong></span> <span class='ocrx_word' id='word_1_682' title='bbox 1678 600 1846 637; x_wconf 90' lang='lat' dir='ltr'><strong>damnum</strong></span> <span class='ocrx_word' id='word_1_683' title='bbox 1870 611 1986 647; x_wconf 90' lang='lat' dir='ltr'><strong>aequo</strong></span> <span class='ocrx_word' id='word_1_684' title='bbox 2011 602 2127 639; x_wconf 91' lang='lat' dir='ltr'><strong>animo</strong></span> <span class='ocrx_word' id='word_1_685' title='bbox 2152 603 2246 640; x_wconf 85' lang='lat' dir='ltr'><strong>ferre</strong></span> <span class='ocrx_word' id='word_1_686' title='bbox 2270 604 2377 639; x_wconf 91' lang='lat' dir='ltr'><strong>debet</strong></span> 
     </span>
     <span class='ocr_line' id='line_1_91' title="bbox 1285 646 2377 702; baseline 0.004 -21"><span class='ocrx_word' id='word_1_687' title='bbox 1285 646 1446 689; x_wconf 90' lang='lat' dir='ltr'><strong>colonus,</strong></span> <span class='ocrx_word' id='word_1_688' title='bbox 1472 646 1531 682; x_wconf 88' lang='lat' dir='ltr'><strong>cui</strong></span> <span class='ocrx_word' id='word_1_689' title='bbox 1553 646 1781 683; x_wconf 89' lang='lat' dir='ltr'><strong>immodicum</strong></span> <span class='ocrx_word' id='word_1_690' title='bbox 1804 646 1945 682; x_wconf 90' lang='lat' dir='ltr'><strong>lucrum</strong></span> <span class='ocrx_word' id='word_1_691' title='bbox 1965 657 2038 683; x_wconf 90' lang='lat' dir='ltr'><strong>non</strong></span> <span class='ocrx_word' id='word_1_692' title='bbox 2059 648 2231 685; x_wconf 81' lang='lat' dir='ltr'><strong>aufertur.</strong></span> <span class='ocrx_word' id='word_1_693' title='bbox 2265 659 2377 702; x_wconf 84' lang='lat' dir='ltr'><strong>appa-</strong></span> 
     </span>
     <span class='ocr_line' id='line_1_92' title="bbox 1283 691 2378 745; baseline 0.003 -18"><span class='ocrx_word' id='word_1_694' title='bbox 1283 694 1338 727; x_wconf 91' lang='lat' dir='ltr'><strong>ret</strong></span> <span class='ocrx_word' id='word_1_695' title='bbox 1361 695 1482 728; x_wconf 90' lang='lat' dir='ltr'><strong>autem</strong></span> <span class='ocrx_word' id='word_1_696' title='bbox 1506 692 1551 728; x_wconf 89' lang='lat' dir='ltr'><strong>de</strong></span> <span class='ocrx_word' id='word_1_697' title='bbox 1575 702 1616 728; x_wconf 89' lang='lat' dir='ltr'><strong>eo</strong></span> <span class='ocrx_word' id='word_1_698' title='bbox 1640 703 1707 728; x_wconf 91' lang='lat' dir='ltr'><strong>nos</strong></span> <span class='ocrx_word' id='word_1_699' title='bbox 1732 692 1859 728; x_wconf 93' lang='lat' dir='ltr'><strong>colono</strong></span> <span class='ocrx_word' id='word_1_700' title='bbox 1885 691 2014 735; x_wconf 90' lang='lat' dir='ltr'><strong>dicere,</strong></span> <span class='ocrx_word' id='word_1_701' title='bbox 2039 693 2101 745; x_wconf 85' lang='lat' dir='ltr'><strong>qui</strong></span> <span class='ocrx_word' id='word_1_702' title='bbox 2124 694 2169 729; x_wconf 92' lang='lat' dir='ltr'><strong>ad</strong></span> <span class='ocrx_word' id='word_1_703' title='bbox 2188 705 2378 740; x_wconf 81' lang='lat' dir='ltr'><strong>pecuniam</strong></span> 
     </span>
     <span class='ocr_line' id='line_1_93' title="bbox 1284 737 2379 786; baseline 0.002 -14"><span class='ocrx_word' id='word_1_704' title='bbox 1284 740 1507 773; x_wconf 90' lang='lat' dir='ltr'><strong>numeratam</strong></span> <span class='ocrx_word' id='word_1_705' title='bbox 1528 737 1719 773; x_wconf 86' lang='lat' dir='ltr'><strong>conduxit:</strong></span> <span class='ocrx_word' id='word_1_706' title='bbox 1741 737 1898 783; x_wconf 89' lang='lat' dir='ltr'><strong>alioquin</strong></span> <span class='ocrx_word' id='word_1_707' title='bbox 1910 737 2103 783; x_wconf 81' lang='lat' dir='ltr'><strong>partiarius</strong></span> <span class='ocrx_word' id='word_1_708' title='bbox 2117 740 2262 776; x_wconf 89' lang='lat' dir='ltr'><strong>colonus</strong></span> <span class='ocrx_word' id='word_1_709' title='bbox 2277 740 2379 786; x_wconf 89' lang='lat' dir='ltr'><strong>quasi</strong></span> 
     </span>
     <span class='ocr_line' id='line_1_94' title="bbox 1285 782 2376 821; baseline 0.003 -3"><span class='ocrx_word' id='word_1_710' title='bbox 1285 782 1467 818; x_wconf 87' lang='lat' dir='ltr'><strong>societatis</strong></span> <span class='ocrx_word' id='word_1_711' title='bbox 1498 783 1576 819; x_wconf 91' lang='lat' dir='ltr'><strong>iure</strong></span> <span class='ocrx_word' id='word_1_712' title='bbox 1609 786 1645 819; x_wconf 90' lang='lat' dir='ltr'><strong>et</strong></span> <span class='ocrx_word' id='word_1_713' title='bbox 1676 783 1845 819; x_wconf 90' lang='lat' dir='ltr'><strong>damnum</strong></span> <span class='ocrx_word' id='word_1_714' title='bbox 1878 786 1914 818; x_wconf 92' lang='lat' dir='ltr'><strong>et</strong></span> <span class='ocrx_word' id='word_1_715' title='bbox 1943 783 2083 819; x_wconf 89' lang='lat' dir='ltr'><strong>lucrum</strong></span> <span class='ocrx_word' id='word_1_716' title='bbox 2119 795 2199 820; x_wconf 91' lang='lat' dir='ltr'><strong>cum</strong></span> <span class='ocrx_word' id='word_1_717' title='bbox 2235 785 2376 821; x_wconf 89' lang='lat' dir='ltr'><strong>domino</strong></span> 
     </span>
     <span class='ocr_line' id='line_1_95' title="bbox 1285 827 2377 875; baseline 0.003 -12"><span class='ocrx_word' id='word_1_718' title='bbox 1285 831 1303 863; x_wconf 86' lang='lat'><strong>7</strong></span> <span class='ocrx_word' id='word_1_719' title='bbox 1350 827 1454 863; x_wconf 89' lang='lat' dir='ltr'><strong>fundi</strong></span> <span class='ocrx_word' id='word_1_720' title='bbox 1496 829 1663 874; x_wconf 84' lang='lat' dir='ltr'><strong>partitur.</strong></span> <span class='ocrx_word' id='word_1_721' title='bbox 1722 828 1791 874; x_wconf 78' lang='lat' dir='ltr'><strong>Qui</strong></span> <span class='ocrx_word' id='word_1_722' title='bbox 1827 828 2028 864; x_wconf 89' lang='lat' dir='ltr'><strong>columnam</strong></span> <span class='ocrx_word' id='word_1_723' title='bbox 2062 831 2377 875; x_wconf 87' lang='lat' dir='ltr'><strong>transportandam</strong></span> 
     </span>
     <span class='ocr_line' id='line_1_96' title="bbox 1285 873 2376 922; baseline 0.004 -14"><span class='ocrx_word' id='word_1_724' title='bbox 1285 873 1471 915; x_wconf 83' lang='lat' dir='ltr'><strong>conduxit,</strong></span> <span class='ocrx_word' id='word_1_725' title='bbox 1504 874 1535 910; x_wconf 89' lang='lat' dir='ltr'><strong>si</strong></span> <span class='ocrx_word' id='word_1_726' title='bbox 1558 884 1621 917; x_wconf 89' lang='lat' dir='ltr'><strong>ea,</strong></span> <span class='ocrx_word' id='word_1_727' title='bbox 1647 874 1731 910; x_wconf 90' lang='lat' dir='ltr'><strong>dum</strong></span> <span class='ocrx_word' id='word_1_728' title='bbox 1753 874 1891 909; x_wconf 89' lang='lat' dir='ltr'><strong>tollitur</strong></span> <span class='ocrx_word' id='word_1_729' title='bbox 1914 877 1978 909; x_wconf 92' lang='lat' dir='ltr'><strong>aut</strong></span> <span class='ocrx_word' id='word_1_730' title='bbox 1999 878 2164 919; x_wconf 90' lang='lat' dir='ltr'><strong>portatur</strong></span> <span class='ocrx_word' id='word_1_731' title='bbox 2189 880 2251 911; x_wconf 90' lang='lat' dir='ltr'><strong>aut</strong></span> <span class='ocrx_word' id='word_1_732' title='bbox 2274 887 2376 922; x_wconf 89' lang='lat' dir='ltr'><strong>repo-</strong></span> 
     </span>
     <span class='ocr_line' id='line_1_97' title="bbox 1283 918 2379 967; baseline 0.003 -13"><span class='ocrx_word' id='word_1_733' title='bbox 1283 918 1399 962; x_wconf 89' lang='lat' dir='ltr'><strong>nitur,</strong></span> <span class='ocrx_word' id='word_1_734' title='bbox 1430 918 1549 955; x_wconf 85' lang='lat' dir='ltr'><strong>fracta</strong></span> <span class='ocrx_word' id='word_1_735' title='bbox 1580 920 1645 963; x_wconf 92' lang='lat' dir='ltr'><strong>sit,</strong></span> <span class='ocrx_word' id='word_1_736' title='bbox 1677 920 1729 955; x_wconf 90' lang='lat' dir='ltr'><strong>ita</strong></span> <span class='ocrx_word' id='word_1_737' title='bbox 1760 919 1798 955; x_wconf 94' lang='lat' dir='ltr'><strong>id</strong></span> <span class='ocrx_word' id='word_1_738' title='bbox 1820 919 2019 965; x_wconf 89' lang='lat' dir='ltr'><strong>periculum</strong></span> <span class='ocrx_word' id='word_1_739' title='bbox 2042 924 2222 965; x_wconf 86' lang='lat' dir='ltr'><strong>praestat,</strong></span> <span class='ocrx_word' id='word_1_740' title='bbox 2254 922 2284 957; x_wconf 93' lang='lat' dir='ltr'><strong>si</strong></span> <span class='ocrx_word' id='word_1_741' title='bbox 2308 932 2379 967; x_wconf 90' lang='lat' dir='ltr'><strong>qua</strong></span> 
     </span>
     <span class='ocr_line' id='line_1_98' title="bbox 1282 964 2377 1012; baseline 0.002 -13"><span class='ocrx_word' id='word_1_742' title='bbox 1282 964 1294 999; x_wconf 94' lang='lat' dir='ltr'><strong>i</strong></span> <span class='ocrx_word' id='word_1_743' title='bbox 1322 964 1395 1000; x_wconf 88' lang='lat' dir='ltr'><strong>sius</strong></span> <span class='ocrx_word' id='word_1_744' title='bbox 1420 974 1623 1011; x_wconf 87' lang='lat' dir='ltr'><strong>eorumque,</strong></span> <span class='ocrx_word' id='word_1_745' title='bbox 1649 975 1800 1011; x_wconf 90' lang='lat' dir='ltr'><strong>quorum</strong></span> <span class='ocrx_word' id='word_1_746' title='bbox 1824 974 1934 1010; x_wconf 91' lang='lat' dir='ltr'><strong>opera</strong></span> <span class='ocrx_word' id='word_1_747' title='bbox 1956 968 2128 1008; x_wconf 91' lang='lat' dir='ltr'><strong>uteretur,</strong></span> <span class='ocrx_word' id='word_1_748' title='bbox 2154 966 2259 1012; x_wconf 86' lang='lat' dir='ltr'><strong>culpa</strong></span> <span class='ocrx_word' id='word_1_749' title='bbox 2282 966 2377 1002; x_wconf 89' lang='lat' dir='ltr'><strong>acci-</strong></span> 
     </span>
    </p>

    <p class='ocr_par' dir='ltr' id='par_1_13' title="bbox 1279 1009 2380 1365">
     <span class='ocr_line' id='line_1_99' title="bbox 1309 1009 2379 1063; baseline 0.002 -18"><span class='ocrx_word' id='word_1_750' title='bbox 1309 1009 1393 1045; x_wconf 88' lang='lat' dir='ltr'><strong>erit:</strong></span> <span class='ocrx_word' id='word_1_751' title='bbox 1420 1010 1526 1063; x_wconf 87' lang='lat' dir='ltr'><strong>culpa</strong></span> <span class='ocrx_word' id='word_1_752' title='bbox 1549 1014 1670 1046; x_wconf 91' lang='lat' dir='ltr'><strong>autem</strong></span> <span class='ocrx_word' id='word_1_753' title='bbox 1694 1010 1815 1053; x_wconf 90' lang='lat' dir='ltr'><strong>abest,</strong></span> <span class='ocrx_word' id='word_1_754' title='bbox 1848 1010 1879 1046; x_wconf 87' lang='lat' dir='ltr'><strong>si</strong></span> <span class='ocrx_word' id='word_1_755' title='bbox 1903 1010 2023 1046; x_wconf 89' lang='lat' dir='ltr'><strong>omnia</strong></span> <span class='ocrx_word' id='word_1_756' title='bbox 2045 1010 2145 1046; x_wconf 87' lang='lat' dir='ltr'><strong>facta</strong></span> <span class='ocrx_word' id='word_1_757' title='bbox 2168 1016 2263 1056; x_wconf 85' lang='lat' dir='ltr'><strong>sunt,</strong></span> <span class='ocrx_word' id='word_1_758' title='bbox 2288 1021 2379 1057; x_wconf 89' lang='lat' dir='ltr'><strong>quae</strong></span> 
     </span>
     <span class='ocr_line' id='line_1_100' title="bbox 1283 1054 2377 1101; baseline 0.003 -11"><span class='ocrx_word' id='word_1_759' title='bbox 1283 1054 1570 1100; x_wconf 77' lang='lat' dir='ltr'><strong>diligentissmus</strong></span> <span class='ocrx_word' id='word_1_760' title='bbox 1591 1056 1741 1101; x_wconf 89' lang='lat' dir='ltr'><strong>quisque</strong></span> <span class='ocrx_word' id='word_1_761' title='bbox 1761 1056 2013 1091; x_wconf 88' lang='lat' dir='ltr'><strong>observaturus</strong></span> <span class='ocrx_word' id='word_1_762' title='bbox 2032 1055 2173 1092; x_wconf 87' lang='lat' dir='ltr'><strong>fuisset.</strong></span> <span class='ocrx_word' id='word_1_763' title='bbox 2197 1057 2289 1092; x_wconf 89' lang='lat' dir='ltr'><strong>idem</strong></span> <span class='ocrx_word' id='word_1_764' title='bbox 2310 1058 2377 1093; x_wconf 88' lang='lat' dir='ltr'><strong>sci-</strong></span> 
     </span>
     <span class='ocr_line' id='line_1_101' title="bbox 1284 1101 2377 1148; baseline 0.002 -12"><span class='ocrx_word' id='word_1_765' title='bbox 1284 1101 1370 1136; x_wconf 89' lang='lat' dir='ltr'><strong>licet</strong></span> <span class='ocrx_word' id='word_1_766' title='bbox 1393 1101 1637 1147; x_wconf 89' lang='lat' dir='ltr'><strong>intellegemus</strong></span> <span class='ocrx_word' id='word_1_767' title='bbox 1662 1105 1697 1137; x_wconf 92' lang='lat' dir='ltr'><strong>et</strong></span> <span class='ocrx_word' id='word_1_768' title='bbox 1721 1101 1751 1137; x_wconf 94' lang='lat' dir='ltr'><strong>si</strong></span> <span class='ocrx_word' id='word_1_769' title='bbox 1776 1101 1871 1138; x_wconf 88' lang='lat' dir='ltr'><strong>dolia</strong></span> <span class='ocrx_word' id='word_1_770' title='bbox 1894 1101 1950 1138; x_wconf 90' lang='lat' dir='ltr'><strong>vel</strong></span> <span class='ocrx_word' id='word_1_771' title='bbox 1973 1101 2108 1147; x_wconf 86' lang='lat' dir='ltr'><strong>tignum</strong></span> <span class='ocrx_word' id='word_1_772' title='bbox 2131 1106 2377 1148; x_wconf 90' lang='lat' dir='ltr'><strong>transportan-</strong></span> 
     </span>
     <span class='ocr_line' id='line_1_102' title="bbox 1285 1146 2378 1192; baseline 0.002 -10"><span class='ocrx_word' id='word_1_773' title='bbox 1285 1146 1370 1182; x_wconf 90' lang='lat' dir='ltr'><strong>dum</strong></span> <span class='ocrx_word' id='word_1_774' title='bbox 1401 1147 1530 1192; x_wconf 89' lang='lat' dir='ltr'><strong>aliquis</strong></span> <span class='ocrx_word' id='word_1_775' title='bbox 1563 1147 1792 1183; x_wconf 86' lang='lat' dir='ltr'><strong>conduxerit:</strong></span> <span class='ocrx_word' id='word_1_776' title='bbox 1825 1146 1917 1183; x_wconf 90' lang='lat' dir='ltr'><strong>idem</strong></span> <span class='ocrx_word' id='word_1_777' title='bbox 1943 1158 1988 1182; x_wconf 91' lang='lat' dir='ltr'><strong>ue</strong></span> <span class='ocrx_word' id='word_1_778' title='bbox 2021 1147 2127 1183; x_wconf 90' lang='lat' dir='ltr'><strong>etiam</strong></span> <span class='ocrx_word' id='word_1_779' title='bbox 2163 1147 2209 1183; x_wconf 91' lang='lat' dir='ltr'><strong>ad</strong></span> <span class='ocrx_word' id='word_1_780' title='bbox 2243 1153 2378 1185; x_wconf 87' lang='lat' dir='ltr'><strong>ceteras</strong></span> 
     </span>
     <span class='ocr_line' id='line_1_103' title="bbox 1285 1191 2378 1238; baseline 0.002 -10"><span class='ocrx_word' id='word_1_781' title='bbox 1285 1194 1304 1227; x_wconf 90' lang='lat'>8</span> <span class='ocrx_word' id='word_1_782' title='bbox 1352 1202 1410 1228; x_wconf 88' lang='lat' dir='ltr'><strong>res</strong></span> <span class='ocrx_word' id='word_1_783' title='bbox 1434 1192 1622 1228; x_wconf 87' lang='lat' dir='ltr'><strong>transferri</strong></span> <span class='ocrx_word' id='word_1_784' title='bbox 1645 1196 1776 1238; x_wconf 85' lang='lat' dir='ltr'><strong>potest.</strong></span> <span class='ocrx_word' id='word_1_785' title='bbox 1826 1191 1864 1228; x_wconf 88' lang='lat' dir='ltr'><strong>Si</strong></span> <span class='ocrx_word' id='word_1_786' title='bbox 1886 1191 1926 1228; x_wconf 90' lang='lat' dir='ltr'><strong>fu</strong></span> <span class='ocrx_word' id='word_1_787' title='bbox 1955 1203 1975 1228; x_wconf 92' lang='lat' dir='ltr'><strong>o</strong></span> <span class='ocrx_word' id='word_1_788' title='bbox 1997 1196 2061 1228; x_wconf 89' lang='lat' dir='ltr'><strong>aut</strong></span> <span class='ocrx_word' id='word_1_789' title='bbox 2081 1193 2282 1229; x_wconf 89' lang='lat' dir='ltr'><strong>sarcinator</strong></span> <span class='ocrx_word' id='word_1_790' title='bbox 2301 1205 2378 1230; x_wconf 89' lang='lat' dir='ltr'><strong>ves-</strong></span> 
     </span>
     <span class='ocr_line' id='line_1_104' title="bbox 1280 1237 2374 1284; baseline 0.003 -12"><span class='ocrx_word' id='word_1_791' title='bbox 1280 1237 1429 1273; x_wconf 87' lang='lat' dir='ltr'><strong>timenta</strong></span> <span class='ocrx_word' id='word_1_792' title='bbox 1459 1238 1655 1284; x_wconf 90' lang='lat' dir='ltr'><strong>perdiderit</strong></span> <span class='ocrx_word' id='word_1_793' title='bbox 1679 1248 1792 1284; x_wconf 86' lang='lat' dir='ltr'><strong>eoque</strong></span> <span class='ocrx_word' id='word_1_794' title='bbox 1815 1238 1958 1273; x_wconf 88' lang='lat' dir='ltr'><strong>nomine</strong></span> <span class='ocrx_word' id='word_1_795' title='bbox 1983 1238 2124 1274; x_wconf 91' lang='lat' dir='ltr'><strong>domino</strong></span> <span class='ocrx_word' id='word_1_796' title='bbox 2150 1239 2374 1283; x_wconf 86' lang='lat' dir='ltr'><strong>satisfecerit,</strong></span> 
     </span>
     <span class='ocr_line' id='line_1_105' title="bbox 1279 1282 2380 1331; baseline 0.002 -12"><span class='ocrx_word' id='word_1_797' title='bbox 1279 1293 1425 1319; x_wconf 90' lang='lat' dir='ltr'><strong>necesse</strong></span> <span class='ocrx_word' id='word_1_798' title='bbox 1456 1287 1510 1320; x_wconf 87' lang='lat' dir='ltr'><strong>est</strong></span> <span class='ocrx_word' id='word_1_799' title='bbox 1534 1283 1676 1320; x_wconf 88' lang='lat' dir='ltr'><strong>domino</strong></span> <span class='ocrx_word' id='word_1_800' title='bbox 1699 1282 1996 1320; x_wconf 81' lang='lat' dir='ltr'><strong>vindicationem⁶</strong></span> <span class='ocrx_word' id='word_1_801' title='bbox 2020 1294 2141 1321; x_wconf 90' lang='lat' dir='ltr'><strong>eorum</strong></span> <span class='ocrx_word' id='word_1_802' title='bbox 2166 1288 2202 1320; x_wconf 88' lang='lat' dir='ltr'><strong>et</strong></span> <span class='ocrx_word' id='word_1_803' title='bbox 2225 1285 2380 1331; x_wconf 87' lang='lat' dir='ltr'><strong>condic-,</strong></span> 
     </span>
     <span class='ocr_line' id='line_1_106' title="bbox 1280 1329 1574 1365; baseline 0.003 -1"><span class='ocrx_word' id='word_1_804' title='bbox 1280 1329 1413 1364; x_wconf 89' lang='lat' dir='ltr'><strong>tionem</strong></span> <span class='ocrx_word' id='word_1_805' title='bbox 1438 1329 1574 1365; x_wconf 89' lang='lat' dir='ltr'><strong>cedere.</strong></span> 
     </span>
    </p>

    <p class='ocr_par' dir='ltr' id='par_1_14' title="bbox 1281 1372 2375 1502">
     <span class='ocr_line' id='line_1_107' title="bbox 1327 1372 2373 1422; baseline 0.001 -11"><span class='ocrx_word' id='word_1_806' title='bbox 1327 1372 1380 1412; x_wconf 88' lang='grc'><strong>26</strong></span> <span class='ocrx_word' id='word_1_807' title='bbox 1401 1374 1597 1411; x_wconf 75' lang='lat' dir='ltr'><em>ULPIANUS</em></span> <span class='ocrx_word' id='word_1_808' title='bbox 1606 1375 1697 1411; x_wconf 85' lang='lat' dir='ltr'><strong>libro</strong></span> <span class='ocrx_word' id='word_1_809' title='bbox 1717 1374 1875 1411; x_wconf 83' lang='lat' dir='ltr'><strong>secundo</strong></span> <span class='ocrx_word' id='word_1_810' title='bbox 1896 1374 2179 1421; x_wconf 78' lang='lat' dir='ltr'><strong>disputationum</strong></span> <span class='ocrx_word' id='word_1_811' title='bbox 2225 1376 2267 1411; x_wconf 90' lang='lat' dir='ltr'><strong>In</strong></span> <span class='ocrx_word' id='word_1_812' title='bbox 2288 1387 2373 1422; x_wconf 92' lang='lat' dir='ltr'><strong>ope-</strong></span> 
     </span>
     <span class='ocr_line' id='line_1_108' title="bbox 1281 1419 2375 1467; baseline 0.002 -12"><span class='ocrx_word' id='word_1_813' title='bbox 1281 1420 1330 1455; x_wconf 89' lang='lat' dir='ltr'><strong>ris</strong></span> <span class='ocrx_word' id='word_1_814' title='bbox 1363 1419 1504 1456; x_wconf 90' lang='lat' dir='ltr'><strong>duobus</strong></span> <span class='ocrx_word' id='word_1_815' title='bbox 1536 1420 1641 1457; x_wconf 88' lang='lat' dir='ltr'><strong>simul</strong></span> <span class='ocrx_word' id='word_1_816' title='bbox 1671 1420 1799 1457; x_wconf 88' lang='lat' dir='ltr'><strong>locatis</strong></span> <span class='ocrx_word' id='word_1_817' title='bbox 1832 1420 1998 1457; x_wconf 87' lang='lat' dir='ltr'><strong>convenit</strong></span> <span class='ocrx_word' id='word_1_818' title='bbox 2027 1421 2139 1467; x_wconf 90' lang='lat' dir='ltr'><strong>priori</strong></span> <span class='ocrx_word' id='word_1_819' title='bbox 2163 1421 2375 1458; x_wconf 90' lang='lat' dir='ltr'><strong>conductori</strong></span> 
     </span>
     <span class='ocr_line' id='line_1_109' title="bbox 1282 1466 1568 1502; baseline 0.003 -2"><span class='ocrx_word' id='word_1_820' title='bbox 1282 1469 1366 1501; x_wconf 91' lang='lat' dir='ltr'><strong>ante</strong></span> <span class='ocrx_word' id='word_1_821' title='bbox 1389 1466 1568 1502; x_wconf 89' lang='lat' dir='ltr'><strong>satisfieri.</strong></span> 
     </span>
    </p>

    <p class='ocr_par' dir='ltr' id='par_1_15' title="bbox 1281 1508 2379 2146">
     <span class='ocr_line' id='line_1_110' title="bbox 1329 1508 2377 1558; baseline 0.001 -10"><span class='ocrx_word' id='word_1_822' title='bbox 1329 1508 1381 1548; x_wconf 85' lang='lat'><strong>27</strong></span> <span class='ocrx_word' id='word_1_823' title='bbox 1418 1512 1602 1547; x_wconf 76' lang='lat' dir='ltr'><em>ALFENUS</em></span> <span class='ocrx_word' id='word_1_824' title='bbox 1630 1511 1722 1548; x_wconf 86' lang='lat' dir='ltr'><strong>libro</strong></span> <span class='ocrx_word' id='word_1_825' title='bbox 1757 1511 1913 1548; x_wconf 78' lang='lat' dir='ltr'><strong>secundo</strong></span> <span class='ocrx_word' id='word_1_826' title='bbox 1951 1511 2172 1558; x_wconf 78' lang='lat' dir='ltr'><strong>diqestorum</strong></span> <span class='ocrx_word' id='word_1_827' title='bbox 2227 1512 2377 1549; x_wconf 88' lang='lat' dir='ltr'><strong>Habita-</strong></span> 
     </span>
     <span class='ocr_line' id='line_1_111' title="bbox 1282 1557 2378 1604; baseline 0.002 -12"><span class='ocrx_word' id='word_1_828' title='bbox 1282 1561 1379 1593; x_wconf 91' lang='lat' dir='ltr'><strong>tores</strong></span> <span class='ocrx_word' id='word_1_829' title='bbox 1414 1567 1507 1601; x_wconf 90' lang='lat' dir='ltr'><strong>non,</strong></span> <span class='ocrx_word' id='word_1_830' title='bbox 1543 1557 1574 1593; x_wconf 88' lang='lat' dir='ltr'><strong>si</strong></span> <span class='ocrx_word' id='word_1_831' title='bbox 1603 1557 1711 1603; x_wconf 90' lang='lat' dir='ltr'><strong>paulo</strong></span> <span class='ocrx_word' id='word_1_832' title='bbox 1744 1557 1861 1593; x_wconf 92' lang='lat' dir='ltr'><strong>minus</strong></span> <span class='ocrx_word' id='word_1_833' title='bbox 1899 1557 2083 1593; x_wconf 89' lang='lat' dir='ltr'><strong>commode</strong></span> <span class='ocrx_word' id='word_1_834' title='bbox 2118 1558 2239 1604; x_wconf 88' lang='lat' dir='ltr'><strong>aliqua</strong></span> <span class='ocrx_word' id='word_1_835' title='bbox 2274 1563 2378 1604; x_wconf 85' lang='lat' dir='ltr'><strong>parte</strong></span> 
     </span>
     <span class='ocr_line' id='line_1_112' title="bbox 1284 1602 2379 1646; baseline 0.002 -8"><span class='ocrx_word' id='word_1_836' title='bbox 1284 1602 1469 1638; x_wconf 86' lang='lat' dir='ltr'><strong>caenaculi</strong></span> <span class='ocrx_word' id='word_1_837' title='bbox 1492 1606 1696 1646; x_wconf 85' lang='lat' dir='ltr'><strong>uterentur,</strong></span> <span class='ocrx_word' id='word_1_838' title='bbox 1728 1603 1849 1639; x_wconf 89' lang='lat' dir='ltr'><strong>statim</strong></span> <span class='ocrx_word' id='word_1_839' title='bbox 1874 1602 2124 1639; x_wconf 85' lang='lat' dir='ltr'><strong>deductionem</strong></span> <span class='ocrx_word' id='word_1_840' title='bbox 2150 1614 2193 1639; x_wconf 87' lang='lat' dir='ltr'><strong>ex</strong></span> <span class='ocrx_word' id='word_1_841' title='bbox 2216 1604 2379 1640; x_wconf 89' lang='lat' dir='ltr'><strong>mercede</strong></span> 
     </span>
     <span class='ocr_line' id='line_1_113' title="bbox 1282 1648 2377 1694; baseline 0.002 -10"><span class='ocrx_word' id='word_1_842' title='bbox 1282 1648 1403 1684; x_wconf 88' lang='lat' dir='ltr'><strong>facere</strong></span> <span class='ocrx_word' id='word_1_843' title='bbox 1427 1651 1588 1694; x_wconf 82' lang='lat' dir='ltr'><strong>oportet:</strong></span> <span class='ocrx_word' id='word_1_844' title='bbox 1614 1658 1657 1684; x_wconf 92' lang='lat' dir='ltr'><strong>ea</strong></span> <span class='ocrx_word' id='word_1_845' title='bbox 1682 1649 1774 1684; x_wconf 88' lang='lat' dir='ltr'><strong>enim</strong></span> <span class='ocrx_word' id='word_1_846' title='bbox 1800 1648 2010 1684; x_wconf 89' lang='lat' dir='ltr'><strong>condicione</strong></span> <span class='ocrx_word' id='word_1_847' title='bbox 2029 1649 2268 1685; x_wconf 89' lang='lat' dir='ltr'><strong>habitatorem</strong></span> <span class='ocrx_word' id='word_1_848' title='bbox 2289 1660 2377 1693; x_wconf 85' lang='lat' dir='ltr'><strong>esse,</strong></span> 
     </span>
     <span class='ocr_line' id='line_1_114' title="bbox 1282 1693 2376 1739; baseline 0.003 -10"><span class='ocrx_word' id='word_1_849' title='bbox 1282 1698 1334 1736; x_wconf 91' lang='lat' dir='ltr'><strong>ut,</strong></span> <span class='ocrx_word' id='word_1_850' title='bbox 1359 1693 1390 1730; x_wconf 89' lang='lat' dir='ltr'><strong>si</strong></span> <span class='ocrx_word' id='word_1_851' title='bbox 1413 1693 1499 1739; x_wconf 90' lang='lat' dir='ltr'><strong>quid</strong></span> <span class='ocrx_word' id='word_1_852' title='bbox 1522 1694 1819 1732; x_wconf 88' lang='lat' dir='ltr'><strong>transversarium</strong></span> <span class='ocrx_word' id='word_1_853' title='bbox 1842 1693 2037 1737; x_wconf 88' lang='lat' dir='ltr'><strong>incidisset,</strong></span> <span class='ocrx_word' id='word_1_854' title='bbox 2086 1695 2292 1730; x_wconf 90' lang='lat' dir='ltr'><strong>uamobrem</strong></span> <span class='ocrx_word' id='word_1_855' title='bbox 2314 1695 2376 1732; x_wconf 93' lang='lat' dir='ltr'><strong>do-</strong></span> 
     </span>
     <span class='ocr_line' id='line_1_115' title="bbox 1283 1739 2378 1786; baseline 0.002 -12"><span class='ocrx_word' id='word_1_856' title='bbox 1283 1739 1416 1775; x_wconf 90' lang='lat' dir='ltr'><strong>minum</strong></span> <span class='ocrx_word' id='word_1_857' title='bbox 1452 1739 1587 1784; x_wconf 91' lang='lat' dir='ltr'><strong>aliquid</strong></span> <span class='ocrx_word' id='word_1_858' title='bbox 1620 1739 1780 1775; x_wconf 88' lang='lat' dir='ltr'><strong>demoliri</strong></span> <span class='ocrx_word' id='word_1_859' title='bbox 1815 1742 2015 1785; x_wconf 80' lang='lat' dir='ltr'><strong>oporteret,</strong></span> <span class='ocrx_word' id='word_1_860' title='bbox 2051 1750 2073 1775; x_wconf 93' lang='lat' dir='ltr'><strong>a</strong></span> <span class='ocrx_word' id='word_1_861' title='bbox 2089 1740 2206 1785; x_wconf 89' lang='lat' dir='ltr'><strong>&#39;quam</strong></span> <span class='ocrx_word' id='word_1_862' title='bbox 2239 1745 2378 1786; x_wconf 89' lang='lat' dir='ltr'><strong>partem</strong></span> 
     </span>
     <span class='ocr_line' id='line_1_116' title="bbox 1283 1784 2376 1831; baseline 0.002 -11"><span class='ocrx_word' id='word_1_863' title='bbox 1283 1784 1468 1831; x_wconf 86' lang='lat' dir='ltr'><strong>parvulam</strong></span> <span class='ocrx_word' id='word_1_864' title='bbox 1490 1784 1707 1820; x_wconf 91' lang='lat' dir='ltr'><strong>incommodi</strong></span> <span class='ocrx_word' id='word_1_865' title='bbox 1730 1785 1940 1820; x_wconf 87' lang='lat' dir='ltr'><strong>sustineret:</strong></span> <span class='ocrx_word' id='word_1_866' title='bbox 1973 1795 2047 1821; x_wconf 92' lang='lat' dir='ltr'><strong>non</strong></span> <span class='ocrx_word' id='word_1_867' title='bbox 2080 1785 2132 1820; x_wconf 89' lang='lat' dir='ltr'><strong>ita</strong></span> <span class='ocrx_word' id='word_1_868' title='bbox 2163 1789 2301 1830; x_wconf 89' lang='lat' dir='ltr'><strong>tamen,</strong></span> <span class='ocrx_word' id='word_1_869' title='bbox 2334 1790 2376 1822; x_wconf 90' lang='lat' dir='ltr'><strong>ut</strong></span> 
     </span>
     <span class='ocr_line' id='line_1_117' title="bbox 1285 1830 2375 1878; baseline 0.002 -13"><span class='ocrx_word' id='word_1_870' title='bbox 1285 1840 1362 1865; x_wconf 89' lang='lat' dir='ltr'><strong>eam</strong></span> <span class='ocrx_word' id='word_1_871' title='bbox 1385 1833 1524 1876; x_wconf 90' lang='lat' dir='ltr'><strong>partem</strong></span> <span class='ocrx_word' id='word_1_872' title='bbox 1548 1830 1733 1866; x_wconf 88' lang='lat' dir='ltr'><strong>caenaculi</strong></span> <span class='ocrx_word' id='word_1_873' title='bbox 1755 1830 1920 1866; x_wconf 87' lang='lat' dir='ltr'><strong>dominus</strong></span> <span class='ocrx_word' id='word_1_874' title='bbox 1951 1831 2171 1875; x_wconf 84' lang='lat' dir='ltr'><strong>aperuisset,</strong></span> <span class='ocrx_word' id='word_1_875' title='bbox 2202 1832 2239 1866; x_wconf 90' lang='lat' dir='ltr'><strong>in</strong></span> <span class='ocrx_word' id='word_1_876' title='bbox 2271 1842 2375 1878; x_wconf 87' lang='lat' dir='ltr'><strong>quam</strong></span> 
     </span>
     <span class='ocr_line' id='line_1_118' title="bbox 1287 1876 2375 1921; baseline 0.002 -10"><span class='ocrx_word' id='word_1_877' title='bbox 1287 1880 1300 1910; x_wconf 89' lang='lat'>1</span> <span class='ocrx_word' id='word_1_878' title='bbox 1351 1886 1517 1921; x_wconf 86' lang='lat' dir='ltr'><strong>magnam</strong></span> <span class='ocrx_word' id='word_1_879' title='bbox 1548 1879 1687 1921; x_wconf 89' lang='lat' dir='ltr'><strong>partem</strong></span> <span class='ocrx_word' id='word_1_880' title='bbox 1718 1885 1805 1911; x_wconf 92' lang='lat' dir='ltr'><strong>usus</strong></span> <span class='ocrx_word' id='word_1_881' title='bbox 1830 1876 2012 1911; x_wconf 87' lang='lat' dir='ltr'><strong>habitator</strong></span> <span class='ocrx_word' id='word_1_882' title='bbox 2035 1876 2194 1912; x_wconf 90' lang='lat' dir='ltr'><strong>haberet.</strong></span> <span class='ocrx_word' id='word_1_883' title='bbox 2242 1877 2375 1913; x_wconf 88' lang='lat' dir='ltr'><strong>Iterum</strong></span> 
     </span>
     <span class='ocr_line' id='line_1_119' title="bbox 1281 1920 2372 1967; baseline 0.003 -12"><span class='ocrx_word' id='word_1_884' title='bbox 1281 1921 1522 1966; x_wconf 88' lang='lat' dir='ltr'><strong>interrogatus</strong></span> <span class='ocrx_word' id='word_1_885' title='bbox 1558 1924 1629 1964; x_wconf 91' lang='lat' dir='ltr'><strong>est,</strong></span> <span class='ocrx_word' id='word_1_886' title='bbox 1665 1920 1695 1957; x_wconf 90' lang='lat' dir='ltr'><strong>si</strong></span> <span class='ocrx_word' id='word_1_887' title='bbox 1727 1921 1805 1967; x_wconf 87' lang='lat' dir='ltr'><strong>quis</strong></span> <span class='ocrx_word' id='word_1_888' title='bbox 1837 1921 1975 1956; x_wconf 87' lang='lat' dir='ltr'><strong>timoris</strong></span> <span class='ocrx_word' id='word_1_889' title='bbox 2008 1931 2120 1957; x_wconf 89' lang='lat' dir='ltr'><strong>causa</strong></span> <span class='ocrx_word' id='word_1_890' title='bbox 2156 1922 2372 1967; x_wconf 86' lang='lat' dir='ltr'><strong>emigrasset,</strong></span> 
     </span>
     <span class='ocr_line' id='line_1_120' title="bbox 1283 1966 2377 2012; baseline 0.002 -10"><span class='ocrx_word' id='word_1_891' title='bbox 1283 1966 1429 2002; x_wconf 90' lang='lat' dir='ltr'><strong>deberet</strong></span> <span class='ocrx_word' id='word_1_892' title='bbox 1452 1966 1653 2002; x_wconf 90' lang='lat' dir='ltr'><strong>mercedem</strong></span> <span class='ocrx_word' id='word_1_893' title='bbox 1676 1977 1799 2002; x_wconf 90' lang='lat' dir='ltr'><strong>necne.</strong></span> <span class='ocrx_word' id='word_1_894' title='bbox 1836 1966 2033 2012; x_wconf 89' lang='lat' dir='ltr'><strong>respondit,</strong></span> <span class='ocrx_word' id='word_1_895' title='bbox 2058 1967 2089 2002; x_wconf 86' lang='lat' dir='ltr'><strong>si</strong></span> <span class='ocrx_word' id='word_1_896' title='bbox 2109 1977 2220 2003; x_wconf 86' lang='lat' dir='ltr'><strong>causa</strong></span> <span class='ocrx_word' id='word_1_897' title='bbox 2238 1967 2377 2011; x_wconf 85' lang='lat' dir='ltr'><strong>fuisset,</strong></span> 
     </span>
     <span class='ocr_line' id='line_1_121' title="bbox 1284 2011 2377 2058; baseline 0.002 -11"><span class='ocrx_word' id='word_1_898' title='bbox 1284 2022 1348 2047; x_wconf 89' lang='lat' dir='ltr'><strong>cur</strong></span> <span class='ocrx_word' id='word_1_899' title='bbox 1370 2012 1568 2057; x_wconf 90' lang='lat' dir='ltr'><strong>periculum</strong></span> <span class='ocrx_word' id='word_1_900' title='bbox 1591 2012 1751 2055; x_wconf 90' lang='lat' dir='ltr'><strong>timeret,</strong></span> <span class='ocrx_word' id='word_1_901' title='bbox 1786 2011 1945 2057; x_wconf 88' lang='lat' dir='ltr'><strong>quamvis</strong></span> <span class='ocrx_word' id='word_1_902' title='bbox 1977 2012 2175 2058; x_wconf 88' lang='lat' dir='ltr'><strong>periculum</strong></span> <span class='ocrx_word' id='word_1_903' title='bbox 2200 2023 2282 2049; x_wconf 90' lang='lat' dir='ltr'><strong>vere</strong></span> <span class='ocrx_word' id='word_1_904' title='bbox 2305 2024 2377 2049; x_wconf 92' lang='lat' dir='ltr'><strong>non</strong></span> 
     </span>
     <span class='ocr_line' id='line_1_122' title="bbox 1282 2056 2379 2100; baseline 0.003 -8"><span class='ocrx_word' id='word_1_905' title='bbox 1282 2056 1428 2100; x_wconf 86' lang='lat' dir='ltr'><strong>fuisset,</strong></span> <span class='ocrx_word' id='word_1_906' title='bbox 1460 2061 1581 2093; x_wconf 89' lang='lat' dir='ltr'><strong>tamen</strong></span> <span class='ocrx_word' id='word_1_907' title='bbox 1604 2067 1677 2093; x_wconf 91' lang='lat' dir='ltr'><strong>non</strong></span> <span class='ocrx_word' id='word_1_908' title='bbox 1701 2057 1831 2093; x_wconf 88' lang='lat' dir='ltr'><strong>debere</strong></span> <span class='ocrx_word' id='word_1_909' title='bbox 1862 2057 2079 2093; x_wconf 86' lang='lat' dir='ltr'><strong>mercedem:</strong></span> <span class='ocrx_word' id='word_1_910' title='bbox 2111 2058 2175 2093; x_wconf 89' lang='lat' dir='ltr'><strong>sed</strong></span> <span class='ocrx_word' id='word_1_911' title='bbox 2207 2059 2237 2094; x_wconf 90' lang='lat' dir='ltr'><strong>si</strong></span> <span class='ocrx_word' id='word_1_912' title='bbox 2269 2069 2379 2095; x_wconf 88' lang='lat' dir='ltr'><strong>causa</strong></span> 
     </span>
     <span class='ocr_line' id='line_1_123' title="bbox 1282 2102 2237 2146; baseline 0.002 -8"><span class='ocrx_word' id='word_1_913' title='bbox 1282 2102 1419 2138; x_wconf 88' lang='lat' dir='ltr'><strong>timoris</strong></span> <span class='ocrx_word' id='word_1_914' title='bbox 1442 2103 1538 2139; x_wconf 88' lang='lat' dir='ltr'><strong>iusta</strong></span> <span class='ocrx_word' id='word_1_915' title='bbox 1561 2114 1634 2139; x_wconf 92' lang='lat' dir='ltr'><strong>non</strong></span> <span class='ocrx_word' id='word_1_916' title='bbox 1658 2102 1797 2146; x_wconf 87' lang='lat' dir='ltr'><strong>fuisset,</strong></span> <span class='ocrx_word' id='word_1_917' title='bbox 1821 2103 1932 2139; x_wconf 86' lang='lat' dir='ltr'><strong>nihilo</strong></span> <span class='ocrx_word' id='word_1_918' title='bbox 1956 2103 2072 2139; x_wconf 89' lang='lat' dir='ltr'><strong>minus</strong></span> <span class='ocrx_word' id='word_1_919' title='bbox 2098 2103 2237 2140; x_wconf 88' lang='lat' dir='ltr'><strong>debere.</strong></span> 
     </span>
    </p>

    <p class='ocr_par' dir='ltr' id='par_1_16' title="bbox 1281 2145 2379 2639">
     <span class='ocr_line' id='line_1_124' title="bbox 1329 2145 2377 2229; baseline -0.001 -43"><span class='ocrx_word' id='word_1_920' title='bbox 1329 2145 1383 2186; x_wconf 82' lang='grc'>28</span> <span class='ocrx_word' id='word_1_921' title='bbox 1408 2148 1542 2184; x_wconf 74' lang='lat' dir='ltr'><em>LABEO</em></span> <span class='ocrx_word' id='word_1_922' title='bbox 1566 2149 1656 2185; x_wconf 86' lang='lat' dir='ltr'><strong>libro</strong></span> <span class='ocrx_word' id='word_1_923' title='bbox 1673 2152 1814 2229; x_wconf 57' lang='lat' dir='ltr'><strong>tquarto</strong></span> <span class='ocrx_word' id='word_1_924' title='bbox 1831 2149 2078 2195; x_wconf 81' lang='lat' dir='ltr'><strong>posteriorum</strong></span> <span class='ocrx_word' id='word_1_925' title='bbox 2103 2150 2377 2196; x_wconf 81' lang='lat' dir='ltr'><strong>epitomatorum</strong></span> 
     </span>
     <span class='ocr_line' id='line_1_125' title="bbox 1283 2193 2379 2231; baseline 0.001 -1"><span class='ocrx_word' id='word_1_926' title='bbox 1283 2195 1330 2230; x_wconf 68' lang='grc' dir='ltr'><strong>α’</strong></span> <span class='ocrx_word' id='word_1_927' title='bbox 1362 2193 1537 2230; x_wconf 81' lang='lat' dir='ltr'><strong>Iavoleno</strong></span> <span class='ocrx_word' id='word_1_928' title='bbox 1624 2205 1669 2229; x_wconf 92' lang='lat' dir='ltr'><strong>uo</strong></span> <span class='ocrx_word' id='word_1_929' title='bbox 1731 2194 1761 2230; x_wconf 87' lang='lat' dir='ltr'><strong>si</strong></span> <span class='ocrx_word' id='word_1_930' title='bbox 1796 2193 1890 2229; x_wconf 91' lang='lat' dir='ltr'><strong>domi</strong></span> <span class='ocrx_word' id='word_1_931' title='bbox 1924 2194 2146 2230; x_wconf 91' lang='lat' dir='ltr'><strong>habitatione</strong></span> <span class='ocrx_word' id='word_1_932' title='bbox 2181 2195 2379 2231; x_wconf 87' lang='lat' dir='ltr'><strong>conductor</strong></span> 
     </span>
     <span class='ocr_line' id='line_1_126' title="bbox 1287 2240 2376 2285; baseline 0.001 -10"><span class='ocrx_word' id='word_1_933' title='bbox 1287 2242 1300 2274; x_wconf 89' lang='lat'>1</span> <span class='ocrx_word' id='word_1_934' title='bbox 1351 2249 1464 2284; x_wconf 90' lang='lat' dir='ltr'><strong>aeque</strong></span> <span class='ocrx_word' id='word_1_935' title='bbox 1487 2250 1575 2275; x_wconf 90' lang='lat' dir='ltr'><strong>usus</strong></span> <span class='ocrx_word' id='word_1_936' title='bbox 1615 2240 1744 2283; x_wconf 87' lang='lat' dir='ltr'><strong>uisset,</strong></span> <span class='ocrx_word' id='word_1_937' title='bbox 1769 2240 2060 2285; x_wconf 83' lang='lat' dir='ltr'><strong>praestaturum⁸</strong></span> <span class='ocrx_word' id='word_1_938' title='bbox 2083 2240 2190 2275; x_wconf 89' lang='lat' dir='ltr'><strong>etiam</strong></span> <span class='ocrx_word' id='word_1_939' title='bbox 2215 2241 2289 2276; x_wconf 88' lang='lat' dir='ltr'><strong>eius</strong></span> <span class='ocrx_word' id='word_1_940' title='bbox 2314 2241 2376 2276; x_wconf 90' lang='lat' dir='ltr'><strong>do-</strong></span> 
     </span>
     <span class='ocr_line' id='line_1_127' title="bbox 1282 2284 2375 2331; baseline 0.001 -11"><span class='ocrx_word' id='word_1_941' title='bbox 1282 2296 1361 2321; x_wconf 89' lang='lat' dir='ltr'><strong>mus</strong></span> <span class='ocrx_word' id='word_1_942' title='bbox 1385 2285 1602 2329; x_wconf 90' lang='lat' dir='ltr'><strong>mercedem,</strong></span> <span class='ocrx_word' id='word_1_943' title='bbox 1635 2295 1728 2331; x_wconf 91' lang='lat' dir='ltr'><strong>quae</strong></span> <span class='ocrx_word' id='word_1_944' title='bbox 1757 2285 1882 2320; x_wconf 89' lang='lat' dir='ltr'><strong>vitium</strong></span> <span class='ocrx_word' id='word_1_945' title='bbox 1912 2284 2076 2328; x_wconf 86' lang='lat' dir='ltr'><strong>fecisset,</strong></span> <span class='ocrx_word' id='word_1_946' title='bbox 2109 2285 2230 2321; x_wconf 88' lang='lat' dir='ltr'><strong>deberi</strong></span> <span class='ocrx_word' id='word_1_947' title='bbox 2286 2289 2375 2321; x_wconf 87' lang='lat' dir='ltr'><strong>utat.</strong></span> 
     </span>
     <span class='ocr_line' id='line_1_128' title="bbox 1283 2330 2374 2374; baseline 0.001 -8"><span class='ocrx_word' id='word_1_948' title='bbox 1283 2333 1303 2366; x_wconf 86' lang='lat'>2</span> <span class='ocrx_word' id='word_1_949' title='bbox 1351 2330 1450 2366; x_wconf 89' lang='lat' dir='ltr'><strong>Idem</strong></span> <span class='ocrx_word' id='word_1_950' title='bbox 1473 2330 1561 2366; x_wconf 91' lang='lat' dir='ltr'><strong>iuris</strong></span> <span class='ocrx_word' id='word_1_951' title='bbox 1594 2340 1690 2374; x_wconf 89' lang='lat' dir='ltr'><strong>esse,</strong></span> <span class='ocrx_word' id='word_1_952' title='bbox 1722 2331 1752 2366; x_wconf 92' lang='lat' dir='ltr'><strong>si</strong></span> <span class='ocrx_word' id='word_1_953' title='bbox 1803 2334 1993 2366; x_wconf 89' lang='lat' dir='ltr'><strong>otestatem</strong></span> <span class='ocrx_word' id='word_1_954' title='bbox 2018 2331 2241 2367; x_wconf 91' lang='lat' dir='ltr'><strong>conducendi</strong></span> <span class='ocrx_word' id='word_1_955' title='bbox 2290 2332 2374 2367; x_wconf 91' lang='lat' dir='ltr'><strong>abe-</strong></span> 
     </span>
     <span class='ocr_line' id='line_1_129' title="bbox 1282 2376 2376 2422; baseline 0.001 -11"><span class='ocrx_word' id='word_1_956' title='bbox 1282 2376 1363 2419; x_wconf 88' lang='lat' dir='ltr'><strong>bat,</strong></span> <span class='ocrx_word' id='word_1_957' title='bbox 1396 2376 1472 2411; x_wconf 80' lang='lat' dir='ltr'><strong>uti⁹</strong></span> <span class='ocrx_word' id='word_1_958' title='bbox 1503 2376 1656 2422; x_wconf 90' lang='lat' dir='ltr'><strong>pretium</strong></span> <span class='ocrx_word' id='word_1_959' title='bbox 1689 2386 1757 2412; x_wconf 90' lang='lat' dir='ltr'><strong>con</strong></span> <span class='ocrx_word' id='word_1_960' title='bbox 1784 2376 1937 2412; x_wconf 88' lang='lat' dir='ltr'><strong>uctionis</strong></span> <span class='ocrx_word' id='word_1_961' title='bbox 1969 2380 2180 2421; x_wconf 87' lang='lat' dir='ltr'><strong>praestaret.</strong></span> <span class='ocrx_word' id='word_1_962' title='bbox 2217 2376 2281 2412; x_wconf 93' lang='lat' dir='ltr'><strong>sed</strong></span> <span class='ocrx_word' id='word_1_963' title='bbox 2296 2378 2323 2398; x_wconf 91' lang='lat'><strong>¹⁰</strong></span> <span class='ocrx_word' id='word_1_964' title='bbox 2347 2377 2376 2412; x_wconf 90' lang='lat' dir='ltr'><strong>si</strong></span> 
     </span>
     <span class='ocr_line' id='line_1_130' title="bbox 1281 2421 2376 2467; baseline 0 -10"><span class='ocrx_word' id='word_1_965' title='bbox 1281 2421 1421 2457; x_wconf 89' lang='lat' dir='ltr'><strong>locator</strong></span> <span class='ocrx_word' id='word_1_966' title='bbox 1457 2421 1667 2457; x_wconf 90' lang='lat' dir='ltr'><strong>conductori</strong></span> <span class='ocrx_word' id='word_1_967' title='bbox 1702 2425 1916 2467; x_wconf 88' lang='lat' dir='ltr'><strong>potestatem</strong></span> <span class='ocrx_word' id='word_1_968' title='bbox 1952 2421 2206 2457; x_wconf 88' lang='lat' dir='ltr'><strong>conducendae</strong></span> <span class='ocrx_word' id='word_1_969' title='bbox 2250 2422 2376 2458; x_wconf 90' lang='lat' dir='ltr'><strong>domus</strong></span> 
     </span>
     <span class='ocr_line' id='line_1_131' title="bbox 1282 2467 2375 2513; baseline 0 -11"><span class='ocrx_word' id='word_1_970' title='bbox 1282 2477 1355 2503; x_wconf 91' lang='lat' dir='ltr'><strong>non</strong></span> <span class='ocrx_word' id='word_1_971' title='bbox 1378 2467 1524 2503; x_wconf 87' lang='lat' dir='ltr'><strong>fecisset</strong></span> <span class='ocrx_word' id='word_1_972' title='bbox 1548 2470 1583 2503; x_wconf 93' lang='lat' dir='ltr'><strong>et</strong></span> <span class='ocrx_word' id='word_1_973' title='bbox 1605 2467 1636 2503; x_wconf 90' lang='lat' dir='ltr'><strong>is</strong></span> <span class='ocrx_word' id='word_1_974' title='bbox 1659 2467 1697 2502; x_wconf 91' lang='lat' dir='ltr'><strong>in</strong></span> <span class='ocrx_word' id='word_1_975' title='bbox 1722 2477 1793 2513; x_wconf 90' lang='lat' dir='ltr'><strong>qua</strong></span> <span class='ocrx_word' id='word_1_976' title='bbox 1820 2467 2001 2503; x_wconf 87' lang='lat' dir='ltr'><strong>habitaret</strong></span> <span class='ocrx_word' id='word_1_977' title='bbox 2029 2467 2272 2511; x_wconf 86' lang='lat' dir='ltr'><strong>conduxisset,</strong></span> <span class='ocrx_word' id='word_1_978' title='bbox 2295 2470 2375 2502; x_wconf 86' lang='lat' dir='ltr'><strong>tan-</strong></span> 
     </span>
     <span class='ocr_line' id='line_1_132' title="bbox 1282 2512 2375 2565; baseline 0.001 -17"><span class='ocrx_word' id='word_1_979' title='bbox 1282 2515 1358 2548; x_wconf 92' lang='lat' dir='ltr'><strong>tum</strong></span> <span class='ocrx_word' id='word_1_980' title='bbox 1383 2512 1414 2548; x_wconf 90' lang='lat' dir='ltr'><strong>ei</strong></span> <span class='ocrx_word' id='word_1_981' title='bbox 1436 2512 1694 2565; x_wconf 88' lang='lat' dir='ltr'><strong>praestandum</strong></span> <span class='ocrx_word' id='word_1_982' title='bbox 1718 2515 1842 2558; x_wconf 89' lang='lat' dir='ltr'><strong>putat,</strong></span> <span class='ocrx_word' id='word_1_983' title='bbox 1876 2516 2048 2558; x_wconf 90' lang='lat' dir='ltr'><strong>quantum</strong></span> <span class='ocrx_word' id='word_1_984' title='bbox 2073 2512 2149 2548; x_wconf 89' lang='lat' dir='ltr'><strong>sine</strong></span> <span class='ocrx_word' id='word_1_985' title='bbox 2175 2513 2256 2548; x_wconf 92' lang='lat' dir='ltr'><strong>dolo</strong></span> <span class='ocrx_word' id='word_1_986' title='bbox 2280 2513 2375 2549; x_wconf 85' lang='lat' dir='ltr'><strong>malo</strong></span> 
     </span>
     <span class='ocr_line' id='line_1_133' title="bbox 1282 2558 2374 2639; baseline 0.001 -46"><span class='ocrx_word' id='word_1_987' title='bbox 1282 2558 1530 2639; x_wconf 63' lang='lat' dir='ltr'><strong>praestitlsset.</strong></span> <span class='ocrx_word' id='word_1_988' title='bbox 1568 2562 1725 2594; x_wconf 89' lang='lat' dir='ltr'><strong>ceterum</strong></span> <span class='ocrx_word' id='word_1_989' title='bbox 1750 2558 1780 2594; x_wconf 92' lang='lat' dir='ltr'><strong>si</strong></span> <span class='ocrx_word' id='word_1_990' title='bbox 1802 2558 1996 2603; x_wconf 88' lang='lat' dir='ltr'><strong>gratuitam</strong></span> <span class='ocrx_word' id='word_1_991' title='bbox 2021 2558 2278 2594; x_wconf 89' lang='lat' dir='ltr'><strong>habitationem</strong></span> <span class='ocrx_word' id='word_1_992' title='bbox 2310 2558 2374 2594; x_wconf 88' lang='lat' dir='ltr'><strong>ha-</strong></span> 
     </span>
    </p>

    <p class='ocr_par' dir='ltr' id='par_1_17' title="bbox 1284 2603 2376 2685">
     <span class='ocr_line' id='line_1_134' title="bbox 1308 2603 2376 2650; baseline 0 -11"><span class='ocrx_word' id='word_1_993' title='bbox 1308 2603 1440 2646; x_wconf 89' lang='lat' dir='ltr'><strong>uisset,</strong></span> <span class='ocrx_word' id='word_1_994' title='bbox 1472 2614 1538 2649; x_wconf 92' lang='lat' dir='ltr'><strong>pro</strong></span> <span class='ocrx_word' id='word_1_995' title='bbox 1571 2603 1735 2650; x_wconf 89' lang='lat' dir='ltr'><strong>portione</strong></span> <span class='ocrx_word' id='word_1_996' title='bbox 1769 2603 1939 2649; x_wconf 87' lang='lat' dir='ltr'><strong>temporis</strong></span> <span class='ocrx_word' id='word_1_997' title='bbox 1971 2613 2014 2638; x_wconf 84' lang='lat' dir='ltr'><strong>ex</strong></span> <span class='ocrx_word' id='word_1_998' title='bbox 2046 2603 2225 2640; x_wconf 88' lang='lat' dir='ltr'><strong>locatione</strong></span> <span class='ocrx_word' id='word_1_999' title='bbox 2250 2603 2376 2640; x_wconf 88' lang='lat' dir='ltr'><strong>domus</strong></span> 
     </span>
     <span class='ocr_line' id='line_1_135' title="bbox 1284 2648 1644 2685; baseline 0 -1"><span class='ocrx_word' id='word_1_1000' title='bbox 1284 2648 1531 2685; x_wconf 91' lang='lat' dir='ltr'><strong>deducendum</strong></span> <span class='ocrx_word' id='word_1_1001' title='bbox 1556 2659 1644 2684; x_wconf 89' lang='lat' dir='ltr'><strong>esse.</strong></span> 
     </span>
    </p>

    <p class='ocr_par' dir='ltr' id='par_1_18' title="bbox 1281 2692 2375 3193">
     <span class='ocr_line' id='line_1_136' title="bbox 1329 2692 2374 2741; baseline -0.001 -10"><span class='ocrx_word' id='word_1_1002' title='bbox 1329 2692 1383 2732; x_wconf 81' lang='grc'>29</span> <span class='ocrx_word' id='word_1_1003' title='bbox 1407 2694 1591 2730; x_wconf 71' lang='lat' dir='ltr'><em>ALFENUS</em></span> <span class='ocrx_word' id='word_1_1004' title='bbox 1610 2694 1700 2730; x_wconf 83' lang='lat' dir='ltr'><strong>libro</strong></span> <span class='ocrx_word' id='word_1_1005' title='bbox 1724 2695 1874 2741; x_wconf 78' lang='lat' dir='ltr'><strong>septimo</strong></span> <span class='ocrx_word' id='word_1_1006' title='bbox 1899 2694 2118 2740; x_wconf 69' lang='lat' dir='ltr'><strong>diqestorum</strong></span> <span class='ocrx_word' id='word_1_1007' title='bbox 2164 2694 2207 2729; x_wconf 93' lang='lat' dir='ltr'><strong>In</strong></span> <span class='ocrx_word' id='word_1_1008' title='bbox 2227 2694 2303 2739; x_wconf 86' lang='lat' dir='ltr'><strong>lege</strong></span> <span class='ocrx_word' id='word_1_1009' title='bbox 2322 2694 2374 2730; x_wconf 87' lang='lat' dir='ltr'><strong>lo-</strong></span> 
     </span>
     <span class='ocr_line' id='line_1_137' title="bbox 1284 2739 2373 2786; baseline 0 -11"><span class='ocrx_word' id='word_1_1010' title='bbox 1284 2740 1435 2775; x_wconf 88' lang='lat' dir='ltr'><strong>cationis</strong></span> <span class='ocrx_word' id='word_1_1011' title='bbox 1460 2740 1632 2786; x_wconf 86' lang='lat' dir='ltr'><strong>scriptum</strong></span> <span class='ocrx_word' id='word_1_1012' title='bbox 1658 2743 1752 2775; x_wconf 88' lang='lat' dir='ltr'><strong>erat:</strong></span> <span class='ocrx_word' id='word_1_1013' title='bbox 1780 2739 1994 2785; x_wconf 89' lang='lat' dir='ltr'><strong>‘redemptor</strong></span> <span class='ocrx_word' id='word_1_1014' title='bbox 2017 2739 2141 2775; x_wconf 89' lang='lat' dir='ltr'><strong>silvam</strong></span> <span class='ocrx_word' id='word_1_1015' title='bbox 2165 2750 2211 2775; x_wconf 90' lang='lat' dir='ltr'><strong>ne</strong></span> <span class='ocrx_word' id='word_1_1016' title='bbox 2235 2739 2373 2776; x_wconf 89' lang='lat' dir='ltr'><strong>caedito</strong></span> 
     </span>
     <span class='ocr_line' id='line_1_138' title="bbox 1283 2784 2375 2830; baseline 0.001 -10"><span class='ocrx_word' id='word_1_1017' title='bbox 1283 2788 1382 2821; x_wconf 88' lang='lat' dir='ltr'><strong>‘neve</strong></span> <span class='ocrx_word' id='word_1_1018' title='bbox 1405 2785 1535 2830; x_wconf 89' lang='lat' dir='ltr'><strong>cingito</strong></span> <span class='ocrx_word' id='word_1_1019' title='bbox 1560 2795 1646 2821; x_wconf 88' lang='lat' dir='ltr'><strong>neve</strong></span> <span class='ocrx_word' id='word_1_1020' title='bbox 1671 2785 1809 2820; x_wconf 90' lang='lat' dir='ltr'><strong>deurito</strong></span> <span class='ocrx_word' id='word_1_1021' title='bbox 1834 2795 1922 2820; x_wconf 91' lang='lat' dir='ltr'><strong>neve</strong></span> <span class='ocrx_word' id='word_1_1022' title='bbox 1942 2795 2046 2830; x_wconf 90' lang='lat' dir='ltr'><strong>quem</strong></span> <span class='ocrx_word' id='word_1_1023' title='bbox 2068 2784 2206 2830; x_wconf 88' lang='lat' dir='ltr'><strong>cingere</strong></span> <span class='ocrx_word' id='word_1_1024' title='bbox 2227 2785 2375 2821; x_wconf 90' lang='lat' dir='ltr'><strong>caedere</strong></span> 
     </span>
     <span class='ocr_line' id='line_1_139' title="bbox 1284 2829 2374 2876; baseline 0 -10"><span class='ocrx_word' id='word_1_1025' title='bbox 1284 2833 1399 2866; x_wconf 90' lang='lat' dir='ltr'><strong>‘urere</strong></span> <span class='ocrx_word' id='word_1_1026' title='bbox 1418 2830 1549 2866; x_wconf 88' lang='lat' dir='ltr'><strong>sinito&#39;.</strong></span> <span class='ocrx_word' id='word_1_1027' title='bbox 1584 2830 1834 2876; x_wconf 90' lang='lat' dir='ltr'><strong>quaerebatur,</strong></span> <span class='ocrx_word' id='word_1_1028' title='bbox 1853 2833 1972 2865; x_wconf 87' lang='lat' dir='ltr'><strong>utrum</strong></span> <span class='ocrx_word' id='word_1_1029' title='bbox 1991 2829 2112 2866; x_wconf 89' lang='lat' dir='ltr'><strong>redem</strong></span> <span class='ocrx_word' id='word_1_1030' title='bbox 2138 2834 2207 2874; x_wconf 92' lang='lat' dir='ltr'><strong>tor,</strong></span> <span class='ocrx_word' id='word_1_1031' title='bbox 2228 2830 2259 2866; x_wconf 88' lang='lat' dir='ltr'><strong>si</strong></span> <span class='ocrx_word' id='word_1_1032' title='bbox 2270 2841 2374 2876; x_wconf 89' lang='lat' dir='ltr'><strong>quem</strong></span> 
     </span>
     <span class='ocr_line' id='line_1_140' title="bbox 1283 2875 2374 2921; baseline 0 -11"><span class='ocrx_word' id='word_1_1033' title='bbox 1283 2875 1369 2921; x_wconf 89' lang='lat' dir='ltr'><strong>qnid</strong></span> <span class='ocrx_word' id='word_1_1034' title='bbox 1393 2886 1515 2911; x_wconf 90' lang='lat' dir='ltr'><strong>earum</strong></span> <span class='ocrx_word' id='word_1_1035' title='bbox 1539 2886 1657 2911; x_wconf 90' lang='lat' dir='ltr'><strong>rerum</strong></span> <span class='ocrx_word' id='word_1_1036' title='bbox 1680 2875 1802 2911; x_wconf 87' lang='lat' dir='ltr'><strong>facere</strong></span> <span class='ocrx_word' id='word_1_1037' title='bbox 1824 2875 1989 2918; x_wconf 90' lang='lat' dir='ltr'><strong>vidisset,</strong></span> <span class='ocrx_word' id='word_1_1038' title='bbox 2013 2875 2119 2921; x_wconf 89' lang='lat' dir='ltr'><strong>proh1</strong></span> <span class='ocrx_word' id='word_1_1039' title='bbox 2146 2886 2203 2911; x_wconf 88' lang='lat' dir='ltr'><strong>ere</strong></span> <span class='ocrx_word' id='word_1_1040' title='bbox 2228 2876 2374 2912; x_wconf 86' lang='lat' dir='ltr'><strong>deberet</strong></span> 
     </span>
     <span class='ocr_line' id='line_1_141' title="bbox 1283 2920 2372 2974; baseline 0.001 -18"><span class='ocrx_word' id='word_1_1041' title='bbox 1283 2932 1330 2956; x_wconf 89' lang='lat' dir='ltr'><strong>an</strong></span> <span class='ocrx_word' id='word_1_1042' title='bbox 1355 2921 1460 2956; x_wconf 89' lang='lat' dir='ltr'><strong>etiam</strong></span> <span class='ocrx_word' id='word_1_1043' title='bbox 1483 2921 1535 2956; x_wconf 91' lang='lat' dir='ltr'><strong>ita</strong></span> <span class='ocrx_word' id='word_1_1044' title='bbox 1559 2921 1683 2957; x_wconf 86' lang='lat' dir='ltr'><strong>silvam</strong></span> <span class='ocrx_word' id='word_1_1045' title='bbox 1708 2920 1898 2964; x_wconf 89' lang='lat' dir='ltr'><strong>custodire,</strong></span> <span class='ocrx_word' id='word_1_1046' title='bbox 1923 2931 1969 2956; x_wconf 91' lang='lat' dir='ltr'><strong>ne</strong></span> <span class='ocrx_word' id='word_1_1047' title='bbox 1993 2921 2071 2967; x_wconf 90' lang='lat' dir='ltr'><strong>quis</strong></span> <span class='ocrx_word' id='word_1_1048' title='bbox 2095 2921 2131 2957; x_wconf 93' lang='lat' dir='ltr'><strong>id</strong></span> <span class='ocrx_word' id='word_1_1049' title='bbox 2149 2921 2269 2957; x_wconf 89' lang='lat' dir='ltr'><strong>facere</strong></span> <span class='ocrx_word' id='word_1_1050' title='bbox 2289 2932 2372 2974; x_wconf 87' lang='lat' dir='ltr'><strong>pos-</strong></span> 
     </span>
     <span class='ocr_line' id='line_1_142' title="bbox 1282 2966 2372 3020; baseline 0.001 -19"><span class='ocrx_word' id='word_1_1051' title='bbox 1282 2967 1339 3002; x_wconf 88' lang='lat' dir='ltr'><strong>sit.</strong></span> <span class='ocrx_word' id='word_1_1052' title='bbox 1375 2967 1543 3012; x_wconf 88' lang='lat' dir='ltr'><strong>respondi</strong></span> <span class='ocrx_word' id='word_1_1053' title='bbox 1566 2967 1714 3002; x_wconf 85' lang='lat' dir='ltr'><strong>verbum</strong></span> <span class='ocrx_word' id='word_1_1054' title='bbox 1738 2966 1854 3001; x_wconf 89' lang='lat' dir='ltr'><strong>sinere</strong></span> <span class='ocrx_word' id='word_1_1055' title='bbox 1884 2969 2073 3020; x_wconf 81' lang='lat' dir='ltr'><strong>utramque</strong></span> <span class='ocrx_word' id='word_1_1056' title='bbox 2103 2967 2237 3003; x_wconf 88' lang='lat' dir='ltr'><strong>habere</strong></span> <span class='ocrx_word' id='word_1_1057' title='bbox 2267 2967 2372 3012; x_wconf 80' lang='lat' dir='ltr'><strong>Signi-</strong></span> 
     </span>
     <span class='ocr_line' id='line_1_143' title="bbox 1282 3011 2371 3064; baseline 0 -17"><span class='ocrx_word' id='word_1_1058' title='bbox 1282 3012 1502 3054; x_wconf 89' lang='lat' dir='ltr'><strong>ficationem‚</strong></span> <span class='ocrx_word' id='word_1_1059' title='bbox 1537 3011 1600 3047; x_wconf 87' lang='lat' dir='ltr'><strong>sed</strong></span> <span class='ocrx_word' id='word_1_1060' title='bbox 1629 3012 1823 3047; x_wconf 87' lang='lat' dir='ltr'><strong>locatorem</strong></span> <span class='ocrx_word' id='word_1_1061' title='bbox 1854 3011 1973 3064; x_wconf 88' lang='lat' dir='ltr'><strong>potius</strong></span> <span class='ocrx_word' id='word_1_1062' title='bbox 2005 3012 2041 3047; x_wconf 86' lang='lat' dir='ltr'><strong>1d</strong></span> <span class='ocrx_word' id='word_1_1063' title='bbox 2072 3012 2183 3048; x_wconf 88' lang='lat' dir='ltr'><strong>videri</strong></span> <span class='ocrx_word' id='word_1_1064' title='bbox 2206 3013 2371 3054; x_wconf 89' lang='lat' dir='ltr'><strong>voluisse,</strong></span> 
     </span>
     <span class='ocr_line' id='line_1_144' title="bbox 1281 3057 2371 3102; baseline 0.001 -10"><span class='ocrx_word' id='word_1_1065' title='bbox 1281 3061 1322 3092; x_wconf 92' lang='lat' dir='ltr'><strong>ut</strong></span> <span class='ocrx_word' id='word_1_1066' title='bbox 1345 3057 1464 3092; x_wconf 89' lang='lat' dir='ltr'><strong>redem</strong></span> <span class='ocrx_word' id='word_1_1067' title='bbox 1492 3060 1549 3092; x_wconf 92' lang='lat' dir='ltr'><strong>tor</strong></span> <span class='ocrx_word' id='word_1_1068' title='bbox 1571 3067 1644 3092; x_wconf 90' lang='lat' dir='ltr'><strong>non</strong></span> <span class='ocrx_word' id='word_1_1069' title='bbox 1669 3057 1802 3100; x_wconf 91' lang='lat' dir='ltr'><strong>solum,</strong></span> <span class='ocrx_word' id='word_1_1070' title='bbox 1834 3067 1864 3092; x_wconf 79' lang='lat' dir='ltr'><strong>si</strong></span> <span class='ocrx_word' id='word_1_1071' title='bbox 1897 3067 2001 3102; x_wconf 91' lang='lat' dir='ltr'><strong>quem</strong></span> <span class='ocrx_word' id='word_1_1072' title='bbox 2033 3067 2119 3093; x_wconf 89' lang='lat' dir='ltr'><strong>casu</strong></span> <span class='ocrx_word' id='word_1_1073' title='bbox 2144 3058 2289 3093; x_wconf 87' lang='lat' dir='ltr'><strong>vidisset</strong></span> <span class='ocrx_word' id='word_1_1074' title='bbox 2313 3057 2371 3092; x_wconf 89' lang='lat' dir='ltr'><strong>sil-</strong></span> 
     </span>
     <span class='ocr_line' id='line_1_145' title="bbox 1281 3102 2372 3147; baseline -0.001 -10"><span class='ocrx_word' id='word_1_1075' title='bbox 1281 3113 1361 3138; x_wconf 89' lang='lat' dir='ltr'><strong>vam</strong></span> <span class='ocrx_word' id='word_1_1076' title='bbox 1393 3112 1457 3138; x_wconf 92' lang='lat' dir='ltr'><strong>cae</strong></span> <span class='ocrx_word' id='word_1_1077' title='bbox 1484 3112 1560 3145; x_wconf 92' lang='lat' dir='ltr'><strong>ere,</strong></span> <span class='ocrx_word' id='word_1_1078' title='bbox 1591 3102 1814 3147; x_wconf 87' lang='lat' dir='ltr'><strong>prohiberet,</strong></span> <span class='ocrx_word' id='word_1_1079' title='bbox 1846 3102 1909 3139; x_wconf 91' lang='lat' dir='ltr'><strong>sed</strong></span> <span class='ocrx_word' id='word_1_1080' title='bbox 1940 3103 1993 3138; x_wconf 88' lang='lat' dir='ltr'><strong>uti</strong></span> <span class='ocrx_word' id='word_1_1081' title='bbox 2025 3107 2169 3146; x_wconf 87' lang='lat' dir='ltr'><strong>curaret</strong></span> <span class='ocrx_word' id='word_1_1082' title='bbox 2201 3107 2236 3138; x_wconf 92' lang='lat' dir='ltr'><strong>et</strong></span> <span class='ocrx_word' id='word_1_1083' title='bbox 2270 3103 2372 3137; x_wconf 87' lang='lat' dir='ltr'><strong>daret</strong></span> 
     </span>
     <span class='ocr_line' id='line_1_146' title="bbox 1282 3147 1812 3193; baseline -0.002 -9"><span class='ocrx_word' id='word_1_1084' title='bbox 1282 3158 1439 3193; x_wconf 86' lang='lat' dir='ltr'><strong>operam,</strong></span> <span class='ocrx_word' id='word_1_1085' title='bbox 1464 3158 1510 3183; x_wconf 93' lang='lat' dir='ltr'><strong>ne</strong></span> <span class='ocrx_word' id='word_1_1086' title='bbox 1558 3147 1612 3183; x_wconf 90' lang='lat' dir='ltr'><strong>uis</strong></span> <span class='ocrx_word' id='word_1_1087' title='bbox 1637 3147 1812 3184; x_wconf 90' lang='lat' dir='ltr'><strong>caederet.</strong></span> 
     </span>
    </p>

    <p class='ocr_par' dir='ltr' id='par_1_19' title="bbox 1280 3191 2370 3600">
     <span class='ocr_line' id='line_1_147' title="bbox 1329 3191 2370 3247; baseline -0.006 -16"><span class='ocrx_word' id='word_1_1088' title='bbox 1329 3191 1382 3231; x_wconf 89' lang='lat'><strong>30</strong></span> <span class='ocrx_word' id='word_1_1089' title='bbox 1406 3192 1515 3228; x_wconf 78' lang='lat' dir='ltr'><strong>IDEM</strong></span> <span class='ocrx_word' id='word_1_1090' title='bbox 1554 3193 1632 3228; x_wconf 87' lang='lat' dir='ltr'><strong>ibro</strong></span> <span class='ocrx_word' id='word_1_1091' title='bbox 1666 3194 1770 3229; x_wconf 83' lang='lat' dir='ltr'><strong>tertio</strong></span> <span class='ocrx_word' id='word_1_1092' title='bbox 1803 3193 2023 3247; x_wconf 61' lang='lat' dir='ltr'><strong>digestorum</strong></span> <span class='ocrx_word' id='word_1_1093' title='bbox 2056 3205 2078 3228; x_wconf 87' lang='lat' dir='ltr'><strong><em>a</em></strong></span> <span class='ocrx_word' id='word_1_1094' title='bbox 2110 3192 2227 3228; x_wconf 81' lang='lat' dir='ltr'><strong>Paulo</strong></span> <span class='ocrx_word' id='word_1_1095' title='bbox 2259 3192 2370 3238; x_wconf 82' lang='lat' dir='ltr'><strong>epito-</strong></span> 
     </span>
     <span class='ocr_line' id='line_1_148' title="bbox 1282 3236 2370 3288; baseline -0.003 -15"><span class='ocrx_word' id='word_1_1096' title='bbox 1282 3242 1460 3274; x_wconf 79' lang='lat' dir='ltr'><strong>matorum</strong></span> <span class='ocrx_word' id='word_1_1097' title='bbox 1506 3238 1574 3282; x_wconf 80' lang='lat' dir='ltr'><strong>Qui</strong></span> <span class='ocrx_word' id='word_1_1098' title='bbox 1597 3238 1750 3274; x_wconf 91' lang='lat' dir='ltr'><strong>insulam</strong></span> <span class='ocrx_word' id='word_1_1099' title='bbox 1762 3239 1787 3260; x_wconf 91' lang='lat'><strong>¹·¹</strong></span> <span class='ocrx_word' id='word_1_1100' title='bbox 1811 3239 1957 3284; x_wconf 82' lang='lat' dir='ltr'><strong>triginta</strong></span> <span class='ocrx_word' id='word_1_1101' title='bbox 1977 3238 2206 3280; x_wconf 86' lang='lat' dir='ltr'><strong>conduxerat,</strong></span> <span class='ocrx_word' id='word_1_1102' title='bbox 2232 3236 2370 3288; x_wconf 82' lang='lat' dir='ltr'><strong>singula</strong></span> 
     </span>
     <span class='ocr_line' id='line_1_149' title="bbox 1284 3281 2369 3330; baseline -0.004 -11"><span class='ocrx_word' id='word_1_1103' title='bbox 1284 3283 1479 3319; x_wconf 90' lang='lat' dir='ltr'><strong>caenacula</strong></span> <span class='ocrx_word' id='word_1_1104' title='bbox 1498 3283 1550 3318; x_wconf 93' lang='lat' dir='ltr'><strong>ita</strong></span> <span class='ocrx_word' id='word_1_1105' title='bbox 1571 3283 1741 3319; x_wconf 88' lang='lat' dir='ltr'><strong>conduxit</strong></span> <span class='ocrx_word' id='word_1_1106' title='bbox 1753 3285 1792 3327; x_wconf 83' lang='lat'><strong>¹2,</strong></span> <span class='ocrx_word' id='word_1_1107' title='bbox 1816 3288 1858 3319; x_wconf 94' lang='lat' dir='ltr'><strong>ut</strong></span> <span class='ocrx_word' id='word_1_1108' title='bbox 1881 3284 2116 3330; x_wconf 88' lang='lat' dir='ltr'><strong>quadraginta</strong></span> <span class='ocrx_word' id='word_1_1109' title='bbox 2140 3293 2182 3317; x_wconf 86' lang='lat' dir='ltr'><strong>ex</strong></span> <span class='ocrx_word' id='word_1_1110' title='bbox 2207 3281 2369 3317; x_wconf 90' lang='lat' dir='ltr'><strong>ommbus</strong></span> 
     </span>
     <span class='ocr_line' id='line_1_150' title="bbox 1283 3326 2368 3374; baseline -0.004 -10"><span class='ocrx_word' id='word_1_1111' title='bbox 1283 3329 1548 3374; x_wconf 87' lang='lat' dir='ltr'><strong>colligerentur:</strong></span> <span class='ocrx_word' id='word_1_1112' title='bbox 1574 3328 1737 3364; x_wconf 91' lang='lat' dir='ltr'><strong>dominus</strong></span> <span class='ocrx_word' id='word_1_1113' title='bbox 1761 3330 1921 3372; x_wconf 89' lang='lat' dir='ltr'><strong>insulae,</strong></span> <span class='ocrx_word' id='word_1_1114' title='bbox 1955 3330 2038 3374; x_wconf 88' lang='lat' dir='ltr'><strong>quia</strong></span> <span class='ocrx_word' id='word_1_1115' title='bbox 2062 3328 2224 3363; x_wconf 83' lang='lat' dir='ltr'><strong>aedificia</strong></span> <span class='ocrx_word' id='word_1_1116' title='bbox 2247 3326 2368 3361; x_wconf 90' lang='lat' dir='ltr'><strong>vitium</strong></span> 
     </span>
     <span class='ocr_line' id='line_1_151' title="bbox 1280 3371 2368 3419; baseline -0.003 -11"><span class='ocrx_word' id='word_1_1117' title='bbox 1280 3374 1400 3409; x_wconf 89' lang='lat' dir='ltr'><strong>facere</strong></span> <span class='ocrx_word' id='word_1_1118' title='bbox 1421 3373 1565 3416; x_wconf 90' lang='lat' dir='ltr'><strong>diceret,</strong></span> <span class='ocrx_word' id='word_1_1119' title='bbox 1590 3374 1797 3410; x_wconf 83' lang='lat' dir='ltr'><strong>demolierat</strong></span> <span class='ocrx_word' id='word_1_1120' title='bbox 1818 3385 1913 3410; x_wconf 89' lang='lat' dir='ltr'><strong>eam:</strong></span> <span class='ocrx_word' id='word_1_1121' title='bbox 1940 3374 2137 3419; x_wconf 89' lang='lat' dir='ltr'><strong>quaesitum</strong></span> <span class='ocrx_word' id='word_1_1122' title='bbox 2157 3377 2221 3415; x_wconf 90' lang='lat' dir='ltr'><strong>est,</strong></span> <span class='ocrx_word' id='word_1_1123' title='bbox 2247 3371 2368 3417; x_wconf 88' lang='lat' dir='ltr'><strong>quanti</strong></span> 
     </span>
     <span class='ocr_line' id='line_1_152' title="bbox 1280 3417 2368 3465; baseline -0.004 -11"><span class='ocrx_word' id='word_1_1124' title='bbox 1280 3419 1324 3454; x_wconf 88' lang='lat' dir='ltr'><strong>lis</strong></span> <span class='ocrx_word' id='word_1_1125' title='bbox 1349 3418 1529 3454; x_wconf 89' lang='lat' dir='ltr'><strong>aestimari</strong></span> <span class='ocrx_word' id='word_1_1126' title='bbox 1552 3419 1715 3462; x_wconf 88' lang='lat' dir='ltr'><strong>deberet,</strong></span> <span class='ocrx_word' id='word_1_1127' title='bbox 1748 3420 1778 3456; x_wconf 89' lang='lat' dir='ltr'><strong>si</strong></span> <span class='ocrx_word' id='word_1_1128' title='bbox 1808 3420 1838 3455; x_wconf 88' lang='lat' dir='ltr'><strong>is</strong></span> <span class='ocrx_word' id='word_1_1129' title='bbox 1863 3420 1923 3465; x_wconf 91' lang='lat' dir='ltr'><strong>qui</strong></span> <span class='ocrx_word' id='word_1_1130' title='bbox 1944 3423 2056 3455; x_wconf 88' lang='lat' dir='ltr'><strong>totam</strong></span> <span class='ocrx_word' id='word_1_1131' title='bbox 2082 3417 2302 3453; x_wconf 84' lang='lat' dir='ltr'><strong>conduxerat</strong></span> <span class='ocrx_word' id='word_1_1132' title='bbox 2326 3426 2368 3451; x_wconf 84' lang='lat' dir='ltr'><strong>ex</strong></span> 
     </span>
     <span class='ocr_line' id='line_1_153' title="bbox 1282 3461 2367 3511; baseline -0.003 -13"><span class='ocrx_word' id='word_1_1133' title='bbox 1282 3464 1460 3499; x_wconf 90' lang='lat' dir='ltr'><strong>conducto</strong></span> <span class='ocrx_word' id='word_1_1134' title='bbox 1495 3474 1516 3499; x_wconf 91' lang='lat' dir='ltr'><strong>a</strong></span> <span class='ocrx_word' id='word_1_1135' title='bbox 1541 3468 1626 3500; x_wconf 89' lang='lat' dir='ltr'><strong>eret.</strong></span> <span class='ocrx_word' id='word_1_1136' title='bbox 1678 3465 1880 3511; x_wconf 87' lang='lat' dir='ltr'><strong>respondit,</strong></span> <span class='ocrx_word' id='word_1_1137' title='bbox 1914 3465 1944 3500; x_wconf 92' lang='lat' dir='ltr'><strong>si</strong></span> <span class='ocrx_word' id='word_1_1138' title='bbox 1975 3464 2136 3499; x_wconf 87' lang='lat' dir='ltr'><strong>vitiatum</strong></span> <span class='ocrx_word' id='word_1_1139' title='bbox 2169 3461 2367 3497; x_wconf 90' lang='lat' dir='ltr'><strong>aedificium</strong></span> 
     </span>
     <span class='ocr_line' id='line_1_154' title="bbox 1281 3506 2366 3558; baseline -0.004 -14"><span class='ocrx_word' id='word_1_1140' title='bbox 1281 3509 1483 3545; x_wconf 84' lang='lat' dir='ltr'><strong>necessario</strong></span> <span class='ocrx_word' id='word_1_1141' title='bbox 1533 3510 1694 3546; x_wconf 89' lang='lat' dir='ltr'><strong>emolitus</strong></span> <span class='ocrx_word' id='word_1_1142' title='bbox 1719 3515 1831 3553; x_wconf 89' lang='lat' dir='ltr'><strong>esset,</strong></span> <span class='ocrx_word' id='word_1_1143' title='bbox 1856 3521 1921 3555; x_wconf 93' lang='lat' dir='ltr'><strong>pro</strong></span> <span class='ocrx_word' id='word_1_1144' title='bbox 1945 3509 2129 3555; x_wconf 91' lang='lat' dir='ltr'><strong>portione,</strong></span> <span class='ocrx_word' id='word_1_1145' title='bbox 2154 3506 2278 3558; x_wconf 77' lang='lat' dir='ltr'><strong>quanti</strong></span> <span class='ocrx_word' id='word_1_1146' title='bbox 2302 3506 2366 3541; x_wconf 94' lang='lat' dir='ltr'><strong>do-</strong></span> 
     </span>
     <span class='ocr_line' id='line_1_155' title="bbox 1280 3551 2367 3600; baseline -0.003 -12"><span class='ocrx_word' id='word_1_1147' title='bbox 1280 3554 1396 3590; x_wconf 88' lang='lat' dir='ltr'><strong>minus</strong></span> <span class='ocrx_word' id='word_1_1148' title='bbox 1427 3555 1653 3599; x_wconf 89' lang='lat' dir='ltr'><strong>praediorum</strong></span> <span class='ocrx_word' id='word_1_1149' title='bbox 1677 3556 1830 3591; x_wconf 87' lang='lat' dir='ltr'><strong>locasset</strong></span> <span class='ocrx_word' id='word_1_1150' title='bbox 1843 3556 1871 3577; x_wconf 83' lang='lat'><strong>¹³</strong></span> <span class='ocrx_word' id='word_1_1151' title='bbox 1895 3554 1989 3600; x_wconf 87' lang='lat' dir='ltr'><strong>quod</strong></span> <span class='ocrx_word' id='word_1_1152' title='bbox 2014 3554 2088 3589; x_wconf 91' lang='lat' dir='ltr'><strong>eius</strong></span> <span class='ocrx_word' id='word_1_1153' title='bbox 2111 3556 2279 3597; x_wconf 79' lang='lat' dir='ltr'><strong>temporis</strong></span> <span class='ocrx_word' id='word_1_1154' title='bbox 2302 3551 2367 3586; x_wconf 92' lang='lat' dir='ltr'><strong>ha-</strong></span> 
     </span>
    </p>
   </div>
   <div class='ocr_carea' id='block_1_10' title="bbox 1659 3663 2372 3710">
    <p class='ocr_par' dir='ltr' id='par_1_20' title="bbox 1659 3663 2372 3710">
     <span class='ocr_line' id='line_1_156' title="bbox 1659 3663 2372 3710; baseline -0.008 -8"><span class='ocrx_word' id='word_1_1155' title='bbox 1659 3671 1702 3710; x_wconf 81' lang='grc'><strong>(9)</strong></span> <span class='ocrx_word' id='word_1_1156' title='bbox 1718 3671 1756 3701; x_wconf 86' lang='lat' dir='ltr'><strong>ut</strong></span> <span class='ocrx_word' id='word_1_1157' title='bbox 1766 3669 1797 3701; x_wconf 90' lang='lat' dir='ltr'><strong>ei</strong></span> <span class='ocrx_word' id='word_1_1158' title='bbox 1809 3681 1872 3702; x_wconf 85' lang='lat' dir='ltr'><strong>scr.</strong></span> <span class='ocrx_word' id='word_1_1159' title='bbox 1939 3669 1999 3708; x_wconf 89' lang='lat'><strong>(10)</strong></span> <span class='ocrx_word' id='word_1_1160' title='bbox 2013 3669 2047 3698; x_wconf 84' lang='lat' dir='ltr'><strong>et</strong></span> <span class='ocrx_word' id='word_1_1161' title='bbox 2059 3666 2092 3699; x_wconf 88' lang='lat' dir='ltr'><em>F</em></span> <span class='ocrx_word' id='word_1_1162' title='bbox 2145 3666 2200 3706; x_wconf 88' lang='lat'><strong>(11)</strong></span> <span class='ocrx_word' id='word_1_1163' title='bbox 2214 3663 2325 3697; x_wconf 74' lang='lat' dir='ltr'><strong>insula</strong></span> <span class='ocrx_word' id='word_1_1164' title='bbox 2340 3664 2372 3697; x_wconf 74' lang='lat' dir='ltr'><em>F</em></span> 
     </span>
    </p>
   </div>
   <div class='ocr_carea' id='block_1_11' title="bbox 1654 3715 1844 3755">
    <p class='ocr_par' dir='ltr' id='par_1_21' title="bbox 1654 3715 1844 3755">
     <span class='ocr_line' id='line_1_157' title="bbox 1654 3715 1844 3755; baseline -0.011 -7"><span class='ocrx_word' id='word_1_1165' title='bbox 1654 3716 1711 3755; x_wconf 87' lang='lat'><strong>(13)</strong></span> <span class='ocrx_word' id='word_1_1166' title='bbox 1738 3717 1771 3746; x_wconf 79' lang='lat' dir='ltr'><strong>et</strong></span> <span class='ocrx_word' id='word_1_1167' title='bbox 1784 3715 1844 3747; x_wconf 74' lang='lat' dir='ltr'><strong>ins.</strong></span> 
     </span>
    </p>
   </div>
   <div class='ocr_carea' id='block_1_12' title="bbox 1282 3668 1600 3755">
    <p class='ocr_par' dir='ltr' id='par_1_22' title="bbox 1282 3668 1600 3755">
     <span class='ocr_line' id='line_1_158' title="bbox 1282 3668 1600 3711; baseline 0.009 -11"><span class='ocrx_word' id='word_1_1168' title='bbox 1282 3668 1391 3711; x_wconf 83' lang='lat' dir='ltr'><strong>partis</strong></span> <span class='ocrx_word' id='word_1_1169' title='bbox 1404 3680 1471 3702; x_wconf 84' lang='lat' dir='ltr'><strong>cum</strong></span> <span class='ocrx_word' id='word_1_1170' title='bbox 1486 3669 1522 3702; x_wconf 88' lang='lat' dir='ltr'><strong><em>B</em></strong></span> <span class='ocrx_word' id='word_1_1171' title='bbox 1533 3681 1600 3703; x_wconf 81' lang='lat' dir='ltr'><strong>scr.</strong></span> 
     </span>
     <span class='ocr_line' id='line_1_159' title="bbox 1285 3713 1582 3755; baseline 0 -8"><span class='ocrx_word' id='word_1_1172' title='bbox 1285 3713 1343 3755; x_wconf 76' lang='grc' dir='ltr'><strong>(η)</strong></span> <span class='ocrx_word' id='word_1_1173' title='bbox 1367 3713 1494 3747; x_wconf 82' lang='lat' dir='ltr'><strong>locavit</strong></span> <span class='ocrx_word' id='word_1_1174' title='bbox 1507 3714 1582 3747; x_wconf 78' lang='lat' dir='ltr'><strong>dett.</strong></span> 
     </span>
    </p>
   </div>
  </div>
 </body>
</html>
