2528 3918
114 135 457 167 TREBELLIANUM

114 245 370 290 rescripserunt
382 246 404 289 ¹,
429 245 531 280 cuius
548 243 810 280 constitutionis
828 243 937 279 verba
960 243 1091 286 rettuli,
1117 253 1198 279 cum

113 290 183 325 alia
207 300 347 335 quoque
370 293 557 335 praeterea
579 289 617 324 in
640 289 894 324 constitutione
915 299 1083 334 expressa
1101 292 1196 325 sunt.

114 335 361 380 ‘Imperatores
401 335 551 370 Severus
588 337 625 370 et
662 334 866 369 Antoninus
908 334 1058 370 Cocceio
1094 334 1196 369 Cam-

113 384 218 425 ‘pano
229 381 255 415 ².
303 380 570 416 Testamentum
599 379 756 414 secundo
780 379 860 414 loco
884 379 1031 423 factum,
1055 380 1138 415 licet
1160 379 1198 414 in

112 429 166 460 ‘eo
198 429 377 460 certarum
407 435 526 460 rerum
554 425 658 460 heres
690 424 761 460 scri
787 427 845 460 tus
873 425 937 468 sit,
969 424 1046 460 iure
1068 425 1195 467 valere,

112 470 271 515 ‘perinde
304 480 348 505 ac
383 470 413 506 si
444 479 562 505 rerum
592 469 723 505 mentio
769 473 852 504 acta
882 481 955 505 non
986 473 1096 513 esset,
1134 469 1197 506 sed

113 516 238 550 ‘teneri
266 514 432 551 heredem
465 515 655 560 scriptum,
692 518 734 549 ut
769 518 956 550 contentus
991 516 1098 551 rebus
1129 514 1196 550 sibi

112 560 217 595 ‘datis
250 564 313 595 aut
343 560 510 604 suppleta
541 563 668 605 quarta
698 570 742 595 ex
771 560 848 605 lege
871 560 1034 596 Falcidia
1057 559 1195 595 heredi-

113 609 233 641 ‘tatem
263 605 429 641 restituat
458 605 533 647 his,
573 605 633 649 qui
696 605 789 640 riore
824 609 1036 641 testamento
1073 605 1196 650 scripti

113 651 284 693 ‘fuerant‚
323 653 470 695 propter
507 651 641 685 inserta
670 616 1022 686 fideicommissariff
1052 651 1195 692 verba⁴‚

112 699 122 715 ⁶
148 695 251 731 uibus
275 698 317 730 ut
339 695 472 730 valeret
495 696 594 740 prius
618 698 869 731 testamentum
899 706 1106 741 expressum
1129 699 1195 737 est,

112 708 279 775 ‘dubitari
309 751 381 776 non
413 741 576 785 oportet'.
633 742 693 775 et⁵
730 741 799 776 hoc
838 741 890 776 ita
924 740 1196 785 intellegendum

111 789 176 828 est,
206 786 236 821 si
258 796 331 821 non
355 785 487 830 aliquid
511 785 711 830 specialiter
734 786 953 822 contrarium
977 787 1014 822 in
1037 785 1194 823 secundo

111 835 322 866 testamento
347 830 455 866 fuerit
478 831 661 876 scriptum.

156 874 206 914 31
236 874 317 919 (30)
342 875 449 911 IDEM
468 876 559 911 libro
584 880 708 911 octavo
734 877 996 912 institutionum
1043 877 1081 912 Si
1099 877 1195 921 lega-

110 924 167 957 tus
200 924 402 965 suspectam
433 920 665 956 hereditatem
691 921 805 964 dicat,
838 925 873 957 et
896 922 1083 966 legationis
1106 925 1195 957 tem-

110 976 198 1011 pore
231 966 493 1011 compellendus
526 969 580 1001 est
611 966 774 1011 accipere
804 966 993 1010 iudicium,
1027 968 1110 1013 quia
1137 966 1196 1001 hic

111 1022 182 1046 non
214 1011 364 1046 multum
394 1011 538 1046 officioss
571 1016 789 1056 occupatur:
823 1016 858 1047 et
887 1013 970 1048 licet
1001 1013 1196 1048 deliberare

110 1067 148 1092 se
178 1056 273 1091 dicat
302 1066 347 1091 an
379 1056 500 1098 adeat,
535 1056 712 1102 cogendus
739 1060 793 1093 est
817 1057 935 1100 adire,
968 1057 1031 1093 sed
1059 1068 1132 1093 non
1155 1060 1196 1092 ut

110 1102 228 1136 statim
252 1102 428 1143 restituat,
453 1101 516 1137 sed
540 1105 579 1136 ut
602 1112 765 1137 reversus
790 1102 946 1145 domum,
970 1103 1001 1139 si
1016 1102 1196 1148 putaverit

109 1147 178 1182 sibi
202 1147 380 1192 expedire,
406 1146 589 1182 commodo
605 1147 787 1183 Falcidiae
810 1148 866 1183 vel
888 1148 1093 1184 testamenti
1115 1151 1194 1182 uta-

109 1196 168 1226 tur
192 1192 257 1234 vel,
283 1192 312 1227 si
336 1203 409 1227 non
429 1192 615 1236 putaverit,
640 1193 806 1228 restituat
820 1196 934 1229 totam
949 1193 1194 1234 hereditatem,

112 1240 127 1271 1
177 1248 222 1272 ne
246 1247 355 1272 onera
378 1238 546 1281 patiatur.
591 1238 628 1273 Si
676 1238 731 1273 uis
757 1239 863 1274 ‘bona
886 1239 962 1274 sua'
986 1239 1041 1275 vel
1066 1238 1196 1273 ‘omnia

110 1283 197 1317 ‘sua'
222 1283 400 1327 rogaverit
422 1283 625 1325 restituere,
684 1283 1020 1320 deicommissariam
1051 1283 1194 1319 restitu-

109 1328 240 1363 tionem
265 1338 342 1362 esse
366 1327 638 1372 intellegendum
662 1332 734 1363 est:
766 1339 849 1364 nam
872 1340 1032 1365 meorum
1056 1332 1091 1364 et
1114 1332 1194 1364 tuo-

108 1384 186 1407 rum
218 1373 457 1417 appellatione
489 1373 594 1408 etiam
625 1374 783 1409 actiones
808 1374 982 1410 contineri
1006 1374 1195 1409 dicendum

109 1421 128 1452 2
176 1421 241 1453 est.
290 1418 327 1452 Si
357 1418 429 1453 filio
461 1418 614 1454 familias
643 1419 699 1454 vel
726 1429 829 1455 servo
859 1419 1071 1455 restituatur
1093 1419 1193 1464 igno-

108 1467 209 1498 rante
233 1466 335 1508 patre
358 1462 512 1499 familias
536 1464 614 1499 vel⁷
639 1464 780 1500 domino
805 1467 842 1500 et
863 1469 992 1510 postea
1015 1468 1116 1509 pater
1139 1464 1195 1500 vel

108 1508 271 1544 dominus
302 1511 421 1543 ratum
452 1508 636 1552 habuerit,
677 1513 864 1545 transeunt
893 1521 938 1545 ex
967 1509 1193 1545 Trebelliano

108 1557 127 1587 3
175 1557 319 1589 senatus
338 1554 501 1589 consulto
519 1554 688 1590 actiones.
724 1555 879 1590 Multum
896 1556 1053 1597 interest,
1073 1559 1194 1590 utrum

108 1599 260 1643 quarta⁸
291 1609 375 1643 pars
407 1599 484 1634 iure
516 1599 729 1635 hereditario
761 1601 956 1635 retineatur
980 1611 1026 1635 an
1050 1611 1133 1635 vero
1158 1601 1195 1635 in

107 1655 145 1679 re
176 1644 231 1679 vel
261 1645 431 1689 pecunia:
471 1655 553 1679 nam
584 1645 767 1689 superiore
799 1656 885 1681 casu
917 1646 1075 1681 actiones
1107 1645 1193 1681 divi-

108 1690 241 1724 duntur
254 1690 346 1724 inter
360 1689 526 1725 heredem
543 1693 579 1725 et
594 1690 971 1733 fideicommissarium,
996 1691 1194 1736 posteriore

107 1738 128 1770 4
174 1745 256 1770 vero
282 1734 378 1780 apud
401 1735 767 1772 fideicommissarium
793 1740 877 1772 sunt
903 1737 1074 1771 actiones.
1122 1736 1196 1770 Et⁹

107 1780 210 1815 heres
252 1779 439 1815 institutus
479 1784 695 1825 rogatusque
734 1782 968 1817 hereditatem
1005 1781 1195 1817 restituere

107 1829 300 1870 praecepta
325 1826 444 1871 aliqua
468 1836 605 1861 summa
628 1827 683 1861 vel
707 1837 761 1870 re,
795 1827 934 1862 etiamsi
961 1827 998 1862 in
1022 1837 1193 1872 praecep-

107 1871 203 1905 tione
235 1870 350 1906 minus
382 1881 488 1915 quam
520 1875 648 1915 quarta
677 1882 761 1916 pars
794 1876 907 1915 esset,
940 1883 1012 1907 non
1042 1872 1194 1917 amplius

107 1919 126 1950 5
174 1915 371 1961 principem
394 1916 470 1961 pati
492 1916 764 1952 vindicaturum.
814 1917 883 1952 Sed
907 1921 943 1952 et
967 1918 997 1953 si
1021 1918 1097 1952 sine
1121 1918 1195 1952 ulla

106 1961 356 2006 praeceptione
392 1964 537 2005 rogatus
577 1961 685 1997 fuerit
721 1962 954 1997 hereditatem
993 1963 1194 2005 restituere,

106 2007 314 2051 plerumque
345 2010 472 2050 quarta
503 2006 636 2042 donata
668 2010 722 2043 est
754 2018 776 2042 a
807 2008 1047 2053 principibus:
1080 2011 1116 2043 et
1143 2008 1195 2043 ita

107 2052 207 2087 divus
216 2054 248 2131 ἑο
273 2051 449 2086 Traianus
474 2055 510 2087 et
532 2052 738 2088 Hadrianus
762 2056 799 2089 et
816 2054 1017 2089 Antoninus
1041 2054 1193 2099 rescrip-

107 2107 214 2132 serun
235 2124 242 2131 .

152 2140 206 2179 32
232 2139 315 2185 (31)
346 2142 488 2177 ¹¹IDEM
508 2142 598 2179 libro
616 2154 711 2178 nono
732 2144 994 2179 institutionum
1042 2143 1079 2179 Si
1097 2143 1155 2179 cui
1168 2144 1195 2164 ¹²

132 2197 194 2223 ure
223 2188 370 2223 libertas
402 2191 438 2223 et
465 2198 530 2233 per
558 2188 869 2224 fideicommissum
893 2190 960 2225 sub
986 2189 1195 2224 condicione

106 2199 285 2268 {ereditas
309 2233 434 2268 relicta
457 2237 522 2277 est,
547 2234 686 2278 cogitur
709 2235 813 2269 heres
833 2234 930 2270 adire
949 2234 1193 2278 hereditatem,

107 2278 138 2314 si
161 2281 365 2323 suspectam
390 2278 501 2323 dicat,
531 2282 567 2314 et
590 2279 795 2314 restituere:
827 2283 863 2315 et
892 2279 1077 2315 deficiente
1109 2290 1193 2315 eon-

110 2327 123 2358 1
175 2323 313 2359 dicione
324 2324 352 2346 ¹³
380 2323 527 2359 libertas
558 2324 591 2359 ei
620 2325 709 2370 eripi
734 2336 805 2360 non
830 2328 959 2369 potest.
1013 2325 1049 2360 Si
1075 2328 1195 2360 autem

106 2369 148 2413 ei,
174 2369 235 2414 qui
257 2368 295 2403 in
313 2368 405 2404 diem
423 2369 624 2405 libertatem
641 2370 790 2414 accepit,
815 2370 994 2406 hereditas
1013 2381 1077 2415 per
1093 2370 1193 2405 fidei-

107 2414 333 2450 commissum
357 2414 482 2449 relicta
498 2414 617 2458 fuerit,
643 2419 847 2460 suspectam
866 2426 945 2451 eam
961 2415 1103 2451 interim
1121 2426 1194 2451 non

106 2470 212 2504 posse
247 2459 338 2494 adiri
374 2459 474 2495 divus
505 2460 592 2495 Pius
625 2460 747 2496 Cassio
777 2460 961 2497 Hadriano
997 2461 1192 2505 rescripsit,

107 2515 188 2540 cum
222 2515 294 2540 non
330 2508 450 2549 potest
485 2505 643 2540 nondum
677 2506 789 2541 libero
824 2506 1002 2542 hereditas
1033 2506 1190 2542 restitui:

106 2560 172 2585 nec
199 2559 325 2585 rursus
357 2553 482 2585 contra
510 2551 728 2586 voluntatem
758 2550 919 2586 defuncti
952 2552 1153 2587 libertatem
1167 2552 1194 2573 ¹¹¹

107 2598 126 2629 2
174 2605 252 2631 esse
281 2595 546 2640 praestandam.
598 2596 636 2631 Si
665 2596 732 2631 sub
766 2596 973 2632 condicione
1004 2598 1107 2632 heres
1139 2597 1193 2631 in-

107 2640 254 2675 stitutus
284 2644 502 2685 rogatusque
530 2641 763 2676 hereditatem
797 2641 987 2677 restituere
1018 2653 1090 2677 non
1119 2642 1195 2676 vult

107 2685 307 2721 condicioni
335 2696 462 2730 parere
492 2689 528 2721 et
555 2686 654 2721 adire
684 2686 931 2728 hereditatem,
963 2687 993 2722 si
1021 2687 1109 2722 facti
1139 2691 1194 2722 est

108 2730 281 2774 condicio,
307 2730 412 2766 debet
435 2741 562 2775 parere
585 2735 622 2767 et
645 2731 743 2767 adire
767 2734 803 2766 et
826 2732 1014 2767 restituere
1033 2732 1138 2775 vel¹⁵‚
1164 2732 1194 2767 si

106 2777 142 2811 in
174 2775 291 2811 dando
322 2776 386 2820 sit,
420 2776 590 2812 offerente
618 2776 957 2812 fideicommissario.
1006 2780 1194 2812 recusante

107 2824 226 2856 autem
249 2821 379 2856 herede
402 2820 538 2856 factum
558 2821 751 2866 adimplere
769 2822 912 2857 licentia
930 2822 1075 2857 dabitur
1094 2822 1192 2857 fidei-

107 2866 347 2902 commissario
381 2867 575 2902 secundum
604 2867 838 2902 imitationem
875 2867 1027 2902 dationis
1059 2866 1194 2902 factum

107 2911 270 2956 implere,
301 2915 337 2947 et
361 2915 446 2947 tunc
468 2912 665 2948 necessitas
695 2912 889 2957 imponitur
912 2912 1035 2947 heredi
1058 2912 1156 2948 adire
1167 2914 1195 2934 ¹⁶

107 2956 351 2992 hereditatem.
400 2960 540 2993 ceterae
565 2957 810 3001 condiciones,
841 2968 931 3002 quae
955 2968 1027 2992 non
1051 2961 1135 2992 sunt
1157 2957 1194 2992 in

107 3005 285 3046 potestate
302 3002 452 3046 heredis,
478 3002 524 3037 ad
543 3002 700 3038 officium
717 3003 894 3048 praetoris
912 3013 984 3038 non
1003 3003 1192 3047 pertinent.

154 3045 206 3084 33
233 3044 314 3089 (32)
343 3047 487 3083 Casus
513 3048 604 3083 libro
627 3049 816 3083 vicensimo
841 3048 1063 3094 diqestorum
1110 3048 1193 3082 Bal-

107 3091 191 3127 lista
207 3092 318 3126 filium
335 3092 488 3128 familias
507 3092 672 3128 heredem
691 3093 845 3128 instituit
859 3093 926 3128 ita:
954 3093 1193 3129 ‘Rebellianus

109 3137 152 3172 ‘si
189 3137 320 3172 caverit
357 3138 518 3173 coloniae
552 3138 850 3183 Philippensium,
890 3138 922 3174 si
959 3139 1034 3174 sine
1072 3138 1194 3173 liberis

110 3182 307 3224 morietur,
332 3187 619 3228 quantacumque
642 3183 795 3228 pecunia
819 3193 863 3219 ex
886 3183 1083 3219 hereditate
1109 3183 1195 3218 deve

110 3226 223 3262 ‘bonis
237 3228 263 3248 ¹⁷
286 3227 373 3263 meis
395 3228 441 3263 ad
460 3238 541 3264 eum
556 3228 725 3274 pervenit,
751 3239 828 3264 eam
847 3229 1036 3273 pecuniam
1057 3239 1195 3264 omnem

110 3272 167 3307 ‘ad
191 3271 366 3307 coloniam
388 3272 671 3319 Philippensium
693 3274 966 3327 perventuram’.
1010 3273 1193 3318 respondi:

110 3327 155 3352 ex
184 3316 240 3352 his
271 3317 388 3353 verbis
423 3329 514 3363 quae
550 3329 741 3365 propoms,
776 3318 814 3354 id
844 3322 899 3354 est
928 3319 1140 3364 ‘pecuniam'
1155 3319 1193 3361 ¹⁸,

109 3432 148 3470 (1)
173 3430 448 3473 rescripserintF
568 3434 611 3474 (2)
637 3433 848 3475 cumpanoF
962 3434 1004 3474 (3)
1028 3433 1195 3466 fideicom-

109 3476 260 3509 missaria
279 3488 337 3509 om.
357 3476 440 3510 Inst.
586 3479 627 3518 (4)
653 3478 796 3511 secundo
815 3479 1011 3510 testamento
1031 3480 1090 3512 ins.
1113 3479 1193 3511 Inst.

109 3523 153 3562 (5)
178 3523 211 3554 et
223 3521 283 3554 del.
385 3522 427 3561 (6)
453 3520 540 3554 offici
553 3534 617 3556 scr.
718 3524 760 3565 (7)
785 3533 879 3555 servo
891 3523 1087 3555 restituatur
1099 3524 1194 3565 igno-

110 3567 205 3599 rante
216 3568 310 3609 patre
322 3565 465 3598 familias
475 3565 528 3598 vel
544 3568 662 3601 addidi
772 3570 815 3610 (8)
841 3569 888 3600 sic
901 3569 930 3600 S
942 3580 1010 3601 cum
1024 3570 1068 3607 B,
1090 3579 1155 3610 qua
1167 3569 1200 3600 F

112 3616 155 3650 (9)
181 3611 225 3653 et]
250 3610 408 3644 credibile
431 3612 496 3652 est,
519 3611 549 3643 si
566 3612 721 3655 princeps
744 3613 787 3644 sit
809 3614 967 3646 similiave
991 3615 1196 3656 requiruntur

113 3658 171 3697 (10)
197 3656 266 3688 divi
279 3669 341 3689 scr.
442 3657 497 3697 (11)
523 3657 570 3689 ad
583 3661 598 3695 5
613 3664 626 3691 1
640 3659 680 3700 cf.
697 3659 716 3691 l.
730 3666 764 3691 57
781 3663 825 3697 §1
841 3659 870 3690 Ιι.
886 3664 905 3690 t.
1014 3660 1072 3698 (12)
1098 3658 1156 3699 qui
1175 3659 1204 3690 F

113 3702 171 3741 (13)
196 3701 453 3735 condicionesF
506 3703 563 3743 (14)
588 3702 699 3734 statim
712 3704 773 3736 ins.
835 3703 893 3742 (15)
918 3702 982 3745 vel]
995 3703 1122 3735 scilicet
1132 3716 1195 3736 scr.

113 3747 173 3787 (ιθ)
198 3746 312 3779 heredi
324 3746 416 3780 adire
428 3758 486 3779 om.
500 3747 534 3779 F
543 3746 564 3788 ¹,
584 3746 676 3780 adire
692 3747 807 3780 heredi
825 3759 998 3790 super-scr„
1018 3761 1090 3782 mox
1111 3749 1193 3782 dele-

1181 116 1266 164 527

2111 120 2299 162 XXXVI
2334 125 2349 163 1

1270 242 1432 278 existimo
1456 242 1563 277 etiam
1586 241 1742 285 fructus,
1775 252 1863 286 quos
1893 252 1938 278 ex
1960 241 2160 279 hereditate
2209 243 2355 288 erccpit,

1269 288 1457 324 restituere
1482 298 1562 323 eum
1586 287 1734 330 debere,
1766 287 1912 332 perinde
1937 288 2040 334 quasi
2062 288 2160 334 speci
2200 289 2265 325 'ter
2287 289 2355 325 hoc

1269 336 1422 369 testator
1445 332 1692 378 expressisset.

1315 376 1368 415 34
1408 376 1491 422 (33)
1532 377 1770 413 MARCJANUS
1807 378 1898 413 libro
1933 381 2057 414 octavo
2094 379 2355 416 institutionum

1268 423 1399 459 Scribit
1429 424 1552 459 Celsus
1588 423 1680 459 libro
1717 422 1909 458 vicensimo
1947 423 2181 468 digestorum,
2223 425 2256 461 si
2295 425 2356 471 qui

1268 469 1527 514 quadringenta
1555 468 1593 503 in
1621 467 1724 503 bonis
1756 468 1915 503 habebat
1940 470 2031 513 petit
2054 471 2099 505 ab
2124 470 2255 506 herede
2278 481 2355 513 suo,

1267 518 1318 556 ut,
1344 514 1375 549 si
1399 515 1474 549 sine
1493 513 1614 549 liberis
1633 516 1841 556 moreretur,
1867 517 2001 557 quanta
2019 516 2172 559 pecunia
2188 526 2233 551 ex
2252 516 2355 551 here-

1267 558 1378 594 ditate
1402 570 1468 594 sua
1492 559 1538 594 ad
1561 570 1642 594 eum
1666 558 1901 603 pervenisset,
1926 559 2066 595 Maevio
2091 561 2355 597 restitueretur:

1267 604 1296 639 si
1321 614 1365 639 ex
1389 604 1568 639 fructibus
1593 604 1706 639 medio
1731 607 1892 648 tempore
1914 604 2170 649 quadringenta
2187 616 2355 651 percepe-

1267 649 1312 683 rit
1342 653 1377 684 et
1407 650 1482 684 sine
1512 650 1633 684 liberis
1664 648 1872 690 decesserit,
1908 648 2074 684 heredem
2106 651 2182 686 eius
2214 651 2355 687 Maevio

1268 694 1528 739 quadringenta
1565 694 1779 729 debiturum.
1833 697 1870 729 et
1914 705 1994 729 cum
2036 694 2097 729 diu
2135 696 2356 741 multumque

1266 739 1450 781 tractavit,
1476 750 1539 783 an,
1566 750 1647 774 cum
1670 742 1899 784 augmentum
1921 739 2026 774 heres
2050 740 2177 784 sensit,
2202 745 2239 776 et
2260 741 2355 787 peri-

1267 785 1387 819 culum
1424 785 1600 820 sustineat
1637 795 1684 819 an
1715 794 1781 837 per
1811 784 2045 829 contrarium,
2083 786 2271 822 novissime
2306 787 2356 821 ait

1265 830 1423 873 iniquum
1460 840 1537 865 esse
1573 829 1619 864 ad
1652 829 2020 865 fideicommissariam
2051 830 2217 865 damnum
2245 832 2354 877 perti-

1265 885 1365 918 nere,
1392 875 1438 909 ad
1462 885 1566 919 quem
1589 878 1816 919 augmentum
1840 885 1913 910 non
1937 875 2108 919 pertinet:
2141 879 2177 911 et
2201 878 2287 912 an¹⁹
2310 877 2356 912 ad

1266 920 1519 964 supplendum,
1555 920 1687 964 inquit,
1729 919 1977 964 quodcumque
2013 930 2058 955 ex
2089 921 2355 967 quadringentis

1266 965 1435 1009 defuerit,
1470 966 1576 1000 etiam
1606 969 1833 1010 augmentum
1863 965 1909 1000 ad
1940 975 2021 1001 eum
2046 966 2253 1010 pertinebit,
2285 967 2355 1003 hoc

1266 1014 1321 1045 est
1344 1014 1384 1045 ut
1407 1020 1521 1054 usque
1546 1010 1592 1045 ad
1616 1021 1790 1046 summam
1815 1010 2154 1055 quadringentorum
2178 1011 2297 1046 damni
2321 1017 2356 1048 et

1266 1055 1404 1090 fructus
1431 1059 1683 1101 computentur
1693 1057 1741 1091 2⁰:
1768 1055 1864 1100 quod
1886 1056 2003 1092 verius
2028 1066 2106 1091 esse
2131 1057 2296 1093 arbitror.

1312 1098 1365 1138 35
1392 1098 1475 1144 (34)
1508 1101 1616 1136 IDEM
1643 1101 1735 1137 libro
1763 1101 1922 1136 secundo
1945 1101 2158 1147 reqularum
2205 1102 2244 1137 Si
2269 1103 2355 1145 eius,

1267 1146 1327 1190 qui
1350 1146 1563 1182 novissimus
1588 1157 1632 1182 ex
1657 1146 1739 1181 filiis
1762 1149 1926 1181 mortuus
1951 1151 2022 1188 est,
2052 1150 2190 1191 partem
2215 1147 2355 1183 heredi-

1265 1192 1349 1227 tatis
1374 1191 1576 1237 propinquo
1600 1192 1713 1227 voluit
1737 1195 1840 1236 pater
1863 1191 2004 1227 restitui
2033 1196 2068 1226 et
2096 1192 2202 1227 simul
2226 1192 2356 1229 fratres

1266 1237 1358 1272 diem
1382 1247 1487 1271 suum
1512 1237 1688 1272 obissent:
1722 1237 1980 1282 propinquum,
2010 1236 2041 1272 si
2064 1247 2137 1272 non
2162 1238 2357 1273 ostenderit

1267 1282 1345 1326 quis
1370 1282 1584 1318 novissimus
1610 1282 1754 1325 obisset,
1780 1281 1865 1317 ad²¹
1889 1285 2028 1327 partem
2051 1282 2260 1319 hereditatis
2285 1295 2357 1319 non

1265 1327 1421 1371 admitti,
1447 1327 1510 1362 sed
1533 1331 1682 1363 matrem
1706 1337 1750 1363 ex
1774 1327 1996 1362 Tertulliano
2021 1331 2167 1363 senatus
2192 1329 2355 1364 consulto

1266 1372 1312 1407 ad
1336 1372 1522 1417 utriusque
1546 1373 1779 1408 hereditatem
1804 1372 1943 1408 admitti
1968 1376 2121 1408 constat.

1311 1415 1364 1454 36
1393 1415 1472 1457 ‹35›
1512 1418 1708 1453 ULPJANUS
1735 1418 1826 1453 libro
1857 1422 1963 1453 sexto
1996 1418 2081 1452 de22
2113 1418 2239 1464 officio
2266 1430 2355 1466 pro-

1265 1463 1423 1498 consulis
1458 1463 1546 1498 Cum
1559 1464 1662 1499 heres
1676 1463 1841 1498 instituta
1858 1463 1995 1498 furiosa
2011 1463 2244 1500 hereditatem
2262 1469 2357 1501 esset

1264 1511 1391 1552 rogata
1415 1509 1621 1550 restituere,
1654 1512 1855 1544 curatorem
1884 1508 1961 1544 eius
1991 1509 2187 1544 secundum
2211 1511 2356 1546 tabulas

1264 1553 1441 1589 bonorum
1465 1553 1692 1598 possessione
1716 1558 1866 1598 accepta
1889 1564 1996 1600 posse
2021 1555 2218 1591 transferre
2242 1556 2353 1592 actio-

1265 1608 1329 1634 nes
1354 1599 1454 1634 divus
1479 1599 1565 1635 Pius
1590 1599 1757 1635 decrevit.

1311 1641 1364 1681 37
1398 1642 1480 1687 (36)
1512 1645 1568 1679 PA
1576 1654 1619 1680 υι
1627 1654 1671 1680 vs
1696 1645 1787 1680 libro
1821 1645 1926 1679 tertio
1956 1644 2094 1680 decimo
2124 1645 2174 1680 ad
2201 1645 2356 1682 edictum

1266 1688 1356 1724 Cum
1386 1689 1566 1725 hereditas
1597 1700 1643 1725 ex
1672 1689 1937 1726 fideicommissi
1966 1700 2076 1726 causa
2100 1690 2267 1726 restituta
2290 1695 2355 1735 est,

1264 1734 1296 1770 si
1327 1737 1410 1770 ante
1443 1745 1523 1770 cum
1553 1735 1683 1771 herede
1714 1734 2008 1780 compromissum
2039 1739 2111 1778 est,
2142 1739 2231 1781 puto
2255 1736 2355 1772 fidei-

1265 1780 1546 1816 commissarium
1572 1790 1696 1815 cavere
1720 1780 1849 1816 debere
1873 1780 2006 1824 heredi,
2031 1781 2123 1816 sicut
2147 1792 2228 1816 cum
2251 1782 2356 1818 heres

1266 1826 1379 1860 multa
1388 1827 1417 1846 2³
1436 1829 1626 1870 antequam
1640 1826 1844 1861 restitueret
1858 1826 2128 1861 administravit.
2160 1837 2242 1862 nam
2260 1828 2356 1872 quod

1265 1870 1397 1906 dicitur
1427 1871 1579 1906 retinere
1610 1882 1690 1906 eum
1720 1874 1902 1916 oportere,
1938 1882 2011 1906 non
2046 1874 2101 1907 est
2131 1876 2354 1917 perpetuum.

1266 1916 1351 1960 quid
1387 1917 1478 1951 enim
1510 1917 1540 1951 si
1570 1916 1659 1951 nihil
1687 1919 1757 1958 est,
1795 1916 1890 1961 quod
1920 1917 2096 1952 retineat?
2129 1917 2239 1952 veluti
2275 1929 2356 1953 cum

1265 1961 1384 1996 omnia
1397 1961 1434 1996 in
1448 1961 1650 1997 nominibus
1660 1961 1691 1982 ²⁴
1711 1964 1796 1996 sunt
1814 1965 1877 1996 aut
1893 1961 1929 1996 in
1949 1962 2158 2006 corporibus
2177 1973 2269 2007 quae
2284 1974 2357 1998 non

1265 2006 1472 2051 possideat?
1507 2017 1634 2052 nempe
1666 2006 1758 2042 enim
1786 2007 1818 2042 is
1847 2006 1946 2042 cui²⁵
1970 2007 2137 2042 restituta
2161 2011 2215 2043 est
2239 2009 2356 2044 omnia

1264 2051 1500 2097 persequitur,
1526 2055 1562 2087 et
1579 2056 1699 2087 tamen
1718 2053 1821 2087 heres
1845 2051 1986 2087 iudiciis
2011 2053 2140 2097 quibus
2162 2057 2355 2090 conventus

1265 2101 1319 2132 est
1349 2101 1412 2132 aut
1445 2097 1736 2142 stipulationibus
1772 2097 1901 2142 quibus
1933 2107 2079 2133 necesse
2114 2098 2241 2133 habuit
2271 2110 2354 2144 pro·

1265 2142 1404 2177 mittere
1414 2143 1455 2184 ²⁵,
1482 2143 1677 2178 obstrictus
1697 2142 1867 2177 manebit.
1904 2152 1987 2187 ergo
2008 2153 2081 2178 non
2100 2143 2189 2179 alias
2210 2148 2356 2189 cogetur

1265 2188 1453 2223 restituere
1477 2199 1582 2232 quam
1608 2188 1640 2223 ei
1664 2191 1843 2223 caveatur.

1256 2265 1267 2270 -
1311 2230 1364 2270 38
1384 2231 1466 2275 (37)
1488 2235 1516 2254 2⁷
1531 2233 1726 2268 ULPJANUS
1743 2233 1834 2269 libro
1853 2235 1959 2268 sexto
1978 2233 2114 2269 decimo
2133 2235 2185 2269 ad
2201 2234 2354 2270 edictum

1265 2278 1446 2313 Restituta
1464 2279 1642 2313 hereditas
1662 2278 1802 2314 videtur
1821 2281 1883 2313 aut
1900 2288 1939 2313 re
1956 2278 2047 2323 ipsa,
2069 2279 2099 2314 si
2115 2278 2207 2314 forte
2225 2290 2354 2324 passus

1266 2327 1320 2358 est
1345 2324 1447 2359 heres
1471 2323 1649 2369 possideri
1671 2333 1728 2359 res
1753 2323 1988 2359 hereditarias
2013 2324 2068 2359 vel
2091 2328 2186 2359 totas
2210 2324 2265 2359 vel
2289 2325 2354 2359 ali-

1266 2379 1355 2413 quas
1380 2379 1502 2404 earum
1526 2370 1595 2404 hac
1618 2372 1747 2410 mente,
1774 2372 1816 2404 ut
1837 2368 1944 2404 vellet
1967 2369 2170 2404 restitueret
2191 2369 2250 2404 ille
2275 2380 2354 2405 sus-

1266 2414 1434 2458 cipere²⁸‚
1467 2425 1538 2449 non
1570 2414 1600 2449 si
1632 2424 1676 2449 ex
1707 2414 1779 2449 alia
1804 2424 1914 2449 causa
1936 2414 2076 2458 putavit
2099 2417 2134 2449 te
2185 2414 2352 2450 ossidere.

1265 2459 1328 2495 sed
1352 2463 1389 2495 et
1413 2460 1442 2495 si
1466 2463 1593 2505 postea
1616 2463 1733 2494 ratum
1757 2459 1902 2501 habuit,
1934 2458 2026 2494 idem
2056 2459 2124 2494 erit
2179 2459 2352 2495 'cendum

1265 2505 1327 2539 sed
1351 2508 1388 2540 et
1411 2505 1442 2540 si
1465 2505 1572 2539 verbo
1597 2505 1686 2539 dixit
1709 2515 1748 2540 se
1772 2504 1971 2546 restituere,
1998 2504 2054 2539 vel
2103 2515 2141 2539 er
2164 2505 2353 2549 epistulam

1263 2550 1318 2585 vel
1341 2561 1405 2594 per
1428 2550 1590 2584 nuntium
1615 2549 1792 2592 restituat,
1818 2549 1995 2584 audietur.
2031 2515 2099 2584 sed)
2118 2553 2155 2585 et
2178 2550 2209 2585 si
2228 2551 2353 2585 volun·

1263 2598 1337 2630 tate
1369 2599 1432 2629 tua
1462 2595 1522 2630 alii
1554 2595 1767 2638 restituerit,
1803 2595 1839 2629 in
1874 2598 1909 2629 te
1940 2595 2146 2630 transibunt
2180 2595 2352 2631 actiones.

1263 2641 1347 2675 item
1378 2640 1408 2675 si
1437 2640 1528 2675 alius
1558 2641 1659 2675 iussu
1688 2650 1766 2675 meo
1797 2639 1957 2675 restituit
1984 2639 2040 2675 vel
2063 2643 2178 2674 ratam
2201 2641 2353 2676 habui²⁹

1270 2689 1280 2719 l
1331 2685 1603 2727 restitutionem,
1629 2685 1800 2720 transisse
1824 2684 1983 2720 actiones
2007 2684 2183 2720 videntur.
2230 2685 2352 2731 Pupil-

1264 2731 1319 2766 lus
1344 2734 1463 2766 autem
1486 2731 1563 2775 ipse
1588 2731 1694 2766 debet
1717 2731 1904 2765 restituere
1936 2732 2055 2765 tutore
2087 2734 2252 2775 auctore,
2282 2742 2353 2767 non

1263 2779 1361 2811 tutor
1385 2776 1460 2811 sine
1484 2776 1631 2821 pupillo,
1656 2774 1724 2810 nisi
1748 2775 1866 2810 infans
1891 2777 1956 2817 est,
1987 2774 2071 2820 quia
2094 2785 2160 2811 nec
2184 2776 2353 2811 mandare

1264 2821 1422 2856 actiones
1437 2825 1535 2856 tutor
1554 2821 1681 2866 pupilli
1702 2820 1758 2855 sui
1774 2822 1906 2865 potest.
1945 2821 2029 2856 ³⁰ne
2049 2831 2087 2856 se
2108 2821 2249 2865 quidem
2267 2832 2351 2856 auc-

1263 2870 1341 2902 tore
1372 2867 1548 2911 pupillum
1577 2866 1766 2901 restituere
1798 2865 1957 2910 potuisse
1988 2866 2222 2902 hereditatem
2253 2867 2352 2901 divus

1265 2912 1415 2946 Severus
1451 2912 1487 2945 in
1519 2921 1675 2956 persona
1705 2910 1790 2945 Arri
1819 2911 1996 2946 Honorati
2030 2911 2157 2956 pupilli
2186 2911 2351 2954 decrevit,

1264 2957 1324 3001 qui
1339 2955 1444 2991 Arrio
1456 2957 1483 2977 ³¹
1506 2956 1687 2991 Antonino
1712 2959 1842 3000 patruo
1863 2959 1900 2992 et
1917 2956 2029 2992 tutori
2048 2967 2113 2992 suo
2133 2957 2350 2992 restituerat.

1264 3005 1283 3035 2
1332 3001 1403 3036 Sed
1427 3004 1462 3036 et
1480 3003 1509 3036 si
1529 3001 1666 3046 pupillo
1684 3001 1731 3036 sit
1750 3001 1979 3045 restituenda,
2003 3012 2076 3037 non
2092 3012 2198 3047 posse
2216 3002 2350 3047 pupillo

1264 3046 1339 3081 sine
1363 3046 1492 3081 tutoris
1516 3047 1732 3082 auctoritate
1755 3046 1895 3082 restitui
1920 3050 2079 3082 constat:

1311 3089 1363 3128 39
1390 3089 1473 3134 (38)
1500 3091 1660 3127 PAULUS
1680 3091 1770 3127 libro
1794 3092 1986 3127 vicensimo
2010 3092 2060 3127 ad
2083 3092 2236 3127 edictum
2279 3101 2351 3126 non

1265 3136 1356 3172 enim
1386 3136 1516 3172 solutio
1541 3140 1596 3172 est
1619 3136 1827 3172 hereditatis
1851 3137 2049 3180 restitutio,
2083 3137 2147 3172 sed
2169 3140 2205 3172 et
2215 3137 2245 3157 ³²
2269 3146 2349 3171 suc-

1265 3182 1388 3225 cessio,
1414 3193 1494 3216 cum
1520 3181 1705 3226 obligetur.

1311 3226 1363 3264 40
1391 3225 1470 3271 (39)
1503 3226 1697 3262 ULPJANUs
1718 3227 1808 3263 libro
1830 3229 1935 3263 sexto
1960 3227 2095 3262 decimo
2125 3226 2176 3261 ad
2197 3225 2348 3261 edictum

1265 3272 1335 3307 Sed
1358 3283 1424 3307 nec
1448 3272 1518 3317 ipsi
1540 3272 1652 3307 tutori
1673 3272 1877 3308 indistincte
1900 3272 2040 3308 restitui
2064 3274 2194 3317 potest.

1311 3316 1361 3354 41
1381 3316 1463 3360 (40)
1482 3316 1537 3352 ΡΑ
1545 3326 1588 3353 UL
1596 3326 1640 3352 vs
1652 3317 1743 3354 libro
1760 3319 1951 3354 vicensimo
1966 3317 2016 3353 ad
2032 3317 2184 3353 edictum
2219 3315 2346 3360 Quam-

1265 3432 1310 3465 vit
1329 3431 1381 3464 F2

1266 3479 1323 3517 (19)
1349 3486 1392 3508 an
1413 3476 1475 3509 del.

1488 3431 1546 3472 (17)
1570 3430 1726 3465 debeonis
1745 3433 1781 3466 F
1886 3435 1944 3473 (18)
1969 3431 2004 3464 id
2025 3433 2072 3463 est
2090 3429 2265 3473 pecuniam
2286 3430 2347 3463 dal.

1592 3477 1654 3518 (20)
1679 3476 1800 3510 damna
1820 3479 1853 3511 et
1870 3477 1998 3509 fructus
2016 3477 2268 3518 compensentur
2287 3488 2346 3507 scr.

1265 3523 1324 3563 (21)
1349 3521 1392 3553 ad
1404 3522 1585 3564 habetpost
1597 3522 1750 3564 obissent,
1764 3525 1823 3556 hoc
1838 3524 1904 3555 loco
1918 3535 1974 3553 om.
1990 3523 2023 3553 F
2110 3525 2170 3559 (22)
2196 3519 2236 3551 de
2250 3532 2307 3552 om.
2324 3520 2358 3552 F

1264 3567 1327 3608 (23)
1353 3565 1518 3599 nonnulla
1536 3579 1598 3601 scr.
1739 3571 1800 3609 (24)
1824 3566 1975 3600 omnibus
1997 3567 2032 3599 F
2157 3566 2217 3606 (25)
2243 3564 2300 3605 qui
2324 3565 2356 3596 F

1264 3613 1328 3653 (26)
1354 3611 1506 3645 omittere
1518 3613 1629 3646 iuml?
1671 3613 1734 3654 (27)
1761 3614 1834 3650 ad§
1852 3619 1862 3644 1
1879 3613 1918 3654 cf.
1935 3611 2137 3649 l.1§13l1.e.
2195 3611 2257 3649 (28)
2282 3618 2347 3641 res-

1263 3657 1386 3690 tituere
1399 3658 1432 3689 et
1443 3658 1476 3690 te
1488 3657 1653 3700 suscipere
1665 3670 1727 3691 scr.
1823 3658 1884 3697 (29)
1910 3656 2028 3687 habuit
2041 3656 2076 3687 F
2155 3655 2217 3693 (3ο)
2243 3654 2347 3686 tutori

1264 3701 1328 3744 ipsi
1342 3703 1400 3736 ins.
1416 3702 1576 3744 (similiter
1587 3704 1683 3744 Hal.)
1778 3702 1838 3743 (31)
1863 3701 1958 3743 aprio
1972 3701 2004 3732 F
2091 3700 2153 3742 (32)
2177 3700 2210 3732 et
2223 3699 2286 3732 del.
