2528 3918
190 123 481 168 xmae

1274 116 1361 168 636

2022 134 2431 175 ommaoumus

192 245 290 282 eius:
323 254 425 280 servo
449 244 543 280 enim
565 245 714 280 absente
737 243 807 280 nisi
829 246 968 290 emptor
990 244 1086 279 intra
1108 246 1279 296 quattuor
1351 247 1363 277 1
1415 252 1543 286 causa,
1574 242 1633 278 lex
1660 242 1765 279 Aelia
1795 242 1919 280 Sentis.
1946 243 2065 280 locum
2095 243 2216 280 habet.
2264 244 2303 280 Si
2331 244 2433 281 miles

192 289 564 372 ffffifflposue‘rit
586 289 801 332 libertatem,
823 298 870 326 ex
893 288 1208 326 constitutiombus
1233 287 1279 323 ad

414 345 504 381 eripi
521 345 576 371 ur.

663 471 818 513 V1m¹.

245 537 327 577 QUI
348 538 410 572 m·
432 539 463 572 A
486 536 653 576 QUIBUS
675 537 931 571 MANUMISSI
955 536 1115 569 LIBERI
1138 536 1234 570 NON

265 582 409 618 FIUNT
433 583 493 617 ΕΤ
516 583 577 616 AD
601 583 764 617 LEGEM
788 583 966 615 AELIAM
990 581 1205 615 SENTIAM.

242 647 261 686 1
296 648 492 685 Uirum-1
511 648 603 685 libro
613 649 736 695 primo
758 648 807 683 ad
823 647 998 683 Sabinum
1046 646 1171 683 Celsus
1187 646 1280 683 libro

194 693 405 731 duodecimo
429 694 647 740 digestorum
671 693 836 729 utilitatis
859 692 975 738 gratia
994 696 1112 728 motus
1132 691 1280 728 surdum

192 740 245 776 ita
268 743 393 776 natum
415 739 664 775 manumittere
686 748 793 784 posse
817 737 879 773 ait.

239 782 265 822 2
295 784 404 821 1011!
427 784 519 821 libro
550 784 655 820 tertio
686 784 737 819 ad
764 782 938 819 Sabinum
998 782 1107 818 Servo
1138 792 1280 827 compe-

192 834 269 911 ηιξ
291 829 441 866 libertas
464 840 537 866 non
560 833 696 875 potest,
729 828 759 864 si
788 828 967 874 relegatus
990 830 1151 863 moratus
1175 827 1222 862 sit
1244 828 1281 862 in

194 885 417 959 ιιι.3Θ’0.41ι]ε
442 919 534 955 libro
557 917 715 971 secungio
739 917 785 953 de
808 917 937 971 leqatis
965 917 1015 953 ad
1036 918 1190 953 edictum
1214 929 1281 952 ur-

194 966 309 1003 bicum
356 965 396 1001 Si
418 965 515 1010 optio
540 963 693 1000 hominis
718 962 803 999 data
817 967 866 999 sit
880 963 936 998 vel
951 962 1158 999 indistincte
1175 963 1281 998 homo

194 1011 332 1057 legatus
363 1010 428 1054 sit,
467 1020 540 1046 non
602 1011 696 1044 otest
732 1009 836 1044 heres
868 1008 1042 1054 quosdam
1073 1018 1195 1044 servos
1226 1008 1281 1043 vel

194 1066 316 1093 omnes
339 1054 573 1091 manumitten
599 1064 620 1090 o
645 1056 709 1089 aut
732 1056 889 1089 evertere
920 1055 985 1089 aut
1010 1052 1195 1089 minuere²
1225 1053 1281 1088 ius

194 1101 397 1138 electionis:
439 1110 523 1136 nam
559 1098 705 1144 optione
744 1098 818 1134 sive
856 1098 1030 1134 electione
1068 1098 1161 1134 servi
1197 1098 1283 1134 data

194 1146 456 1192 quodammodo
488 1144 618 1190 singuli
649 1144 716 1180 sub
741 1143 951 1180 condicione
974 1144 1082 1189 legati
1103 1143 1281 1179 videntur.

220 1191 267 1246 ‘4
305 1191 500 1245 Ιζινιᾼινυε
535 1190 627 1226 libro
648 1190 764 1243 ‘tertio
796 1189 1081 1235 disputationum
1136 1189 1282 1224 Servum

194 1248 218 1284 p
276 1236 659 1334 ἓωῶἴξὲἲσῖἳῇἳι
670 1290 763 1316 sexa
778 1244 1093 1326 ᾚίιξιὲεεὲἲένεὼ
1128 1279 1282 1331 ᾴίᾳεείο-

195 1339 275 1364 rum
310 1326 398 1362 Cum
421 1325 600 1362 hereditas
625 1325 747 1361 solven
772 1335 793 1361 o
817 1335 890 1361 non
912 1327 977 1369 est,
1002 1334 1162 1370 quamvis
1177 1324 1282 1360 heres

195 1373 277 1410 locu
301 1372 354 1408 les
385 1371 533 1414 existat,
571 1369 721 1407 libertas
757 1381 802 1406 ex
831 1370 1070 1406 testamento⁴
1101 1379 1181 1405 com
1207 1369 1282 1404 etit.

197 1423 212 1454 1
288 1417 303 1453 i
325 1420 445 1453 autem
466 1416 498 1452 is
522 1415 583 1469 qui
607 1415 774 1452 solvendo
798 1426 871 1452 non
893 1419 949 1451 est
966 1416 1036 1451 hoc
1051 1414 1156 1451 modo
1202 1414 1283 1450 ber-

194 1467 306 1500 tatem
337 1461 475 1498 dederit
507 1465 550 1497 ‘si
580 1460 816 1496 creditoribus
838 1460 927 1496 meis
950 1460 1103 1496 solidum
1126 1460 1284 1496 solutum

195 1509 332 1551 ‘fuerit,
363 1507 508 1542 Stichus
536 1506 627 1542 liber
658 1507 759 1550 esto’,
790 1517 864 1542 non
891 1509 1013 1552 potest
1042 1505 1154 1541 videri
1183 1504 1282 1541 frau-

195 1557 215 1590 2
263 1552 463 1589 dandorum
494 1551 713 1588 creditorum
749 1551 882 1587 liberos
917 1560 998 1587 esse
1031 1550 1191 1587 iussisse.
1246 1550 1284 1586 Si

195 1599 312 1635 Titius
335 1597 424 1634 nihil
448 1597 601 1643 amplius
622 1597 661 1632 in
684 1597 787 1632 bonis
812 1606 919 1642 quam
938 1596 1100 1632 Stichum
1123 1599 1158 1631 et
1176 1594 1283 1631 Pam-

194 1644 331 1691 philum
353 1643 487 1679 habeat
509 1652 642 1687 eosque
666 1642 712 1685 sti
739 1642 853 1677 ulanti
871 1641 1012 1678 Maevio
1035 1641 1088 1677 ita
1109 1640 1283 1687 promise-

195 1690 265 1726 rit‘
288 1688 462 1725 ‘Stichum
485 1692 549 1723 aut
561 1687 675 1733 Pamp
704 1687 710 1694 '
728 1698 789 1722 um
812 1687 898 1723 dare
914 1686 1070 1733 spondes
1079 1687 1119 1730 Τ,
1145 1685 1283 1729 deinde,

196 1746 278 1772 cum
301 1734 411 1770 alium
434 1733 649 1769 creditorem
671 1743 744 1768 non
766 1733 933 1777 haberet,
965 1732 1125 1768 Stichum
1156 1741 1284 1766 manu-

195 1780 349 1817 miserit:
381 1779 529 1815 libertas
560 1788 627 1824 per
656 1778 770 1822 legem
797 1777 936 1814 Aeliam
959 1777 1118 1813 Sentiam
1147 1777 1283 1812 rescin-

195 1826 302 1862 ditur.
372 1824 509 1860 uamvis
532 1824 626 1859 enim
649 1822 719 1859 fuit
741 1822 778 1858 in
802 1826 982 1869 potestate
998 1822 1095 1865 Titii,
1121 1826 1162 1858 ut
1176 1821 1283 1857 Pam·

195 1871 331 1925 philum
378 1875 468 1913 aret,
491 1872 613 1905 tamen
636 1868 805 1914 quamdiu
828 1878 910 1904 eum
932 1878 1007 1904 non
1027 1867 1175 1921 dederit,
1225 1867 1286 1902 uia

196 1915 336 1952 interim
357 1915 449 1951 mori
471 1914 598 1968 possit,
622 1924 695 1950 non
718 1913 794 1966 sine
818 1913 946 1950 fraude
968 1913 1192 1960 stipulatoris
1201 1878 1284 1948 (Sti-

195 1962 303 1998 chum
333 1959 550 1996 manumisit.
602 1958 699 2004 quod
735 1969 767 1994 si
801 1959 916 1995 solum
944 1958 1171 2004 Pamphilum
1207 1957 1286 1993 dari

195 2005 453 2053 promississet,
483 2014 556 2041 non
580 2004 796 2047 dubitarem,
829 2003 915 2049 quin
938 2003 1083 2039 Stichus
1106 2002 1154 2038 ad
1175 2003 1284 2038 liber-

195 2056 307 2088 tatem
337 2050 555 2097 perveniret,
586 2049 747 2095 quamvis
777 2048 939 2085 similiter
960 2048 1170 2095 Pamphilus
1193 2047 1286 2083 mori

196 2097 328 2144 possit:
358 2096 510 2132 multum
538 2095 633 2131 enim
662 2094 831 2138 interest,
862 2093 1089 2130 contineatur
1116 2093 1197 2139 ipsa
1220 2092 1284 2129 sti-

195 2141 378 2189 pulatione
400 2141 433 2177 is
456 2140 518 2186 qui
540 2139 801 2176 manumittitur
829 2149 876 2176 an
907 2143 1010 2175 extra
1033 2138 1285 2184 obligationem

196 2188 253 2225 sit.
289 2196 372 2223 nam
395 2189 433 2222 et
456 2185 540 2231 qui⁶
563 2186 609 2221 ob
629 2194 759 2221 aureos
778 2184 936 2230 quinque
950 2184 1111 2220 Stichum
1127 2188 1163 2219 et
1178 2183 1283 2219 Pam-

195 2232 334 2279 philum
356 2230 498 2278 pignori
520 2230 675 2275 dederit,
707 2240 789 2266 cum
814 2233 896 2265 uter
920 2239 967 2265 ue
989 2239 1114 2265 eorum
1138 2228 1284 2274 quinum

197 2287 389 2314 aureorum
410 2276 468 2320 sit,
492 2279 620 2312 neuter
636 2274 838 2311 manumitti·
879 2285 899 2311 o
939 2278 990 2311 st:
1015 2279 1054 2310 at
1073 2274 1104 2310 si
1122 2273 1284 2310 Stichum

197 2323 313 2359 solum
341 2321 480 2368 pignori
511 2321 666 2366 dederit,
706 2320 819 2366 Pamp
872 2330 932 2356 um
962 2330 1037 2356 non
1072 2319 1214 2355 videtur
1246 2318 1284 2354 in

195 2367 361 2404 fraudem
384 2366 571 2403 creditoris
594 2366 854 2402 manumittere.

243 2411 269 2451 6
294 2412 498 2450 Scaevoia
522 2411 614 2448 libro
636 2414 743 2448 sexto
766 2410 903 2447 decimo
928 2410 1177 2457 quaestionum
1223 2409 1283 2445 Iu-

193 2459 314 2540 {ianus
345 2457 390 2494 de
417 2467 461 2495 eo
492 2457 668 2503 loquitur,
701 2455 763 2503 qui
788 2456 827 2491 in
849 2455 1053 2492 substantia
1075 2454 1164 2490 nihil
1186 2453 1285 2490 aliud

223 2504 349 2540 abeat:
388 2512 472 2540 nam
500 2501 533 2539 si
560 2502 710 2547 habeat,
748 2511 858 2547 quare
892 2511 966 2537 non
1001 2500 1140 2537 dicetur
1172 2510 1285 2536 unum

197 2559 304 2596 posse
325 2547 555 2585 manumitti?
596 2547 682 2594 quia
703 2550 741 2583 et
762 2557 835 2583 uno
858 2549 1001 2582 mortuo
1025 2545 1193 2582 solvendo
1217 2548 1284 2588 est,

197 2599 234 2631 et
256 2604 329 2630 uno
352 2593 570 2630 manumisso
594 2591 763 2629 solvendo
786 2595 852 2635 est,
875 2601 943 2627 nec
966 2590 1155 2627 adventicii
1179 2600 1285 2627 casus

199 2638 428 2686 computandi
458 2639 572 2675 sint⁷:
610 2638 770 2683 alioquin
802 2641 839 2673 et
876 2637 938 2683 qui
966 2647 1078 2672 unum
1107 2636 1284 2673 incertum

198 2695 244 2722 ex
266 2684 378 2721 servis
401 2684 476 2721 suis
499 2683 673 2730 promisit,
697 2682 873 2719 neminem
896 2682 1132 2718 manumittet.

246 2727 269 2767 7
303 2729 496 2765 IULIANUS
525 2729 617 2765 libro
648 2728 804 2764 secundo
836 2727 886 2764 ad
922 2727 1082 2764 Urseium
1112 2727 1284 2763 Ferocem

199 2775 239 2811 Si
294 2775 350 2810 uis
379 2774 527 2820 integris
559 2773 795 2810 facultatibus
830 2772 1014 2809 codicillos
1050 2771 1283 2815 confirmavit,

199 2819 281 2856 dein
306 2829 338 2863 e,
362 2830 443 2855 cum
467 2819 655 2856 consilium
679 2818 896 2855 creditorum
919 2817 1202 2854 fraudandorum
1226 2827 1283 2852 ce-

198 2865 322 2912 pisset,
340 2864 524 2901 libertates
540 2863 713 2901 codicillis
730 2863 876 2907 dederit,
897 2863 1051 2909 optineri
1063 2873 1137 2899 non
1152 2866 1283 2908 potest,

199 2909 1285 2999 iiiffnsstiffisfifffflffissnffimssflioeifflffie‘ssssl

199 3003 373 3043 servatur,
420 3010 468 3037 uo
489 2999 643 3036 codicilli
666 2999 934 3042 confirmantur,
958 2999 1022 3035 sed
1045 3009 1117 3045 quo
1138 2999 1285 3035 libertas

202 3050 219 3082 1
267 3045 349 3082 codi
463 3044 580 3081 datur.
624 3045 746 3081 Minor
767 3044 870 3081 annis
893 3044 1017 3090 viginti
1040 3055 1122 3080 cum
1146 3054 1285 3081 servum

199 3091 448 3128 manumittere
475 3090 581 3126 vellet
607 3100 674 3126 nec
702 3090 834 3127 iustam
857 3099 1004 3126 causam
1027 3089 1074 3125 ad
1097 3089 1285 3125 consilium

200 3134 473 3172 manumittendi
493 3135 653 3178 haberet,
677 3135 743 3171 tibi
765 3145 848 3171 eum
870 3138 912 3171 ut
932 3134 1199 3171 manumitteres
1223 3133 1284 3170 de-

200 3182 270 3218 dit:
310 3180 453 3228 negavit
482 3190 564 3217 eum
594 3180 770 3217 Proculus
801 3181 954 3217 liberum
982 3189 1079 3223 esse,
1118 3179 1285 3226 quoniam

199 3227 300 3264 fraus
321 3227 391 3273 legi
412 3225 512 3263 facta
534 3229 641 3263 esset.

247 3269 272 3311 8
301 3273 529 3308 „animnos
559 3270 651 3308 libro
683 3271 788 3306 tertio
818 3270 1069 3317 quaestionum
1124 3269 1213 3306 Cum
1241 3269 1284 3313 is,

201 3317 262 3363 qni
284 3317 352 3354 sub
377 3316 586 3354 condicione
609 3315 726 3359 debet,
749 3315 977 3352 manumittat
998 3315 1286 3352 fideicommissi·

247 3433 289 3472 (ι)
313 3432 396 3466 Sub.
410 3439 488 3467 1...s.
501 3438 596 3466 imi-1.
609 3438 665 3471 so:
682 3430 748 3465 Ed.
763 3437 879 3464 is...24.
892 3437 935 3465 si.
948 3437 1002 3470 ⁸2:
1021 3431 1107 3474 Pap.
1121 3437 1150 3464 o.
1163 3437 1284 3465 κωκυ.

200 3495 247 3501 -
259 3477 345 3511 Bas.
357 3477 414 3519 48,
425 3483 453 3510 ’1.
463 3494 509 3501 -
524 3477 574 3520 C's.
593 3476 670 3511 God-
684 3477 717 3518 7,
728 3482 760 3510 ι2
818 3476 864 3517 (2)
889 3477 948 3508 aut
959 3475 1110 3509 minnere
1121 3477 1181 3509 aut
1191 3486 1284 3509 evei·-

202 3524 271 3556 tere
282 3535 345 3555 aar.
441 3523 485 3565 (s)
509 3523 584 3561 ads
599 3529 612 3556 ι
626 3522 669 3573 ᾳ.
682 3520 729 3555 D.
740 3521 796 3562 40,
809 3527 839 3562 ⁴,
850 3527 884 3554 si
985 3522 1029 3563 (⁴)
1053 3530 1123 3554 non
1135 3522 1194 3555 im.
1209 3521 1283 3555 deu.

202 3569 246 3609 (s)
270 3576 390 3610 eosque
400 3566 589 3610 promiserit
598 3564 775 3610 stipulanti
786 3564 917 3598 naevio
929 3564 978 3597 ita
988 3578 1051 3599 scr.
1144 3567 1187 3607 (e)
1212 3565 1283 3608 qni]

219 3612 227 3619 ’
461 3611 507 3655 (7)
531 3614 612 3645 sunt
627 3611 701 3645 edd.
793 3610 839 3652 (8)
863 3609 1124 3643 ἰηιιᾱιιιιᾱοτιιιιι
1141 3609 1284 3643 oredito-

579 3658 625 3698 (ο)
650 3655 712 3689 etsi
730 3667 795 3690 uer.
918 3659 977 3693 (ιο)
1004 3657 1045 3698 cs.
1066 3656 1144 3688 [nse.
1170 3656 1199 3697 ι,
1218 3662 1247 3695 e,
1267 3663 1282 3687 s

505 3706 550 3742 (12
585 3698 808 3744 praevalui-e
826 3700 937 3733 tamen
956 3699 1105 3741 videtur,
1128 3700 1190 3732 nisi
1211 3701 1282 3732 ani-

606 3744 640 3778 di
660 3744 879 3778 manuari-or
895 3742 1025 3786 habuit,
1042 3754 1110 3777 non
1128 3744 1284 3787 impediri

202 3622 230 3645 si
241 3612 297 3645 oui
307 3624 370 3646 scr.

202 3667 277 3690 rum
301 3656 454 3691 &iacias

202 3703 258 3742 (ιι)
281 3701 333 3735 vel
345 3701 399 3734 Γ*

203 3757 293 3779 mum
314 3756 446 3789 quoque
463 3747 538 3780 sm

1347 288 1425 323 iure
1452 287 1598 323 militari
1625 291 1838 325 testamento
1874 288 1972 325 facto
2006 289 2192 326 libertates
2227 289 2365 326 dederit
2394 289 2432 325 in

1348 331 1511 368 fraudem
1542 332 1756 368 creditorum
1784 336 1822 370 et
1851 344 1923 370 non
1954 334 2123 371 solvendo
2146 334 2336 379 moriatur,
2365 334 2431 370 im-

1347 378 1540 424 pediuntur
1563 378 1759 414 libertates.

1394 420 1420 460 9
1444 422 1680 459 Mino-mres
1705 423 1796 459 libro
1814 424 1936 470 primo
1961 424 2223 460 institutionum
2269 423 2335 460 llle
2357 434 2431 460 ser-

1348 478 1414 504 vus
1436 467 1527 503 liber
1548 477 1622 503 non
1644 467 1714 503 erit
1754 468 1816 514 qui
1837 468 1873 504 vi
1896 468 2071 514 coegerIt,
2100 473 2143 504 ut
2164 479 2246 505 eum
2269 468 2432 505 dominus

1347 513 1586 555 manumittat,
1610 513 1671 548 et⁰
1693 495 1767 567 ille·
1801 514 1986 550 erterritus
2010 514 2155 560 scripsit
2177 514 2330 551 liberum
2352 523 2432 550 eum

1352 562 1366 593 1
1417 568 1508 594 esse.
1554 558 1645 594 Item
1667 567 1735 594 nec
1795 568 1816 594 e
1838 558 1930 595 liber
1951 559 2029 595 fieri
2056 563 2194 605 potest,
2226 559 2288 604 qui
2318 569 2342 595 a
2370 559 2432 595 do-

1349 603 1444 639 mino
1468 613 1541 639 non
1563 606 1620 639 est
1641 602 1810 639 defensus
1838 603 1876 639 in
1900 604 2045 650 capitali
2068 604 2216 640 crimine
2239 607 2434 650 posteaque

1350 651 1370 684 2
1417 648 1606 684 absolutus
1629 651 1695 684 est.
1742 647 1812 693 Qui
1834 649 1903 685 hac
1927 649 2004 695 lege
2027 650 2215 694 venierint,
2241 659 2285 685 ne
2308 659 2432 684 manu·

1349 693 1554 736 mittantur,
1587 693 1644 729 vel
1674 692 1736 738 qui
1766 697 1978 730 testamento
2007 694 2177 740 prohibiti
2206 694 2281 730 sint
2309 704 2432 730 manu-

1349 738 1443 774 mitti
1472 738 1528 774 vel
1556 738 1659 774 iussu
1715 738 1862 775 raesidis
1885 738 2108 784 provinciae,
2138 740 2222 776 licet
2245 739 2432 775 manumit-

1349 787 1485 827 tantur,
1508 788 1628 819 tamen
1652 749 1713 819 af
1722 783 1923 820 libertatem
1946 795 2019 820 non
2041 784 2262 830 perveniunt.

1400 828 1450 867 10
1464 830 1492 850 ¹⁰
1511 829 1635 865 Gsws
1648 828 1740 865 libro
1803 830 1873 864 imo
1890 840 2011 881 rerum
2026 829 2305 882 coniitianoeum
2321 830 2395 866 sive
2407 830 2434 882 ξ*

1351 885 1551 965 ἕὲἶιῖἕᾛ
1573 873 2083 972 viiifflesneesszzissfffi
2106 878 2355 962 efflui
2363 886 2434 956 ,331

1350 965 1464 1001 vendo
1498 975 1572 1000 non
1607 968 1664 1000 est
1692 964 1748 1000 vel
1782 964 1874 1001 datis
1911 964 2137 1001 libertatibus
2169 965 2350 1001 desiturus
2381 969 2437 1000 est

1350 1009 1519 1046 solvendo
1534 1019 1623 1045 esse.
1663 1011 1807 1055 ¹²saepe
1830 1010 1924 1046 enim
1947 1009 1992 1046 de
2013 1009 2246 1046 facultatibus
2269 1010 2345 1047 suis
2360 1020 2436 1046 am-

1350 1055 1463 1101 plius,
1489 1065 1597 1100 quam
1619 1054 1658 1091 in
1680 1055 1736 1091 his
1759 1058 1832 1098 est,
1857 1058 2005 1101 sperant
2025 1055 2199 1092 homines.
2245 1055 2342 1101 quod
2363 1054 2436 1090 fre-

1351 1104 1501 1146 quenter
1532 1100 1665 1136 accidit
1693 1099 1767 1144 his,
1800 1100 1861 1145 qui
1891 1101 2147 1137 transmarinas
2178 1101 2436 1146 negotiationes

1352 1150 1388 1182 et
1417 1146 1495 1181 aliis
1524 1145 1749 1190 regionibus,
1778 1155 1886 1191 quam
1913 1146 1952 1181 in
1980 1146 2110 1191 quibus
2140 1146 2210 1192 ipsi
2240 1149 2436 1187 morantur,

1350 1201 1416 1236 per
1439 1201 1561 1227 servos
1584 1194 1693 1236 atque
1715 1190 1863 1227 libertos
1888 1194 2074 1227 exercent:
2106 1191 2202 1237 quod
2225 1201 2287 1227 sae
2338 1217 2349 1234 ,
2373 1190 2435 1226 ad-

1350 1236 1445 1272 tritis
1459 1237 1487 1258 ¹⁸
1508 1235 1587 1271 istis
1611 1236 1910 1288 negotiationibus
1934 1236 2040 1281 longo
2063 1240 2241 1282 tempore,
2271 1237 2285 1271 i
2336 1235 2435 1281 igno·

1351 1285 1434 1318 rant
1457 1284 1494 1318 et
1515 1280 1795 1317 manumittendo
1819 1281 1896 1317 sine
1919 1281 2057 1318 fraudis
2081 1281 2230 1318 consilio
2252 1281 2437 1326 indulgent

1352 1326 1463 1363 servis
1487 1327 1562 1363 suis
1584 1326 1797 1362 libertatem.

1401 1371 1447 1409 11
1484 1371 1721 1408 Mummios
1748 1372 1839 1407 libro
1872 1372 1976 1407 tertio
2007 1371 2146 1408 decimo
2177 1371 2436 1407 institutionum

1350 1417 1394 1453 In
1421 1417 1586 1453 fraudem
1618 1416 1814 1452 civitatium
1842 1416 2049 1453 manumissi
2071 1417 2119 1452 ad
2141 1417 2344 1452 libertatem
2366 1426 2437 1451 non

1356 1467 1370 1498 ι
1419 1463 1576 1505 veniunt,
1599 1465 1642 1498 ut
1664 1467 1809 1498 senatus
1833 1462 1984 1498 censuit.
2031 1461 2103 1498 Sed
2125 1472 2193 1498 nec
2214 1462 2253 1497 in
2275 1460 2436 1497 fiaudem

1351 1507 1430 1544 fisci
1453 1508 1556 1543 datas
1579 1507 1764 1544 libertates
1788 1507 1983 1553 procedere
2039 1507 2273 1553 rincipalibus
2304 1506 2437 1543 consti·

1351 1553 1550 1589 tutionibus
1575 1556 1731 1589 cavetur.
1777 1552 1842 1589 sed
1854 1553 1881 1575 ¹⁴
1912 1552 1983 1588 divi
2068 1556 2142 1589 tres
2163 1552 2275 1588 rescri
2302 1556 2436 1593 serunt,

1351 1609 1425 1634 non
1447 1599 1589 1644 utique,
1622 1598 1654 1633 si
1682 1597 1823 1634 debitor
1852 1597 1931 1634 fisci
1961 1598 2223 1641 manumiserit,
2255 1597 2281 1633 li
2307 1601 2436 1634 ertates

1351 1643 1610 1724 {mpeguntug‚
1634 1642 1791 1724 sedsitta,
1815 1643 1864 1687 si,
1890 1654 1971 1679 cum
1993 1653 2068 1678 non
2089 1647 2169 1679 erat
2191 1642 2378 1685 solvendo,
2401 1642 2438 1678 in

1367 1699 1434 1725 rau
1479 1699 1515 1724 m
1538 1699 1573 1723 m
1597 1699 1681 1723 num
1714 1699 1727 1723 i
1745 1715 1753 1723 .

1401 1732 1452 1771 12
1483 1733 1678 1770 Uzmszvvs
1698 1733 1789 1769 libro
1813 1736 1944 1786 quarto
1964 1732 2009 1769 de
2026 1732 2215 1769 adulteriis
2247 1732 2438 1779 Prospexit

1352 1780 1440 1825 legis
1462 1779 1576 1821 lator,
1605 1788 1651 1815 ne
1680 1778 1860 1832 mancipia
1890 1788 1957 1824 per
1986 1778 2300 1815 manumissionem
2328 1788 2436 1824 quae-

1352 1825 1462 1861 stioni
1491 1823 1758 1866 subducantur,
1796 1823 2002 1877 idcircoque
2029 1823 2212 1869 prohibuit
2239 1833 2284 1860 ea
2311 1833 2436 1859 manu-

1351 1870 1445 1906 mitti
1469 1873 1676 1914 certumque
1700 1869 1793 1904 diem
1815 1869 2037 1914 praestituit,
2066 1869 2162 1904 intra
2185 1878 2288 1915 quem
2309 1878 2436 1905 manu-

1356 1919 1370 1951 1
1419 1915 1561 1951 mittere
1596 1925 1671 1951 non
1704 1914 1864 1950 liceat¹⁵.
1915 1914 2001 1960 Ipsa
2032 1913 2142 1959 igitur
2174 1924 2267 1959 quae
2296 1913 2439 1950 divertit

1353 1971 1476 1996 omnes
1505 1959 1707 1996 omnimodo
1737 1969 1859 1996 servos
1888 1969 1974 1995 suos
2005 1959 2252 1996 manumittere
2274 1959 2330 1996 vel
2353 1959 2436 1995 alie-

1353 2015 1440 2042 nare
1462 2004 1691 2051 prohibetur,
1724 2004 1810 2050 quia
1830 2004 1883 2040 ita
1905 2005 2016 2041 verba
2037 2005 2195 2048 faciunt,
2224 2008 2266 2041 ut
2287 2015 2334 2041 ne
2358 2014 2438 2041 eum

1378 2050 1495 2087 uidem
1518 2060 1677 2093 servum,
1706 2050 1769 2096 qui
1796 2053 1898 2085 extra
1926 2049 2159 2086 ministerium
2181 2049 2258 2086 eius
2281 2049 2437 2086 mulieris

1353 2062 1422 2132 init
1443 2096 1500 2132 vel
1521 2095 1561 2131 in
1583 2105 1670 2141 agro
1693 2095 1750 2131 vel
1771 2095 1809 2130 in
1856 2095 2027 2138 rovincia‚
2053 2095 2169 2140 possit
2189 2095 2439 2131 manumittere

1353 2141 1408 2177 vel
1431 2140 1610 2177 alienare:
1641 2139 1738 2186 quod
1760 2105 1856 2186 quii)

1355 2189 1374 2222 2
1422 2186 1474 2222 ita
1497 2186 1555 2222 lex
1577 2186 1712 2231 scripta
1734 2189 1801 2222 est.
1838 2185 1909 2222 Sed
1932 2189 1970 2222 et
1991 2196 2023 2222 si
2044 2189 2129 2231 post
2152 2185 2340 2222 divortium
2362 2195 2437 2221 ser-

1353 2242 1436 2267 vum
1451 2231 1578 2267 mulier
1589 2230 1772 2284 paravit·¹⁰
1795 2234 1860 2266 aut
1873 2230 1945 2267 alia
1957 2230 2098 2284 ratione
2112 2230 2290 2276 adquisiit,
2314 2240 2437 2276 aeque,

1354 2276 1450 2323 quod
1473 2276 1521 2312 ad
1542 2276 1654 2312 verba
1676 2279 1820 2320 attinet,
1849 2279 2100 2312 manumittere
2127 2286 2201 2312 non
2249 2276 2373 2312 oterit:
2402 2279 2438 2311 et

1354 2325 1383 2357 3·
1421 2322 1474 2357 ita
1496 2321 1626 2358 Sextus
1655 2330 1798 2367 quoque
1822 2320 1999 2358 Caecilius
2022 2320 2182 2357 adnotat.
2254 2324 2334 2357 ater
2354 2331 2438 2357 vero

1352 2367 1390 2402 in
1419 2367 1522 2403 cuius
1549 2369 1729 2412 potestate
1758 2365 1833 2402 filia
1860 2366 1986 2410 fuerit,
2017 2375 2063 2402 ea
2090 2369 2233 2402 tantum
2260 2366 2379 2402 manci
2403 2366 2440 2402 ia

1352 2412 1565 2458 prohibetur
1586 2411 1838 2447 manumittere
1859 2411 2067 2455 alienamve,
2091 2421 2184 2457 quae
2205 2411 2243 2448 in
2259 2421 2328 2447 usu

1353 2461 1375 2492 4
1422 2457 1568 2493 fuerunt
1589 2457 1726 2492 tributa
1737 2457 1776 2493 ²⁷.
1816 2456 1970 2493 Matrem
1992 2466 2134 2510 quoque
2155 2456 2341 2502 prohibuit
2362 2466 2437 2492 ma·

1352 2502 1543 2539 immittere
1571 2502 1771 2538 alienareve
1797 2511 1843 2538 ea
1869 2502 2064 2548 mancipia,
2094 2511 2186 2548 quae
2213 2502 2252 2537 in
2278 2501 2437 2538 ministe-

1354 2551 1375 2584 5
1420 2547 1514 2583 rium
1544 2546 1641 2583 filiae
1671 2550 1910 2583 concesserat.
1957 2546 2030 2583 Sed
2059 2550 2096 2583 et
2123 2556 2228 2582 avum
2259 2550 2297 2582 et
2323 2547 2437 2583 aviam

1353 2593 1536 2639 prohibuit
1548 2593 1798 2628 manumittere
1810 2593 1849 2635 ¹⁸,
1865 2602 1947 2628 cum
1963 2592 2091 2628 horum
2105 2601 2247 2638 quoque
2261 2592 2438 2638 mancipia

1354 2642 1383 2720 g
1422 2637 1671 2719 ‹niihiiestiontzefll
1693 2637 1870 2717 ptostulari
1890 2647 2000 2683 posse
2020 2637 2080 2673 lex
2101 2637 2263 2674 voluerit.
2307 2636 2438 2674 Sextus

1384 2693 1448 2719 aec
1487 2694 1530 2719 us
1552 2692 1614 2719 rec
1673 2693 1710 2718 ai

1847 2150 1903 2176 em
1925 2150 2099 2194 perquam
2121 2139 2249 2177 durum
2272 2144 2345 2184 est,
2373 2140 2438 2176 sed

1390 2729 1398 2736 ·
1418 2729 1427 2737 .
1599 2727 1608 2737 .
1731 2682 2031 2736 ‘angustissimum
2047 2685 2189 2735 tempus
2204 2681 2317 2736 legem
2358 2692 2438 2719 rae-

1353 2732 1487 2765 stitisse
1496 2729 1528 2750 ²⁰
1561 2728 1760 2764 ahenandis
1795 2727 2127 2764 manumittendisve
2158 2737 2280 2764 servis.
2332 2693 2438 2774 finge,

1352 2774 1389 2810 in
1414 2774 1484 2817 uit,
1515 2783 1613 2810 ream
1641 2772 1809 2810 adulterii
1836 2773 1932 2809 intra
1958 2783 1977 2809 s
2089 2773 2216 2808 simum
2239 2772 2332 2809 diem
2354 2782 2437 2819 pos-

1352 2823 1369 2855 t
1409 2823 1523 2855 atam:
1561 2828 1655 2865 quae
1690 2818 1844 2863 cognitio
1880 2822 1955 2854 tam
1991 2817 2011 2853 f
2076 2827 2098 2854 e
2134 2817 2294 2864 expediri
2321 2817 2440 2864 potuit

1354 2864 1538 2907 adulterii,
1575 2868 1617 2900 ut
1650 2863 1748 2900 intra
1779 2863 2038 2909 sexagesimum
2066 2862 2159 2899 diem
2185 2862 2357 2899 finiatur?
2400 2866 2439 2899 et

1353 2914 1473 2946 tamen
1494 2909 1603 2946 licere
1624 2908 1763 2945 mulieri
1810 2909 1945 2945 uamvis
1963 2908 2165 2954 postulatae
2183 2907 2346 2944 adulterii
2362 2917 2437 2944 ser·

1353 2966 1436 2991 vum
1463 2957 1669 3000 suspectum
1699 2954 1739 2990 in
1808 2954 1937 2990 ulterio
1965 2953 2021 2990 vel
2044 2953 2246 3006 quaestioni
2254 2953 2286 2976 ⁸¹
2314 2963 2436 2990 neces-

1353 3001 1503 3044 sarium,
1539 2999 1637 3046 quod
1666 2999 1712 3035 ad
1741 2999 1850 3036 verba
1879 2999 1966 3044 legis
1997 3002 2141 3041 attinet,
2176 2998 2436 3034 manumittere.

1353 3055 1441 3082 sane
1463 3045 1501 3081 in
1524 3045 1622 3081 hunc
1646 3054 1769 3080 casum
1792 3043 2072 3081 subveniendum
2094 3046 2167 3087 est,
2198 3046 2240 3080 ut
2268 3042 2438 3080 destinati

1353 3090 1486 3127 servi²²
1508 3090 1613 3136 quasi
1637 3090 1771 3126 conscii
1792 3089 1849 3126 vel
1872 3089 1976 3135 quasi
1999 3091 2169 3125 nocentes
2191 3098 2265 3125 non
2283 3088 2438 3125 debeant

1354 3139 1372 3171 ’τ
1419 3134 1621 3171 manumitti
1649 3139 1734 3171 ante
1762 3134 1900 3171 finitam
1929 3133 2176 3180 cognitionem.
2222 3133 2333 3170 Pater
2358 3144 2436 3169 mu·

1352 3180 1450 3217 lieris
1479 3180 1536 3216 vel
1564 3183 1695 3224 mater,
1733 3179 1765 3216 si
1797 3180 1893 3216 intra
1926 3190 1944 3216 s
2076 3178 2084 3188 ‘
2122 3189 2181 3215 um
2212 3178 2304 3215 diem
2332 3178 2436 3215 dece-

1354 3226 1494 3269 dant²⁸,
1522 3234 1568 3262 ex
1598 3225 1654 3261 his
1682 3225 1813 3269 servis,
1875 3224 1983 3261 uos²⁴
2078 3223 2314 3261 ministerium
2341 3223 2437 3260 filiae

1354 3270 1530 3352 dederint,
1568 3280 1684 3317 neque
1719 3236 1968 3307 manumittere
2002 3278 2118 3315 neque
2148 3269 2303 3306 alienare
2333 3272 2430 3316 poto-

1353 3327 1423 3353 run
1441 3343 1450 3352 .

1352 3428 1559 3471 libertatem,
1594 3429 1745 3472 quamvis
1780 3427 1868 3462 bona
1898 3428 1970 3462 eius
2000 3427 2218 3461 creditoribus
2248 3436 2315 3460 non
2344 3425 2434 3460 suffi-

1352 3475 1518 3508 oiantins.
1532 3474 1613 3508 Inst.
1695 3475 1753 3517 (is)
1777 3472 1940 3507 adu-iti?
2017 3475 2074 3513 (ιι)
2102 3475 2139 3506 ut
2152 3474 2210 3506 ins.
2296 3473 2353 3513 (ιδ)
2379 3472 2432 3505 do-

1343 3521 1469 3562 ficiunt
1487 3520 1589 3553 uilia.-
1614 3519 1673 3562 qni
1696 3521 1745 3552 est
1767 3518 1987 3561 sexagesimus
2003 3528 2023 3551 a
2041 3517 2193 3551 divortio.
2224 3515 2316 3550 Idem
2335 3516 2434 3549 etism

1352 3564 1396 3597 ad
1418 3563 1653 3598 alienationem
1676 3573 1844 3597 servorum
1866 3563 2022 3605 pertinet.
2153 3564 2212 3603 (ιο)
2235 3560 2349 3604 paruit
2372 3561 2434 3601 ΙΝ,

1360 3609 1475 3651 rapuit
1496 3610 1547 3643 F²
1650 3612 1708 3650 (ιτ)
1732 3607 1892 3642 tributam
1910 3609 1944 3640 F
2046 3610 2106 3649 (te)
2129 3605 2304 3650 prohibuit
2317 3615 2431 3638 manu-

1351 3654 1484 3687 mittere
1503 3655 1565 3688 del.
1664 3654 1724 3696 (ιθ)
1748 3652 1935 3696 quaestioni
1950 3653 2023 3686 odd.
2122 3654 2185 3693 (2ο)
2209 3650 2432 3694 praestituisse

1351 3699 1463 3732 inser.
1518 3701 1580 3742 (2ι)
1603 3698 1795 3742 quaestione
1809 3698 1844 3731 F
1887 3699 1952 3740 (22)
1975 3696 2162 3739 quaestioni
2175 3697 2234 3730 ins.
2289 3696 2352 3737 (2³)
2377 3695 2430 3727 de-

1351 3743 1449 3777 cedat
1461 3743 1541 3778 Hal.
1635 3746 1698 3787 (24)
1723 3742 1798 3785 quis
1810 3742 1843 3775 F
1851 3742 1873 3785 ¹,
1887 3744 1970 3784 quot
1982 3741 2033 3775 F·
