2528 3918
102 93 139 148 si
169 115 397 148 mensotis
424 115 529 148 iisse
559 114 757 147 mcii-'run

565 227 720 268 ΧΙΙΠ*ι

313 296 355 329 SI
380 293 613 329 INGENUUS
636 293 748 326 ESSE
772 293 983 326 DICETUR.

152 361 171 400 1
199 361 438 398 Maeonios
457 360 548 396 libro
571 356 722 406 septimo
747 359 969 406 diqestorum
1014 360 1055 395 Si
1082 360 1189 396 liber-

104 413 162 444 tus
194 407 340 443 alterius
371 406 442 441 alio
474 407 601 449 agente
631 405 805 449 ingenuus
834 405 1090 450 pronuntiatus
1114 415 1192 442 esse

106 454 261 494 dicetur,
291 452 367 488 sine
390 450 464 486 ulla
487 450 698 495 exceptione
719 451 891 496 temporis
914 455 1090 496 patronus
1114 451 1190 486 eius

104 509 146 535 co
198 498 340 533 ‘tionem
363 495 455 532 solet
478 505 654 531 exercere.

199 542 448 579 Summos
476 540 569 576 libro
591 541 716 587 primo
745 539 790 576 de
813 540 940 586 officio
954 541 1192 593 proconsulis

104 589 171 634 Qui
193 598 233 624 se
254 586 374 622 venire
396 596 526 631 passus
551 590 646 621 esset
669 586 859 628 maiorem,
885 586 1024 622 scilicet
1045 590 1087 621 ut
1109 597 1189 632 pre-

103 636 191 669 tium
214 631 261 667 ad
281 632 400 677 ipsum
423 631 641 676 perveniret,
672 631 936 676 prohibendum
959 631 1003 667 de
1026 632 1191 667 libertate

103 677 317 714 contendere
341 676 441 712 divus
465 676 672 712 Hadrianus
697 677 900 713 constituit:
926 677 990 713 sed
1013 677 1192 713 interdum

101 725 152 759 ita
183 721 469 758 contendendum
502 721 681 766 permisit,
714 723 745 758 si
768 723 923 767 pretium
947 733 1050 758 suum
1074 722 1191 757 reddi-

105 774 119 804 1
169 768 289 804 disset.
328 767 397 812 Qui
416 777 455 802 se
475 777 520 801 ex
535 767 767 803 libertinitate
782 767 995 813 ingenuitati
1011 768 1191 810 adserant,

101 825 173 849 non
202 813 299 848 ultra
330 812 416 857 quin
441 812 630 855 nennium,
664 823 772 858 quam
795 813 1004 850 manumissi
1026 813 1190 855 fuissent,

102 863 121 894 2
169 858 369 894 audientur.
417 823 494 902 tbui
527 862 612 903 post
650 858 930 903 quinquennium
966 869 1006 894 re
1031 859 1193 904 perisse²

100 905 336 940 instrumenta
364 902 596 948 ingenuitatis
625 914 713 939 suae
742 904 974 947 adseverant,
1006 870 1050 940 Se
1080 914 1124 940 ea
1153 914 1193 939 re

100 951 198 995 ipsos
220 949 401 994 principes
425 949 548 984 adire³
573 952 738 994 oportere
763 950 980 994 cognituros.

146 992 170 1033 3
188 994 419 1030 POMPONIUS
432 994 524 1030 libro
539 995 666 1040 quinto
680 999 828 1030 senatus
846 995 1091 1031 consultorum
1113 994 1192 1030 Hoc

100 1050 263 1077 sermone
288 1038 453 1084 ‘adgnitis
477 1039 670 1075 natalibus’
696 1039 740 1076 de
759 1041 868 1075 nullis
889 1040 970 1076 aliis
985 1039 1192 1085 intellegen-

106 1090 119 1121 1
170 1086 254 1121 dum
277 1090 333 1120 est
357 1088 521 1120 senatum
545 1085 699 1121 sensisse
723 1096 830 1130 quam
852 1085 1027 1130 ingenuis.
1072 1085 1192 1121 Verbo

101 1135 222 1167 autem
242 1130 528 1175 ‘relinquerent‘⁴
552 1130 659 1165 etiam
678 1131 748 1167 hoc
767 1131 1044 1176 intellegendum
1063 1135 1127 1175 est,
1152 1134 1194 1166 ut

102 1186 346 1222 quaecumque
371 1186 415 1211 ex
437 1185 477 1211 re
500 1175 588 1219 eius,
620 1186 642 1211 a
665 1187 735 1222 quo
759 1177 968 1212 manumissi
991 1180 1104 1219 erant,
1129 1176 1193 1212 ad-

102 1222 234 1268 quisita
262 1222 439 1263 habeant,
478 1221 681 1256 restituant.
736 1221 800 1258 sed
829 1222 867 1257 id
898 1221 1194 1267 quemadmodum

101 1267 350 1320 accipiendum
373 1266 437 1310 sit,
469 1266 659 1302 videndum
684 1271 755 1311 est,
786 1271 953 1303 utrumne
977 1277 1069 1312 quae
1092 1267 1193 1312 igno-

100 1313 264 1348 rantibus
280 1312 433 1348 dominis
452 1312 695 1355 abstulissent,
718 1313 805 1348 item
824 1313 920 1358 quod
935 1323 980 1348 ex
994 1313 1050 1349 his
1065 1312 1192 1357 adqui-

100 1359 219 1402 situm,
238 1358 387 1393 reddere
406 1357 571 1399 debeant,
590 1367 638 1392 an
656 1367 740 1394 vero
760 1358 868 1393 etiam
887 1368 1061 1394 concessa
1076 1361 1112 1394 et
1129 1357 1191 1393 do-

100 1408 187 1440 nata
205 1414 228 1439 a
242 1402 562 1438 manumissoribus
580 1403 737 1448 amplexi
749 1404 822 1439 sint
832 1405 863 1438 ⁵:
885 1403 982 1448 quod
998 1403 1111 1448 magis
1126 1408 1190 1438 est.

145 1448 172 1487 4
202 1448 451 1485 PAPJNJANUS
479 1447 570 1484 libro
602 1449 794 1485 vicensimo
826 1449 984 1485 secundo
1010 1450 1192 1495 quaestio-

99 1506 185 1530 num
232 1494 368 1537 Oratio,
393 1503 486 1539 quae
508 1493 677 1539 prohibet
700 1493 798 1539 apud
818 1494 983 1530 consules
1003 1498 1068 1529 aut
1085 1504 1190 1540 prae-

99 1540 195 1577 sides
217 1539 483 1585 provinciarum
506 1542 590 1584 post
614 1539 895 1584 quinquennium
923 1550 946 1574 a
976 1539 1034 1575 die
1064 1550 1191 1575 manu-

99 1585 276 1622 missionis
292 1585 331 1620 in
345 1584 601 1629 ingenuitatem
612 1585 626 1606 ⁶
641 1585 876 1630 proclamare,
893 1585 1029 1620 nullam
1045 1595 1192 1621 causam

100 1635 164 1667 aut
187 1641 378 1676 personam
401 1630 545 1675 excipit.

147 1675 171 1714 5
196 1676 304 1712 IDEM
323 1675 414 1711 libro
438 1675 575 1711 decimo
600 1686 856 1721 responsorum
892 1675 1092 1711 Patronum
1109 1679 1194 1720 post

29 1710 31 1713 ἵ
100 1721 380 1768 quinquennium
404 1720 601 1756 sententiae
625 1731 692 1766 pro
715 1721 936 1766 ingenuitate
960 1720 1095 1765 dictae,
1113 1731 1192 1774 ‘quo

99 1768 286 1813 ignorante
314 1776 372 1802 res
401 1766 560 1801 iudicata
594 1770 664 1810 est,
697 1777 770 1802 non
799 1777 878 1802 esse
908 1766 1192 1812 praescriptione

100 1812 270 1857 temporis
294 1811 585 1848 summovendum
608 1811 790 1856 respondi.

146 1856 171 1895 6
210 1858 406 1894 Uafflms
434 1856 526 1892 libro
559 1857 768 1903 triqensimo
802 1861 928 1894 octavo
959 1857 1009 1893 ad
1037 1858 1192 1894 edictum

100 1904 271 1948 Quotiens
305 1902 348 1938 de
379 1902 450 1937 hoc
481 1902 725 1945 contenditur,
761 1913 810 1938 an
841 1903 921 1948 quis
951 1903 1103 1939 libertus
1135 1903 1192 1945 sit,

100 1950 173 1985 sive
198 1958 328 1994 operae
351 1951 522 1993 petantur
545 1947 618 1983 sive
642 1948 852 1993 obsequium
876 1948 1101 1984 desideretur
1120 1949 1194 1984 sive

99 1995 207 2030 etiam
237 1993 379 2029 famosa
407 1994 501 2028 actio
533 1993 742 2028 intendatur
777 1994 849 2029 sive
883 1994 921 2029 in
955 1995 1011 2030 ius
1046 1998 1195 2030 vocetur

101 2040 161 2086 qui
191 2050 230 2075 se
260 2043 453 2084 patronum
483 2038 570 2074 dicit
601 2039 674 2074 sive
703 2039 803 2075 nulla
834 2049 944 2075 causa
967 2039 1193 2082 interveniat,

100 2085 261 2121 redditur
291 2083 560 2130 praeiudicium.
618 2084 681 2119 sed
713 2090 749 2120 et
781 2085 943 2129 quotiens
975 2084 1056 2131 quis
1084 2085 1194 2120 liber-

100 2132 214 2166 tinum
238 2130 381 2175 quidem
405 2140 443 2164 se
468 2129 671 2172 confitetur,
696 2130 863 2166 libertum
887 2135 1009 2166 autem
1026 2130 1108 2166 Gaii
1123 2130 1194 2166 Seii

103 2187 143 2213 se
165 2180 290 2221 negat,
322 2175 417 2210 idem
441 2175 700 2220 praeiudicium
725 2176 841 2211 datur.
889 2175 1052 2211 redditur
1074 2179 1194 2211 autem

104 2223 278 2258 alterutro
306 2220 549 2256 desiderante:
582 2220 646 2256 sed
677 2221 833 2257 actoris⁷
865 2221 1030 2267 partibus
1055 2231 1196 2267 semper

100 2268 162 2312 qui
186 2277 226 2303 se
248 2270 442 2312 patronum
466 2265 553 2301 dicit
577 2265 739 2311 fungitur
769 2267 995 2312 probareque
1026 2267 1194 2303 libertum

101 2324 206 2349 suum
230 2322 377 2348 necesse
399 2311 510 2347 habet
533 2316 607 2355 aut,
633 2312 664 2347 si
686 2322 758 2348 non
781 2313 921 2357 probet,
946 2312 1112 2348 vincitur.

590 2407 663 2444 XV
673 2405 699 2444 ⁸.

100 2474 164 2506 NE
188 2473 251 2505 DE
272 2472 416 2505 STATU
435 2472 783 2505 DEFUNCTORUM
802 2472 911 2505 POST
933 2473 1192 2510 QUINQUEN-

428 2517 551 2550 NIUM
575 2518 861 2555 QUAERATUR.

151 2583 170 2621 1
198 2583 435 2619 MAROIANUS
462 2584 552 2620 libro
584 2584 768 2630 sinyulari
797 2583 841 2618 de
868 2584 1090 2621 delatoribus
1136 2585 1191 2620 De

102 2633 200 2666 statu
224 2628 476 2665 defunctorum
498 2633 582 2674 post
605 2629 886 2674 quinquennium
915 2639 1087 2682 quaerere
1119 2642 1191 2666 non

106 2679 118 2710 1
167 2675 253 2710 licet
275 2684 390 2720 neque
414 2675 580 2719 privatim
604 2684 719 2719 neque
742 2674 822 2709 fisci
845 2684 999 2710 nomine.
1037 2675 1107 2711 Sed
1124 2687 1191 2711 nec

102 2721 178 2756 eius
203 2723 319 2755 status
343 2720 594 2755 retractandus
619 2724 684 2761 est,
710 2719 771 2764 qui
793 2719 890 2754 intra
910 2720 1191 2773 quinquennium

102 2765 264 2808 decessit,
290 2766 321 2800 si
340 2775 406 2810 per
425 2765 531 2800 huius
552 2765 797 2810 quaestionem
816 2765 1075 2810 praeiudicium
1092 2766 1190 2802 futu-

103 2815 123 2846 2
171 2821 250 2846 rum
281 2814 335 2845 est
366 2814 450 2846 ante
481 2810 761 2855 quinquennium
786 2814 939 2846 mortuo.
988 2811 1099 2847 Immo
1123 2822 1190 2848 nec

102 2857 146 2892 de
169 2856 236 2891 vivi
260 2859 358 2892 statu
383 2855 626 2900 quaerendum
647 2860 711 2898 est,
737 2856 767 2891 si
785 2856 947 2900 quaestio
963 2856 1069 2893 huius
1086 2868 1189 2902 prae-

100 2901 271 2937 iudicium
294 2901 384 2937 facit
407 2901 449 2944 ei,
475 2901 536 2945 qui
556 2905 640 2936 ante
660 2901 938 2946 quinquennium
958 2901 1130 2938 decessit:
1156 2907 1192 2938 et

102 2951 121 2982 3
168 2947 221 2982 ita
251 2946 352 2982 divus
377 2946 581 2982 Hadrianus
614 2946 809 2982 constituit.
857 2946 928 2982 Sed
951 2947 1131 2983 interdum
1155 2953 1192 2984 et

101 2994 195 3027 intra
211 2992 491 3037 quinquennium
506 3002 579 3026 non
595 2991 681 3027 licet
696 2992 741 3027 de
755 2995 852 3028 statu
874 2992 1036 3028 defuncti
1052 2993 1188 3029 dicere:

102 3049 185 3073 nam
208 3038 370 3073 oratione
394 3037 465 3072 divi
480 3037 597 3072 Marci
618 3042 774 3080 cavetur,
799 3041 851 3081 ut,
875 3038 907 3074 si
921 3039 1000 3083 quis
1015 3038 1190 3083 ingenuus

102 3083 354 3128 pronuntiatus
373 3082 494 3125 fuerit,
518 3082 626 3118 liceat
642 3082 874 3127 ingenuitatis
898 3084 1110 3119 sententiam
1133 3095 1189 3120 re-

103 3133 276 3172 tractare,
309 3128 373 3163 sed
395 3128 472 3164 vivo
499 3138 540 3163 eo
565 3127 627 3172 qui
649 3127 823 3173 ingenuus
845 3129 1098 3174 pronuntiatus
1124 3135 1189 3173 est,

104 3185 174 3209 non
206 3173 314 3209 etiam
342 3178 426 3219 post
454 3177 622 3216 mortem,
658 3173 696 3208 in
727 3177 886 3216 tantum,
923 3178 965 3210 ut
995 3175 1121 3218 etiam,
1159 3175 1191 3211 si

104 3224 232 3264 coepta
256 3219 417 3264 quaestio
441 3219 510 3254 fuit
533 3218 810 3261 retractationis,
836 3223 951 3256 morte
974 3220 1050 3256 eius
1074 3221 1189 3256 extin-

103 3268 124 3299 4
171 3268 311 3309 guatur,
335 3268 377 3299 ut
400 3264 524 3300 eadem
547 3263 708 3300 oratione
733 3267 888 3300 cavetur.
926 3264 965 3300 Si
988 3265 1128 3311 quidem
1152 3267 1190 3301 in

103 3310 313 3345 deteriorem
336 3309 580 3345 condicionem
604 3309 709 3354 quis⁹
731 3313 865 3345 statum
884 3313 1107 3354 retractaret,
1133 3321 1189 3347 se-

105 3355 260 3390 cundum
284 3365 326 3390 ea
350 3365 442 3399 quae
465 3355 539 3390 dixi
562 3353 878 3399 praescribendum
897 3360 961 3391 est.
997 3357 1086 3436 gum
1104 3367 1188 3401 ergo

104 3401 134 3435 si
161 3400 198 3435 in
230 3399 435 3435 meliorem?
469 3400 579 3436 veluti
607 3410 672 3445 pro
698 3409 800 3435 servo
823 3399 972 3436 libertus
1021 3401 1128 3437 icitur
1141 3404 1186 3437 ¹⁰:

150 3514 191 3554 (1)
215 3513 280 3546 Ed.
297 3520 327 3552 ις
346 3513 426 3546 Sao.
442 3521 471 3547 2.
485 3521 521 3552 ὃς
538 3514 627 3558 App.
642 3521 676 3553 33
695 3514 780 3557 Pap.
794 3521 822 3547 4.
835 3522 862 3547 5.
874 3533 916 3538 -—
927 3515 1013 3549 Bas.
1022 3517 1079 3558 48,
1090 3524 1190 3550 10.—

109 3558 159 3601 Cs.
175 3557 252 3591 Cod.
266 3559 345 3600 7,14
424 3559 468 3601 (2)
491 3560 598 3592 seins.
612 3559 695 3593 Hal.
784 3559 828 3601 (3)
852 3559 1003 3593 adiriF²
1069 3562 1113 3604 (4)
1138 3572 1189 3594 re-

105 3602 278 3645 liquerunt
289 3604 323 3636 F
326 3603 342 3623 2
445 3605 488 3645 (5)
511 3602 656 3647 amplius
666 3604 774 3637 insint
785 3616 846 3638 scr.
960 3606 1008 3648 (6)
1031 3605 1188 3649 ingenui-

106 3650 173 3680 tate
184 3649 219 3681 F
308 3649 352 3690 (ἵ)
377 3649 524 3682 auctoris
535 3649 570 3681 F

151 3694 196 3732 (a)
222 3693 348 3732 Sab.1;
374 3694 460 3737 Pap.
474 3701 548 3732 2.3;
573 3694 638 3727 Ed.
651 3701 736 3727 4.—
754 3694 839 3727 Bas.
854 3695 960 3736 48,11.
975 3713 1019 3719 -
1041 3696 1090 3739 Qf.
1110 3697 1187 3730 Cod.

108 3739 138 3778 7,
153 3744 184 3771 21
277 3738 323 3781 (9)
348 3739 407 3780 qui
419 3739 455 3772 F
537 3740 597 3780 (1ο)
621 3739 754 3771 dicatur
767 3740 801 3772 F

1135 64 1138 66 ’
1183 98 1269 146 643

1909 101 2081 145 XXXX
2113 104 2178 145 14.
2210 104 2273 144 15.
2301 103 2353 144 16

1260 235 1371 270 quare
1395 235 1469 260 non
1492 223 1730 259 admittatur?
1766 224 1849 269 quid
1876 225 1969 261 enim
1992 224 2023 261 si
2046 235 2169 261 servus
2195 225 2274 270 quis
2299 224 2353 261 di-

1260 274 1366 305 catur
1389 269 1493 315 quasi
1516 279 1560 304 ex
1580 268 1711 303 ancilla
1724 273 1841 313 natus,
1867 280 1958 315 quae
1975 274 2059 306 ante
2074 270 2353 316 quinquennium

1259 319 1403 351 mortua
1420 315 1499 351 est?
1524 323 1635 359 quare
1652 324 1726 348 non
1742 314 1850 361 liceat
1870 316 2024 360 probare
2043 316 2192 351 liberam
2214 315 2353 352 fuisse?

1259 361 1330 396 hoc
1344 360 1438 395 enim
1457 363 1493 396 et
1508 369 1574 404 pro
1591 362 1735 394 mortua
1755 363 1818 394 est.
1857 364 1893 395 et
1908 361 2102 397 Marcellus
2118 362 2210 397 libro
2228 361 2352 406 quinto

1260 406 1305 441 de
1329 405 1448 441 officio
1474 404 1632 441 consulis
1652 404 1796 449 scripsit
1812 415 1938 449 posse:
1964 417 2026 452 ego
2045 417 2186 452 quoque
2199 406 2238 442 in
2251 406 2352 442 audi-

1259 450 1353 487 torio
1405 451 1524 486 ublico
1548 449 1642 485 idem
1666 453 1811 484 secutus
1836 460 1925 485 sum.

1307 494 1333 532 2
1363 462 1613 532 AgAPJMANUs
1641 494 1732 530 libro
1765 499 1896 540 quarto
1928 496 2065 532 decimo
2096 508 2156 532 res
2183 508 2354 533 onsorum

1260 541 1343 577 Non
1362 551 1441 577 esse
1455 540 1634 577 libertatis
1649 539 1896 585 quaestionem
1911 540 1993 576 filiis
2010 541 2148 578 inferen
2174 552 2231 577 am
2242 553 2354 596 prop-

1259 591 1316 622 ter
1338 587 1465 623 matris
1488 586 1545 622 vel
1567 586 1682 631 patris
1706 585 1912 621 memoriam
1931 590 2015 631 post
2036 587 2313 633 quinquennium
2332 599 2355 624 a

1265 636 1278 667 1
1329 635 1444 667 morte
1473 643 1547 667 non
1577 634 1811 667 retractatam
1842 632 2016 666 convenit.
2063 632 2141 668 Nec
2170 633 2210 678 in
2238 644 2281 669 ea
2303 644 2353 677 re,

1263 687 1355 722 quae
1378 677 1561 722 publicam
1584 676 1734 712 tutelam
1755 676 1898 718 meruit,
1922 677 2066 721 pupillis
2090 679 2277 722 agentibus
2297 690 2353 715 re-

1261 723 1457 758 stitutionis
1493 722 1665 757 auxilium
1694 721 1927 758 tribuendum
1959 726 2030 766 est,
2069 724 2165 767 quod
2200 725 2355 770 quinque

1261 778 1438 804 annorum
1461 771 1619 813 tempus,
1645 778 1728 803 cum
1751 770 1891 802 tutores
1914 778 1989 803 non
2012 768 2201 812 haberent,
2231 780 2353 807 exces-

1262 817 1281 848 2
1330 814 1428 849 serit.
1477 813 1720 858 Praescriptio
1753 812 1909 858 quinque
1939 823 2134 856 annorum,
2165 825 2257 859 quae
2279 819 2353 851 sta-

1262 864 1338 894 tum
1373 858 1625 894 defunctorum
1656 862 1796 902 tuetur,
1835 858 1956 903 specie
1986 858 2058 894 litis
2090 862 2175 894 ante
2206 865 2355 895 mortem

1261 904 1383 940 illatae
1410 915 1483 940 non
1514 903 1557 939 fit
1587 904 1710 947 irrita,
1742 904 1774 940 si
1804 907 1961 939 veterem
1992 914 2139 939 causam
2162 904 2355 941 desistente

1262 950 1323 995 qui
1347 950 1457 986 movit
1479 950 1586 995 longo
1610 949 1751 985 silentio
1774 948 1914 984 finitam
1937 949 2120 995 probetur.

1308 992 1332 1033 3
1357 995 1707 1031 HERMOGENJANUS
1734 995 1826 1030 libro
1856 1000 1964 1030 sexto
1995 996 2088 1030 iuris
2118 995 2355 1041 epitoniorum

1263 1042 1358 1076 Ante
1383 1041 1665 1086 quinquennium
1689 1039 1862 1076 defuncto
1885 1044 2004 1077 status
2028 1040 2224 1084 honestior,
2251 1051 2356 1086 quam

1262 1086 1385 1122 mortis
1415 1090 1577 1132 tempore
1608 1085 1721 1123 fuisse
1751 1085 2042 1127 existimabatur,
2079 1085 2254 1121 vindicari
2285 1097 2357 1122 non

1261 1132 1484 1177 prohibetur.
1532 1131 1667 1167 idcirco
1698 1135 1735 1167 et
1763 1131 1795 1167 si
1816 1131 1895 1177 quis
1918 1132 1956 1167 in
1979 1131 2150 1167 servitute
2173 1131 2357 1176 moriatur,

1261 1181 1345 1223 post
1392 1177 1650 1223 uinquennium
1673 1177 1766 1213 liber
1788 1175 1986 1213 decessisse
2009 1176 2158 1222 probari
2180 1180 2310 1222 potest.

1308 1221 1334 1260 4
1387 1233 1650 1258 ALLISTRATUS
1671 1223 1763 1259 libro
1779 1223 1905 1269 primo
1930 1223 1975 1258 de
1994 1223 2074 1258 iure
2088 1222 2173 1268 fisci
2216 1221 2357 1257 Primus

1263 1268 1420 1303 omnium
1444 1268 1544 1304 divus
1561 1268 1681 1304 Nerva
1705 1268 1823 1303 edicto
1843 1268 1956 1303 vetuit
1975 1271 2061 1314 post
2079 1267 2359 1313 quinquennium

1261 1314 1388 1350 mortis
1414 1314 1588 1359 cuiusque
1613 1314 1657 1350 de
1681 1318 1780 1350 statu
1805 1314 1939 1358 quaeri.
1976 1314 2040 1350 sed
2064 1318 2100 1349 et
2124 1313 2226 1349 divus
2251 1313 2357 1348 Clau-

1263 1359 1342 1395 dius
1368 1359 1566 1395 Claudiano
1590 1360 1797 1405 rescripsit,
1829 1359 1860 1394 si
1891 1370 1957 1412 per
1986 1358 2232 1404 quaestionem
2255 1370 2356 1394 num-

1262 1404 1412 1439 mariam
1442 1404 1702 1450 praeiudicium
1731 1405 1844 1440 statui
1874 1405 2054 1440 videbitur
2083 1404 2182 1447 fieri,
2218 1414 2358 1440 cessare

1263 1450 1519 1495 quaestionem.
2273 1466 2277 1470 ¹

1738 1543 1834 1582 XVI
1844 1544 1883 1582 ¹¹.

1461 1609 1524 1642 DE
1550 1608 1806 1642 COLLUSION
1807 1609 1838 1642 E
1861 1609 2085 1642 DETEGEN
2086 1609 2159 1641 DA.

1310 1674 1330 1713 1
1361 1675 1486 1712 GAIUS
1511 1676 1603 1712 libro
1635 1675 1794 1712 secundo
1825 1675 1876 1711 ad
1906 1674 2062 1711 edictum
2085 1676 2274 1722 praetoris
2298 1687 2358 1711 ur-

1263 1722 1349 1758 bani
1372 1721 1475 1757 titulo
1500 1721 1545 1757 de
1569 1721 1712 1757 liberali
1734 1732 1857 1757 causa>
1899 1720 1956 1756 Ne
1988 1720 2215 1765 quorundam
2246 1720 2357 1757 domi-

1261 1777 1390 1802 norum
1415 1777 1500 1812 erga
1524 1776 1646 1803 servos
1670 1766 1781 1802 nimia
1803 1766 2025 1811 indulgentia
2055 1765 2260 1811 inquinaret
2283 1777 2358 1802 am-

1261 1812 1462 1857 plissimum
1492 1812 1655 1848 ordinem
1677 1822 1740 1856 eo,
1775 1812 1871 1857 quod
1894 1815 2105 1856 paterentur
2129 1822 2250 1848 servos
2275 1822 2358 1848 suos

1262 1858 1299 1892 in
1329 1857 1586 1902 ingenuitatem
1614 1857 1839 1903 proclamare
1871 1857 2076 1902 liberosque
2099 1857 2269 1900 iudicari,
2302 1868 2357 1893 se-

1262 1906 1369 1938 natus
1402 1903 1606 1939 consultum
1635 1902 1774 1938 factum
1805 1907 1860 1938 est
1890 1902 2089 1938 Domitiani
2122 1904 2356 1949 temporibus,

1263 1959 1333 1993 quo
1359 1953 1507 1984 cautum
1531 1952 1605 1991 est,
1637 1953 1694 1992 ut,
1728 1948 1759 1984 si
1782 1949 1862 1994 quis
1886 1948 2078 1994 probasset
2100 1958 2165 1993 per
2190 1948 2356 1984 collusio-

1263 2004 1345 2029 nem
1376 1994 1569 2039 quicquam
1597 1994 1753 2038 factum,
1792 1995 1823 2030 si
1836 1995 1864 2016 ¹2
1898 1994 1968 2030 iste
2005 1994 2112 2029 homo
2146 2004 2268 2030 servus
2301 1994 2356 2037 sit,

1263 2039 1365 2075 fieret
1388 2039 1464 2075 eius
1488 2050 1613 2076 servus
1638 2040 1699 2085 qui
1723 2039 1917 2075 detexisset
1941 2038 2186 2075 collusionem.

1309 2082 1335 2122 2
1367 2084 1564 2120 ULPJANUS
1580 2085 1672 2121 libro
1688 2085 1847 2121 secundo
1867 2086 1912 2121 de
1927 2085 2054 2131 officio
2072 2085 2232 2121 consulis
2264 2085 2356 2121 Con-

1262 2130 1437 2166 lusionem
1462 2130 1627 2175 detegere
1649 2130 1880 2176 ingenuitatis
1911 2134 1996 2176 post
2027 2130 2239 2166 sententiam
2262 2131 2358 2166 intra

1266 2179 1280 2211 1
1331 2176 1613 2221 quinquennium
1628 2186 1737 2221 posse
1751 2176 1854 2212 divus
1862 2177 2011 2212 Marcus
2027 2176 2221 2212 constituit.
2247 2176 2356 2221 Quin-

1265 2224 1284 2256 2
1333 2221 1528 2267 quennium
1544 2226 1666 2258 autem
1680 2222 1890 2257 continuum
1906 2221 2031 2265 utique
2046 2221 2275 2267 accipiemus.
2303 2221 2356 2257 Si-

1264 2267 1347 2302 cubi
1381 2267 1489 2312 plane
1526 2271 1627 2303 aetas
1663 2267 1758 2310 eius,
1795 2268 1898 2304 cuius
1931 2270 2152 2303 retractatur
2183 2267 2356 2310 conlusio,

1263 2311 1495 2348 differendam
1518 2313 1814 2349 retractationem
1836 2314 1874 2348 in
1897 2317 2038 2358 tempus
2069 2313 2271 2357 pubertatis
2301 2313 2357 2348 vel

1262 2358 1411 2394 alterius
1445 2358 1499 2393 rei
1513 2359 1541 2380 ²³
1578 2358 1746 2401 suadeat,
1787 2358 2067 2404 quinquennium
2105 2368 2178 2394 non
2214 2368 2357 2394 currere

1264 2406 1283 2438 3
1332 2403 1523 2439 dicendum
1547 2408 1613 2440 est.
1651 2403 1940 2449 Quinquennium
1964 2407 2084 2439 autem
2107 2414 2182 2439 11011
2205 2403 2252 2439 ad
2274 2414 2354 2449 per-

1261 2448 1451 2484 ficiendam
1481 2450 1791 2492 retractationem,
1823 2450 1887 2485 sed
1918 2450 1965 2485 ad
1993 2448 2234 2484 inchoandam
2265 2453 2354 2494 puto

1261 2494 1504 2539 praefinitum:
1530 2494 1634 2530 aliter
1657 2499 1765 2540 atque
1790 2495 1888 2531 circa
1911 2506 2003 2537 eum,
2029 2495 2091 2539 qui
2114 2505 2158 2530 ex
2181 2495 2354 2530 libertini-

1261 2543 1283 2575 4
1329 2543 1405 2575 tate
1429 2550 1468 2576 se
1495 2540 1535 2576 in
1556 2540 1812 2585 ingenuitatem
1829 2541 1930 2586 petit.
1964 2540 2134 2576 Oratione
2154 2540 2224 2575 divi
2239 2541 2353 2576 Marci

1262 2589 1417 2628 cavetur,
1441 2590 1484 2620 ut
1506 2585 1614 2621 etiam
1636 2587 1828 2629 extraneis,
1855 2586 1916 2632 qui
1934 2597 2000 2632 pro
2017 2585 2131 2621 altero
2147 2586 2355 2631 postulandi

1260 2631 1316 2666 ius
1339 2631 1526 2674 haberent,
1550 2631 1673 2666 liceret
1684 2632 1714 2652 ¹⁴
1738 2631 1902 2677 detegere
1927 2631 2170 2668 collusionem.

1307 2674 1332 2713 3
1354 2676 1643 2712 CALLISTRATUS
1655 2677 1747 2712 libro
1763 2681 1895 2724 quarto
1911 2678 1956 2712 de
1970 2677 2236 2725 monitionibus
2265 2677 2354 2712 Cum

1261 2732 1334 2757 non
1362 2722 1458 2757 iusto
1490 2722 1756 2758 contradictore
1786 2723 1866 2767 quis
1895 2722 2070 2768 ingenuus
2100 2722 2353 2767 pronuntiatus

1261 2771 1334 2809 est,
1367 2767 1517 2812 perinde
1548 2767 1719 2803 inefficax
1748 2772 1804 2803 est
1835 2767 2038 2811 decretum,
2070 2771 2178 2812 atque
2202 2768 2232 2803 si
2255 2768 2354 2803 nulla

1259 2803 1418 2848 iudicata
1449 2823 1507 2848 res
1536 2813 1803 2849 intervenisset:
1836 2813 1944 2858 idque
1975 2812 2235 2859 principalibus
2268 2824 2351 2849 con-

1260 2858 1507 2894 stitutionibus
1531 2863 1688 2893 cavetur.

1306 2902 1333 2940 4
1364 2903 1560 2939 ULPJANUS
1588 2904 1680 2939 libro
1703 2904 1828 2950 primo
1852 2903 1903 2939 ad
1926 2903 2040 2950 leqem
2064 2902 2198 2939 Iuliam
2221 2906 2257 2938 et
2279 2902 2351 2938 Pa—

1253 2950 1359 2994 piam
1407 2948 1445 2984 Si
1473 2949 1662 2984 libertinus
1691 2959 1758 2994 per
1788 2948 2022 2985 collusionem
2052 2948 2162 2984 fuerit
2191 2959 2349 2993 pronun-

1259 2995 1369 3029 tiatus
1386 2994 1572 3039 ingenuae,
1599 2994 1807 3030 conlusione
1823 2994 1967 3030 detecta
1982 2994 2020 3029 in
2036 2994 2166 3040 quibus
2180 2995 2206 3014 ¹⁵
2230 2994 2349 3028 causis

1260 3039 1364 3085 quasi
1381 3039 1568 3074 libertinus
1588 3039 1715 3084 incipit
1727 3040 1755 3061 ¹⁶
1779 3049 1868 3076 esse.
1906 3039 2021 3075 medio
2042 3045 2162 3075 tamen
2178 3042 2347 3082 tempore,

1260 3088 1453 3129 antequam
1477 3085 1627 3120 collusio
1651 3085 1857 3130 detegatur,
1890 3089 1926 3120 et
1954 3090 2037 3131 post
2066 3083 2278 3121 sententiam
2304 3083 2348 3118 de

1258 3131 1295 3166 in
1320 3130 1477 3165 enuitate
1500 3129 1612 3165 latam
1624 3131 1651 3151 ¹⁷
1682 3130 1804 3175 utique
1834 3130 1939 3176 quasi
1962 3131 2135 3175 ingenuus
2159 3127 2345 3172 accipitur.

1355 3174 1702 3211 HEBMOOENIANUS
1729 3176 1821 3212 libro
1845 3177 1972 3221 quinto
1996 3176 2087 3210 iuris
2109 3174 2346 3226 epitomarum

1259 3219 1480 3258 Sententiam
1510 3230 1576 3265 pro
1607 3220 1826 3266 ingenuitate
1857 3221 1990 3256 dictam
2013 3218 2217 3255 collusionis
2240 3228 2345 3262 prae-

1262 3270 1276 3301 1
1326 3269 1428 3301 textu
1451 3265 1559 3301 semel
1589 3269 1789 3302 retractare
1818 3266 2045 3312 permittitur.
2093 3264 2131 3299 Si
2153 3264 2275 3308 plures
2299 3263 2346 3298 ad

1259 3311 1492 3346 collusionem
1515 3310 1748 3356 detegendam
1770 3312 1906 3357 pariter
1923 3309 2107 3352 accedant,
2133 3318 2242 3344 causa
2262 3319 2344 3353 cog-

1259 3357 1334 3391 nita
1354 3355 1432 3401 quis
1454 3355 1584 3391 debeat
1603 3356 1754 3399 admitti,
1781 3355 1996 3401 comparatis
2013 3355 2170 3390 omnium
2186 3353 2345 3389 moribus

1260 3406 1295 3437 et
1318 3400 1497 3437 aetatibus
1521 3405 1557 3437 et
1580 3401 1681 3438 cuius
1705 3402 1816 3447 magis
1840 3402 1998 3442 interest,
2023 3399 2134 3435 statui
2157 3402 2308 3443 oportet.

1305 3517 1361 3557 (11)
1384 3516 1449 3549 Ed.
1470 3524 1557 3556 1...4;
1581 3517 1665 3560 Pap.
1691 3525 1717 3550 5.
1732 3535 1777 3539 —
1798 3516 1882 3548 Bas.
1894 3515 1948 3555 48,
1965 3521 2008 3547 12.
2025 3532 2072 3538 —
2093 3513 2144 3557 Cf.
2164 3514 2240 3547 God.
2260 3515 2291 3554 7,
2307 3521 2342 3547 20

1259 3562 1317 3599 (12)
1342 3561 1382 3603 si]
1395 3571 1438 3594 ne
1448 3574 1510 3595 scr.
1593 3563 1651 3604 (13)
1678 3561 1730 3593 vel
1742 3560 1885 3592 ulterius
1896 3559 1996 3592 etiam
2008 3571 2070 3592 scr.
2152 3560 2211 3600 (14)
2235 3558 2343 3600 lique-

1258 3612 1310 3638 ret
1328 3606 1363 3638 F
1496 3610 1553 3648 (15)
1578 3606 1701 3649 quibus
1724 3606 1782 3645 1⁵⁷¹,
1806 3604 2004 3646 quibusdam
2021 3603 2085 3645 ΙΝ,
2108 3604 2263 3637 omnibus
2279 3616 2342 3637 scr.

1259 3653 1318 3692 (16)
1343 3651 1484 3694 incipiet
1506 3651 1558 3685 17¹2
1669 3654 1726 3692 (17)
1752 3649 1860 3682 medio
1880 3651 1990 3681 tamen
2008 3650 2156 3691 tempore
2174 3652 2250 3691 post
2268 3659 2342 3681 sen-

1258 3696 1397 3728 tentiam
1421 3697 1461 3730 de
1485 3697 1694 3739 ingenuitate
1717 3695 1819 3727 latam
1842 3696 2020 3735 antequam
2045 3693 2184 3726 collusio
2209 3694 2340 3736 detega-

1257 3744 1314 3773 tur
1330 3755 1392 3774 scr.

2003 3792 2071 3825 81*
