2528 3918
194 107 356 151 XXXV
386 111 411 151 2

192 231 371 276 eleganter
403 229 534 265 dicitur
566 229 872 275 acceptilationem
912 232 948 267 in
988 231 1156 277 pendenti
1194 230 1282 273 fore,

193 280 251 319 ut,
286 276 316 311 si
349 274 490 327 quidem
521 275 646 311 mortis
683 278 844 356 temqore
886 276 1146 322 quadringenta
1183 277 1281 312 tota¹

191 320 439 362 inveniantur,
463 331 501 355 in
535 324 696 356 trecenta
726 330 770 357 va
785 325 844 357 eat
867 322 1114 368 acceptilatio:
1146 321 1177 357 si
1200 331 1282 357 vero

191 370 379 412 praeterea
402 365 535 411 aliquid
559 365 770 411 inveniatur,
802 367 911 412 quod
933 367 1166 412 quadrantem
1197 376 1282 411 sup—

192 411 290 457 pleat
312 410 453 453 heredi,
485 411 522 446 in
552 411 703 456 quadrin
728 415 811 447 enta
846 411 1072 457 acceptilatio
1106 411 1280 458 proficiet.

193 455 288 502 quod
312 456 342 491 si
366 456 506 491 debitor
528 456 596 492 iste
619 421 956 511 quagingentorum
984 456 1171 493 dumtaxat
1199 466 1282 492 cen-

192 506 268 537 tum
290 501 411 537 facere
433 504 570 547 potest,
611 501 695 547 quia
718 502 787 537 sibi
821 501 988 537 solvendo
1027 507 1080 538 est
1094 530 1103 544 ,
1139 511 1284 538 necesse

194 546 342 582 habebit
373 550 516 582 centum
544 546 745 583 refundere.
795 558 875 582 cum
905 547 916 582 i
943 547 1013 583 'tur
1044 548 1184 583 debitor
1216 546 1284 582 sibi

194 591 362 627 solvendo
387 591 452 635 sit,
492 592 646 635 eveniet,
678 595 738 635 ut,
769 592 800 627 si
823 592 909 627 here
935 602 955 627 e
977 593 1096 638 aliquo
1120 593 1283 628 instituto

192 637 260 689 ipsi
285 636 435 673 debitori
459 637 622 673 liberatio
648 641 683 673 et
695 637 755 672 alii
779 636 1037 683 quadringenta
1059 638 1178 684 legata
1201 637 1284 680 sint,

194 693 224 718 ει
239 681 380 727 quidem
399 681 566 719 solvendo
582 682 629 718 sit
642 682 793 722 debitor,
811 686 953 718 centum
967 683 1226 730 quinquaginta
1241 693 1284 718 ex

192 727 362 763 trecentis
384 727 548 771 retineat,
573 727 644 763 alia
668 731 810 763 centum
834 728 1090 774 quinquaginta
1113 727 1283 774 legatario

194 775 441 818 praestentur,
474 773 576 808 heres
601 776 743 808 centum
767 772 918 809 habeat:
956 773 1011 810 sin
1035 784 1117 811 vero
1143 777 1284 810 centum

192 820 333 853 tantum
356 817 477 853 facere
499 818 633 863 possit,
666 817 788 853 heredi
812 828 857 854 ex
887 818 1025 855 refecto
1057 824 1185 865 quarta
1209 829 1283 854 ser-

193 862 311 898 vanda
334 867 406 899 est:
438 863 489 899 sic
519 863 599 905 fiet,
630 868 671 898 ut
702 866 863 906 centum,
889 874 981 909 quae
994 865 1172 910 praestari
1199 874 1283 910 pos-

194 912 288 952 sunt,
313 908 351 943 in
375 912 547 954 quattuor
569 913 690 953 partes
715 907 920 944 dividantur
931 910 957 953 2,
989 913 1062 946 tres
1086 915 1208 956 partes
1232 909 1283 945 fe-

194 957 275 988 rant
298 953 461 998 legatarii
470 954 496 996 ³,
520 954 623 989 heres
647 953 771 999 viginti
785 954 942 1000 quinque
965 955 1107 999 habeat,
1133 955 1283 997 debitor,

194 999 255 1044 qui
286 998 455 1035 solvendo
489 1009 560 1034 non
594 1003 669 1041 est,
701 1008 822 1035 secum
853 1004 996 1036 centum
1029 1001 1286 1046 quinquaginta

195 1048 412 1096 compenset.
461 1043 504 1080 de
538 1043 689 1079 residuis
723 1047 867 1080 centum
890 1046 1049 1099 quinqua
1075 1046 1083 1054 ‘
1109 1050 1168 1090 ta,
1194 1056 1286 1092 quae

193 1089 1286 1182 3353&bffiuffihggnggggagsegnffirmsqiuggegiqffi

630 1161 639 1176 ,
959 1163 967 1171 .

194 1179 316 1215 facere
351 1179 493 1216 debitor
526 1183 664 1225 potest,
709 1190 823 1225 aeque
858 1181 895 1216 in
931 1185 1074 1217 centum
1132 1183 1284 1228 uinqua-

193 1225 291 1270 ginta
316 1228 465 1270 accepto
489 1224 693 1260 liberandus
718 1230 791 1261 est:
817 1225 862 1261 de
884 1226 1027 1263 residuo
1042 1237 1110 1263 ven
1135 1228 1281 1264 itionem

194 1270 348 1306 nominis
371 1270 572 1305 faciendam
596 1270 765 1306 Neratius
790 1271 859 1314 ait,
885 1271 980 1317 quod
1003 1276 1041 1308 et
1063 1283 1129 1309 nos
1153 1273 1284 1319 proba-

194 1325 284 1351 mus.

241 1357 293 1398 83
319 1359 513 1395 IULIANUS
534 1359 625 1396 libro
649 1359 859 1397 duodecimo
884 1361 1106 1409 diqestorum
1146 1363 1183 1399 Si
1208 1375 1284 1400 cre-

195 1405 289 1441 ditor
311 1404 374 1440 filii
398 1405 452 1440 tui
475 1405 640 1440 heredem
663 1408 700 1442 te
722 1406 917 1442 instituerit
940 1411 976 1443 et
998 1408 1085 1453 legis
1102 1408 1286 1445 Falcidiae

195 1451 370 1486 rationem
393 1460 519 1496 ponas,
544 1450 675 1495 peculii
700 1451 893 1504 quantitas,
917 1453 1013 1498 quod
1037 1453 1158 1490 aditae
1181 1454 1284 1491 here-

194 1496 316 1577 {itatis
340 1499 500 1541 tempore
523 1495 670 1540 fuisset,
706 1507 744 1532 ιιι
777 1497 1012 1543 quadrantem
1041 1499 1107 1535 tibi
1129 1499 1282 1547 imputa-

222 1552 234 1576 1
252 1551 306 1576 ur.

239 1583 294 1624 84
318 1585 427 1622 low
445 1586 536 1622 libro
561 1587 665 1622 tertio
701 1586 837 1623 decimo
874 1588 1095 1635 diqestmmm
1141 1590 1283 1637 Reppe-

193 1632 284 1668 ritur
307 1641 426 1675 casus,
452 1642 523 1677 quo
547 1631 651 1668 heres
664 1642 770 1678 agere
792 1636 923 1678 potest,
949 1635 1109 1680 quamvis
1132 1638 1284 1672 testator

194 1687 300 1724 agere
323 1687 396 1713 non
418 1677 594 1723 potuerit:
629 1677 739 1713 veluti
762 1678 792 1714 si
815 1681 926 1723 tutor,
952 1690 1034 1716 cum
1058 1680 1211 1718 solveret
1233 1681 1284 1718 le-

193 1726 296 1768 gata,
332 1733 404 1758 non
433 1723 507 1758 inte
553 1723 688 1758 osuerit
718 1723 1000 1769 stipulationem,
1037 1730 1172 1771 quanto
1228 1727 1285 1763 lus

194 1778 300 1813 quam
350 1777 388 1803 er
410 1767 523 1813 legem
568 1767 732 1804 alcidiam
758 1769 839 1814 capi
861 1770 1004 1806 licuerit
1027 1771 1183 1807 solutum
1222 1783 1284 1809 ue-

196 1814 254 1856 rit,
277 1779 395 1849 regdi:
435 1824 484 1858 pu
503 1812 593 1866 *illus
629 1813 769 1859 quidem
802 1824 844 1851 eo
874 1815 1017 1852 nomine
1048 1817 1183 1853 tutelae
1213 1828 1286 1854 non

194 1859 278 1904 agit,
303 1858 366 1895 sed
390 1859 475 1894 here

194 1908 298 1950 gatus
324 1904 402 1939 erit.

241 1946 293 1987 85
320 1948 527 1986 ΙυΕΜῑίὺνο
551 1954 678 1986 octavo
702 1949 839 1986 decimo
852 1951 1074 1998 digestorum
1100 1952 1138 1988 Si
1150 1953 1215 1989 dos
1228 1964 1285 1990 so-

196 2005 278 2032 cero
296 1994 382 2031 data
404 1998 460 2031 est
473 1998 510 2030 et
519 1994 618 2031 solus
641 1994 736 2031 filius
761 1995 864 2032 heres
881 1997 976 2042 patri
993 1997 1197 2041 exstitisset,
1223 1998 1286 2036 do-

196 2043 268 2076 tem
281 2039 469 2076 confestim
485 2041 522 2075 in
539 2040 807 2086 computatione
818 2041 1026 2079 hereditatis
1049 2046 1085 2078 et
1099 2043 1285 2081 Falcidiae

195 2085 359 2121 ratione⁴
382 2085 418 2120 in
443 2095 526 2121 aere
549 2085 665 2121 alieno
690 2085 860 2123 deducet:
885 2087 990 2123 aliter
1006 2088 1100 2124 enim
1110 2089 1287 2126 videbitur

198 2130 397 2167 indotatam
421 2140 569 2166 uxorem
591 2130 735 2168 habere.
784 2132 880 2177 quod
903 2133 933 2168 si
957 2132 1052 2169 filius
1078 2138 1287 2171 extraneum

195 2175 404 2212 coheredem
427 2175 570 2218 habeat,
594 2176 671 2221 ipse
682 2176 824 2229 quidem
848 2187 988 2223 semper
1010 2189 1076 2224 pro
1089 2190 1160 2225 qua
1181 2185 1287 2226 parte

195 2221 290 2266 patri
312 2221 416 2258 heres
447 2221 514 2258 erit
538 2221 658 2257 dotem
687 2232 725 2257 ιιι
756 2232 839 2258 aere
878 2223 994 2259 alieno
1026 2223 1196 2269 deducet,
1229 2228 1286 2262 et⁵

195 2267 343 2302 coheres
368 2266 456 2310 eius,
481 2271 671 2312 antequam
695 2266 760 2304 dos
785 2277 807 2303 a
830 2267 903 2304 filio
954 2269 1182 2315 raecipiatur.

242 2308 295 2350 86
320 2310 429 2347 loru
454 2311 546 2348 libro
585 2312 867 2365 quadraqesimo
933 2314 1128 2361 {qestorum
1191 2315 1286 2352 Titia

194 2359 408 2393 testamento
433 2367 499 2394 suo
523 2357 657 2393 Titium
686 2357 834 2394 fratrem
858 2369 962 2394 suum
987 2370 1029 2395 ex
1052 2364 1157 2406 parte
1180 2362 1286 2398 tertia

194 2402 360 2439 heredem
390 2402 544 2438 instituit
574 2402 727 2449 fideique
758 2403 834 2439 eius
859 2404 1050 2449 commisit,
1081 2409 1123 2441 ut
1145 2406 1285 2443 heredi-

195 2451 304 2483 tatem
335 2451 474 2483 retenta
508 2451 638 2494 quarta
672 2452 776 2494 parte
812 2448 998 2486 Secundae
1035 2454 1071 2487 et
1110 2451 1286 2489 Proculae

195 2493 379 2529 restituat:
406 2493 528 2529 eadem
551 2492 654 2528 fratri
678 2494 855 2540 quaedam
880 2495 1028 2541 praedia
1050 2496 1284 2543 praelegavit:

195 2548 347 2584 quaero,
372 2548 420 2574 an
463 2538 580 2574 Titius
609 2548 653 2575 ea
689 2549 781 2585 quae
810 2540 1018 2586 praelegata
1058 2546 1143 2578 sunt
1179 2543 1285 2579 etiam

195 2594 261 2628 pro
285 2593 329 2619 ea
352 2586 456 2628 parte
478 2583 704 2627 hereditatis,
738 2595 845 2630 quam
869 2589 1014 2631 rogatus
1039 2590 1095 2623 est
1117 2591 1158 2623 ut
1180 2588 1284 2624 resti-

195 2634 312 2664 tueret
320 2630 344 2669 ⁰,
370 2629 559 2665 restituere
584 2639 630 2664 an
665 2629 804 2675 integra
835 2631 990 2667 retinere
1022 2631 1162 2669 debeat.
1209 2643 1284 2669 res·

194 2673 303 2719 pondi
329 2673 463 2709 Titium
486 2674 603 2719 legata
625 2674 765 2729 integra
795 2676 950 2712 retinere
981 2676 1128 2721 debere,
1161 2678 1225 2714 sed
1248 2679 1285 2715 in

195 2722 332 2764 partem
356 2723 519 2771 quartam
541 2719 710 2765 imputari
734 2725 901 2766 oportere
932 2721 1179 2759 duodecimam
1201 2734 1284 2770 par-

195 2768 265 2799 tem
290 2764 527 2808 praedmrum.
561 2764 624 2801 sed
648 2765 679 2801 si
702 2775 774 2801 non
799 2771 894 2803 esset
917 2766 1111 2811 adiectum,
1137 2773 1178 2804 ut
1199 2780 1284 2815 pars

220 2814 324 2844 uarta
349 2808 599 2854 deduceretur,
630 2814 746 2846 totum
769 2811 934 2848 trientem
957 2812 1185 2858 praediorum
1218 2815 1284 2859 legi

228 2853 378 2890 alcidiae
400 2854 447 2889 im
475 2855 569 2890 utari
594 2859 776 2901 oportere,
826 2857 970 2893 uoniam
994 2862 1120 2894 contra
1143 2864 1283 2895 senten-

195 2898 282 2934 tiam
306 2899 429 2935 matris
470 2900 609 2936 amiliae
631 2901 689 2936 lex
714 2901 876 2938 Falcidia
898 2902 1138 2940 induceretur.

242 2940 320 2982 87⁷
345 2943 453 2979 IDEM
472 2945 562 2980 libro
586 2947 813 2993 sexaqesimo
833 2948 958 2995 primo
971 2948 1191 2995 diqestorum
1217 2949 1284 2995 Qui

196 2989 345 3024 fundum
369 2989 484 3025 solum
507 2990 544 3025 in
566 2990 670 3027 bonis
695 2996 838 3028 centum
861 2992 1102 3039 relinquebat,
1128 2994 1158 3030 si
1181 2995 1283 3031 here-

196 3034 275 3070 dem
292 3044 395 3070 suum
412 3034 640 3078 damnaverit,
665 3041 705 3071 ut
722 3046 802 3073 eum
818 3037 1074 3084 quinquaginta
1089 3039 1184 3076 Titio
1199 3050 1282 3076 ven-

195 3080 306 3122 deret,
338 3089 410 3115 non
435 3083 489 3115 est
511 3080 766 3118 existimandus
797 3093 854 3118 am
879 3082 948 3119 lius
977 3094 1084 3129 quam
1108 3084 1193 3131 quin
1218 3096 1281 3121 ua-

194 3125 294 3170 ginta
322 3124 478 3177 legasse,
511 3125 662 3178 ideoque
685 3127 742 3162 lex
755 3127 856 3164 Falci
884 3129 916 3164 ‘a
938 3128 1056 3165 locum
1078 3140 1149 3166 non
1162 3130 1210 3166 ha
1236 3135 1280 3166 et.

199 3174 209 3204 1
262 3169 350 3206 Item
377 3170 447 3213 ⁸18,
483 3181 544 3215 qui
569 3170 657 3222 duos
690 3171 819 3210 fundos
853 3174 890 3209 in
914 3174 1017 3211 bonis
1043 3179 1185 3211 centum
1216 3175 1280 3211 ha-

195 3215 314 3258 beret,
347 3214 379 3251 si
401 3224 458 3251 me
481 3220 518 3250 et
542 3215 672 3251 Titium
707 3217 856 3254 heredes
887 3218 1100 3256 instituisset
1123 3224 1159 3256 et
1182 3220 1282 3256 dam·

196 3264 317 3295 nasset
339 3270 415 3302 me,
447 3264 489 3295 ut
522 3259 617 3296 Titio
647 3261 798 3298 fundum
823 3263 1073 3300 Cornelianum
1106 3266 1279 3312 quinqua-

220 3306 296 3340 'nta
318 3305 503 3341 venderem
526 3310 564 3341 et
586 3310 712 3341 contra
735 3307 868 3344 Titium
893 3309 1108 3353 damnasset,
1133 3315 1174 3346 ut
1194 3311 1281 3347 mihi

212 3350 345 3386 undum
362 3350 530 3387 Seianum
553 3350 810 3397 quinquaginta
822 3354 1006 3391 venderet:
1032 3366 1104 3391 non
1120 3355 1279 3391 animad-

196 3399 313 3438 verto,
355 3394 651 3441 quemadmodum
690 3396 747 3432 lex
781 3398 943 3435 Falcidia
982 3400 1100 3437 locum
1147 3400 1281 3437 habere

195 3440 327 3519 gessit,
366 3451 447 3476 cum
477 3444 628 3487 uterque
666 3441 835 3478 heredum
866 3445 971 3481 unius
1009 3445 1111 3481 fundi
1141 3450 1279 3491 partem

221 3485 375 3521 imidiam
398 3485 612 3522 hereditario
635 3486 713 3523 iure
735 3486 923 3525 habiturus
947 3490 1004 3534 sit,
1027 3491 1064 3525 in
1076 3491 1172 3537 qua⁰
1193 3500 1278 3537 pars

196 3530 344 3566 dimidia
365 3530 573 3568 hereditatis
597 3536 669 3568 est:
702 3542 784 3568 nam
809 3537 905 3569 certe
929 3535 988 3579 qui
1012 3535 1200 3572 damnatus
1224 3538 1280 3573 est

545 1858 621 1895 eius
651 1859 720 1895 hoc
745 1870 886 1906 quoque
909 1861 1052 1897 nomine
1074 1865 1174 1899 tutor
1197 1863 1285 1899 obli-

197 3647 236 3682 (¹)
261 3643 343 3686 tota]
357 3646 487 3677 tantum
500 3657 562 3678 cer.
662 3646 706 3687 (2)
733 3646 785 3679 hic
797 3646 915 3680 desinit
927 3647 1134 3690 Insortiatum
1143 3660 1207 3692 pro
1257 3649 1281 3683 'e

195 3689 242 3720 sic
254 3688 370 3722 dictum
384 3690 602 3733 incipiuntque
614 3702 697 3733 quae
709 3691 859 3725 dicuntur
874 3691 953 3725 Tm
961 3700 1075 3735 parm
1129 3696 1172 3735 (8)
1210 3694 1282 3727 erat

195 3730 376 3774 legatarius
388 3745 449 3767 ιον.
534 3738 576 3778 (4)
600 3734 763 3769 rationem
775 3735 809 3769 F·
884 3738 928 3778 (5)
952 3738 986 3770 et
998 3737 1060 3771 del.
1143 3739 1188 3781 (e)
1212 3748 1278 3772 res-

1279 104 1360 153 516

1485 0 1556 78 ὅ

2193 123 2255 154 Αἱ)
2285 122 2433 156 LEGEM

1352 231 1503 267 fundum
1535 232 1782 269 Cornelianum
1817 232 1981 274 vendere,
2018 231 2135 267 Seiani
2166 231 2267 268 fundi
2299 237 2434 277 partem

1353 276 1566 313 hereditario
1590 277 1667 313 iure
1690 277 1818 319 habet,
1852 277 1934 313 item
1965 277 2024 322 qui
2048 276 2237 314 damnatus
2262 283 2316 313 est
2339 277 2435 313 Seia-

1354 332 1438 357 num
1460 321 1613 359 fundum
1636 322 1797 365 vendere,
1822 326 1960 368 partem
1986 321 2184 357 Corneliani
2206 322 2310 358 fundi
2333 322 2435 359 here-

1353 370 1371 401 2
1421 366 1549 404 ditario
1581 367 1657 403 iure
1688 368 1828 404 retinet.
1877 367 1914 403 Si
1943 367 2021 412 quis
2053 367 2215 403 heredem
2248 367 2437 404 instituerit

1352 421 1441 452 eum,
1471 412 1529 448 cui
1551 417 1696 458 rogatus
1727 412 1845 449 fuerat
1873 416 1956 458 post
1979 415 2126 448 mortem
2161 423 2261 449 suam
2295 416 2435 449 centum

1353 458 1552 500 restituere,
1587 458 1659 493 ¹⁰in
1683 459 1821 495 ratione
1843 457 1930 503 legis
1953 457 2137 493 Falcidiae
2162 462 2304 494 centum
2328 458 2435 494 dedu-

1354 512 1435 538 cere
1459 502 1583 546 debet,
1615 503 1718 549 quia,
1750 504 1781 540 si
1813 503 1903 539 alius
1928 501 2077 548 quilibet
2107 503 2209 539 heres
2234 503 2436 546 exstitisset,

1354 551 1372 581 3
1420 547 1512 583 haec
1536 550 1677 584 centum
1699 548 1737 584 in
1761 559 1843 585 aere
1867 548 1984 584 alieno
2007 553 2236 592 ponerentur.
2270 548 2307 584 Si
2330 552 2371 584 tu
2395 560 2436 585 ex

1351 596 1457 673 parte
1481 597 1627 638 quarta,
1658 593 1774 630 Titius
1798 604 1843 630 ex
1865 598 1968 639 parte
1992 597 2122 638 quarta
2143 593 2290 630 heredes
2314 593 2436 639 scripti

1369 638 1513 681 ueritis,
1545 638 1673 675 deinde
1694 642 1734 675 tu
1758 649 1803 675 ex
1825 642 1927 684 parte
1950 638 2094 674 dimidia
2121 638 2224 675 heres
2254 638 2437 675 institutus

1352 682 1464 719 fueris
1488 683 1555 719 sub
1569 683 1788 727 condicione,
1813 688 1850 720 et
1871 684 2000 728 legata,
2025 684 2109 719 item
2132 684 2315 720 libertates
2333 683 2438 719 datae

1352 727 1505 764 fuerint:
1545 729 1721 774 pendente
1763 729 1972 765 condicione
2007 728 2190 765 libertates
2226 732 2437 775 competent,

1353 774 1472 819 legata
1494 777 1571 810 tota
1600 775 1896 820 praestabuntur,
1930 774 2013 819 quia
2043 774 2115 810 sive
2145 775 2307 811 condicio
2330 774 2437 810 exsti-

1353 818 1457 862 terit,
1481 822 1518 854 te
1539 819 1669 856 herede
1692 820 1885 856 exsistente
1909 823 2060 865 utraque
2083 819 2220 862 valent,
2256 820 2329 856 sive
2353 829 2436 854 con-

1355 863 1449 900 dicio
1474 864 1660 908 defecerit,
1683 868 1724 900 tu
1748 869 1785 901 et
1807 864 1923 900 Titius
1955 864 2102 900 heredes
2134 865 2241 901 eritis.
2289 864 2333 900 de
2363 864 2439 910 lege

1354 908 1534 953 Falcidia,
1570 910 1601 946 si
1629 910 1698 946 hoc
1729 910 1889 956 quaeris,
1930 920 1976 945 an
2006 909 2201 946 exsistente
2231 909 2439 946 condicione

1354 954 1525 991 miscetur
1549 955 1729 1008 quadrans
1761 960 1846 991 tuus
1877 958 1913 990 et
1943 955 2048 991 semis
2072 958 2181 1001 atque
2211 955 2263 991 ita
2285 965 2350 1001 pro
2375 954 2437 990 do-

1355 1000 1482 1036 drante
1505 1004 1596 1037 ratio
1619 1000 1787 1046 ponenda
1811 1004 1865 1035 est
1888 1010 1970 1036 cum
1993 1000 2067 1044 his,
2093 1000 2222 1046 quibus
2246 1011 2269 1036 a
2291 1006 2328 1036 te
2351 1010 2439 1045 pure

1354 1045 1484 1081 herede
1507 1045 1661 1091 legatum
1686 1050 1751 1089 est,
1775 1045 2067 1091 respondebimus
2091 1044 2231 1082 misceri
2243 1045 2332 1082 duas
2355 1055 2438 1090 par-

1355 1094 1375 1125 4
1421 1093 1488 1127 tes.
1513 1090 1583 1136 Qui
1606 1090 1717 1127 filium
1741 1101 1846 1127 suum
1869 1091 2089 1136 impuberem
2112 1093 2149 1126 et
2160 1090 2294 1127 Titium
2317 1090 2439 1136 aequis

1381 1135 1519 1172 artibus
1543 1136 1691 1172 heredes
1715 1136 1939 1179 instituerat,
1972 1146 1994 1172 a
2017 1135 2090 1171 filio
2114 1139 2229 1172 totum
2259 1136 2438 1173 semissem

1354 1147 1552 1227 legaverat,
1582 1191 1605 1217 a
1636 1181 1732 1217 Titio
1767 1181 1856 1217 nihil
1879 1185 1915 1216 et
1938 1181 2074 1217 Titium
2097 1180 2170 1217 filio
2194 1181 2438 1218 substituerat.

1355 1226 1555 1271 quaesitum
1580 1230 1653 1270 est,
1687 1238 1767 1263 cum
1792 1226 1908 1262 Titius
1933 1236 1977 1262 ex
2000 1226 2225 1263 institutione
2248 1227 2383 1264 adisset
2405 1232 2440 1263 et

1353 1271 1538 1318 impubere
1567 1272 1639 1308 filio
1671 1276 1810 1308 mortuo
1836 1282 1879 1307 ex
1911 1271 2167 1308 substitutione
2196 1272 2300 1309 heres
2333 1273 2439 1309 exsti-

1354 1317 1466 1360 tisset,
1490 1321 1663 1363 quantum
1686 1318 1882 1363 legatorum
1906 1317 2047 1353 nomine
2075 1320 2260 1362 praestare
2284 1317 2436 1354 deberet

1355 1366 1390 1398 et
1412 1363 1549 1408 placuit
1571 1362 1688 1399 solida
1716 1363 1833 1409 legata
1857 1373 1938 1398 eum
1967 1366 2151 1408 praestare
2182 1362 2326 1399 debere:
2359 1373 2438 1401 nam

1355 1407 1495 1443 confusi
1519 1407 1590 1444 duo
1615 1408 1779 1445 semisses
1805 1407 2004 1450 efficerent,
2038 1412 2079 1443 ut
2101 1408 2198 1444 circ-a
2220 1408 2233 1443 1
2278 1418 2332 1444 em
2356 1408 2439 1444 Fal-

1355 1453 1483 1489 cidiam
1506 1453 1618 1489 totius
1641 1453 1732 1490 assis
1763 1453 1855 1489 ratio
1888 1453 2080 1489 haberetur
2111 1457 2148 1489 et
2177 1453 2245 1489 soli
2272 1464 2294 1489 a
2324 1454 2441 1499 legata

1354 1502 1634 1545 praestarentur.
1682 1499 1746 1535 sed
1768 1499 1839 1535 hoc
1862 1498 1913 1534 ita
1936 1508 2057 1534 verum
2080 1502 2145 1541 est,
2170 1498 2200 1535 si
2222 1498 2317 1535 filius
2340 1503 2439 1535 ante-

1354 1553 1462 1590 quam
1484 1544 1580 1590 patri
1602 1544 1706 1580 heres
1731 1544 1916 1580 exsisteret
1938 1543 2160 1580 decessisset.
2186 1544 2217 1579 si
2239 1554 2321 1580 vero
2345 1545 2440 1591 patri

1353 1589 1458 1626 heres
1466 1589 1546 1633 fuit,
1570 1600 1642 1626 non
1657 1589 1828 1635 ampliora
1843 1589 1856 1624 1
1899 1593 1960 1625 ata
1973 1589 2080 1625 debet
2094 1589 2320 1634 substitutus,
2334 1600 2439 1636 quam

1354 1634 1665 1726 ἓΐιζὲῗηῖψέἓὲε
1681 1635 1860 1716 Sitit?
1878 1639 2005 1726 ,Atti
2028 1634 2280 1726 (ῑΐὲῑωέιιῗέἰο
2291 1636 2441 1716 {¹3³3}ssss

1355 1706 2351 1817 ‘51¹¹susi?asazesszssaszrastarfsss
2363 1771 2423 1807 f„

1355 1816 1404 1851 rit
1426 1816 1529 1862 isque
1551 1816 1707 1862 pupillo,
1732 1826 1755 1852 a
1778 1827 1848 1862 quo
1873 1815 1962 1852 nihil
1984 1816 2139 1869 legatum
2164 1821 2252 1859 erat,
2288 1827 2332 1853 ex
2355 1819 2439 1855 sub-

1354 1861 1541 1898 stitutione
1563 1862 1666 1897 heres
1690 1861 1885 1905 exstiterit,
1920 1865 2052 1907 potent
2076 1861 2145 1898 dici
2170 1863 2292 1908 augeri
2323 1863 2439 1908 legata

1354 1910 1391 1942 et
1413 1906 1562 1952 perinde
1585 1906 1776 1953 agendum,
1808 1917 1852 1943 ac
1886 1907 1917 1943 si
1941 1907 2086 1943 cuilibet
2109 1907 2276 1944 coheredi
2306 1909 2437 1945 substi-

1354 1955 1455 1988 tutus
1486 1951 1615 1988 fuisset
1645 1962 1758 1999 eoque
1797 1952 1981 1989 omittente
2016 1952 2248 1989 hereditatem
2280 1963 2324 1990 ex
2359 1965 2439 1991 asse

1354 1997 1458 2033 heres
1489 1997 1701 2043 exstitisset,
1731 1997 1815 2044 quia
1846 2007 1986 2043 semper
2018 1998 2233 2035 substitutus
2267 1999 2438 2036 rationem

1354 2042 1441 2088 legis
1472 2042 1657 2079 Falcidiae
1686 2053 1731 2079 ex
1761 2043 1960 2089 quantitate
1990 2043 2183 2087 bonorum,
2213 2054 2305 2090 quae
2338 2050 2441 2091 pater

1356 2092 1375 2123 6
1430 2088 1628 2134 reliquerit,
1666 2093 1786 2134 ponet.
1846 2088 1985 2125 Eadem
2022 2088 2174 2125 dicenda
2211 2094 2297 2126 sunt
2334 2094 2370 2126 et
2409 2091 2439 2127 si

1354 2137 1458 2186 pater
1481 2133 1571 2169 duos
1602 2134 1803 2180 impuberes
1832 2134 1980 2170 heredes
2015 2134 2208 2171 instituerit
2238 2139 2275 2171 et
2297 2135 2439 2172 eosdem

1353 2178 1504 2214 invicem
1536 2179 1779 2223 substituerit,
1822 2179 1950 2215 deinde
1982 2180 2060 2216 iure
2096 2180 2360 2218 substitutionis
2392 2182 2438 2218 ad

1355 2224 1504 2260 alterum
1534 2224 1714 2261 hereditas
1742 2224 1933 2261 'recciderit
1960 2229 1997 2261 et
2025 2224 2111 2271 legis
2142 2225 2324 2263 Falcidiae
2347 2227 2437 2264 ratio

1355 2273 1373 2315 7
1421 2269 1587 2305 habenda
1611 2270 1667 2306 sit.
1715 2270 1785 2315 Qui
1814 2269 1906 2306 filios
1931 2270 2133 2316 impuberes
2156 2270 2246 2307 duos
2270 2271 2438 2316 habebat,

1355 2314 1506 2350 alterum
1519 2314 1685 2351 heredem
1700 2315 1863 2359 instituit,
1889 2315 2040 2351 alterum
2050 2316 2288 2360 exheredavit,
2313 2317 2439 2355 deinde

1354 2359 1608 2396 exheredatum
1644 2360 1807 2396 instituto
1839 2360 2025 2396 substituit
2055 2371 2099 2397 ac
2163 2366 2263 2398 ostea
2292 2363 2437 2399 exhere—

1354 2404 1438 2441 dato
1462 2405 1641 2441 Maevium
1665 2410 1700 2442 et
1722 2405 1768 2441 ab
1793 2415 1834 2441 eo
1859 2405 2008 2451 legavit:
2034 2410 2069 2442 et
2155 2406 2321 2444 eredatus
2337 2407 2437 2445 fratri

1352 2450 1527 2496 impuberi
1569 2450 1706 2487 exstitit
1743 2451 1866 2493 heres,
1902 2450 2029 2487 deinde
2070 2451 2233 2497 impubes
2273 2452 2435 2490 decessit.

1354 2506 1435 2531 cum
1465 2495 1595 2532 iudicio
1629 2495 1743 2542 patris
1771 2495 1963 2532 facultates
1992 2500 2163 2542 paternae
2192 2507 2258 2543 per
2293 2509 2437 2536 causam

1353 2540 1604 2577 hereditariam
1643 2552 1687 2577 ex
1727 2541 1979 2577 substitutione
2021 2541 2067 2578 ad
2103 2552 2182 2578 eum
2219 2544 2437 2588 perveniant,

1380 2589 1472 2622 otest
1495 2586 1564 2622 dici
1587 2586 1620 2621 le
1645 2590 1705 2622 ata
1728 2586 1774 2623 ab
1798 2597 1840 2622 eo
1865 2587 1996 2623 relicta
2024 2587 2241 2640 praestanda
2262 2598 2349 2633 ⁸esse
2371 2590 2436 2625 ha-

1353 2597 1430 2667 gita
1453 2631 1592 2668 ratione
1635 2632 1707 2678 egis
1730 2631 1914 2668 Falcidiae
1936 2632 1974 2667 in
1996 2632 2052 2668 his
2076 2633 2196 2677 bonis,
2221 2644 2313 2687 quae
2335 2638 2438 2680 pater

1353 2676 1477 2713 mortis
1501 2680 1660 2723 tempore
1683 2677 1875 2723 reliquerit.
1901 2687 1967 2714 nec
1990 2677 2074 2714 huic
2090 2683 2306 2714 contrarium
2330 2681 2436 2724 est¹¹,

1353 2721 1467 2768 quod,
1493 2733 1574 2758 cum
1598 2722 1812 2759 exheredato
1836 2726 1940 2775 pater
1963 2723 2117 2768 legatum
2141 2723 2295 2767 dederit,
2327 2724 2435 2762 nihilo

1352 2767 1464 2813 magis
1497 2767 1711 2804 substitutus
1740 2768 1866 2813 legatis
1898 2768 2130 2813 obligabitur,
2163 2769 2247 2814 quia
2275 2780 2317 2805 eo
2351 2780 2435 2806 casu

1354 2823 1425 2848 non
1449 2812 1656 2849 hereditatis
1681 2817 1853 2859 paternae
1876 2813 2004 2859 portio,
2030 2813 2093 2850 sed
2115 2813 2270 2866 legatum
2286 2814 2333 2851 ad
2356 2825 2435 2852 cum

1352 2858 1523 2938 ¹plfirvenit.
1571 2857 1665 2894 dicet
1697 2858 1842 2904 aliquis:
1882 2858 1966 2904 quid
1997 2869 2099 2904 ergo,
2138 2869 2167 2895 si
2199 2859 2436 2898 exheredatus

1391 2903 1446 2939 ius
1469 2913 1542 2939 non
1566 2913 1610 2939 ex
1627 2904 1654 2925 ¹²
1689 2903 1943 2939 substitutione
1971 2903 2075 2940 fratri
2105 2914 2169 2940 suo
2199 2904 2303 2941 heres
2327 2906 2434 2942 exsti-

1352 2948 1451 2993 terit,
1488 2947 1552 2985 sed
1580 2952 1645 2984 aut
1672 2948 1749 2994 lege
1778 2953 1842 2984 aut
1870 2959 1935 2994 per
1965 2949 2211 2996 interpositam
2246 2960 2435 2995 personam

1351 2998 1459 3039 atque
1480 2993 1532 3029 ita
1555 2993 1602 3029 im
1628 2994 1717 3030 ubes
1741 2993 1957 3031 decesserit?
1992 2993 2044 3031 sic
2068 3004 2208 3040 quoque
2232 2995 2435 3032 existiman-

1352 3037 1419 3075 dus
1457 3038 1525 3075 erit
1558 3049 1602 3075 su
1628 3039 1774 3075 stitutus
1809 3039 1927 3081 legata
1960 3038 2114 3076 debere?
2159 3040 2317 3077 minime:
2352 3051 2434 3078 nam

1350 3087 1523 3163 quantum
1546 3083 1702 3127 intersit,
1734 3083 1969 3120 exheredatus
1997 3084 2093 3120 filius
2117 3094 2161 3120 ex
2184 3085 2435 3124 substitutione

1365 3129 1454 3165 ratri
1484 3139 1551 3166 suo
1582 3129 1686 3165 heres
1718 3129 1868 3165 exsistat
1898 3139 1944 3164 an
1975 3128 2046 3166 alio
2075 3129 2198 3173 modo,
2234 3130 2289 3166 vel
2318 3141 2363 3167 ex
2391 3142 2433 3168 co

1349 3179 1517 3219 apparet,
1549 3174 1644 3219 quod
1668 3174 1756 3210 alias
1780 3174 1826 3210 ab
1851 3184 1892 3210 eo
1916 3173 2035 3219 legare
2057 3179 2161 3220 pater
2183 3176 2321 3221 potuit,
2344 3176 2434 3213 alias

1349 3229 1421 3255 non
1451 3219 1570 3265 potuit
1628 3223 1682 3255 est
1713 3219 1820 3264 igitur
1858 3218 1988 3255 rationi
2023 3230 2241 3265 congruens,
2276 3231 2322 3258 ne
2351 3221 2433 3267 plus

1349 3264 1435 3300 iuris
1449 3264 1546 3300 circa
1568 3274 1759 3310 personam
1781 3263 1964 3301 substituti
1986 3267 2138 3301 testator
2159 3266 2303 3308 habeat,
2351 3277 2434 3303 uam

1351 3311 1370 3345 8
1417 3309 1594 3345 habuerat
1625 3309 1659 3345 in
1693 3319 1751 3352 eo,
1785 3310 1843 3346 cui
1867 3318 1949 3345 eum
1979 3309 2230 3347 substituebat.
2278 3311 2328 3348 Co
2355 3322 2432 3348 eres

1374 3353 1484 3399 upilio
1509 3353 1615 3390 datus
1640 3355 1670 3390 si
1705 3365 1770 3401 pro
1793 3358 1896 3401 parte
1929 3364 1996 3390 sua
2025 3356 2157 3401 legata,
2192 3356 2317 3392 habita
2345 3356 2432 3402 legis

1380 3399 1529 3435 alcidiae
1553 3400 1703 3443 ratione,
1726 3400 1961 3445 praestiterit,
1986 3400 2111 3437 deinde
2133 3400 2317 3468 impubere
2337 3412 2432 3439 mor-

1348 3449 1411 3481 tuo
1436 3454 1479 3480 ex
1502 3445 1758 3481 substitutione
1787 3445 1889 3482 heres
1920 3445 2096 3482 exstiterit
2123 3448 2181 3482 et¹
2229 3447 2335 3483 semis
2391 3458 2431 3482 u-

1347 3489 1423 3571 ff
1446 3489 1573 3535 legatis
1598 3490 1794 3526 exhaustus
1817 3494 1929 3528 esset.
1962 3499 2006 3525 ex
2035 3490 2171 3543 integro
2202 3490 2289 3536 legis
2311 3491 2343 3527 F
2382 3491 2430 3527 ci-

1373 3535 1382 3544 ·
1409 3544 1428 3570 e
1451 3534 1543 3571 ratio
1566 3535 1733 3581 ponenda
1756 3534 1842 3576 erit,
1868 3540 1908 3570 ut
1932 3535 2143 3571 contributis
2166 3536 2308 3581 legatis,
2340 3547 2432 3583 quae

1348 3648 1609 3684 timoratam?
1679 3649 2129 3694 (nadwqfimisslm.

1349 3694 1394 3735 (⁹)
1419 3704 1485 3736 quo
1498 3706 1561 3729 scr.
1667 3694 1728 3736 (10)
1751 3693 1849 3729 isim.
1953 3695 2009 3740 (11)
2033 3697 2073 3729 ut
2084 3694 2198 3730 ins-F·

1351 3739 1400 3773 bis
1412 3739 1448 3772 F
1532 3739 1592 3782 (ιε)
1616 3749 1678 3773 neo
1694 3739 1847 3774 Cuiacius

2218 3652 2264 3694 ‘⁸’
2287 3650 2436 3739 5:255
