2528 3918
168 111 250 154 XII
280 113 318 153 6.
337 109 526 154 7—Xm
560 113 576 150 1

166 232 327 286 apochae
350 229 446 276 apud
469 229 602 264 Titium
625 227 819 263 debitorem
836 227 967 280 partim
986 227 1125 263 solutae
1168 235 1249 261 ecu-

167 288 266 320 mae,
298 276 356 312 cui
386 275 497 319 magis
528 273 693 325 repetitio
716 282 889 318 pecuniae
910 272 1090 308 indebitae
1112 281 1153 306 so
1167 274 1251 306 utae

168 322 347 368 competit,
371 320 466 355 Titio
491 317 643 354 debitori
666 327 715 353 an
737 317 889 360 Maevio,
913 317 973 363 qui
997 317 1036 352 in
1057 326 1131 351 rem
1149 325 1251 351 suam

167 370 380 414 procurator
409 364 528 400 factus
559 367 626 398 est.
661 362 847 408 respondit
875 360 1071 398 secundum
1094 370 1138 396 ea
1161 369 1252 406 quae

167 416 188 448 3
235 412 520 457 proponerentur
539 409 582 449 ei,
604 407 666 461 qui
677 410 804 453 postea
816 407 988 443 solvisset.
1024 406 1251 458 Idem-quae-

166 457 237 499 siit,
261 466 309 491 an
326 459 483 500 pactum,
508 453 605 499 quod
622 464 660 488 in
678 452 937 499 pariationibus
951 453 961 473 ¹
985 450 1142 486 adscnbl
1161 449 1253 486 solet

166 502 204 537 in
226 502 322 536 hunc
355 499 498 535 modum
530 502 588 534 ‘ex
618 499 689 534 hoc
721 501 910 533 contractu
940 496 1075 531 nullam
1097 495 1191 531 inter
1213 504 1253 530 se

167 544 446 582 controversiam
477 543 629 589 amplius
665 543 754 579 esse'
789 541 959 587 impediat
993 540 1251 585 repetitionem.

167 594 188 626 4
234 589 419 636 respondit
449 588 538 624 nihil
568 588 738 641 proponi,
775 598 840 623 cur
873 585 1071 638 impediret.
1117 584 1253 620 Lucius

167 635 284 671 Titius
309 635 399 670 Gaio
424 633 505 670 Seio
537 633 664 669 minori
694 632 797 668 annis
820 631 941 676 viginti
965 640 1121 676 qumque
1142 639 1252 675 pecu-

167 681 263 716 niam
286 683 421 715 certam
445 678 595 714 credidit
618 682 655 713 et
677 678 723 713 ab
748 688 790 712 eo
815 676 1037 721 aliquantum
1059 685 1252 710 usurarum

167 725 308 761 nomine
332 724 482 770 accepit,
506 724 566 758 et²
590 723 669 759 Gaii
693 722 764 757 Seii
788 720 932 756 minoris
955 720 1059 755 heres
1083 719 1253 755 adversus

167 770 333 806 Publium
355 769 535 805 Maevium
557 779 579 804 a
602 767 766 813 praeside
789 765 995 812 provinciae
1017 765 1055 800 in
1078 765 1253 809 integrum

167 815 352 851 restitutus
377 818 450 857 est,
480 825 527 850 ne
549 813 705 849 debitum
729 811 980 847 hereditarium
1003 810 1170 852 solveret,
1196 809 1254 844 et³

167 870 234 896 nec
258 860 447 906 quicquam
471 859 515 894 de
537 858 653 894 usuris
678 857 831 892 eiusdem
856 855 982 898 sortis,
1015 854 1128 900 quas⁴
1151 853 1253 906 Seius

167 905 283 941 minor
313 905 417 940 annis
451 903 572 949 viginti
604 903 757 948 quinquo
789 901 985 936 exsolveret
995 901 1021 943 ⁵,
1054 899 1254 945 repetendis

168 953 363 986 tractatum
393 949 490 994 apud
521 948 719 994 praesidem
743 951 806 981 aut
829 946 874 980 ab
900 956 951 981 eo¹
967 949 1022 981 est
1042 943 1253 990 pronuntia-

167 999 262 1030 tum:
298 1004 450 1040 quaero,
486 1004 533 1028 an
563 1002 709 1034 usuras,
766 1001 831 1026 uas
863 990 974 1026 Gaius
1006 989 1108 1027 Seius
1139 989 1255 1025 minor

167 1040 271 1076 anuis
303 1039 424 1085 viginti
455 1039 609 1084 quinque
642 1047 736 1082 quoa
791 1035 924 1071 viveret
947 1034 1114 1071 creditori
1137 1034 1253 1070 exsol-

167 1089 267 1120 veret
275 1086 300 1127 ⁸,
332 1085 435 1120 heres
468 1084 543 1119 eius
575 1086 735 1127 repetere
758 1080 882 1126 possit.
918 1079 1104 1125 respondit
1127 1089 1254 1116 secun-

167 1130 253 1166 dum
276 1140 319 1166 ea
343 1139 434 1175 quae
483 1131 740 1172 roponerentur
763 1125 906 1161 condici
928 1125 985 1168 id,
1009 1124 1106 1171 quod
1128 1134 1254 1160 usura·

167 1186 247 1211 rum
282 1175 424 1210 nomine
457 1140 647 1208 defunctus
682 1171 863 1213 solvisset,
898 1180 971 1206 non
1005 1180 1123 1216 posse.
1170 1170 1255 1205 item

192 1230 320 1262 uaero,
357 1219 388 1254 si
419 1218 595 1254 existimes
626 1216 740 1262 repeti
770 1226 843 1251 non
873 1225 998 1261 posse,
1031 1225 1079 1250 an
1110 1225 1155 1250 ex
1185 1215 1254 1250 alio

194 1265 288 1300 ebito
312 1265 415 1300 heres
445 1263 597 1298 retinere
628 1272 689 1297 eas
718 1261 843 1307 possit.
885 1259 1070 1306 respondit
1103 1270 1149 1296 ne
1182 1260 1252 1295 hoc

168 1310 322 1356 quidem.

658 1355 729 1393 VH
737 1353 765 1394 ⁷.

360 1421 421 1454 DE
447 1419 752 1453 CONDICTIONE
777 1419 882 1452 SINE
907 1417 1061 1452 CAUSA.

220 1487 235 1524 1
265 1487 459 1523 ULPIANUS
474 1486 565 1522 libro
585 1485 889 1532 quadraqensae‘mo
903 1485 1009 1520 tertio
1019 1483 1069 1519 ad
1080 1482 1254 1519 Sabinum

169 1533 237 1568 Est
261 1536 296 1567 et
318 1532 408 1567 haec
432 1532 568 1576 species
594 1530 846 1572 condictionis,
880 1530 912 1565 si
942 1529 1022 1575 quis
1044 1529 1121 1564 sine
1145 1539 1256 1564 causa

169 1577 370 1623 promiserit
399 1577 453 1612 vel
477 1577 508 1611 si
531 1576 676 1611 solverit
698 1576 777 1629 quis
800 1575 1007 1611 indebitum.
1043 1573 1105 1620 qui
1135 1578 1256 1610 autem

168 1621 330 1667 promisit
354 1622 429 1657 sine
453 1632 580 1662 causa,
606 1620 794 1656 condicere
817 1620 1054 1666 quantitatem
1076 1629 1150 1654 non
1240 1638 1255 1646 ·

171 1672 185 1702 1
230 1671 301 1702 test
315 1677 420 1711 quam
444 1677 516 1702 non
539 1666 646 1709 dedit,
671 1666 734 1702 sed
751 1665 867 1711 ipsam
886 1664 1148 1710 obligationem.
1184 1629 1256 1700 §gd

168 1716 205 1747 et
227 1713 257 1747 si
280 1712 326 1747 ob
352 1722 497 1747 causam
520 1711 700 1757 promisit,
735 1721 845 1746 causa
874 1714 997 1746 tamen
1027 1713 1152 1745 secuta
1180 1719 1255 1746 non

168 1760 188 1792 2
236 1761 300 1799 est,
321 1756 508 1792 dicendum
526 1759 582 1791 est
594 1755 854 1791 condictionem
865 1755 985 1791 locum
993 1755 1138 1790 habere.
1175 1753 1255 1790 Sive

168 1802 214 1837 ab
238 1802 337 1837 initio
362 1802 438 1837 sine
462 1811 571 1836 causa
593 1801 804 1846 promissum
836 1804 909 1843 est,
941 1800 1015 1836 sive
1044 1799 1114 1834 fuit
1144 1809 1256 1835 causa

167 1846 397 1892 promittendi
420 1857 512 1892 quae
535 1845 660 1881 finita⁸
683 1850 738 1882 est
760 1846 815 1882 vel
839 1849 964 1881 secuta
993 1855 1067 1881 non
1098 1848 1170 1887 est,
1202 1844 1254 1880 di-

169 1895 189 1927 3
237 1891 386 1927 cendum
418 1895 471 1927 est
502 1891 719 1926 condictioni
750 1891 869 1926 locum
898 1890 986 1926 fore.
1036 1889 1195 1926 Constat
1218 1889 1256 1924 id

168 1936 310 1971 demum
334 1947 440 1981 posse
465 1936 603 1972 condici
628 1935 752 1978 alicui,
786 1935 880 1981 quod
911 1935 967 1970 vel
998 1945 1071 1970 non
1094 1944 1144 1970 eitv
1161 1935 1256 1970 iusta

170 1991 281 2017 causa
323 1981 369 2016 ad
408 1991 488 2016 eum
528 1982 698 2027 pervenit
721 1981 776 2017 vel
811 1980 903 2017 redit
937 1980 985 2016 ad
1018 1990 1091 2015 non
1124 1980 1256 2016 iustam

169 2036 327 2062 cansam.

1245 101 1327 149 174

1428 117 1491 149 DE
1505 116 1644 149 com).
1661 117 1763 149 snm
1776 117 1930 150 CAUSA.
1989 118 2051 148 DE
2066 117 2416 153 counsunnva·

1365 222 1391 262 2
1415 224 1523 278 1021(
1549 224 1641 262 libro
1672 227 1880 273 triqmsimo
1911 226 2070 263 secundo
2093 227 2145 263 ad
2165 227 2321 264 edictum
2368 228 2405 264 Si

1319 270 1407 306 fullo
1430 273 1640 306 vestimenta
1667 270 1822 306 lavanda
1852 270 2081 314 conduxerit,
2112 271 2240 308 deinde
2269 273 2408 309 amissis

1321 315 1371 350 eis
1403 314 1545 351 domino
1575 315 1729 360 pretium
1761 326 1805 351 ex
1827 315 1945 351 locato
1970 319 2166 353 conventus
2189 318 2410 363 praestiterit

1321 363 1517 439 posteaque
1539 359 1702 396 dominus
1724 360 1898 396 invenerit
1919 361 2150 404 vestimenta,
2174 371 2246 407 qua
2269 362 2410 398 actione

1348 404 1451 440 ebeat
1474 404 1647 450 consequi
1668 405 1823 451 pretium
1845 405 1941 451 quod
1964 405 2088 442 dedit?
2132 409 2168 442 et
2190 406 2242 442 ait
2265 407 2410 443 Cassius

1322 459 1403 485 eum
1425 459 1499 485 non
1521 449 1636 485 solum
1659 459 1705 486 ex
1727 450 1904 487 conducto
1929 460 2053 496 agere,
2076 461 2199 486 verum
2223 451 2412 487 condicere

1322 494 1463 530 domino
1488 504 1613 540 posse:
1639 504 1703 540 ego
1726 499 1813 540 puto
1839 505 1883 531 ex
1906 495 2085 532 conducto
2108 495 2309 532 omnimodo
2332 506 2411 532 eum

1321 539 1456 575 habere
1474 539 1670 575 actionem:
1691 549 1738 575 an
1755 543 1874 576 autem
1891 543 1928 575 et
1947 540 2134 576 condicere
2154 541 2280 593 possit,
2302 551 2410 586 quae·

1322 584 1428 620 situm
1451 587 1517 626 est,
1541 584 1626 629 quia
1646 594 1722 620 non
1742 584 1938 621 indebitum
1962 585 2077 621 dedit:
2101 585 2170 621 nisi
2191 585 2285 621 forte
2309 587 2412 631 quasi

1322 629 1408 681 sine·
1420 637 1533 681 causa
1551 629 1675 664 datum
1693 629 1772 666 sic⁹
1789 633 1957 675 putamus
1978 630 2118 666 condici
2135 640 2262 675 posse:
2283 631 2411 666 etenim

1321 677 1538 710 vestimentis
1568 674 1719 710 inventis
1749 675 1853 720 quasi
1876 674 1953 710 sine
1976 684 2088 710 causa
2111 674 2234 710 datum
2258 675 2407 711 videtur.

1368 716 1393 756 3
1419 717 1611 755 lemme
1619 718 1712 755 libro
1723 723 1850 755 octavo
1863 719 2084 766 diqestorum
2131 719 2200 772 Qui
2212 720 2288 755 sine
2301 730 2413 756 causa

1322 763 1542 808 obligantur,
1572 763 1699 800 incerti
1731 764 1956 800 condictione
1987 774 2074 800 cons
2120 775 2158 800 ιιι
2189 768 2341 817 possunt
2372 769 2413 801 ut

1321 808 1533 844 liberentur:
1558 818 1625 844 nec
1648 808 1768 852 refert,
1793 819 1934 845 omnem
1957 809 2037 855 quis
2061 809 2107 845 ob
2123 810 2131 817 ’
2157 813 2312 846 ationem
2336 810 2412 846 sine

1322 863 1435 889 causa
1468 853 1642 899 suscipiat
1675 863 1723 889 an
1757 854 1926 890 maiorem
1986 864 2069 890 uam
2109 854 2291 900 suscipere
2332 865 2411 890 eum

1323 898 1541 950 oportuerit,
1573 898 1643 934 nisi
1689 898 1762 934 uod
1785 898 1874 934 alias
1898 909 1967 935 con
1993 898 2123 935 'ctione
2144 899 2181 934 id
2204 899 2338 945 agitur,
2371 904 2412 935 ut

1323 943 1419 979 omni
1442 943 1657 988 obligatione
1690 943 1855 986 'bei-etur,
1880 944 1969 980 alias
1989 947 2031 979 ut
2052 947 2280 980 exoneretur:
2305 944 2411 980 veluti

1323 988 1385 1034 qui
1407 988 1535 1024 decem
1552 988 1726 1034 promisit,
1751 999 1834 1024 nam
1848 990 1875 1010 ¹⁰
1898 989 1929 1025 si
1952 989 2095 1034 quidem
2113 989 2247 1025 nullam
2267 999 2412 1025 causam

1323 1033 1553 1079 promittendi
1581 1033 1727 1077 habuit,
1755 1034 1884 1070 incerti
1916 1034 2141 1070 condictione
2172 1035 2412 1079 consequitur,

1323 1082 1364 1114 ut
1385 1081 1465 1114 tota
1487 1078 1671 1124 stipulatio
1695 1082 1846 1124 accepto
1878 1078 1961 1121 fiat,
1995 1082 2033 1115 at
2065 1079 2114 1121 si,
2146 1089 2227 1115 cum
2258 1079 2414 1124 quinque

1323 1123 1528 1169 promittere
1539 1123 1696 1166 deberet,
1709 1123 1832 1159 decem
1843 1124 2016 1170 promisit,
2028 1124 2155 1160 incerti
2163 1129 2412 1170 consequetur,

1324 1172 1366 1204 ut
1389 1168 1546 1214 quinque
1567 1167 1750 1205 liberetur.

1369 1211 1396 1250 4
1419 1215 1647 1249 AFRICANUS
1666 1213 1759 1249 libro
1782 1218 1908 1251 octavo
1933 1214 2182 1260 quaestionum
2227 1213 2326 1250 Nihil
2357 1225 2411 1250 re-

1322 1258 1405 1301 fert,
1428 1262 1593 1294 utrumne
1615 1258 1662 1294 ab
1685 1258 1787 1294 initio
1810 1259 1888 1294 sine
1911 1269 2023 1294 causa
2045 1259 2132 1305 quid
2155 1258 2276 1294 datum
2299 1259 2346 1295 sit
2365 1269 2413 1294 an

1325 1314 1445 1345 causa,
1469 1307 1617 1348 propter
1639 1313 1747 1349 quam
1770 1303 1892 1339 datum
1916 1304 1973 1346 sit,
1997 1307 2122 1340 secuta
2144 1313 2217 1340 non
2240 1304 2298 1339 sit.

1369 1347 1395 1386 5
1419 1348 1667 1384 PAPJNJANUS
1683 1349 1775 1385 libro
1792 1349 1981 1385 undecimo
2001 1350 2250 1395 quaestionum
2291 1349 2413 1384 Avun-

1325 1393 1404 1430 culo
1428 1404 1478 1429 nu
1503 1396 1587 1428 tura
1609 1393 1799 1439 pecuniam
1821 1394 1858 1429 in
1882 1393 2001 1430 dotem
2020 1393 2119 1429 dedit
2135 1403 2251 1439 neque
2272 1394 2412 1439 nupsit:

1324 1449 1371 1474 an
1395 1404 1543 1475 eandlem
1566 1442 1728 1484 repetere
1750 1439 1875 1484 possit,
1900 1439 2100 1484 quaesitum
2124 1443 2188 1474 est.
2224 1438 2307 1480 dixi,
2333 1449 2413 1474 cum

1324 1484 1370 1520 ob
1394 1487 1536 1529 turpem
1560 1493 1704 1520 causam
1728 1483 1847 1520 dantis
1878 1487 1916 1520 et
1937 1484 2146 1529 accipientis
2169 1484 2324 1529 pecunia
2346 1495 2413 1519 nu-

1323 1533 1496 1571 meretur,
1518 1538 1659 1565 cessare
1682 1528 1943 1565 condictionem
1974 1532 2010 1564 et
2031 1529 2069 1564 in
2093 1528 2221 1564 delicto
2272 1529 2325 1564 ari
2348 1539 2412 1574 po-

1323 1574 1450 1610 tiorem
1484 1583 1562 1609 esse
1596 1584 1856 1619 possessorem:
1901 1582 2007 1619 quam
2040 1574 2214 1609 rationem
2265 1574 2412 1609 ortassis

1324 1619 1477 1665 aliquem
1498 1622 1663 1654 secutum
1680 1619 1898 1664 respondere
1917 1629 1991 1654 non
2008 1618 2211 1654 habituram
2231 1619 2413 1654 mulierem

1324 1663 1602 1700 condictionem:
1635 1663 1699 1700 sed
1721 1668 1820 1700 recte
1844 1663 1987 1699 defendi
2008 1673 2082 1699 non
2104 1667 2244 1709 turpem
2269 1674 2412 1699 causam

1323 1709 1360 1744 in
1383 1709 1567 1755 proposito
1593 1718 1699 1754 quam
1723 1709 1856 1744 nullam
1879 1708 2009 1751 fuisse,
2041 1719 2122 1744 cum
2144 1709 2298 1754 pecunia
2321 1719 2414 1754 quae

1324 1754 1469 1790 daretur
1490 1754 1526 1789 in
1551 1753 1669 1789 dotem
1693 1754 1851 1791 converti
1874 1753 2052 1799 nequiret:
2076 1764 2150 1789 non
2173 1754 2266 1789 enim
2287 1754 2413 1799 stupri,

1327 1803 1342 1834 1
1393 1799 1457 1835 sed
1488 1799 1702 1834 matrimonii
1733 1799 1849 1844 gratia
1873 1798 1996 1834 datam
2018 1809 2107 1834 esse.
2153 1798 2316 1834 Noverca
2339 1798 2412 1844 pri-

1323 1844 1440 1889 vigno,
1463 1854 1576 1879 nurus
1599 1854 1725 1880 socero
1749 1844 1938 1889 pecuniam
1961 1844 2054 1880 dotis
2074 1843 2216 1879 nomine
2235 1843 2334 1879 dedit
2350 1854 2413 1879 ne-

1325 1899 1394 1934 que
1433 1888 1566 1934 nupsit.
1615 1899 1756 1925 cessare
1786 1888 1962 1925 condictio
1994 1889 2110 1934 prima
2138 1888 2233 1924 facie
2263 1888 2412 1930 videtur,

1325 1934 1493 1980 quoniam
1515 1934 1592 1970 iure
1613 1934 1771 1979 gentium
1800 1934 1975 1970 incestum
2007 1933 2255 1969 committitur:
2289 1943 2311 1969 a
2352 1935 2414 1969 uin

1324 1979 1379 2015 vel
1402 1979 1513 2023 magis
1537 1978 1572 2013 in
1598 1989 1640 2014 ea
1663 1979 1781 2023 specie
1804 1979 1903 2014 nulla
1927 1989 2037 2014 causa
2061 1978 2153 2014 dotis
2173 1978 2313 2015 dandae
2349 1978 2415 2021 uit,

1326 2024 1504 2060 condictio
1528 2024 1636 2069 igitur
1659 2025 1839 2070 competit.

911 2528 1089 2580 LIBER
1118 2494 1371 2578 TERTIUS
1400 2525 1671 2576 nmmos.

681 2659 699 2696 1
712 2658 751 2696 ¹¹.

396 2724 457 2756 DE
483 2723 789 2756 CONDICTIONE
813 2722 1025 2755 FURTIVA.

221 2787 238 2825 1
274 2787 467 2825 Uzmws
495 2790 588 2825 libro
611 2794 737 2825 octavo
761 2788 897 2824 decimo
920 2787 980 2824 adv
993 2787 1167 2824 Sabinum
1212 2787 1255 2823 In

171 2832 301 2868 furtiva
324 2844 362 2868 re
386 2834 451 2869 soli
474 2834 613 2870 domino
638 2834 814 2870 condictio
839 2844 919 2869 com
945 2833 1019 2869 etit.

218 2875 243 2914 2
267 2877 495 2914 Poupomvs
510 2879 601 2914 libro
620 2879 876 2915 sextodecimo
949 2877 1124 2915 Sabinum
1161 2877 1254 2913 Gon-

172 2922 327 2957 dictione
338 2923 366 2943 ¹²
390 2933 434 2957 ex
457 2933 565 2958 causa
583 2923 715 2959 furtiva
734 2928 770 2960 et
788 2923 916 2959 furiosi
934 2927 971 2959 et
988 2923 1144 2959 infantes
1164 2922 1254 2958 obli-

170 2971 320 3019 gantur,
353 2978 431 3019 cum
456 2968 602 3003 heredes
625 2969 817 3004 necessarii
840 2967 1071 3010 exstiterunt,
1096 2967 1254 3013 quamvis

172 3022 255 3048 cum
278 3021 329 3047 e1s
353 3022 410 3057 agl
433 3023 505 3047 non
529 3014 650 3057 possit.

218 3053 243 3094 3
268 3055 428 3092 Panas
452 3057 543 3093 libro
567 3069 661 3093 nono
684 3058 734 3094 ad
756 3057 931 3094 Sabinum
977 3057 1015 3093 Si
1047 3056 1256 3093 condicatur

172 3111 294 3137 servus
325 3111 371 3137 ex
401 3111 510 3137 causa
533 3102 682 3146 furtiva,
711 3102 749 3138 id
778 3103 898 3138 venire
926 3102 965 3138 in
996 3101 1255 3139 condictionem

172 3149 309 3182 certum
333 3149 388 3182 est
410 3146 506 3192 quod
529 3147 666 3182 intersit
688 3148 845 3193 agentis,
876 3147 985 3183 veluti
1018 3147 1049 3183 si
1081 3147 1185 3182 heres
1209 3146 1256 3181 sit

171 3190 356 3227 institutus
389 3195 427 3227 et
459 3192 656 3236 periculum
690 3193 818 3228 subeat
850 3192 1013 3228 dominus
1046 3191 1255 3228 hereditatis

197 3235 382 3272 erdendae.
415 3236 511 3316 ‹fflod
530 3241 566 3272 et
583 3237 739 3272 Iulianus
758 3237 892 3273 scribit.
924 3238 1009 3273 item
1028 3237 1059 3272 si
1078 3239 1255 3272 mortuum

198 3281 349 3317 ominem
357 3291 425 3317 con
452 3281 532 3323 'cat,
540 3286 812 3317 consecuturum
821 3282 871 3317 ait
878 3282 1031 3327 pretium
1038 3280 1254 3317 hereditatis.

219 3324 245 3363 4
276 3325 471 3362 ULPIANUS
499 3326 590 3362 libro
639 3326 916 3372 uadraqcnsimo
935 3328 1057 3373 primo
1081 3325 1131 3362 ad
1153 3324 1255 3362 Sabi-

173 3381 258 3406 num
304 3370 343 3406 Si
365 3380 487 3406 servus
510 3371 565 3406 vel
629 3371 681 3406 'us
704 3371 855 3407 familias
874 3371 1011 3407 furtum
1030 3370 1254 3412 commiserit,

172 3415 431 3451 condicendum
463 3419 519 3451 est
549 3415 690 3450 domino
720 3415 755 3450 id
786 3416 881 3460 quod
905 3416 951 3452 ad
974 3427 1055 3452 eum
1077 3415 1254 3461 pervenit:

173 3461 209 3495 in
234 3460 415 3496 residuum
437 3470 554 3496 noxae
577 3470 717 3496 servum
741 3460 903 3496 dominus
928 3461 1056 3497 dedere
1079 3464 1208 3506 potest.

172 3576 212 3614 (ι)
238 3572 453 3616 pactionibus
466 3573 542 3607 F’S
673 3575 715 3613 (2)
741 3577 774 3605 et
786 3573 847 3605 del.
862 3573 941 3605 HaL
1077 3575 1120 3613 (3)
1144 3576 1179 3605 et
1191 3572 1252 3606 del.

173 3620 216 3658 (⁴)
241 3629 307 3660 qua
320 3619 354 3651 F·
485 3620 528 3660 (5)
553 3617 739 3651 exsolverat
751 3618 832 3650 Hal.
958 3619 1001 3658 (6)
1028 3617 1213 3650 exsolverat
1226 3617 1256 3650 S

218 3665 261 3702 (¹1)
288 3663 367 3696 Salv.
381 3670 464 3704 1...⁴;
478 3663 562 3707 Pap.
576 3671 603 3697 5.
616 3680 662 3688 ——
673 3662 758 3696 Bae.
773 3663 826 3703 24,
841 3668 959 3701 8,1....¹›.
969 3680 1015 3687 —-
1030 3663 1081 3705 Qfi
1099 3663 1176 3695 Cod.
1191 3663 1224 3701 4,
1234 3669 1251 3696 ⁹

173 3709 217 3746 (8)
244 3707 354 3740 {initia
366 3708 401 3740 F
498 3709 543 3749 (9)
568 3707 648 3750 quia
660 3707 688 3740 si
702 3718 727 3740 ι.
742 3717 769 3740 c.
784 3707 813 3738 d.
829 3707 880 3739 sic
893 3706 932 3746 F,
945 3707 1025 3749 quia
1039 3718 1064 3739 s.
1079 3717 1096 3738 c
1120 3706 1151 3738 d.
1165 3707 1211 3739 sit
1224 3706 1253 3740 S

1369 2650 1394 2690 5
1429 2651 1590 2689 Panws
1619 2651 1712 2688 libro
1747 2661 1843 2688 nono
1878 2650 1928 2688 ad
1962 2649 2137 2686 Sabinum
2182 2649 2244 2684 Ex
2278 2648 2412 2685 furtiva

1324 2707 1435 2734 causa
1464 2697 1538 2732 filio
1569 2696 1722 2734 familias
1754 2695 1893 2732 condici
1925 2699 2061 2741 potest:
2094 2704 2285 2739 numquam
2317 2693 2411 2729 enim

1324 2752 1367 2822 {a
1399 2741 1624 2794 condictione
1636 2742 1663 2764 ¹³
1697 2741 1789 2778 alius
1820 2751 1927 2786 quam
1960 2740 2023 2786 qui
2052 2739 2139 2777 fecit
2172 2743 2313 2774 tenetur
2347 2744 2411 2774 aut

1350 2797 1426 2822 eres
1451 2797 1538 2822 eius.

1369 2830 1395 2870 6
1425 2831 1621 2868 Hammo-s
1653 2831 1744 2868 libro
1775 2830 1983 2878 qunsimo
2014 2832 2140 2865 octavo
2175 2827 2226 2863 ad
2254 2827 2410 2864 edictum

1323 2876 1479 2912 Proinde
1508 2876 1577 2912 etsi
1598 2886 1668 2922 ope
1690 2875 1838 2913 consilio
1862 2875 2011 2910 alicuius
2034 2874 2170 2909 furtum
2191 2872 2328 2909 factum
2353 2876 2409 2913 sit,

1324 2921 1548 2958 condictione
1569 2920 1855 2960 non‘tenebitur,
1880 2920 1947 2955 etsi
1969 2919 2056 2954 furti
2078 2922 2231 2954 tenetur.

1370 2964 1394 3004 7
1419 2966 1526 3002 IDEM
1546 2966 1638 3002 libro
1661 2965 1965 3012 quadraqensimo
1989 2963 2146 3000 secundo
2167 2962 2217 2999 ad
2235 2961 2409 2998 Sabinum

1325 3011 1361 3047 Si
1385 3021 1450 3057 pro
1473 3010 1555 3047 fure
1577 3010 1745 3046 damnum
1768 3009 1927 3046 decisum
1951 3009 2016 3052 sit,
2050 3006 2311 3044 condictionem
2337 3016 2410 3042 non

1323 3055 1483 3102 impediri
1506 3055 1725 3093 verissimum
1748 3058 1820 3090 est:
1846 3054 2023 3091 decisione
2047 3052 2139 3088 enim
2159 3051 2246 3088 furti
2266 3050 2408 3097 quidem

1327 3105 1342 3136 l
1391 3100 1506 3144 actio,
1536 3110 1610 3152 npn
1638 3103 1757 3152 autem
1780 3099 1957 3152 condictio
1981 3098 2144 3151 tollitur-3
2175 3096 2279 3132 Furti
2309 3095 2407 3131 actio

1323 3143 2409 3238 fsgffipztziifflffimffldffi53102233331:‘2⁸43

1325 3235 1502 3272 condictio
1533 3245 1600 3280 per
1622 3234 1710 3271 furti
1733 3234 1909 3270 actionem
1933 3235 2174 3284 consumatur.
2209 3231 2240 3283 is
2273 3233 2407 3275 itaque,

1324 3280 1383 3316 cui
1404 3280 1539 3316 furtum
1560 3279 1698 3316 factum
1721 3282 1795 3321 est,
1818 3278 1929 3313 habet
1950 3282 2127 3312 actionem
2149 3275 2237 3311 furti
2261 3278 2298 3311 et
2321 3285 2407 3310 con·

1324 3325 1512 3361 dictionem
1535 3328 1571 3360 et
1591 3323 1883 3365 vindicationem,
1906 3322 2017 3358 habet
2041 3325 2078 3357 et
2099 3320 2146 3356 ad
2169 3319 2408 3372 exhibendum

1324 3372 1344 3405 2
1390 3369 1578 3405 actionem.
1626 3367 1810 3405 Gondictio
1834 3367 1887 3403 rei
1908 3366 2079 3408 furtivae,
2111 3365 2196 3411 quia
2225 3375 2277 3400 rei
2298 3363 2408 3400 habet

1323 3414 1634 3494 ἓξέῗξζᾞῖἵῖἓὶὶ
1656 3410 2410 3495 &emmffurffiuesessmliaffi‘nffioeffif

1960 3482 1970 3499 9

1323 3572 1641 3657 ‹loguyagagfissuu
1654 3615 1835 3653 Ed.15.1o;
1849 3614 1933 3657 Pap.
1948 3621 2065 3648 17...20.
2078 3630 2123 3638 —
2136 3612 2221 3646 Bas.
2236 3613 2290 3652 60,
2303 3619 2348 3646 ιο.
2363 3628 2409 3636 —

1326 3661 1377 3704 Cf:
1394 3661 1471 3694 Cod.
1485 3661 1517 3699 4,
1532 3667 1549 3694 8
1649 3661 1707 3700 (12)
1732 3658 1940 3692 condictioni
1952 3659 1987 3691 F
2074 3658 2132 3699 (1³)
2157 3655 2409 3690 condiotioione

1321 3703 1375 3746 1³,
1388 3703 1637 3738 condictioione
1650 3704 1698 3737 F‘⁸
