2528 3918
203 155 451 200 xxxxvn
480 158 506 198 2

203 283 370 325 suppetet
381 281 403 322 ¹,
428 278 622 323 siliginei-Io
642 281 855 325 competere,
878 289 951 315 non
971 279 1074 314 mihi:
1099 289 1171 315 non
1189 279 1282 316 enim

207 327 246 358 12
292 323 379 359 mihi
402 324 597 369 negotium,
631 324 695 360 sed
718 324 788 360 sibi
809 324 1049 370 siliginarius²
1078 324 1197 377 gessit.
1245 324 1284 359 Si

202 368 385 413 fugitivum
409 379 525 404 meum
549 369 627 414 quis
652 369 755 414 quasi
778 380 881 406 suum
905 380 927 404 a
950 370 1136 404 duumvu'o
1159 369 1213 405 vel
1237 370 1283 404 ab

202 414 280 449 aliis
304 414 364 458 qui
387 417 600 459 potestatem
624 413 760 450 habent
787 414 832 451 de
862 424 1006 458 carcere
1035 414 1090 449 vel
1120 414 1284 450 custodia

203 458 395 494 dimitteret
405 460 429 500 ³,
462 469 508 493 an
531 459 561 494 is
584 459 672 494 furti
694 463 883 495 teneatur?
915 463 950 494 et
973 459 1110 504 placet,
1143 459 1173 494 si
1195 459 1282 494 fide-

203 504 358 539 iussores
382 503 489 546 dedit,
520 504 556 538 in
581 514 641 540 eos
651 505 665 525 ⁴
688 505 830 540 domino
855 505 1031 540 actionem
1055 504 1219 545 dandam,
1244 507 1285 539 ut

203 549 240 584 hi
263 548 421 585 actiones
447 559 531 584 suas
555 549 641 584 mihi
670 549 856 586 mandent:
890 548 985 594 quod
1014 549 1045 584 si
1076 559 1148 584 non
1179 559 1282 584 acce-

202 594 320 638 perint
342 593 596 638 fideiussorem,
621 594 684 630 scd
707 599 888 640 tamquam
913 604 1015 629 suum
1039 594 1229 639 accipienti
1251 594 1285 629 ei

202 637 428 681 tradiderint,
469 639 649 674 dominum
684 640 771 675 furti
801 640 975 675 actionem
1005 638 1175 674 adversus
1206 639 1283 684 pla-

206 687 245 718 13
291 683 441 728 giarium
473 684 688 720 habiturum.
743 685 781 720 Si
813 684 890 729 quis
921 683 966 718 de
994 693 1103 719 manu
1133 684 1284 720 alicuius

203 738 364 764 nummos
395 739 524 766 aureos
554 730 610 766 vel
639 734 824 775 argenteos
853 729 907 764 vel
931 729 1037 764 aliam
1059 738 1134 765 rem
1159 739 1283 764 excus-

202 773 299 815 serit,
323 773 374 809 ita
396 773 484 810 furti
506 778 657 819 tenetur,
683 775 713 810 si
735 774 815 810 ideo
840 774 934 816 fecit,
959 778 1000 808 ut
1020 773 1113 809 alius
1131 775 1284 815 tolleret,

206 822 246 853 14
292 818 393 864 isque
417 820 611 855 sustulerit.
659 820 696 855 Si
728 820 806 865 quis
835 829 990 854 massam
1022 829 1136 854 meam
1159 829 1284 864 argen-

202 867 298 899 team
321 864 538 910 subripuerit
561 869 598 901 et
620 866 751 910 pocula
775 863 909 907 fecerit,
934 874 1080 909 possum
1100 863 1156 900 vel
1173 874 1284 910 pocu-

202 909 317 944 lorum
345 909 400 945 vel
430 919 570 945 massae
593 909 679 945 furti
703 919 807 954 agere
831 909 887 944 vel
910 908 1144 945 condictione.
1192 909 1285 944 idem

202 957 257 989 est
286 958 322 989 et
352 954 388 989 in
420 955 496 990 uvis
527 959 563 990 et
591 955 629 989 in
659 958 777 990 musto
809 954 905 989 etin
927 954 1102 990 vinaceis:
1135 964 1218 989 nam
1250 957 1287 988 et

202 1009 351 1035 uvarum
384 1003 420 1036 et
448 1001 556 1035 musti
585 1003 621 1035 et
650 1000 874 1035 vinaceorum
905 999 1046 1034 nomine
1069 999 1155 1034 furti
1180 1009 1286 1044 agere

206 1047 244 1079 15
291 1048 429 1090 potest,
459 1045 522 1080 sed
551 1049 588 1080 et
611 1044 760 1080 condici.
808 1044 957 1087 Servus,
988 1044 1049 1089 qui
1073 1054 1112 1079 se
1134 1044 1285 1079 liberum

202 1088 420 1134 adfirmavit,
452 1094 493 1125 ut
522 1090 589 1125 sibi
617 1090 770 1134 pecunia
801 1089 1021 1132 crederetur,
1054 1090 1189 1124 furtum
1213 1100 1285 1124 non

201 1134 306 1171 facit:
339 1145 492 1180 namque
522 1135 581 1171 hic
613 1135 699 1170 nihil
729 1134 881 1180 amplius
913 1145 1020 1179 quam
1048 1134 1215 1170 idoneum
1247 1144 1286 1169 se

202 1179 397 1216 debitorem
417 1179 593 1215 adfirmat.
629 1179 721 1214 idem
741 1183 795 1215 est
814 1183 850 1215 et
868 1180 905 1214 in
924 1189 978 1222 eo,
1027 1180 1064 1214 ui
1088 1189 1126 1215 se
1149 1183 1286 1225 patrem

202 1225 355 1261 familias
390 1224 512 1269 finxit,
551 1235 631 1260 cum
667 1229 761 1260 esset
796 1224 891 1260 filius
927 1191 1100 1267 famiiias,
1140 1229 1181 1260 ut
1218 1224 1286 1259 sibi

207 1273 246 1305 16
292 1270 490 1316 promptius
533 1269 685 1315 pecunia
722 1269 939 1306 crederetur.
994 1269 1155 1305 Iulianus
1194 1269 1285 1304 libro

202 1315 391 1351 vicensimo
422 1315 579 1350 secundo
606 1315 822 1360 digestorum
846 1315 1006 1360 scripsit,
1039 1315 1071 1350 si
1098 1314 1286 1360 pecuniam

202 1361 281 1406 quis
305 1371 327 1395 a
349 1371 405 1395 me
427 1361 615 1405 acceperit,
639 1365 681 1395 ut
704 1360 871 1396 creditori
893 1370 972 1396 meo
997 1360 1123 1405 solvat,
1147 1359 1284 1403 deinde,

203 1417 283 1441 cum
312 1409 449 1440 tantam
477 1405 667 1450 pecuniam
694 1405 806 1441 eidem
830 1405 998 1441 creditori
1022 1405 1186 1447 deberet,
1219 1416 1285 1440 suo

208 1454 243 1486 17
293 1451 433 1486 nomine
462 1450 620 1494 solverit,
653 1450 789 1486 furtum
812 1460 894 1486 eum
921 1450 1052 1486 facere.
1101 1450 1140 1485 Si
1169 1450 1285 1486 Titius

202 1496 352 1531 alienam
376 1506 449 1531 rem
472 1495 630 1531 vendidit
653 1499 689 1531 et
708 1496 754 1531 ab
776 1500 934 1541 emptore
954 1495 1094 1549 accepit
1112 1505 1285 1538 nummos,

178 1563 180 1566 -
209 1544 244 1576 18
291 1551 364 1576 non
394 1541 533 1576 videtur
561 1551 786 1576 nummorum
813 1540 950 1576 furtum
979 1540 1120 1576 fecisse.
1173 1540 1213 1576 Si
1242 1550 1287 1576 ex

202 1586 341 1622 duobus
377 1585 483 1621 sociis
519 1586 675 1621 omnium
710 1586 887 1621 bonorum
918 1597 1011 1622 unus
1042 1596 1118 1621 rem
1148 1585 1287 1631 pignori

202 1631 383 1676 acceperit
401 1641 514 1676 eaque
530 1631 702 1676 subrepta
721 1632 778 1673 sit,
797 1631 895 1667 Mela
912 1631 1056 1677 scripsit
1072 1641 1154 1666 eum
1171 1630 1287 1666 solum

200 1677 288 1712 furti
310 1676 443 1712 habere
474 1676 666 1719 actionem,
699 1677 761 1721 qui
815 1677 930 1722 ignori
959 1677 1117 1722 accepit,
1150 1676 1287 1712 socium

205 1725 245 1757 19
291 1732 364 1757 ιιοιι
393 1721 536 1757 habere.
584 1721 708 1767 Neque
731 1732 792 1757 ver
819 1732 839 1757 o
863 1731 978 1767 neque
1002 1721 1183 1767 scriptura
1206 1721 1286 1766 quis

169 1792 185 1807 ,
202 1767 337 1803 furtum
360 1766 464 1802 facit:
498 1767 566 1802 hoc
590 1767 683 1802 enim
706 1767 784 1802 iure
806 1766 955 1809 utimur,
987 1770 1028 1801 ut
1051 1766 1188 1802 furtum
1212 1766 1287 1802 sine

203 1812 484 1848 contrectatione
512 1822 586 1847 non
616 1812 691 1847 fiat.
745 1822 856 1858 quare
895 1816 931 1848 et
967 1822 1070 1857 opem
1106 1811 1202 1847 ferre
1231 1811 1288 1846 vel

203 1858 389 1893 consilium
413 1857 499 1893 dare
522 1862 609 1892 tunc
632 1861 753 1900 nocet,
788 1868 869 1893 cum
898 1862 1024 1893 secuta
1053 1856 1287 1892 contrectatio

203 1906 245 1938 20
292 1906 358 1938 est.
398 1902 436 1938 Si
461 1902 539 1948 quis
563 1903 702 1937 asinum
726 1912 843 1938 meum
868 1902 1043 1947 coegisset
1067 1905 1103 1937 et
1120 1902 1158 1937 in
1177 1912 1196 1938 e
1221 1911 1288 1936 uas

203 1958 287 1984 suas
318 1950 379 1990 τῆς
409 1949 514 1994 γονῆς
556 1947 742 1982 dumtaxat
773 1947 904 1993 χάριν5
941 1947 1161 1989 admisisset,
1217 1946 1289 1982 urti

202 2004 275 2029 non
309 1996 469 2035 tenetur,
504 1993 574 2028 nisi
606 1993 750 2028 furandi
785 2003 926 2038 quoque
961 1993 1118 2028 animum
1151 1991 1287 2028 habuit.

203 2038 300 2084 quod
329 2044 364 2074 et
393 2038 572 2073 Herennio
596 2038 799 2074 Modestino
830 2038 990 2074 studioso
1022 2048 1101 2073 meo
1133 2038 1176 2073 de
1199 2037 1287 2072 Dal-

203 2084 313 2119 matia
337 2083 538 2119 consulenti
559 2083 727 2128 rescripsi
751 2083 847 2118 circa
871 2093 999 2128 equos,
1033 2083 1162 2128 quibus
1194 2082 1287 2118 eius-

203 2129 283 2165 dem
305 2129 356 2164 rei
379 2128 495 2173 gratia
519 2128 712 2164 subiecisse
744 2128 822 2173 quis
852 2138 961 2173 equas
994 2138 1078 2164 suas
1110 2137 1287 2173 propone-

204 2175 329 2216 batur,
360 2173 447 2208 furti
477 2173 528 2208 ita
560 2173 700 2208 demum
724 2173 855 2215 teneri,
889 2173 919 2208 si
942 2173 1087 2208 furandi
1111 2173 1227 2208 animo
1252 2172 1289 2207 id

204 2222 244 2255 21
293 2218 456 2260 fecisset,
496 2218 528 2254 si
556 2219 693 2261 minus,
730 2219 768 2253 in
797 2218 934 2254 factum
965 2218 1151 2263 agendum.
1200 2217 1289 2253 Cum

204 2264 297 2299 Titio
330 2264 480 2300 honesto
511 2263 586 2299 viro
644 2263 806 2299 ecuniam
843 2263 987 2299 credere
1020 2263 1163 2305 vellem,
1204 2263 1287 2298 sub-

202 2309 319 2346 iecisti
350 2309 437 2344 mihi
468 2308 576 2343 alium
607 2309 617 2322 '
631 2309 741 2344 'itium
771 2318 938 2354 egenum,
972 2309 1074 2353 qnasi
1102 2308 1163 2343 ille
1194 2311 1290 2343 esset

202 2355 373 2400 locuples,
398 2358 435 2389 et
458 2364 619 2389 nummos
643 2357 812 2399 acceptos
838 2364 919 2389 cum
942 2364 985 2389 eo
1008 2353 1176 2389 divisisti:
1202 2353 1289 2388 furti

203 2399 374 2442 tenearis,
414 2399 517 2445 quasi
546 2410 613 2457 ope
644 2402 709 2434 tua
739 2399 958 2444 consilioque
986 2398 1122 2434 furtum
1152 2398 1289 2434 factum

204 2449 248 2480 22
295 2446 359 2481 sit:
393 2444 455 2480 sed
486 2448 522 2480 et
546 2444 662 2480 'lltius
691 2444 781 2480 furti
808 2444 999 2480 tenebitur.
1046 2443 1187 2479 Maiora
1233 2442 1288 2478 uis

203 2491 364 2537 pondera
394 2489 460 2525 tibi
491 2489 741 2532 commodavit,
773 2500 853 2525 cum
885 2499 1019 2525 emeres
1051 2488 1098 2524 ad
1128 2499 1201 2534 pon
1226 2498 1285 2523 us:

205 2535 293 2572 furti
322 2546 403 2572 eum
432 2534 608 2570 venditori
638 2535 751 2570 teneri
774 2535 871 2570 Mela
902 2534 1044 2570 scribit:
1076 2537 1112 2569 te
1136 2543 1288 2580 quoque,

205 2581 235 2617 si
259 2581 375 2617 scisti:
407 2581 514 2615 nam⁶
545 2591 618 2615 non
648 2590 691 2615 ex
720 2580 904 2616 voluntate
927 2579 1120 2615 venditoris
1144 2578 1288 2625 accipis,

204 2629 247 2661 23
295 2636 377 2662 cum
402 2629 497 2661 erret
518 2625 555 2660 in
578 2625 747 2671 pondere.
795 2625 834 2660 Si
864 2625 943 2670 quis
975 2635 1076 2660 servo
1104 2634 1183 2660 meo
1207 2634 1288 2669 per-

205 2671 368 2715 suaserit,
389 2675 431 2706 ut
449 2680 579 2706 nomen
595 2681 699 2706 suum
717 2680 761 2706 ex
779 2670 1015 2706 instrumento
1033 2673 1122 2715 puta
1141 2669 1289 2716 emptio·

206 2717 259 2753 nis
284 2716 434 2760 tolleret,
464 2718 501 2752 et
522 2715 620 2751 Mela
643 2715 788 2761 scripsit
811 2719 848 2750 et
870 2725 935 2760 ego
959 2719 1047 2760 puto
1072 2715 1159 2750 furti
1182 2724 1288 2760 agen-

206 2766 250 2798 24
297 2761 392 2796 dum.
446 2761 516 2797 Sed
544 2761 576 2796 si
606 2770 708 2796 servo
739 2770 951 2805 persuasum
980 2761 1043 2804 sit,
1076 2764 1119 2795 ut
1146 2760 1289 2795 tabulas

205 2817 302 2842 meas
327 2806 562 2848 describeret,
594 2810 701 2851 puto,
732 2806 763 2841 si
787 2805 930 2851 quidem
953 2816 1055 2841 servo
1078 2815 1289 2851 persuasum

205 2853 269 2895 sit,
299 2852 391 2887 servi
421 2850 581 2896 corrupti
610 2850 802 2896 agendum,
834 2850 866 2886 si
895 2851 973 2895 ipse
1001 2850 1106 2894 fecit,
1139 2850 1183 2886 de
1207 2849 1289 2885 dolo

206 2899 249 2932 25
297 2897 472 2933 actionem
502 2895 666 2931 dandam.
715 2895 752 2931 Si
781 2895 876 2931 linea
903 2906 982 2931 mar
1006 2896 1178 2931 aritarum
1205 2895 1288 2931 sub-

205 2946 308 2989 repta
331 2942 395 2985 sit,
428 2941 598 2976 dicendus
630 2944 685 2976 est
714 2950 893 2976 numerus.
941 2951 980 2976 se
1027 2944 1064 2976 et
1087 2941 1118 2976 si
1141 2940 1185 2976 de
1207 2939 1288 2975 vino

206 2987 293 3024 furti
307 2990 445 3033 agatur,
460 2996 606 3021 necesse
620 2991 674 3021 est
690 2986 770 3028 dici,
789 2991 876 3031 quot
891 2986 1084 3032 amphorae
1099 2986 1290 3031 subreptae

206 3034 287 3070 sint.
335 3032 366 3068 si
388 3041 475 3067 vasa
497 3031 669 3076 subrepta
692 3032 782 3074 sint,
812 3042 979 3067 numerus
1010 3031 1079 3067 erit
1106 3030 1287 3066 dicendus.

207 3081 250 3114 26
297 3077 336 3113 Si
359 3086 481 3113 servus
504 3086 621 3118 meus,
647 3076 707 3121 qui
730 3076 887 3112 habebat
909 3076 1040 3122 peculii
1063 3075 1289 3111 administra-

206 3124 337 3159 tionem
368 3122 533 3165 liberam,
564 3125 692 3166 pactus
725 3123 770 3156 sit
802 3132 882 3156 cum
914 3132 956 3157 eo
987 3132 1059 3157 non
1089 3120 1289 3157 donationis

207 3178 335 3212 causa,
367 3167 428 3213 qui
458 3177 533 3203 rem
564 3166 639 3201 eius
670 3166 886 3211 peculiarem
914 3167 1161 3219 subripuerat,
1192 3169 1290 3202 recte

205 3217 427 3249 transactum
450 3211 606 3248 videtur:
631 3211 788 3256 quamvis
813 3212 905 3247 enim
930 3211 1071 3247 dommo
1097 3215 1290 3256 quaeratur

207 3259 294 3294 furti
317 3258 432 3300 actio,
465 3261 623 3292 attamen
653 3256 691 3291 in
720 3257 859 3301 peculio
887 3257 978 3292 servi
1001 3261 1065 3292 est.
1114 3256 1177 3292 sed
1200 3259 1236 3292 et
1259 3256 1290 3292 si

206 3308 284 3339 tota
341 3313 431 3339 oena
460 3301 550 3337 furti
580 3300 679 3347 dupli
707 3310 808 3336 servo
840 3301 958 3337 soluta
988 3302 1051 3345 sit,
1082 3312 1153 3337 non
1183 3300 1290 3336 dubie

207 3349 266 3384 fur
294 3348 320 3383 h
346 3347 516 3384 erabitur.
565 3346 624 3383 cui
654 3355 874 3391 consequens
906 3351 976 3389 est,
1009 3351 1066 3390 ut,
1096 3347 1128 3382 si
1150 3345 1244 3381 forte
1267 3356 1289 3381 a

207 3394 286 3430 fure
310 3392 488 3446 acceperit
511 3402 646 3435 servus,
670 3391 766 3437 quod
789 3391 821 3425 ei
841 3391 892 3426 rei
911 3392 997 3427 satis
1018 3402 1096 3428 esse
1115 3391 1287 3434 videatur,

208 3441 249 3474 27
298 3438 459 3474 similiter
481 3441 578 3473 recte
596 3439 818 3472 transactum
829 3436 999 3472 videatur.
1038 3436 1076 3472 Si
1094 3436 1174 3482 quis
1193 3437 1287 3471 iura-

207 3484 297 3520 verit
325 3494 365 3519 se
394 3482 530 3519 furtum
561 3492 634 3517 non
664 3481 809 3523 fecisse,
842 3480 992 3517 ⁷deinde
1023 3492 1097 3517 rem
1121 3481 1289 3516 furtivam

208 3531 423 3570 contrectet,
454 3527 540 3563 furti
564 3526 705 3571 quidem
729 3526 824 3562 actio
847 3526 1059 3572 peremitur,
1091 3527 1143 3562 rei
1169 3530 1288 3562 tamen

207 3577 251 3610 28
297 3573 498 3620 persecutio
523 3572 664 3608 domino
689 3574 859 3608 servatur.
898 3571 935 3606 Si
955 3581 1076 3607 servus
1096 3571 1287 3618 subreptus

208 3689 248 3728 (1)
271 3685 433 3730 suppetet]
447 3685 509 3719 sibi
522 3685 620 3729 petiit
630 3698 692 3719 scr.

782 3685 826 3727 (2)
850 3682 1042 3727 silignarius
1056 3684 1090 3716 F
1169 3687 1212 3724 (³)
1237 3684 1288 3717 di-

208 3732 298 3764 mitti
310 3734 404 3765 curet
415 3744 476 3765 scr.
540 3733 583 3771 (4)
608 3731 666 3772 qui
679 3730 876 3763 dimiserunt
888 3729 1045 3763 similiave
1058 3730 1118 3761 ins.
1184 3732 1227 3766 (5)
1254 3730 1291 3762 id

210 3785 272 3809 est:
298 3777 422 3809 feturae
435 3786 533 3808 causa
596 3777 639 3816 (c)
663 3785 740 3808 nam
753 3788 811 3808 om.
827 3776 859 3808 F
914 3775 957 3815 (7)
981 3783 1041 3806 nec
1056 3774 1114 3807 ins.
1177 3776 1221 3815 (s)
1246 3774 1286 3806 ad

1273 150 1360 202 770
1547 162 1566 201 ἰ

1448 14 1451 18 ’
1475 33 1491 72 x

1487 74 1494 107 l

1495 104 1559 159 ἥ

2186 170 2247 203 nn
2267 166 2429 204 'immas

1570 203 1593 213 x

1350 280 1453 316 heres
1477 279 1662 316 institutus
1686 279 1814 323 fuerit,
1846 280 1932 316 furti
1955 280 2086 317 iudicio
2109 284 2212 318 actor
2235 291 2427 327 conseque-

1350 329 1410 360 tur
1433 324 1539 360 etiam
1562 325 1715 371 pretium
1738 325 1955 368 hereditatis,
1982 326 2014 362 si
2037 325 2141 362 modo
2165 337 2300 369 servus,
2330 330 2428 362 ante·

1351 380 1457 415 quam
1478 370 1579 405 iussu
1597 370 1728 405 domini
1744 371 1860 412 adeat,
1879 375 2041 407 mortuus
2060 371 2179 407 fuerit.
2213 372 2429 408 condicendo

1351 418 1394 449 29
1442 425 1583 460 quoque
1600 419 1777 450 mortuum
1794 416 1887 451 idem
1908 420 2154 470 consequetur.
2190 416 2228 452 Si
2245 417 2432 452 statuliber

1351 460 1541 505 subreptus
1572 460 1619 495 sit
1646 460 1703 495 vel
1725 470 1782 496 res
1806 461 1872 496 sub
1898 461 2106 497 condicione
2128 461 2262 505 legata,
2292 462 2430 503 deinde,

1351 509 1541 548 antequam
1573 504 1739 549 adeatur,
1771 506 1927 541 extiterit
1956 506 2138 549 condicio,
2171 507 2257 542 furti
2280 507 2351 542 iam
2375 507 2431 551 agi

1352 560 1423 585 non
1445 553 1584 594 potest,
1618 550 1701 595 quia
1730 549 1834 586 desiit
1861 551 2033 587 interesse
2064 551 2224 587 heredis:
2257 551 2432 604 pendente

1352 599 1470 630 autem
1487 594 1695 631 condicione
1710 595 1801 630 tanti
1816 596 2056 632 aestimandus
2070 600 2136 639 est,
2155 601 2279 642 quanti
2295 601 2430 642 empto-

1352 650 1426 675 rem
1448 643 1569 685 potest
1590 640 1756 675 invenire.

1398 682 1450 722 53
1477 683 1558 727 (52)
1583 684 1689 720 IDEM
1703 685 1794 720 libro
1815 686 2021 738 trzjqensimo
2042 691 2166 722 octavo
2188 686 2237 722 ad
2255 686 2433 722 ediomm⁸

1353 732 1424 773 (30)
1470 730 1508 765 Si
1555 729 1611 765 uis
1634 740 1679 765 ex
1702 729 1822 772 domo,
1854 741 1891 765 m
1915 741 1985 776 qua
2007 741 2110 767 nemo
2136 735 2229 773 erat,
2262 731 2431 776 rapuerit,

1352 775 1493 810 actione
1548 784 1568 810 e
1595 775 1698 810 bonis
1727 775 1840 820 raptis
1871 775 1908 810 in
1932 776 2168 822 quadruplum
2193 776 2432 817 convenietur,

1352 819 1440 855 furti
1470 821 1567 856 non⁹
1596 819 1792 863 manifesti,
1823 820 1986 857 videlicet
2016 821 2047 856 si
2076 831 2179 857 nemo
2205 831 2285 857 eum
2309 821 2432 866 depre-

1352 864 1516 900 henderit
1538 865 1730 900 tollentem.

1398 909 1451 947 54
1476 907 1558 951 (53)
1584 910 1638 945 ΡΑ
1647 920 1689 944 Ul.
1698 920 1741 945 vs
1761 910 1851 945 libro
1873 911 2081 957 triqensimo
2100 921 2196 946 nono
2215 910 2265 945 ad
2281 910 2432 945 edictum

1353 954 1422 999 Qui
1444 955 1596 990 iniuriae
1620 964 1731 990 causa
1753 955 1898 990 ianuam
1920 955 2067 1001 effregit,
2093 955 2252 1001 quavas
2269 954 2352 990 inde
2370 965 2434 1000 per

1353 1000 1442 1036 alios
1466 1010 1524 1036 res
1547 1003 1687 1035 amotae
1710 1001 1797 1042 sint,
1821 1011 1894 1036 non
1917 1004 2059 1036 tenetur
2081 1000 2186 1036 furti:
2218 1010 2301 1035 nam
2323 1000 2432 1035 male-

1353 1045 1435 1080 ficia
1465 1045 1631 1080 voluntas
1662 1048 1698 1080 et
1726 1056 1790 1090 pro
1820 1045 1949 1080 ositum
1979 1045 2214 1090 delinquentis
2238 1045 2430 1090 distinguit.

1358 1094 1369 1124 1
1422 1090 1460 1126 Si
1491 1100 1614 1126 servus
1644 1100 1780 1126 commo
1808 1091 1918 1126 atoris
1949 1101 2024 1125 rem
2055 1090 2275 1135 subripuerit
2305 1094 2340 1125 et
2363 1090 2432 1125 sol-

1354 1135 1465 1171 vendo
1491 1136 1537 1170 sit
1559 1134 1590 1170 is
1614 1135 1671 1170 cui
1695 1135 1903 1180 subreptum
1927 1140 1992 1177 est,
2017 1135 2171 1172 Sabinus
2195 1136 2247 1170 ait
2271 1144 2376 1180 posse
2401 1139 2435 1170 et

1354 1180 1568 1215 commodati
1591 1180 1647 1225 agi
1672 1191 1753 1215 cum
1777 1191 1818 1215 eo
1840 1184 1875 1216 et
1895 1184 2021 1216 contra
2039 1179 2219 1216 dominum
2237 1179 2324 1215 furti
2343 1180 2435 1215 servi

1354 1226 1511 1261 nomine:
1536 1225 1599 1261 sed
1623 1225 1654 1260 si
1673 1226 1871 1270 pecuniam,
1897 1235 2003 1270 quam
2023 1225 2186 1261 domiuus
2206 1225 2331 1270 exegit,
2355 1225 2434 1260 red-

1354 1271 1431 1314 dat,
1465 1281 1676 1306 evanescere
1705 1270 1794 1305 furti
1825 1271 2018 1306 actionem:
2049 1270 2141 1306 idem
2169 1274 2206 1305 et
2228 1270 2259 1306 si
2282 1270 2437 1305 remittat

1355 1319 1374 1350 2
1422 1315 1636 1351 commodati
1665 1315 1851 1351 actionem.
1900 1315 2003 1360 Quod
2032 1316 2063 1351 si
2093 1325 2216 1351 servus
2245 1319 2330 1350 tuus
2361 1325 2435 1350 rem

1353 1361 1419 1396 tibi
1444 1360 1701 1396 commodatam
1725 1361 1961 1406 subripuerit,
1994 1360 2083 1396 furti
2105 1364 2223 1396 tecum
2246 1360 2340 1396 actio
2364 1370 2436 1395 non

1354 1410 1418 1449 est,
1444 1406 1528 1452 quia
1547 1409 1610 1441 tuo
1630 1405 1791 1452 periculo
1810 1416 1868 1441 res
1888 1406 1944 1449 sit,
1969 1405 2033 1441 sed
2051 1409 2190 1441 tantum
2210 1404 2435 1441 commodati.

1355 1454 1374 1486 3
1422 1451 1490 1496 Qui
1514 1450 1638 1486 alienis
1662 1450 1811 1496 negotiis
1835 1450 1997 1496 gerendis
2022 1462 2061 1487 se
2084 1451 2230 1496 optulit,
2260 1450 2436 1485 actionem

1354 1495 1441 1531 furti
1469 1507 1541 1531 non
1572 1496 1698 1538 habet,
1731 1496 1817 1531 licet
1845 1496 1952 1542 culpa
1982 1496 2059 1532 eius
2089 1507 2147 1532 res
2178 1495 2340 1541 perierit:
2374 1495 2436 1530 sed

1354 1541 1496 1577 actione
1519 1541 1740 1585 negotiorum
1765 1545 1945 1586 gestorum
1973 1541 2024 1576 ita
2052 1540 2273 1576 damnandus
2304 1543 2375 1583 est,
2406 1540 2436 1575 si

1355 1586 1519 1622 dominus
1548 1586 1689 1622 actione
1720 1586 1753 1621 ei
1785 1586 1899 1621 cedat.
1948 1587 2071 1622 eadem
2102 1590 2186 1622 sunt
2214 1586 2252 1621 in
2283 1596 2346 1628 eo,
2400 1585 2436 1619 ui

1354 1642 1420 1677 pro
1443 1635 1562 1667 tutore
1585 1631 1728 1676 negotia
1750 1631 1856 1676 gerit,
1888 1631 1942 1667 vel
1966 1632 2002 1666 in
2025 1641 2068 1667 eo
2098 1635 2235 1673 tutore,
2269 1631 2330 1676 qui
2358 1629 2392 1665 di
2409 1630 2435 1656 '-

1354 1677 1510 1722 gentiam
1545 1680 1732 1723 praestare
1769 1676 1917 1718 debeat,
1953 1676 2062 1712 veluti
2099 1676 2160 1721 qui
2193 1687 2236 1712 ex
2272 1675 2436 1721 pluribus

1354 1722 1533 1757 tutoribus
1564 1725 1776 1757 testamento
1807 1721 1899 1756 datis
1932 1721 2053 1757 oblata
2084 1721 2316 1757 satisdatione
2339 1720 2437 1756 solus

1356 1770 1376 1802 4
1423 1766 1763 1802 administrationem
1789 1766 1956 1812 suscepit.
2005 1766 2042 1802 Si
2067 1777 2112 1802 ex
2136 1766 2326 1802 donatione
2348 1765 2436 1801 alte-

1354 1812 1431 1848 rius
1454 1822 1528 1848 rem
1551 1822 1667 1847 meam
1689 1815 1812 1847 teneas
1837 1815 1872 1847 et
1895 1822 1973 1847 eam
1997 1812 2203 1857 subripiam,
2227 1812 2278 1846 ita
2297 1811 2437 1846 demum

1354 1857 1442 1892 furti
1465 1862 1501 1892 te
1525 1867 1630 1902 agere
1652 1867 1790 1892 mecum
1821 1866 1928 1902 posse
1951 1857 2109 1892 Iulianus
2141 1856 2206 1900 ait,
2239 1856 2271 1892 si
2298 1855 2438 1892 intersit

1354 1906 1419 1937 tua
1441 1902 1594 1938 retinere
1616 1902 1894 1948 possessionem,
1925 1902 2033 1938 veluti
2064 1902 2095 1938 si
2126 1902 2304 1937 hominem
2326 1900 2436 1936 dona-

1355 1952 1431 1982 tum
1461 1948 1582 1982 noxali
1611 1946 1741 1982 iudicio
1773 1947 1963 1982 defendisti
1993 1947 2049 1982 vel
2079 1957 2223 1992 aeg-rum
2246 1945 2433 1988 curaveris,

1355 1997 1396 2028 ut
1424 1992 1594 2046 adversus
1622 1992 1859 2027 vindicantem
1888 1992 2015 2028 iustam
2038 1992 2271 2028 retentionem
2293 1991 2437 2027 habitu-

1355 2048 1417 2073 rus
1442 2048 1502 2073 sis.

1401 2081 1454 2120 55
1486 2081 1568 2126 (54)
1603 2082 1726 2118 GAws
1759 2082 1849 2118 libro
1888 2083 1992 2118 tertio
2030 2082 2165 2118 decimo
2202 2081 2252 2117 ad
2284 2080 2437 2116 edictum

1350 2128 1578 2208 Ρνοέἱηοῐαῖσ
1608 2127 1662 2180 ‘Si
1684 2128 1830 2208 Pigffi‘oe
1851 2127 2005 2207 crfiditor
2022 2125 2266 2180 matun-furti
2280 2128 2435 2206 ltenetur.

1356 2177 1712 2261 twassffr’itffuzu‘sstf
1734 2176 1887 2263 omitti?
1913 2177 2136 2264 sssssspffiffif
2158 2182 2235 2252 ¹83?
2258 2180 2438 2268 ’ἐξῗῖἳο

1356 2264 1443 2300 satis
1473 2267 1624 2308 apparet
1651 2262 1787 2298 furtum
1817 2263 1895 2298 fieri
1932 2267 1967 2298 et
1997 2263 2029 2298 si
2057 2263 2136 2308 quis
2166 2272 2272 2298 usum
2302 2260 2439 2296 ahenae

1355 2309 1408 2344 rei
1436 2309 1474 2343 in
1503 2319 1607 2344 suum
1635 2308 1773 2343 lucrum
1806 2311 1999 2344 convertat.
2052 2318 2119 2343 nec
2157 2316 2297 2343 movere
2335 2315 2438 2358 quem

1357 2354 1472 2397 debet,
1497 2354 1599 2398 quasi
1613 2355 1639 2375 ¹¹
1663 2353 1751 2388 nihil
1773 2353 1863 2389 lucri
1886 2354 1941 2389 sui
1964 2353 2080 2398 gratia
2103 2352 2231 2388 faciat:
2262 2360 2397 2396 species
2412 2351 2439 2371 ¹²

1356 2398 1450 2434 enim
1478 2398 1570 2433 lucri
1598 2402 1654 2434 est
1682 2408 1727 2433 ex
1757 2399 1872 2434 alieno
1904 2398 2026 2443 largiri
2056 2402 2092 2434 et
2116 2396 2278 2433 beneficii
2301 2395 2436 2431 debito-

1356 2454 1431 2480 rem
1462 2443 1532 2479 sibi
1562 2443 1759 2488 adquirere.
1812 2443 1907 2478 unde
1945 2448 1980 2478 et
2007 2443 2038 2479 is
2068 2443 2157 2478 furti
2184 2445 2342 2484 tenetur,
2379 2440 2438 2493 qui

1358 2492 1378 2524 2
1423 2489 1503 2525 ideo
1527 2499 1602 2524 rem
1625 2492 1779 2531 amovet,
1810 2492 1850 2523 ut
1873 2498 1952 2524 eam
1975 2488 2035 2523 alii
2059 2488 2178 2523 donet.
2226 2486 2356 2521 Furem
2383 2496 2437 2520 m-

1356 2534 1474 2570 terdiu
1498 2534 1756 2579 deprehensum
1778 2544 1851 2569 non
1871 2533 1975 2569 aliter
1995 2533 2157 2569 occidere
2176 2533 2233 2568 lex
2254 2530 2439 2567 duodecim

1356 2579 1559 2615 tabularum
1588 2578 1764 2624 permisit,
1797 2589 1903 2624 quam
1932 2579 1963 2614 si
1990 2578 2062 2614 telo
2089 2587 2129 2613 se
2152 2576 2331 2613 defendat.
2377 2575 2439 2611 teli

1357 2629 1477 2660 autem
1507 2623 1747 2670 appellatione
1781 2628 1817 2660 et
1844 2624 1978 2659 ferrum
2012 2627 2048 2658 et
2075 2622 2181 2658 fustis
2213 2625 2251 2657 et
2280 2620 2372 2667 lapis
2403 2624 2439 2656 et

1358 2669 1508 2714 denique
1539 2680 1661 2713 omne,
1694 2668 1789 2714 quod
1818 2668 1971 2705 nocendi
1998 2678 2108 2704 causa
2130 2668 2300 2709 habetur,
2331 2665 2437 2711 signi·

1359 2719 1377 2750 3
1426 2714 1567 2750 ficatur.
1616 2713 1705 2750 Cum
1735 2714 1821 2749 furti
1852 2714 1946 2750 actio
1971 2714 2024 2749 -ad
2054 2722 2191 2759 poenae
2219 2711 2438 2758 persecutio-

1358 2770 1438 2795 nem
1467 2759 1662 2804 pertineat,
1701 2758 1879 2795 condictio
1910 2769 1993 2794 vero
2026 2762 2063 2794 et
2090 2757 2282 2793 vindicatio
2311 2756 2358 2791 ad
2387 2755 2439 2791 rei

1358 2804 1661 2851 reciperationem,
1690 2808 1840 2858 apparet
1863 2807 2009 2849 recepta
2031 2813 2070 2839 re
2093 2803 2205 2838 nihilo
2227 2801 2343 2837 minus
2367 2801 2437 2836 sal-

1357 2861 1438 2886 vam
1461 2859 1539 2887 esse
1561 2849 1650 2885 furti
1673 2855 1867 2891 actionem,
1891 2848 2164 2884 vindicationem
2187 2857 2270 2883 vero
2295 2850 2331 2882 et
2354 2856 2437 2882 con-

1359 2895 1549 2931 dictionem
1577 2895 1671 2930 tolli:
1702 2894 1796 2930 sicut
1826 2905 1871 2930 ex
1894 2894 2033 2930 diverso
2058 2896 2141 2939 post
2163 2892 2316 2928 solutam
2340 2891 2439 2936 dupli

1358 2944 1422 2976 aut
1452 2939 1643 2985 quadrupli
1673 2949 1824 2985 poenam
1855 2939 1954 2975 salva
1985 2942 2041 2974 est
2070 2937 2262 2973 vindicatio
2291 2940 2328 2972 et
2353 2947 2437 2972 con-

1359 2989 1379 3020 4
1427 2985 1546 3021 dictio.
1601 2983 1670 3028 Qui
1698 2984 1915 3020 ferramenta
1943 2984 2059 3020 sciens
2089 2981 2364 3019 commodaverit
2391 2981 2438 3016 ad

1358 3029 1614 3075 effringendum
1637 3029 1766 3065 ostium
1789 3030 1845 3065 vel
1869 3029 2072 3072 armarium,
2095 3028 2151 3064 vel
2171 3027 2304 3063 scalam
2323 3025 2438 3062 sciens

1359 3074 1631 3112 commodaverit
1665 3074 1711 3109 ad
1747 3074 2027 3110 ascendendum:
2071 3073 2156 3109 licet
2189 3071 2326 3107 nullum
2361 3071 2437 3107 eius

1359 3120 1547 3157 consilium
1575 3119 1820 3165 principaliter
1849 3119 1896 3154 ad
1924 3120 2059 3154 furtum
2093 3117 2295 3153 faciendum
2328 3116 2436 3151 inter-

1360 3170 1378 3202 5
1425 3164 1570 3207 venerit,
1594 3168 1713 3200 tamen
1736 3164 1823 3200 furti
1847 3164 1987 3200 actione
2009 3166 2160 3199 tenetur.
2197 3161 2236 3197 Si
2258 3165 2356 3197 tutor
2378 3161 2438 3206 qui

1357 3210 1500 3255 negotia
1522 3210 1613 3254 gerit
1636 3215 1700 3245 aut
1723 3214 1869 3246 curator
1891 3208 2104 3254 transegerit
2127 3218 2207 3244 cum
2230 3206 2326 3251 fure,
2356 3216 2437 3242 eva-

1358 3255 1472 3292 nescit
1494 3253 1579 3289 furti
1603 3255 1710 3290 actio.

1403 3298 1456 3338 56
1477 3299 1559 3343 (55)
1586 3299 1781 3336 Utmzws
1800 3298 1892 3335 libro
1913 3299 2016 3334 tertio
2035 3298 2317 3344 disputationum
2349 3296 2438 3331 Cum

1358 3345 1513 3382 creditor
1531 3355 1606 3380 rem
1626 3345 1694 3380 sibi
1713 3344 1933 3398 pigneratam
1953 3342 2081 3386 aufert,
2106 3353 2177 3378 non
2195 3341 2333 3378 videtur
2352 3352 2437 3377 con-

1357 3394 1522 3433 trectare,
1546 3389 1610 3425 sed
1632 3390 1773 3435 pignori
1795 3399 1861 3425 suo
1884 3388 2099 3424 incumbere.

1403 3434 1455 3473 57
1476 3432 1558 3478 (56)
1578 3434 1604 3470 I
1606 3444 1770 3471 ULIANUS
1791 3434 1881 3470 libro
1902 3434 2092 3469 vicensimo
2110 3431 2265 3467 secundo
2284 3430 2437 3477 diqesto-

1356 3491 1437 3516 rum
1467 3479 1650 3515 Interdum
1674 3478 1732 3515 fur
1753 3479 1859 3515 etIam
1881 3481 2045 3514 manente
2069 3487 2205 3531 poenae
2220 3475 2438 3522 ,obligatione

1356 3526 1394 3562 in
1417 3524 1628 3571 quibusdam
1654 3525 1838 3561 casibus¹²
1860 3533 1985 3560 rursus
2009 3522 2203 3567 obligatur,
2226 3524 2268 3556 nt
2291 3530 2371 3574 cum
2395 3530 2437 3556 eo

1357 3570 1499 3617 saepius
1525 3570 1681 3606 eiusdem
1704 3570 1756 3605 rei
1780 3569 1921 3605 nomine
1944 3567 2030 3603 furti
2054 3568 2109 3612 agi
2132 3566 2258 3612 possit.
2302 3575 2437 3611 primus

1356 3683 1500 3717 edictum
1514 3695 1572 3715 om.
1589 3683 1623 3716 F

1707 3683 1752 3725 (9)
1776 3692 1844 3715 non
1857 3680 1941 3715 furti
1955 3681 2141 3715 Bachovius
2231 3681 2292 3721 (ιο)
2316 3677 2398 3722 quid
2412 3677 2443 3713 F

1356 3730 1417 3806 ξιξ)
1430 3728 1534 3807 boelus.
1554 3728 1602 3761 Ρ
1706 3729 1762 3770 (12)
1786 3727 1936 3770 speiesF'
2015 3727 2073 3769 (13)
2098 3724 2135 3758 in
2147 3724 2342 3768 quibusdam
2353 3725 2438 3757 oasi-
