2528 3918
190 137 350 180 XVIIII
382 139 407 179 2

189 260 359 296 bitatores
382 257 546 294 habitare
568 267 642 292 non
671 257 890 303 potuissent,
921 258 1096 294 rationem
1127 256 1210 292 duci
1241 260 1277 292 et

188 305 281 341 tanti
305 305 402 339 litem
432 302 631 338 aestimari:
664 302 720 338 sin
744 306 863 338 autem
886 313 959 339 non
981 302 1109 338 fuisset
1131 312 1276 338 necesse

189 349 358 391 demoliri,
383 347 446 383 sed
470 347 552 392 quia
571 346 697 383 melius
718 347 907 384 aedificare
925 347 1041 391 vellet,
1064 347 1101 383 id
1118 346 1274 390 fecisset,

189 395 312 440 quanti
337 391 565 429 conductoris
587 391 776 428 interesset
789 394 811 436 ¹,
834 393 1054 428 habitatores
1077 402 1124 428 ne
1146 392 1274 437 migra-

192 444 205 475 1
255 442 345 482 rent,
364 437 457 473 tanti
478 436 707 473 condemnari
727 441 902 483 oportere.
949 437 1084 472 Aedilis
1102 437 1141 472 in
1160 437 1274 472 muni-

189 484 280 529 cipio
305 483 453 518 balneas
478 481 711 527 conduxerat,
735 486 774 519 ut
799 493 839 519 eo
864 493 957 518 anno
978 482 1175 527 municipes
1193 492 1274 527 gra·

188 529 233 564 tis
257 529 479 564 lavarentur:
511 530 596 574 post
625 530 697 564 tres
726 538 864 564 menses
894 527 1058 563 incendio
1089 526 1187 563 facto
1218 537 1274 562 re-

189 573 332 619 spondit
355 582 462 625 posse
493 572 551 618 agi
581 582 661 608 cum
693 573 900 609 balneatore
932 583 975 608 ex
1007 572 1203 615 conducto,
1235 576 1276 607 ut

187 629 252 664 pro
273 621 440 670 portione
462 617 651 664 temporis,
683 629 753 664 quo
778 618 990 654 lavationem
1020 627 1092 653 non
1123 616 1274 663 praesti·

189 667 208 699 2
254 666 376 707 tisset,
399 663 576 709 pecuniae
600 663 816 699 contributio
841 663 952 698 fieret.
1000 662 1067 706 Qui
1090 662 1205 698 mulas
1229 661 1275 697 ad

188 712 321 744 certum
357 707 500 754 pondus
530 708 648 744 oneris
679 709 857 751 locaret2,
891 718 971 743 cum
1001 707 1136 743 maiore
1167 717 1275 743 onere

188 753 389 790 conductor
419 763 482 790 eas
504 753 680 799 rupisset,
713 753 924 789 consulebat
955 752 999 788 de
1029 752 1180 789 actione.
1217 763 1273 787 re-

187 798 331 844 spondit
346 798 401 835 vel
419 798 432 834 1
477 799 653 844 eAquilia
673 798 727 834 vel
747 809 791 834 ex
809 799 926 834 locato
947 801 1043 833 recte
1064 809 1144 833 eum
1156 807 1272 843 agere,

186 844 250 880 sed
274 844 351 890 lege
373 809 518 890 Aqfflia
540 847 681 879 tantum
706 855 785 879 cum
810 854 850 879 eo
871 843 930 888 agi
973 853 1064 886 osse,
1089 843 1174 889 qui⁸
1197 846 1273 878 tum

187 889 301 925 mulas
325 889 506 935 agitasset,
530 899 574 925 ex
597 889 715 925 locato
740 889 846 924 etiam
870 888 900 924 si
923 898 944 923 a
961 889 1013 924 ’us
1031 899 1092 924 eas
1108 887 1273 934 rupisset,

188 937 206 970 3
255 945 336 971 cum
360 934 578 971 conductore
600 937 698 970 recte
721 934 788 979 agi.
836 933 905 978 Qui
928 933 1051 969 aedem
1074 933 1274 969 faciendam

186 980 377 1023 locaverat,
400 979 464 1015 inl
509 990 528 1015 e
543 980 698 1015 dixerat:
725 978 854 1024 ‘quoad
869 979 906 1014 in
926 989 1016 1031 opus
1035 978 1162 1024 lapidis
1183 988 1274 1022 opus

187 1024 285 1068 ‘erit,
339 1036 380 1061 ro
413 1025 486 1070 lapi
512 1035 531 1060 e
562 1028 598 1061 et
627 1023 849 1069 manupretio
874 1023 1037 1059 dommus
1059 1023 1274 1069 redemptori

187 1070 235 1105 ‘in
268 1036 377 1116 peges
412 1069 569 1116 singulos
605 1070 762 1115 septem⁴
799 1069 927 1104 dabit‘:
973 1070 1172 1115 quaesitum
1207 1072 1272 1112 est,

187 1119 304 1151 utrum
322 1115 459 1151 factum
479 1126 568 1160 opus
588 1125 634 1150 an
654 1114 759 1150 etiam
778 1113 1015 1160 inperfectum
1032 1114 1148 1149 metiri
1168 1124 1273 1160 opor-

186 1164 206 1196 4
253 1164 355 1197 teret.
390 1160 575 1207 respondit
599 1160 705 1195 etiam
728 1159 986 1205 imperfectum.
1035 1159 1190 1195 Colonus
1210 1159 1273 1194 vil-

186 1206 256 1242 lam
268 1206 338 1242 hac
349 1205 425 1251 lege
447 1208 646 1250 acceperat,
667 1208 708 1240 ut
726 1204 969 1250 incorruptam
989 1204 1153 1240 redderet
1168 1215 1272 1250 prae-

187 1255 242 1287 ter
266 1251 335 1287 vim
358 1255 396 1287 et
417 1254 649 1286 vetustatem:
683 1250 799 1286 coloni
831 1260 952 1285 servus
975 1250 1094 1285 viflam
1116 1249 1276 1285 incendit

186 1307 259 1332 non
289 1296 438 1333 fortuito
471 1306 569 1331 casu.
613 1305 686 1331 non
715 1295 825 1330 videri
855 1305 934 1330 eam
963 1295 1034 1330 vim
1065 1296 1275 1340 exceptam⁸

187 1341 370 1387 respondit
392 1351 458 1376 nec
481 1340 518 1375 id
541 1344 687 1385 pactum
711 1350 799 1383 esse,
824 1343 874 1383 ut,
900 1340 930 1375 si
954 1340 1001 1375 ali
1026 1339 1081 1376 uis
1106 1340 1273 1376 domesti-

186 1397 250 1422 cus
276 1397 352 1422 eam
375 1385 608 1428 incendisset,
641 1395 686 1421 ne
709 1388 930 1430 praestaret,
963 1395 1002 1421 se
1038 1386 1052 1407 ⁶
1083 1386 1274 1422 extrariam

186 1432 253 1468 vim
277 1432 472 1476 utrosque⁷
497 1430 660 1476 excipere
683 1430 847 1466 voluisse.

231 1475 280 1515 31
309 1476 415 1512 IDEM
441 1475 532 1512 libro
565 1476 690 1522 quinto
722 1476 942 1542 digestorum
973 1487 997 1511 a
1020 1475 1138 1512 Paulo
1162 1475 1274 1522 epito-

187 1526 363 1558 matorum
410 1521 452 1556 In
470 1531 597 1556 navem
616 1520 751 1556 Saufeii
794 1531 875 1556 eum
897 1521 1096 1566 complures
1114 1520 1273 1556 frumen-

185 1571 260 1602 tum
284 1566 531 1609 confuderant,
556 1565 721 1602 Saufeius
740 1566 803 1601 uni
822 1576 865 1601 ex
883 1566 939 1602 his
958 1566 1175 1602 frumentum
1194 1566 1272 1602 red-

185 1612 324 1647 diderat
347 1611 391 1647 de
415 1611 593 1647 communi
617 1615 653 1646 et
672 1611 771 1647 navis
791 1611 962 1656 perieratz
987 1612 1188 1657 quaesitum
1208 1615 1272 1655 est,

185 1668 231 1693 an
256 1656 364 1693 ceteri
386 1667 452 1702 pro
486 1667 552 1692 sua
582 1660 686 1702 parte
714 1657 883 1692 frumenti
915 1667 996 1692 cum
1026 1660 1138 1692 nauta
1168 1667 1274 1703 agere

185 1705 336 1748 possunt
358 1701 477 1738 oneris
501 1702 616 1738 aversi
639 1701 789 1737 actione.
825 1712 883 1738 res
911 1702 1010 1738 ondit
1032 1713 1152 1738 rerum
1174 1702 1272 1738 loca-

185 1753 300 1783 tarum
325 1746 395 1783 duo
418 1757 549 1792 genera
573 1757 670 1790 esse,
702 1750 744 1782 ut
775 1751 839 1782 aut
861 1747 873 1782 i
899 1758 954 1783 em
977 1747 1188 1783 redderetur
1213 1747 1271 1790 (si-

185 1793 258 1828 cuti
290 1803 371 1828 cum
401 1792 612 1828 vestimenta
633 1791 761 1828 fulloni
785 1792 946 1828 curanda
967 1792 1184 1836 locarentur)
1210 1796 1274 1828 aut

184 1837 342 1874 eiusdem
388 1837 502 1873 eneris
525 1837 732 1873 redderetur
756 1837 876 1881 (veluti
901 1848 982 1873 cum
1001 1841 1186 1883 argentum
1205 1849 1272 1883 pu-

184 1883 339 1919 sulatum
379 1882 466 1918 abro
491 1882 655 1926 daretur,
687 1886 728 1918 ut
750 1893 837 1919 vasa
859 1883 1005 1926 fierent,
1037 1887 1102 1919 aut
1133 1893 1271 1926 aurum,

183 1932 224 1964 ut
246 1927 375 1971 anuli):
401 1938 445 1963 ex
469 1927 652 1973 superiore
676 1938 786 1964 causa
804 1938 879 1963 rem
899 1928 1030 1964 domini
1048 1938 1204 1971 manere,
1229 1939 1273 1964 ex

183 1973 379 2020 posteriore
408 1973 446 2008 in
477 1973 650 2008 creditum
683 1973 736 2008 iri.
774 1973 867 2009 idem
889 1973 976 2009 iuris
1002 1984 1079 2009 esse
1101 1973 1139 2009 in
1163 1973 1271 2019 depo-

184 2019 270 2055 sito:
296 2028 379 2054 nam
403 2018 434 2054 si
456 2018 535 2064 quis
557 2018 747 2064 pecuniam
770 2022 992 2054 numeratam
1014 2019 1066 2055 ita
1089 2019 1272 2065 deposuis-

183 2068 249 2107 set,
273 2068 314 2099 ut
337 2074 452 2109 neque
476 2064 611 2098 clusam
635 2074 750 2109 neque
773 2064 849 2099 obs'
899 2068 995 2100 atam
1016 2064 1186 2107 traderet,
1210 2064 1273 2100 sed

184 2109 445 2151 adnumeraret,
470 2108 560 2144 nihil
582 2108 680 2144 aliud
703 2119 785 2144 eum
809 2109 853 2144 de
880 2119 938 2145 ere
961 2109 1058 2155 apud
1081 2120 1186 2155 quem
1211 2110 1272 2145 de-

183 2155 301 2200 posita
324 2157 419 2189 esset
449 2153 519 2189 nisi
550 2154 760 2190 tantundem
783 2155 959 2199 pecuniae
989 2155 1143 2190 solveret
1154 2156 1178 2190 ⁹.
1216 2165 1271 2190 se-

185 2199 339 2236 cundum
372 2209 464 2244 quae
486 2198 598 2235 videri
619 2199 777 2235 triticum
799 2198 936 2235 factum
960 2199 1095 2235 Saufeii
1118 2203 1154 2236 et
1176 2203 1273 2236 recte

185 2244 317 2280 datum.
363 2244 459 2290 quod
482 2244 513 2279 si
535 2244 729 2290 separatim
751 2244 884 2281 tabulis
907 2248 971 2280 aut
992 2245 1185 2281 heronibus
1209 2249 1274 2281 aut

183 2291 220 2326 in
252 2289 322 2325 alia
346 2299 440 2335 cupa
464 2289 603 2325 clusum
634 2289 914 2335 uniuscuiusque
943 2290 1102 2326 triticum
1131 2289 1270 2334 fuisset,

184 2336 234 2370 ita
256 2338 297 2370 ut
319 2334 511 2370 internosci
534 2338 657 2380 posset
681 2335 765 2380 quid
789 2335 961 2381 cuiusque
985 2339 1090 2379 esset,
1115 2346 1187 2371 non
1206 2346 1270 2381 po-

183 2380 294 2416 tuisse
326 2390 392 2415 nos
406 2381 433 2401 ¹⁰
463 2380 762 2432 permutationem
793 2380 932 2424 facere,
965 2380 1029 2416 sed
1058 2385 1134 2416 tum
1164 2391 1272 2427 posse

184 2436 264 2461 eum
296 2425 397 2460 cuius
420 2424 549 2460 fuisset
571 2425 729 2461 triticum
751 2425 848 2471 quod
871 2429 983 2461 nauta
1006 2426 1170 2462 solvisset
1193 2427 1268 2461 vin-

184 2471 313 2507 dicare.
350 2473 387 2505 et
408 2470 488 2506 ideo
512 2480 551 2506 se
572 2470 775 2516 improbare
797 2470 956 2507 actiones
987 2471 1104 2507 oneris
1136 2472 1269 2507 aversi:

185 2516 269 2560 quia
292 2515 365 2551 sive
399 2515 476 2550 eius
505 2517 644 2560 generis
675 2519 795 2552 essent
827 2526 982 2559 merces,
1015 2527 1107 2562 quae
1137 2521 1271 2552 nautae

183 2560 427 2603 traderentur,
459 2564 501 2596 ut
532 2561 702 2597 continuo
727 2561 804 2597 eius
827 2561 955 2596 fierent
978 2565 1013 2597 et
1035 2565 1212 2598 mercator
1233 2562 1271 2598 in

185 2606 356 2641 creditum
366 2605 444 2648 iret,
464 2616 538 2641 non
549 2606 727 2642 videretur
738 2616 829 2642 onus
847 2616 925 2642 esse
945 2617 1119 2650 aversum,
1140 2607 1271 2653 quippe

185 2650 280 2696 quod
304 2655 435 2686 nautae
458 2650 603 2687 fuissetz
638 2652 711 2687 sive
735 2651 859 2687 eadem
881 2662 958 2694 res,
983 2662 1075 2697 quae
1097 2652 1269 2688 tradita¹¹

185 2700 288 2738 esset,
313 2695 413 2730 reddi
438 2695 582 2732 deberet
594 2697 632 2739 ¹²,
656 2696 743 2732 furti
767 2706 844 2732 esse
869 2697 1045 2733 actionem
1064 2697 1217 2733 locatori
1236 2701 1272 2733 et

184 2740 262 2776 ideo
297 2751 555 2785 supervacuum
587 2752 666 2778 esse
695 2741 865 2777 iudicium
897 2742 1014 2778 oneris
1046 2743 1171 2778 aversi.
1207 2742 1271 2779 sed

185 2786 215 2821 si
237 2786 290 2820 ita
313 2785 435 2820 datum
459 2790 569 2829 esset,
603 2790 644 2822 ut
666 2787 703 2822 in
726 2786 831 2822 simili
854 2797 893 2822 re
916 2787 1004 2823 solvi
1027 2789 1160 2832 possit,
1186 2798 1269 2823 con-

185 2830 369 2866 ductorem
393 2831 534 2875 culpam
559 2832 745 2867 dumtaxat
768 2832 898 2868 debere
923 2837 1019 2871 (nam
1041 2833 1079 2868 in
1102 2843 1152 2876 re,
1177 2843 1270 2878 quae

186 2875 371 2920 utriusque
392 2886 503 2911 causa
522 2877 803 2919 contraheretur,
830 2878 972 2923 culpam
997 2877 1131 2920 deberi)
1155 2889 1271 2924 neque

184 2919 383 2957 omnimodo
409 2921 549 2966 culpam
572 2933 666 2964 esse,
691 2922 787 2968 quod
810 2922 871 2958 uni
894 2923 1105 2959 reddidisset
1129 2934 1173 2959 ex
1195 2923 1270 2958 fru-

184 2969 322 3007 mento,
357 2966 522 3010 quoniam
546 2967 651 3003 alicui
675 2968 826 3013 primum
849 2968 997 3003 reddere
1021 2978 1103 3004 eum
1125 2979 1271 3005 necesse

184 3010 330 3053 fuisset,
367 3011 509 3046 tametsi
541 3013 718 3048 meliorem
751 3013 825 3048 eius
859 3013 1104 3050 condicionem
1135 3014 1272 3050 faceret

184 3065 291 3101 quam
315 3059 523 3091 ceterorum.

230 3098 284 3138 32
308 3099 500 3136 IULIANUS
528 3101 618 3136 libro
650 3105 780 3146 quarto
811 3115 862 3139 ex
891 3102 1042 3140 Minicio
1092 3104 1160 3148 Qui
1188 3104 1269 3140 fun-

184 3145 268 3181 dum
291 3144 478 3181 colendum
501 3146 539 3180 in
562 3146 680 3197 plures
705 3157 816 3184 annos
840 3149 1034 3192 locaverat,
1059 3149 1213 3185 decessit
1235 3153 1271 3185 et

184 3201 265 3226 eum
286 3189 437 3226 fundum
460 3191 598 3236 legavit.
647 3191 790 3229 Cassius
814 3194 954 3239 negavit
975 3205 1085 3240 posse
1109 3194 1186 3240 cogi
1209 3205 1269 3230 co-

184 3237 323 3279 lonum,
355 3239 397 3271 ut
429 3245 508 3271 eum
531 3235 680 3271 fundum
713 3238 862 3281 coleret,
895 3239 980 3284 quia
1013 3240 1100 3275 nihil
1130 3239 1270 3276 heredis

183 3282 381 3317 interesset.
417 3280 514 3326 quod
544 3281 574 3316 si
605 3281 751 3317 colonus
782 3284 887 3319 vellet
917 3285 1039 3321 colere
1071 3289 1107 3321 et
1138 3285 1183 3320 ab
1215 3295 1268 3328 e0,

185 3326 243 3363 cui
271 3326 409 3372 legatus
434 3329 528 3362 esset
550 3325 702 3368 fundus,
726 3328 995 3371 prohiberetur,
1029 3341 1110 3366 cum
1140 3330 1270 3366 herede

185 3371 360 3407 actionem
390 3370 556 3407 colonum
587 3370 736 3406 habere:
769 3377 804 3407 et
833 3374 902 3410 hoc
943 3376 1189 3411 detrimentum
1224 3375 1270 3410 ad

184 3415 348 3452 heredem
361 3416 388 3438 ¹³
436 3415 603 3451 ertinere:
629 3416 734 3451 sicuti
756 3417 786 3452 si
810 3419 887 3469 quis
910 3430 1000 3463 rem,
1024 3432 1130 3466 quam
1148 3420 1268 3456 vendi..

185 3462 295 3497 disset
317 3471 384 3497 nec
408 3427 493 3496 gum
515 3460 737 3504 tradidisset,
769 3463 829 3497 alii
859 3464 1034 3509 legasset,
1065 3466 1169 3502 heres
1193 3465 1268 3502 eius

185 3517 239 3541 em
269 3506 339 3542 tori
362 3509 398 3542 et
419 3505 589 3551 legatario
614 3510 708 3541 esset
730 3507 922 3552 obligatus.

259 3549 283 3589 3
309 3552 535 3587 Armenes
554 3550 646 3588 libro
669 3555 795 3587 octavo
818 3556 1069 3598 quaestionum
1116 3555 1154 3590 Si
1185 3555 1267 3591 fun-

186 3666 226 3705 (1)
247 3664 410 3697 interesse
422 3663 456 3696 F
520 3665 565 3706 (2)
584 3663 713 3696 locarat
724 3666 799 3698 edd.

185 3710 264 3749 tem]
278 3709 449 3741 sestertios
461 3711 616 3752 septenos
628 3721 690 3742 ser.

186 3755 229 3795 (ὅ)
255 3763 311 3786 sex
324 3753 358 3786 F
451 3754 495 3795 (¹1)
519 3753 638 3797 utiquo
649 3765 712 3788 scr.

870 3667 917 3708 (³)
941 3668 1022 3709 quin
1037 3669 1070 3700 F
1134 3670 1269 3712 (418ορ-

805 3757 850 3796 (8)
882 3757 983 3790 aufeii
998 3758 1032 3790 F
1131 3760 1175 3799 (9)
1202 3758 1267 3791 sol-

1260 131 1343 179 254

874 3711 922 3751 (⁵)
950 3713 1016 3745 vim
1029 3713 1085 3745 vix
1097 3717 1227 3757 ceptam
1239 3713 1275 3747 F

2256 150 2418 183 LocA'n

1344 256 1410 291 dus
1442 266 1546 302 quem
1575 257 1661 292 mihi
1690 257 1860 294 locaveris
1891 258 2095 304 publicatus
2133 259 2198 302 sit,
2234 258 2350 296 teneri
2385 264 2421 296 te

1346 300 1489 337 actione
1512 310 1557 337 ex
1579 301 1777 346 conducto,
1809 304 1984 356 ut0mihi·
2000 303 2073 339 frui
2102 303 2228 347 liceat,
2261 306 2421 351 quamvis

1344 349 1488 426 ἓιῗᾱὲθω
1497 348 2422 445 5¹33&‘.1‘{3‘’..}¹;¹3¹¹3.3‘1¹fi33333303323233

1344 436 1459 472 solum
1483 440 1692 480 corruisset,
1717 438 1826 474 nihilo
1850 439 1966 475 minus
1990 439 2176 475 teneberis.
2214 449 2296 475 nam
2326 444 2362 475 et
2391 441 2422 476 si

1343 480 1541 517 vendideris
1564 481 1650 517 mihi
1671 481 1822 518 fundum
1843 484 1944 530 isque
1967 485 2175 530 priusquam
2197 495 2330 521 vacuus
2348 488 2420 521 tra-

1344 526 1487 562 deretur
1509 526 1712 572 publicatus
1735 527 1861 572 fuerit,
1894 530 2047 565 tenearis
2083 540 2127 565 ex
2151 533 2287 576 empto:
2326 530 2422 576 quod

1344 572 1518 607 hactenus
1541 581 1664 607 verum
1687 573 1772 616 erit,
1804 577 1846 609 ut
1874 574 2029 626 pretium
2053 574 2241 618 restituas,
2276 585 2350 611 non
2381 579 2422 611 ut

1344 616 1451 652 etiam
1481 616 1519 651 id
1547 621 1727 669 praestes,
1761 618 1792 654 si
1823 619 1909 664 quid
1931 620 2046 665 pluris
2070 630 2151 655 mea
2173 620 2314 656 intersit
2339 630 2419 656 eum

1343 671 1495 697 vacuum
1517 661 1604 696 mihi
1626 663 1730 698 tradi.
1775 663 1936 700 similiter
1957 664 2065 709 igitur
2087 669 2123 700 et
2145 665 2242 700 circa
2265 665 2421 701 conduc-

1344 707 1476 742 tionem
1501 707 1711 743 servandum
1733 712 1834 753 puto,
1858 713 1899 744 ut
1922 709 2119 745 mercedem
2143 720 2248 755 quam
2271 711 2421 755 praesti-

1343 752 1446 787 terim
1469 752 1657 795 restituas,
1689 753 1765 789 eius
1798 754 1935 790 scilicet
1965 754 2155 800 temporis,
2187 766 2257 801 quo
2289 754 2421 791 fruitus

1343 807 1417 833 non
1438 796 1577 840 fuerim,
1602 807 1667 833 nec
1691 798 1786 833 ultra
1809 799 1950 835 actione
1974 809 2018 835 ex
2039 799 2218 836 conducto
2238 804 2423 846 praestare

1345 842 1494 888 cogeris.
1531 852 1615 877 nam
1640 847 1676 878 et
1699 843 1730 879 si
1753 844 1902 879 colonus
1925 848 2009 879 tuus
2032 844 2144 880 fundo
2167 844 2238 880 frui
2262 856 2284 880 a
2306 849 2343 880 te
2359 850 2422 881 aut

1344 887 1389 923 ab
1415 897 1456 923 eo
1473 887 1499 908 ¹⁴
1523 887 1750 933 prohibetur,
1783 899 1888 934 quem
1911 894 1951 924 tu
1974 889 2164 935 prohibere
2186 901 2230 926 ne
2253 890 2291 926 id
2312 890 2424 926 faciat

1370 932 1482 976 ossis,
1507 935 1649 968 tantum
1672 933 1705 969 ei
1753 934 1948 978 raestabis,
1973 935 2099 980 quanti
2122 935 2197 971 eius
2220 935 2423 971 interfuerit

1359 977 1425 1020 rui,
1447 977 1485 1013 in
1509 988 1578 1023 quo
1604 978 1710 1014 etiam
1746 989 1871 1014 ucrum
1890 979 1966 1015 eius
1985 980 2241 1016 continebitur:
2267 981 2322 1016 sin
2339 991 2422 1016 vero

1344 1023 1389 1058 ab
1415 1033 1456 1058 eo
1480 1023 1774 1068 interpellabitur,
1799 1034 1903 1070 quem
1921 1028 1962 1060 tu
1980 1025 2168 1070 prohibere
2187 1036 2253 1071 pro
2280 1030 2335 1062 ter
2353 1026 2423 1062 vim

1344 1068 1512 1103 maiorem
1535 1071 1600 1103 aut
1622 1069 1818 1114 potentiam
1842 1070 1919 1105 eius
1943 1080 2015 1106 non
2039 1070 2194 1116 poteris,
2227 1082 2250 1106 n
2294 1071 2301 1078 ‘
2347 1081 2422 1106 am-

1343 1113 1437 1159 plius
1457 1113 1489 1148 ei
1507 1123 1614 1158 quam
1630 1114 1828 1150 mercedem
1843 1115 2021 1151 remittere
2033 1119 2097 1151 aut
2107 1115 2256 1152 reddere
2267 1115 2423 1159 debebis,

1390 1156 1444 1196 34
1482 1157 1606 1194 was
1636 1159 1728 1195 libro
1762 1160 1897 1195 decimo
1933 1159 1984 1196 ad
2015 1160 2169 1197 edictum
2197 1162 2425 1208 provinciale

1343 1203 1489 1249 perinde
1513 1213 1556 1239 ae
1578 1203 1757 1240 latronum
1779 1205 1926 1241 incursu
1948 1205 1986 1241 id
2008 1205 2189 1242 acciderit.

1389 1246 1442 1287 35
1467 1249 1693 1285 Armanas
1712 1250 1803 1286 libro
1827 1255 1951 1287 octavo
1972 1252 2220 1297 quaestionum
2266 1250 2316 1286 Et
2333 1251 2424 1287 haec

1344 1294 1525 1330 distinctio
1550 1294 1716 1330 convenit
1745 1295 1814 1338 illi,
1847 1306 1938 1341 quae
1970 1306 1993 1331 a
2016 1295 2136 1332 Servio
2160 1296 2366 1332 introducta
2389 1300 2425 1332 et

1344 1340 1390 1375 ab
1415 1339 1577 1375 omnibus
1600 1338 1676 1375 fere
1699 1340 1852 1385 probata
1875 1344 1949 1384 est,
1974 1345 2032 1385 ut,
2065 1342 2096 1378 si
2118 1341 2303 1378 aversione
2324 1342 2423 1377 insu-

1343 1385 1415 1420 lam
1447 1385 1602 1420 locatam
1634 1384 1797 1421 dominus
1827 1386 2019 1422 reficiendo
2033 1413 2042 1430 ,
2076 1396 2122 1422 ne
2152 1397 2196 1423 ea
2226 1386 2425 1423 conductor

1342 1429 1415 1465 frui
1433 1430 1558 1475 possit,
1579 1430 1746 1474 effecerit,
1767 1431 2078 1475 animadvertatur,
2099 1432 2299 1468 necessario
2312 1443 2425 1468 necne

1342 1475 1380 1511 id
1411 1485 1502 1520 opus
1535 1475 1721 1511 demolitus
1756 1480 1829 1512 est:
1866 1476 1952 1522 quid
1983 1477 2075 1513 enim
2107 1477 2273 1520 interest,
2306 1481 2424 1513 utrum

1342 1521 1481 1556 locator
1502 1520 1642 1556 insulae
1664 1525 1814 1566 propter
1836 1525 2051 1558 vetustatem
2076 1527 2226 1568 cogatur
2258 1533 2336 1558 eam
2366 1533 2423 1558 re-

1343 1565 1451 1602 ficere
1474 1576 1521 1601 an
1544 1566 1684 1602 locator
1707 1566 1810 1602 fundi
1833 1571 1983 1613 cogatur
2013 1567 2108 1603 ferre
2138 1568 2305 1604 iniuriam
2337 1568 2423 1610 eius,

1344 1622 1449 1657 quem
1462 1611 1652 1657 prohibere
1670 1622 1742 1647 non
1761 1612 1902 1657 possit?
1933 1612 2210 1658 intellegendum
2231 1616 2286 1649 est
2306 1617 2424 1649 autem

1343 1667 1409 1692 nos
1433 1656 1503 1692 hac
1527 1656 1754 1692 distinctione
1778 1658 1833 1692 uti
1856 1658 1900 1693 de
1924 1668 1986 1701 eo,
2022 1658 2084 1704 qui
2115 1662 2151 1694 et
2183 1669 2288 1694 suum
2318 1669 2423 1704 prae-

1343 1701 1439 1737 dium
1461 1701 1653 1737 fruendum
1675 1702 1845 1738 locaverit
1868 1706 1905 1739 et
1927 1703 2023 1739 bona
2046 1703 2116 1739 fide
2139 1704 2318 1749 negotium
2338 1714 2423 1739 con-

1341 1746 1510 1790 traxerit,
1534 1757 1608 1782 non
1630 1746 1675 1782 de
1698 1757 1751 1790 eo,
1776 1748 1837 1800 qui
1858 1748 2012 1784 alienum
2035 1748 2220 1794 praedium
2239 1759 2304 1794 per
2323 1748 2422 1784 frau-

1343 1792 1423 1827 dem
1446 1792 1619 1828 locaverit
1641 1803 1707 1828 nec
1731 1796 1896 1828 resistere
1920 1793 2061 1829 domino
2085 1794 2209 1839 possit,
2234 1794 2424 1839 quominus

1345 1841 1361 1872 1
1409 1838 1441 1873 is
1455 1838 1482 1859 ¹⁵
1506 1837 1671 1873 colonum
1694 1837 1766 1873 frui
1788 1838 1988 1883 prohibeat.
2037 1838 2126 1874 Cum
2154 1839 2305 1874 fundum
2329 1850 2423 1875 com-

1342 1893 1484 1918 munem
1507 1882 1696 1918 habuimus
1721 1887 1757 1918 et
1778 1883 1872 1919 inter
1894 1894 1961 1919 nos
1993 1884 2175 1927 convenit,
2206 1888 2248 1919 ut
2278 1884 2423 1920 alternis

1342 1928 1445 1963 annis
1471 1931 1568 1963 certo
1599 1928 1715 1973 pretio
1748 1939 1829 1964 eum
1861 1929 2075 1965 conductum
2107 1929 2337 1973 haberemus,
2371 1934 2423 1973 tu,

1343 1984 1424 2009 cum
1446 1976 1529 2008 tuus
1554 1983 1668 2009 annus
1693 1973 1853 2009 exiturus
1877 1978 1983 2017 esset,
2009 1975 2171 2010 consulto
2191 1974 2350 2011 fructum
2367 1975 2423 2010 in-

1342 2018 1523 2064 sequentis
1546 2018 1631 2053 anni
1655 2029 1759 2054 corru
1785 2019 1854 2055 isti.
1889 2030 1993 2065 agam
2016 2023 2133 2056 tecum
2152 2020 2291 2056 duabus
2311 2021 2423 2056 actio-

1341 2064 1465 2106 nibus,
1501 2074 1575 2115 una
1610 2074 1655 2100 ex
1690 2030 1886 2107 conducto,
1923 2065 2037 2100 altera
2067 2075 2110 2101 ex
2141 2065 2278 2102 locato:
2314 2066 2424 2101 locati

1342 2109 1436 2144 enim
1459 2108 1590 2145 iudicio
1614 2119 1693 2145 mea
1715 2120 1800 2155 pars
1823 2111 1989 2156 propria,
2024 2110 2193 2146 conducti
2217 2114 2336 2146 autem
2361 2121 2421 2146 ac-

1341 2155 1479 2189 tione¹⁶
1509 2158 1575 2189 tua
1606 2154 1794 2190 dumtaxat
1828 2156 1974 2200 propria
2004 2156 2042 2191 in
2070 2156 2241 2192 iudicium
2271 2156 2421 2192 venient.

1342 2199 1469 2235 deinde
1491 2199 1544 2235 ita
1566 2203 1684 2235 notat:
1709 2210 1829 2236 nonne
1874 2201 1947 2236 uod
1971 2201 2017 2236 ad
2039 2211 2154 2236 meam
2177 2205 2317 2247 partem
2340 2201 2422 2236 atti-

1341 2245 1458 2287 nebit,
1495 2245 1672 2281 communi
1707 2245 1850 2281 dividun
1876 2257 1897 2282 o
1932 2246 2174 2291 praestabitur
2208 2257 2231 2283 a
2264 2250 2302 2282 te
2335 2246 2421 2282 mihi

1341 2290 1535 2326 damnum?
1566 2294 1662 2326 recte
1682 2290 1824 2336 quidem
1842 2294 1956 2334 notat,
1981 2291 2044 2327 sed
2062 2295 2181 2327 tamen
2201 2292 2306 2328 etiam
2326 2291 2422 2327 Servi

1340 2335 1552 2371 sententiam
1570 2346 1691 2371 veram
1709 2346 1787 2372 esse
1805 2340 1905 2381 puto,
1931 2347 2012 2372 cum
2032 2347 2074 2372 eo
2099 2337 2242 2380 scilicet,
2266 2340 2317 2380 ut,
2342 2347 2422 2372 cum

1340 2381 1513 2416 alterutra
1536 2381 1678 2416 actione
1700 2391 1774 2416 rem
1798 2382 2027 2424 servaverim,
2061 2382 2174 2418 altera
2205 2386 2420 2429 perematur.

1341 2426 1437 2471 quod
1460 2426 1472 2460 i
1499 2436 1576 2461 sum
1601 2426 1795 2472 simplicius
1820 2426 1870 2462 ita
1894 2436 2124 2472 quaeremus,
2149 2428 2179 2463 si
2201 2430 2424 2473 proponatur

1339 2471 1434 2506 inter
1490 2481 1574 2514 uos,
1607 2471 1667 2516 qui
1699 2472 1856 2516 singulos
1886 2472 2050 2518 proprios
2082 2471 2213 2508 fundos
2236 2473 2421 2515 haberent,

1341 2516 1556 2559 convenisse,
1581 2520 1623 2551 ut
1645 2517 1734 2552 alter
1757 2517 1901 2552 alterius
1923 2517 1975 2552 ita
1999 2517 2214 2554 conductum
2236 2517 2421 2560 haberent,

1339 2565 1382 2597 ut
1402 2561 1542 2597 fructus
1567 2562 1739 2598 mercedis
1763 2562 1904 2598 nomine
1927 2567 2148 2607 pensaretur.

1386 2603 1439 2644 36
1460 2606 1737 2642 FLORENTINUS
1755 2607 1846 2643 libro
1867 2609 2017 2654 septimo
2031 2608 2290 2644 institutionum
2324 2607 2422 2652 Opus

1362 2651 1437 2687 uod
1460 2652 1644 2687 aversione
1665 2652 1823 2688 locatum
1846 2656 1903 2688 est
1925 2652 2038 2688 donec
2062 2652 2300 2698 adprobetur,
2334 2663 2419 2688 con-

1365 2697 1498 2732 uctoris
1521 2697 1718 2742 periculum
1731 2699 1758 2719 ¹⁷
1783 2701 1855 2733 est:
1889 2698 1985 2743 quod
2015 2708 2098 2734 vero
2130 2698 2181 2733 ita
2204 2697 2421 2734 conductum

1340 2742 1396 2785 sit,
1421 2746 1462 2777 ut
1483 2742 1522 2776 in
1544 2742 1653 2787 pedes
1677 2753 1905 2778 mensurasve
1927 2747 2139 2788 praestetur,
2165 2747 2311 2778 eatenus
2336 2753 2420 2778 con-

1341 2787 1499 2823 ductoris
1522 2787 1681 2832 periculo
1707 2792 1778 2831 est,
1812 2791 1987 2833 quatenus
2020 2788 2228 2824 admensum
2260 2798 2332 2823 non
2356 2787 2419 2822 sit:

1341 2837 1377 2868 et
1399 2833 1436 2867 in
1460 2836 1610 2878 utraque
1635 2843 1745 2868 causa
1769 2833 1969 2868 nociturum
1991 2833 2161 2876 locatori,
2194 2833 2225 2868 si
2253 2843 2317 2878 per
2340 2843 2420 2868 eum

1341 2878 1494 2920 steterit,
1528 2889 1598 2923 quo
1622 2878 1738 2914 minus
1762 2888 1852 2924 opus
1876 2878 2094 2923 adprobetur
2115 2878 2170 2914 vel
2193 2878 2417 2913 admetiatur.

1340 2923 1371 2958 si
1393 2927 1513 2958 tamen
1536 2924 1571 2958 vi
1594 2923 1727 2959 maiore
1751 2930 1840 2968 opus
1863 2924 1961 2968 prius
1985 2923 2205 2959 interciderit
2227 2933 2333 2968 quam
2356 2922 2419 2958 ad-

1340 2969 1563 3014 probaretur,
1587 2968 1754 3004 locatoris
1777 2968 1933 3013 periculo
1958 2974 2022 3010 est,
2047 2968 2114 3004 nisi
2134 2968 2164 3004 si
2183 2968 2281 3004 aliud
2300 2971 2419 3003 actum

1340 3014 1405 3049 sit:
1438 3024 1511 3049 non
1542 3014 1635 3049 enim
1666 3013 1817 3058 amplius
1847 3014 2023 3059 praestari
2057 3013 2207 3049 locatori
2243 3016 2418 3058 oporteat,

1340 3069 1447 3105 quam
1500 3058 1574 3094 uod
1605 3069 1672 3094 sua
1702 3069 1789 3094 cura
1812 3062 1919 3104 atque
1943 3070 2053 3104 opera
2077 3062 2290 3094 consecutus
2313 3061 2417 3094 esset.

1385 3101 1438 3142 37
1462 3070 1689 3140 grossivus
1708 3103 1798 3139 libro
1823 3107 1947 3140 octavo
1971 3115 2021 3140 ea:
2047 3104 2166 3140 Cassio
2213 3102 2269 3146 Si,
2302 3103 2418 3148 prius-

1340 3159 1445 3195 quam
1467 3149 1618 3184 locatori
1642 3159 1732 3194 opus
1755 3149 1987 3194 probaretur,
2018 3149 2052 3185 vi
2085 3149 2205 3194 aliqua
2229 3158 2418 3194 consump-

1339 3199 1416 3230 tum
1447 3197 1519 3236 est,
1552 3193 1800 3230 detrimentum
1824 3194 1870 3229 ad
1893 3194 2086 3230 locatorem
2108 3194 2160 3229 ita
2183 3194 2354 3239 pertinet,
2388 3192 2419 3228 si

1339 3240 1411 3275 tale
1433 3249 1524 3285 opus
1546 3238 1625 3282 fuit,
1650 3243 1691 3274 ut
1712 3239 1856 3285 probari
1880 3239 2034 3275 deberet.

1384 3281 1438 3322 38
1461 3283 1620 3320 Panos
1642 3283 1732 3320 libro
1750 3284 1932 3330 sinqutari
1946 3284 2154 3330 reqularum
2201 3282 2269 3328 Qui
2291 3292 2418 3328 operas

1338 3340 1422 3366 suas
1445 3329 1594 3372 locavit,
1626 3329 1735 3364 totius
1758 3329 1927 3373 temporis
1950 3328 2146 3364 mercedem
2169 3328 2332 3373 accipere
2355 3327 2416 3363 de-

1337 3376 1417 3418 bet,
1442 3375 1473 3410 si
1495 3385 1559 3420 per
1583 3384 1663 3410 eum
1686 3385 1759 3410 non
1783 3374 1900 3417 stetit,
1926 3385 1996 3419 quo
2021 3374 2137 3410 minus
2161 3383 2289 3418 operas
2313 3383 2415 3419 prae-

1344 3424 1355 3455 1
1405 3423 1486 3456 stet.
1521 3419 1696 3455 Advocati
1709 3429 1778 3465 quo
1804 3428 1859 3462 ue,
1880 3419 1910 3455 si
1928 3429 1992 3464 per
2013 3429 2074 3454 eos
2095 3429 2167 3454 non
2179 3418 2325 3460 steterit,
2346 3428 2417 3463 quo

1337 3465 1454 3501 minus
1478 3475 1624 3501 causam
1693 3468 1766 3507 ant,
1817 3464 1983 3500 onoraria
2006 3464 2156 3500 reddere
2178 3474 2251 3500 non
2275 3462 2415 3498 debent.

1383 3508 1437 3548 39
1468 3510 1663 3546 Unus-vs
1691 3509 1768 3546 ibro
1787 3509 1944 3545 secundo
1964 3509 2015 3545 ad
2032 3509 2185 3546 edictum
2227 3508 2308 3544 Non
2327 3507 2419 3544 solet

1335 3555 1467 3592 locatio
1491 3554 1683 3591 dominium
1704 3558 1854 3590 mutare.

1338 3679 1413 3701 vere
1423 3681 1485 3702 scr.
1592 3669 1652 3711 (ιο)
1677 3668 1751 3708 nos]
1765 3669 1903 3700 nautam
1914 3667 1990 3701 Ant.
2002 3667 2112 3701 Faber
2232 3669 2288 3709 (ιι)
2312 3666 2416 3700 tradi-

1338 3715 1391 3746 tae
1402 3713 1438 3746 F
1523 3714 1583 3756 (12)
1609 3711 1728 3746 debere
1740 3712 1773 3745 F
1869 3713 1929 3755 (13)
1953 3712 2073 3746 herede
2084 3712 2119 3745 F
2216 3713 2275 3754 (14)
2299 3722 2319 3745 a
2332 3715 2365 3745 te
2376 3713 2416 3745 ut

1335 3757 1442 3792 habeo
1453 3758 1489 3791 F
1559 3759 1618 3801 (ιε)
1643 3758 1733 3791 iisF
1803 3758 1862 3799 (ιθ)
1887 3757 1976 3790 aetio
1990 3757 2023 3790 F
2092 3757 2151 3798 (ιτ)
2175 3756 2325 3800 periculo
2338 3758 2415 3791 den.

2491 3771 2516 3782 ζ
2486 3610 2510 3738 αιὶπλξῦῑῢῆθ
2500 3585 2502 3592 -
2495 3543 2508 3550 4
2500 3488 2503 3497 ν’

2473 3785 2528 3918 3
