2528 3918
1072 501 1253 552 LIBER
1282 500 1559 552 OCTAVUS.

710 631 730 670 1
741 631 764 670 ¹.

519 697 580 730 DE
606 696 945 730 SERVITUTIBUS.

243 761 261 800 1
286 761 523 799 Maaecmzvvs
539 763 630 799 libro
651 766 755 798 terno
768 762 978 808 reqularum
1014 761 1208 796 Servitutes
1221 766 1284 796 aut

192 818 427 854 personarum
446 811 541 850 sunt,
561 812 603 843 ut
622 819 708 843 usus
729 812 764 843 et
782 818 868 842 usus
888 806 1038 849 fructus,
1068 810 1132 842 aut
1151 817 1282 848 rerum,

195 858 234 889 ut
258 853 443 888 servitutes
466 853 680 889 rusticorum
703 852 931 897 praediorum
955 855 991 887 et
1013 852 1245 887 urbanorum.

241 895 266 934 2
294 897 488 934 Ulmum
505 898 595 934 libro
615 899 764 944 septimo
783 897 920 933 decimo
933 897 983 932 ad
993 897 1147 933 edictum
1181 896 1282 932 Unus

195 953 239 978 ex
271 943 423 979 dominis
447 944 684 979 communium
708 942 849 977 aedium
872 942 1079 977 servitutem
1101 942 1283 987 imponere

195 998 267 1023 non
290 992 419 1033 potest.

241 1030 265 1070 3
292 1032 348 1068 ΡΑ
356 1033 556 1069 vwslibro
576 1033 765 1068 vicensimo
777 1032 902 1078 primo
915 1031 966 1067 ad
975 1031 1130 1068 edictum
1165 1031 1282 1067 Servi-

194 1082 290 1113 tutes
322 1078 550 1123 praediorum
582 1078 672 1112 aliae
702 1078 738 1112 in
769 1077 865 1120 solo,
901 1077 994 1112 aliae
1024 1077 1062 1112 in
1093 1076 1283 1123 superficie

196 1124 407 1158 consistunt.

240 1167 265 1205 4
290 1167 537 1203 ΡΑΡΙΝΙΑΝυε
565 1168 656 1203 libro
688 1167 841 1213 septimo
866 1168 1118 1213 quaestionum
1165 1166 1281 1203 Servi-

194 1217 290 1248 tutes
321 1213 399 1258 ipso
430 1213 570 1258 quidem
600 1213 676 1247 iure
707 1223 823 1257 neque
847 1222 891 1247 ex
913 1215 985 1247 tem
1013 1223 1075 1247 ore
1097 1222 1213 1257 neque
1237 1212 1284 1247 ad

194 1264 334 1303 tempus
358 1268 473 1302 neque
497 1258 563 1292 sub
589 1257 797 1292 condicione
820 1268 935 1302 neque
960 1268 981 1292 a
1038 1261 1172 1293 certam
1197 1268 1281 1293 con-

195 1302 370 1338 dicionem
410 1302 520 1347 (verbi
557 1302 673 1346 gratia
708 1302 895 1347 ‘quamdiu
930 1302 1047 1338 volam
1055 1303 1078 1345 ’)
1114 1302 1284 1338 constitui

194 1352 363 1393 possunt:
398 1347 462 1383 sed
491 1351 610 1382 tamen
644 1348 676 1382 si
710 1347 799 1382 haec
835 1347 1044 1390 adiciantur,
1102 1347 1200 1383 acti²
1228 1347 1285 1383 vel

194 1404 260 1438 per
291 1393 363 1428 doli
393 1392 638 1437 exceptionem
669 1396 878 1427 occurretur
902 1396 1029 1428 contra
1051 1404 1075 1438 p
1091 1393 1186 1428 acita
1209 1403 1282 1428 ser-

195 1439 342 1473 vitutem
384 1437 595 1472 vindicanti:
638 1437 747 1482 idque
781 1441 817 1472 et
852 1437 1022 1473 Sabinum
1057 1437 1284 1483 respondisse

197 1487 211 1517 1
263 1482 406 1517 Cassius
441 1483 578 1517 rettulit
613 1486 650 1518 et
682 1482 750 1518 sibi
785 1482 937 1527 placere.
997 1482 1146 1519 Modum
1190 1483 1285 1518 adici

195 1527 421 1563 servitutibus
445 1538 550 1572 posse
568 1531 728 1563 constat:
754 1528 863 1563 veluti
886 1539 957 1573 quo
981 1538 1110 1573 genere
1133 1528 1285 1564 vehiculi

194 1577 322 1618 agatur
352 1573 406 1607 vel
437 1583 509 1608 non
533 1576 661 1618 agatur
685 1572 806 1615 (veluti
829 1576 870 1608 ut
894 1583 983 1618 equo
1008 1573 1206 1613 dumtaxat)
1229 1573 1284 1608 vel

193 1622 234 1653 ut
258 1622 392 1652 certum
415 1617 555 1662 pondus
579 1618 728 1653 vehatur
750 1618 806 1653 vel
871 1628 915 1653 ex
938 1618 995 1653 ille
1027 1618 1284 1654 transducatur

194 1665 214 1698 2
261 1667 324 1698 aut
344 1663 452 1698 carbo
472 1666 644 1707 portetur.
691 1663 810 1698 Interv
860 1673 882 1698 a
902 1663 1039 1698 dierum
1059 1667 1096 1699 et
1113 1664 1284 1699 horarum

193 1718 266 1743 non
290 1707 336 1742 ad
358 1708 528 1752 temporis
561 1718 724 1751 causam,
757 1708 821 1743 sed
852 1708 899 1743 ad
930 1708 1073 1744 modum
1104 1709 1284 1754 pertinent

193 1753 271 1788 iure
295 1753 512 1788 constitutae
536 1753 727 1788 servitutis.

239 1797 264 1835 5
293 1797 416 1833 Gaws
432 1798 523 1833 libro
543 1799 694 1844 septimo
714 1798 764 1833 ad
782 1797 935 1834 edictum
949 1798 1179 1845 provinciale
1214 1798 1285 1834 Via

192 1843 261 1878 iter
284 1846 386 1878 actus
410 1843 539 1878 ductus
564 1853 679 1888 aquae
714 1843 827 1878 isdem
849 1843 927 1878 fere
949 1844 1063 1879 modis
1098 1843 1283 1879 constitui-

196 1891 211 1923 1
260 1891 330 1930 tur,
345 1887 472 1933 quibus
486 1892 521 1923 et
533 1898 637 1923 usum
647 1887 805 1924 fructum
818 1888 988 1924 constitui
1000 1889 1163 1924 diximus.
1189 1888 1284 1925 Usus

193 1933 413 1968 servitutium
436 1933 656 1978 temporibus
681 1933 818 1969 secerni
840 1937 979 1979 potest,
1010 1933 1104 1970 forte
1134 1937 1175 1969 ut
1205 1934 1283 1986 quis

193 1983 276 2023 post
299 1978 424 2013 horam
446 1978 589 2013 tertiam
612 1989 654 2013 us
679 1989 725 2014 ue
748 1979 786 2014 in
805 1978 932 2014 horam
952 1979 1124 2014 decimam
1145 1989 1186 2014 eo
1206 1989 1284 2014 iure

195 2027 317 2058 utatur
338 2023 394 2058 vel
415 2026 456 2058 ut
479 2023 626 2059 alternis
688 2024 775 2059 ebus
799 2027 934 2059 utatur.

241 2065 265 2105 6
290 2067 451 2103 Panos
479 2068 571 2104 libro
595 2069 787 2104 vicensimo
803 2070 928 2115 primo
953 2069 1003 2104 ad
1024 2070 1176 2105 edictum
1225 2070 1283 2105 Ad

195 2118 328 2149 certam
350 2117 489 2158 partem
510 2113 614 2149 fundi
637 2114 788 2149 servitus
811 2118 886 2149 tam
909 2114 1040 2149 remitti
1064 2125 1171 2159 quam
1196 2125 1281 2150 con-

195 2158 295 2194 stitui
344 2162 448 2193 otest.

241 2201 264 2239 7
325 2213 492 2239 LPIANUS
518 2204 610 2240 libro
642 2205 747 2239 tertio
778 2203 914 2240 decimo
939 2204 989 2239 ad
1011 2204 1124 2250 leqem
1148 2204 1282 2240 lutiam

195 2254 229 2283 et
253 2248 410 2293 Papiam
456 2249 516 2284 Ius
542 2249 687 2284 cloacae
709 2248 903 2285 mittendae
926 2249 1078 2285 servitus
1102 2253 1166 2285 est.

241 2291 265 2331 8
290 2294 346 2329 ΡΑ
354 2303 449 2328 Utus
477 2294 567 2329 libro
600 2294 726 2347 quinto
758 2294 894 2330 decimo
927 2294 979 2329 ad
1002 2293 1187 2330 Plautium
1233 2294 1283 2330 Ut

194 2350 338 2383 pomum
369 2338 560 2383 decerpere
590 2339 698 2374 hceat
729 2342 765 2374 et
794 2342 836 2374 ut
858 2339 1007 2384 spatiari
1030 2342 1066 2375 et
1089 2343 1130 2374 ut
1153 2349 1283 2375 cenare

198 2387 212 2418 1
261 2385 298 2419 in
311 2384 426 2419 alieno
439 2384 630 2429 possimus,
650 2384 801 2419 servitus
822 2383 957 2429 imponi
976 2394 1048 2420 non
1067 2388 1197 2429 potest.
1245 2383 1282 2419 Si

194 2429 379 2473 praedium
400 2433 503 2464 tuum
527 2429 611 2464 mihi
635 2429 786 2471 serviat,
819 2429 891 2464 sive
923 2438 986 2474 ego
1010 2429 1123 2474 partis
1147 2429 1281 2475 praedii

195 2474 247 2509 tui
278 2474 441 2510 dominus
472 2484 552 2510 esse
584 2484 734 2519 coepero
767 2473 839 2509 sive
870 2477 910 2510 tu
941 2474 1027 2517 mei,
1062 2485 1127 2519 per
1161 2479 1282 2520 partes

196 2520 343 2554 servitus
370 2519 561 2585 reurgetur,
586 2520 670 2555 licet
693 2519 738 2555 ab
762 2519 862 2554 initio
887 2529 951 2564 per
973 2520 1121 2565 partes³
1144 2520 1283 2565 adquiri

197 2575 265 2599 non
290 2568 432 2609 poterat
460 2592 468 2599 .

241 2607 266 2646 9
294 2609 438 2646 Cusas
459 2609 550 2645 libro
600 2610 701 2645 uinto
725 2609 945 2657 diqestorum
992 2609 1030 2646 Si
1061 2609 1120 2646 cui
1150 2610 1216 2645 sim
1242 2610 1282 2644 li-

197 2654 297 2689 cius⁵
320 2654 376 2689 via
406 2665 471 2699 per
500 2653 565 2689 fun
591 2665 651 2690 um
683 2655 880 2701 cuiuspiam
913 2655 1062 2690 cedatur
1092 2654 1148 2690 vel
1177 2666 1196 2690 r
1232 2655 1283 2690 'n-

196 2702 344 2743 quatur,
368 2699 405 2734 in
427 2698 584 2742 infinito,
608 2699 771 2735 videlicet
795 2711 860 2746 per
890 2700 1086 2746 quamlibet
1104 2700 1180 2735 eius
1226 2710 1282 2735 ar-

196 2750 286 2795 tem,
310 2744 363 2779 ire
386 2754 490 2789 agere
512 2744 653 2786 licebit,
678 2745 827 2781 civiliter
849 2745 975 2781 modo:
1001 2755 1085 2780 nam
1108 2755 1200 2790 quae
1226 2755 1283 2780 am

196 2799 232 2823 ιιι
256 2798 418 2824 sermone
440 2789 550 2824 tacite
574 2790 810 2835 excipiuntur.
844 2801 918 2826 non
949 2790 1041 2826 enim
1071 2800 1136 2835 per
1165 2790 1283 2826 villam

198 2834 311 2878 ipsam
341 2844 407 2868 nec
431 2844 495 2878 per
518 2834 651 2869 medias
674 2835 794 2871 vineas
818 2835 870 2871 ire
893 2845 999 2881 agere
1022 2834 1192 2871 sinendus
1216 2839 1281 2878 est,

199 2889 293 2930 cum.
310 2878 492 2930 idoaeque
524 2880 706 2915 commode
737 2891 803 2925 per
826 2881 975 2916 alteram
998 2884 1138 2926 partem
1160 2879 1282 2916 facere

197 2927 457 2968 poss1tm1nore
476 2924 659 2960 servientis
678 2924 781 2960 fundi
801 2925 1023 2962 detrimento.
1058 2935 1181 2961 verum
1197 2936 1283 2962 con·

198 2968 299 3009 stitit,
323 2971 373 3009 ut,
398 2978 470 3013 qua
494 2968 644 3013 primum
668 2970 760 3006 viam
784 2970 981 3014 direxisset,
1007 2981 1050 3006 ea
1073 2970 1213 3006 demum
1230 2970 1284 3006 ire

198 3023 304 3058 agere
328 3013 471 3047 deberet
494 3023 559 3048 nec
584 3015 734 3059 amplius
759 3015 952 3052 mutandae
975 3015 1052 3052 eius
1071 3019 1283 3061 potestatem

199 3058 370 3109 haberetz·
398 3058 504 3093 sicuti
528 3057 659 3094 Sabino
684 3071 826 3105 quoque
849 3061 1053 3103 videbatur,
1109 3060 1147 3095 ui
1178 3071 1282 3106 argu-

199 3107 317 3138 mento
342 3102 405 3138 rivi
429 3103 615 3145 utebatur,
641 3115 743 3148 quem
767 3106 880 3150 primo
905 3106 1064 3152 qualibet
1111 3115 1217 3141 ucere
1240 3106 1282 3140 li·

199 3148 348 3189 cuisset,
373 3153 605 3199 posteaquam
630 3149 757 3184 ductus
782 3155 895 3194 esset,
927 3150 1124 3187 transferre
1147 3161 1218 3186 non
1241 3151 1282 3185 li-

199 3196 312 3229 ceret:
338 3191 434 3237 quod
458 3196 494 3227 et
516 3203 552 3227 ιιι
577 3194 632 3227 via
656 3196 869 3231 servandum
893 3206 972 3232 esse
994 3206 1116 3231 verum
1140 3201 1205 3231 est.

249 3236 298 3275 10
322 3236 432 3289 '⁰⁸:⁵¹
459 3237 551 3272 libro
576 3243 699 3273 octavo
724 3240 858 3275 decimo
883 3241 1102 3288 diqestorum
1149 3240 1187 3276 Si
1218 3240 1285 3276 iter

198 3282 351 3328 legatum
375 3286 431 3323 sit,
457 3292 528 3326 qua
546 3282 610 3316 nisi
632 3293 737 3327 opere
755 3284 851 3320 facto
871 3286 914 3320 iri
934 3296 1006 3321 non
1027 3285 1152 3331 possit,
1176 3285 1285 3321 licere

198 3326 365 3362 fodiendo
389 3326 628 3362 substruendo
653 3328 720 3362 iter
742 3328 861 3365 facere
884 3330 1060 3366 Proculus
1084 3330 1146 3365 ait.

248 3371 294 3409 11
331 3371 584 3408 Monesmvs
615 3372 705 3407 libro
739 3379 843 3408 sexto
879 3375 1165 3421 dafferemiarum
1211 3375 1282 3410 Pro

199 3422 303 3462 parte
334 3416 501 3452 dominii⁸
531 3417 734 3452 servitutem
766 3418 903 3463 adquiri
935 3430 1008 3455 non
1038 3430 1143 3465 posse
1180 3420 1282 3465 volgo

245 3533 285 3570 (ι)
311 3530 569 3568 Ed.2.s.s...1³3
594 3528 665 3562 Sab
689 3537 710 3563 1.
723 3537 899 3569 1⁴...17.2o;
925 3532 1108 3574 Pap.4.1s;
1132 3534 1222 3576 App.
1233 3539 1275 3566 ιιι.

199 3573 732 3617 -Bas.58‚1.—Cf1nse.2‚³;
753 3575 916 3613 Cod.3‚³4
965 3578 1007 3617 (2)
1033 3577 1277 3620 perpactideu.

201 3622 244 3659 (3)
269 3619 419 3660 partisF
505 3621 546 3660 (4)
570 3618 737 3661 poteritF
745 3619 754 3638 ¹
855 3622 897 3661 (5)
922 3619 1069 3662 simplici
1082 3632 1142 3654 usu
1152 3621 1280 3661 S,sim-

199 3663 337 3706 pliciter
348 3664 552 3698 HatcurnB
643 3665 687 3704 (6)
712 3663 885 3696 dominii*

201 3710 252 3741 (8)-
270 3709 371 3741 etiam
387 3709 533 3749 itineris]
551 3709 650 3741 etiam
660 3708 752 3740 illam
760 3721 824 3741 scr.
977 3714 1021 3749 (9)
1047 3710 1149 3743 veluti
1160 3710 1282 3743 viridia

1273 99 1350 146 112

2029 114 2090 144 DE
2119 113 2437 147 SERVITUTIBUS
2461 0 2528 252 1

2512 255 2528 339 3

2516 457 2528 571 τὲ

1351 627 1520 662 traditur:
1547 630 1582 661 et
1604 627 1683 663 ideo
1707 627 1737 662 si
1756 627 1834 673 quis
1854 627 2004 662 fundum
2023 627 2159 662 habens
2178 626 2270 661 viam
2291 626 2438 671 stipule-

1351 678 1411 707 tur
1435 676 1470 707 et
1492 676 1631 716 partem
1652 672 1756 707 fundi
1774 673 1830 708 sui
1850 676 1976 717 postea
1995 672 2136 714 alienet,
2161 671 2355 716 corrumpit
2374 671 2441 706 sti·

1351 717 1567 797 palationem
1589 717 1627 752 in
1651 728 1731 753 eum
1755 728 1878 753 casum
1902 716 2129 759 deducendo,
2164 726 2187 752 a
2218 726 2289 762 quo
2324 716 2437 761 stipu-

1366 762 1437 797 atio
1468 761 1624 807 incipere
1656 773 1728 798 non
1759 762 1883 808 possit.
1920 772 1986 807 pro
2018 766 2121 807 parte
2176 771 2293 806 noque
2324 771 2442 806 neque

1352 807 1464 852 legari
1486 817 1602 852 neque
1625 807 1733 843 adimi
1755 808 1812 843 via
1861 811 1955 843 otest
1987 811 2039 848 et,
2073 807 2103 841 si
2135 772 2175 841 53
2203 805 2340 841 factum
2372 811 2440 847 est,

1352 863 1396 888 ne
1421 862 1467 887 ue
1489 852 1645 897 legatum
1667 863 1713 888 ne
1739 863 1784 887 ue
1807 863 1829 887 a
1856 852 1985 897 emptio
2009 851 2113 887 valet.

1427 895 1452 934 2
1477 896 1523 932 IA
1532 907 1702 933 νοιΕΝσε
1714 864 1813 933 (Ξίὺνο
1838 902 1969 950 quarto
1993 897 2229 944 epistularum
2264 895 2347 931 Non
2371 895 2438 931 du·

1352 943 1446 985 bito,
1472 942 1558 987 quin
1581 941 1692 978 fundo
1716 942 1936 988 municipum
1959 952 2025 987 per
2047 952 2187 977 servum
2210 945 2307 976 recte
2330 941 2441 976 servi·

1352 992 1410 1023 tus
1435 987 1481 1022 ad
1506 988 1655 1023 uiratur.

1401 1030 1451 1070 13
1477 998 1707 1068 &oraremus
1735 1033 1825 1069 libro
1857 1037 1989 1085 quarto
2021 1031 2159 1067 decimo
2191 1031 2242 1066 ad
2272 1029 2439 1074 Quintum

1352 1076 1513 1114 Mucium
1559 1077 1597 1113 Si
1633 1081 1708 1113 tam
1739 1081 1880 1122 angusti
1910 1077 1981 1112 loci
2011 1076 2311 1112 demonstratione
2340 1074 2443 1111 facta

1351 1123 1409 1158 via
1429 1132 1601 1159 concessa
1615 1123 1735 1165 fuerit,
1759 1127 1800 1158 ut
1819 1133 1934 1167 neque
1953 1121 2153 1157 vehiculum
2171 1130 2286 1166 neque
2305 1121 2441 1156 iumen-

1352 1174 1429 1203 tum
1453 1179 1495 1203 ea
1518 1168 1608 1203 inire
1630 1168 1763 1213 possit,
1788 1168 1857 1203 iter
1881 1167 1991 1212 magis
2016 1167 2145 1212 quam⁷
2168 1166 2226 1201 via
2249 1170 2313 1201 aut
2336 1170 2443 1201 actus

1353 1213 1552 1258 adquisitus
1575 1213 1768 1248 videbitur:
1802 1213 1865 1248 sed
1896 1213 1927 1248 si
1957 1213 2154 1247 iumentum
2186 1221 2229 1246 ea
2252 1210 2335 1246 duci
2358 1215 2442 1263 pot-

1353 1258 1430 1301 erit,
1454 1269 1527 1294 non
1547 1258 1654 1293 etiam
1672 1258 1884 1300 vehiculum,
1911 1262 2015 1293 actus
2033 1257 2209 1292 videbitur
2228 1256 2441 1301 adquisitus.

1401 1302 1452 1340 14
1476 1302 1534 1339 ΡΑ
1542 1313 1637 1339 ULUS
1653 1303 1746 1339 libro
1768 1304 1894 1349 quinto
1907 1303 2043 1339 decimo
2056 1302 2107 1337 ad
2116 1301 2289 1337 Sabinum
2324 1300 2442 1336 Servi-
2487 1344 2491 1348 y
2513 1348 2519 1351 Ὗ

1353 1353 1446 1384 tutes
1479 1348 1706 1394 praediorum
1736 1348 1951 1383 rusticorum
1983 1347 2123 1383 etiamsi
2146 1346 2355 1392 corporibus
2379 1356 2442 1381 ac-

1354 1394 1497 1435 cedunt,
1521 1393 1764 1446 incorporales
1787 1397 1908 1428 tamen
1931 1397 2016 1428 sunt
2038 1396 2074 1428 et
2095 1391 2176 1427 ideo
2195 1402 2265 1426 usu
2285 1402 2359 1427 non
2380 1401 2442 1426 ca·

1352 1439 1517 1519 piantur:
1538 1439 1597 1474 vel
1620 1439 1720 1480 ideo,
1746 1438 1829 1483 quia
1852 1438 1943 1473 tales
1967 1441 2052 1474 sunt
2074 1437 2280 1479 servitutes,
2304 1440 2345 1472 ut
2368 1446 2442 1471 non

1379 1484 1511 1519 abeant
1542 1487 1676 1519 certam
1712 1483 1987 1528 continuamque
2021 1482 2301 1528 possessionem:
2337 1491 2444 1516 nemo

1354 1529 1447 1565 enim
1469 1533 1544 1563 tam
1566 1532 1760 1574 perpetuo,
1791 1532 1866 1563 tam
1899 1528 2121 1563 continenter
2150 1527 2202 1562 ire
2232 1530 2370 1572 potest,
2401 1529 2445 1561 ut
2508 1529 2509 1533 ’

1352 1574 1451 1654 affl„
1471 1571 2440 1663 4¹¹2}ssetit-fimes?trssssffissffifpsssstffiffiffiuff·

1356 1667 1370 1698 1
1421 1667 1596 1700 servatur.
1645 1663 1803 1699 Servitus
1826 1664 1964 1698 itineris
1989 1663 2036 1698 ad
2058 1662 2288 1707 sepulchrum
2311 1661 2442 1707 privati

1352 1709 1439 1744 iuris
1472 1714 1592 1744 manet
1624 1713 1660 1743 et
1690 1709 1769 1744 ideo
1801 1708 1932 1744 remitti
1963 1708 2106 1744 domino
2129 1707 2232 1742 fundi
2256 1706 2445 1742 servientis

1352 1757 1489 1799 potest:
1527 1757 1563 1789 et
1597 1753 1738 1799 adquiri
1770 1754 1876 1788 etiam
1933 1757 1991 1789 ost
2023 1752 2228 1797 religionem
2261 1751 2443 1797 sepulchri

1353 1802 1372 1834 2
1419 1799 1509 1835 haec
1533 1799 1684 1834 servitus
1716 1802 1846 1844 potest.
1926 1798 2044 1834 ublico
2076 1798 2155 1833 loco
2187 1796 2446 1832 interveniente

1351 1844 1407 1879 vel
1428 1844 1486 1880 via
1509 1844 1653 1889 publica
1675 1844 1826 1879 haustus
1850 1844 2002 1879 servitus
2020 1842 2155 1888 imponi
2172 1844 2301 1888 potest,
2327 1850 2445 1887 aquae

1353 1890 1482 1925 ductus
1505 1900 1579 1924 non
1602 1892 1740 1934 potest:
1775 1899 1797 1924 a
1827 1889 1989 1934 principe
2019 1892 2139 1924 autem
2161 1887 2237 1933 peti
2260 1887 2368 1928 solet,
2400 1889 2446 1921 ut

1352 1945 1416 1980 per
1445 1934 1539 1970 viam
1571 1934 1753 1980 publicam
1786 1944 1916 1979 aquam
1949 1934 2079 1969 ducere
2109 1932 2185 1968 sine
2215 1931 2443 1968 incommodo

1351 1979 1747 2060 ἧῗέἐὲῗὲεᾘὲἒὲίιέἓιῗ
1762 1976 2447 2070 ffipzfflffi‘’sil‘’ssssffvffsstzvz‘zssuzsffl

1352 2069 1440 2105 nulli
1463 2069 1586 2105 deberi
1607 2072 1737 2115 potest.
1910 2051 1918 2067 ⁹

1400 2113 1450 2152 15
1476 2114 1706 2150 Poupomvs
1725 2115 1816 2150 libro
1841 2114 2048 2161 triqensimo
2074 2113 2178 2149 tertio
2203 2112 2253 2148 ad
2268 2110 2441 2149 Sabinum

1352 2159 1523 2204 Quotiens
1542 2170 1608 2195 nec
1627 2159 1811 2195 hominum
1830 2169 1896 2195 nec
1908 2159 2135 2205 praediorum
2147 2159 2334 2195 servitutes
2345 2161 2442 2200 sunt,

1350 2205 1436 2284 {¹⁸³²
1458 2205 1546 2239 nihil
1567 2204 1764 2240 vicinorum
1780 2204 1940 2246 interest,
1964 2215 2037 2239 non
2055 2204 2162 2247 valet,
2185 2203 2292 2239 veluti
2313 2213 2358 2238 ne
2377 2213 2446 2248 per

1367 2249 1501 2285 undum
1523 2253 1625 2285 tuum
1649 2260 1710 2285 eas
1734 2253 1798 2284 aut
1820 2249 1870 2284 ibi
1894 2249 2090 2284 consistas:
2124 2252 2159 2283 et
2189 2248 2269 2284 ideo
2302 2247 2333 2283 si
2355 2248 2442 2282 mihi

1352 2294 1530 2330 concedas
1553 2295 1609 2330 ius
1632 2294 1698 2329 tibi
1721 2305 1793 2330 non
1818 2303 1895 2329 esse
1917 2293 2029 2329 fundo
2053 2297 2116 2329 tuo
2148 2293 2202 2329 uti
2230 2292 2321 2335 frui,
2354 2293 2441 2327 nihil

1351 2340 1491 2385 agitur:
1524 2339 1628 2374 aliter
1660 2343 1768 2384 atque
1799 2339 1830 2374 si
1861 2338 2037 2374 concedas
2068 2338 2154 2373 mihi
2183 2338 2240 2373 ius
2270 2337 2338 2373 tibi
2368 2348 2440 2372 non

1351 2395 1429 2420 esse
1450 2384 1488 2419 in
1511 2383 1623 2420 fundo
1647 2387 1709 2420 tuo
1735 2394 1864 2429 aquam
1888 2394 2058 2429 quaerere
2081 2382 2293 2419 minuendae
2326 2392 2443 2428 aquae

1355 2433 1369 2464 1
1419 2440 1519 2465 meae
1551 2430 1678 2475 gratia.
1726 2429 1956 2464 Servitutium
1979 2440 2051 2464 non
2074 2439 2118 2464 ea
2140 2432 2270 2463 natura
2293 2431 2366 2469 est,
2399 2432 2443 2462 ut

1352 2474 1485 2520 aliquid
1507 2473 1620 2510 faciat
1642 2473 1742 2520 quis,
1773 2474 1884 2510 veluti
1913 2473 2039 2509 viridia
2069 2474 2174 2509 tollat
2205 2472 2291 2508 ιιιιιθ
2320 2482 2439 2508 amoe-

1352 2520 1487 2555 niorem
1508 2523 1738 2565 prospectum
1760 2523 1939 2572 praestet,
1971 2523 2036 2554 aut
2065 2518 2102 2554 in
2133 2519 2202 2554 hoc
2233 2523 2275 2552 ut
2303 2517 2341 2552 in
2372 2527 2441 2553 suo

1351 2565 1485 2611 pingat,
1509 2564 1573 2600 sed
1595 2568 1637 2600 ut
1659 2564 1795 2617 aliquid
1818 2564 1977 2610 patiatur
1999 2567 2063 2599 aut
2085 2574 2157 2599 non
2179 2563 2302 2598 faciat.

1401 2607 1452 2648 16
1476 2609 1671 2645 lucunas
1699 2610 1791 2645 labro
1849 2609 2126 2655 uadraqensimo
2157 2619 2252 2644 nono
2284 2607 2439 2654 diqesto-

1351 2666 1432 2690 rum
1477 2654 1542 2697 Ei,
1575 2655 1636 2700 qui
1658 2654 1798 2700 pignori
1837 2653 1972 2689 undum
1995 2654 2151 2699 accepit,
2182 2663 2256 2688 non
2287 2656 2343 2688 est
2371 2652 2439 2687 ini·

1376 2710 1461 2735 uum
1483 2700 1606 2735 utilem
1629 2700 1836 2745 petitionem
1859 2698 2038 2734 servitutis
2062 2698 2157 2739 dari,
2191 2697 2296 2733 sicuti
2325 2697 2440 2743 ipsius

1367 2744 1454 2781 undi
1476 2745 1574 2780 utilis
1598 2744 1722 2790 petitio
1747 2744 1901 2780 dabitur.
1943 2743 2036 2779 idem
2059 2743 2193 2779 servari
2216 2742 2381 2778 convenit
2403 2746 2442 2777 et

1352 2790 1387 2825 in
1412 2801 1464 2833 eo,
1490 2790 1537 2825 ad
1560 2799 1664 2835 quem
1686 2789 1777 2825 vecti
1838 2789 1846 2797 '
1888 2788 2022 2824 fundus
2045 2788 2209 2833 pertinet.

1400 2833 1450 2872 17
1483 2834 1714 2870 Pouposzs
1748 2834 1776 2870 la·
1798 2845 1840 2869 ro
1874 2834 2058 2880 sinqulam·
2089 2844 2130 2868 re
2156 2832 2301 2868 alarum
2345 2831 2438 2867 Viae

1352 2880 1485 2916 itineris
1517 2884 1620 2915 actus
1644 2889 1759 2926 aquae
1781 2878 1910 2914 ductus
1932 2888 2018 2924 pars
2041 2878 2079 2913 in
2102 2889 2123 2914 o
2149 2877 2352 2923 ligationem
2376 2877 2437 2912 de-

1352 2926 1434 2961 duci
1458 2936 1530 2961 non
1553 2928 1690 2977 potest,
1722 2924 1807 2970 quia
1828 2933 1915 2959 usus
1939 2933 2061 2959 eorum
2091 2922 2261 2958 indivisus
2293 2926 2367 2957 est:
2402 2925 2440 2957 et

1352 2971 1430 3006 ideo
1462 2970 1493 3006 si
1523 2970 1714 3015 stipulator
1744 2968 1936 3004 decesserit
1965 2968 2128 3013 pluribus
2159 2967 2349 3003 heredibus
2380 2977 2436 3002 re-

1351 3015 1462 3057 lictis,
1487 3014 1615 3060 singuli
1645 3013 1795 3050 solidam
1817 3013 1910 3049 viam
1941 3017 2084 3058 petunt:
2117 3016 2153 3048 et
2183 3012 2214 3047 si
2243 3011 2441 3057 promissor

1353 3060 1543 3096 decesserit
1560 3059 1726 3139 gluribus
1751 3058 1940 3094 heredibus
1964 3058 2115 3101 relictis,
2147 3067 2170 3093 a
2201 3056 2348 3102 singulis
2370 3056 2435 3091 he·

1353 3105 1495 3141 redibus
1520 3115 1559 3140 so
1587 3103 1634 3139 da
1656 3104 1780 3150 petitio
1805 3107 1870 3138 est.

1401 3147 1451 3188 18
1483 3148 1643 3185 Planus
1670 3149 1762 3185 libro
1794 3149 2002 3194 triqensimo
2029 3148 2152 3194 primo
2186 3146 2437 3197 quaestionum

1352 3194 1607 3231 Papmsmw
1623 3197 1725 3230 notat
1763 3193 1805 3228 In
1822 3193 1985 3228 omnibus
1997 3192 2238 3232 servitutibus,
2256 3200 2348 3236 quae
2358 3189 2435 3225 adi-

1352 3240 1448 3275 tione
1472 3238 1642 3275 confusae
1665 3241 1759 3280 sunt,
1782 3248 1994 3282 responsum
2018 3242 2073 3272 est
2095 3236 2167 3272 doli
2191 3235 2436 3288 exceptionem

1352 3285 1552 3320 nocituram
1567 3283 1751 3329 legatario,
1763 3283 1794 3319 si
1810 3293 1882 3318 non
1898 3282 2058 3327 patiatur
2072 3291 2133 3316 eas
2149 3281 2278 3316 iterum
2289 3279 2433 3325 imponi.

1402 3327 1452 3368 19
1485 3329 1618 3364 LABEO
1655 3328 1747 3364 libro
1778 3331 1909 3374 quarto
1934 3326 2178 3373 posteriorum
2209 3336 2232 3361 a
2262 3323 2437 3360 Iauoleno

1352 3375 1626 3421 epitomatorum
1671 3372 1717 3408 Ei
1739 3372 1871 3413 fundo,
1903 3382 2006 3416 quem
2037 3371 2115 3423 quis
2145 3370 2294 3412 vendat,
2326 3367 2434 3404 servi-

1351 3423 1463 3455 tutem
1486 3418 1637 3464 imponi,
1662 3422 1698 3454 et
1720 3417 1787 3453 si¹¹
1814 3427 1883 3452 non
1910 3416 2003 3451 utilis
2028 3420 2093 3458 sit,
2125 3425 2230 3461 posse
2254 3413 2434 3449 existimo:

1346 3531 1491 3571 attollat,
1502 3536 1541 3564 ut
1549 3531 1772 3564 amoeniorem
1789 3533 2002 3572 prospectum
2011 3531 2158 3570 praestet
2174 3534 2234 3559 aut
2251 3528 2285 3559 in
2305 3526 2365 3558 hoc
2385 3524 2437 3564 (id

1346 3584 1395 3610 est
1406 3584 1542 3620 propter
1550 3583 1753 3627 prospe-ctum
1764 3575 1986 3613 amoeniorem)
1996 3579 2033 3605 ut
2043 3573 2078 3605 in
2088 3584 2148 3604 suo
2158 3573 2278 3615 pingat
2286 3584 2348 3604 scr.

1350 3624 1409 3663 (1⁰)
1433 3621 1543 3660 sic-1⁵⁸¹,
1556 3620 1761 3663 papinianus
1770 3618 1852 3652 F²S
1950 3621 2004 3659 (u)
2030 3618 2096 3660 ipsi
2107 3619 2163 3650 ins.
2175 3629 2243 3650 cum
2253 3617 2288 3649 B
2298 3617 2437 3659 (sicsero

961 3666 1004 3705 (ἲ)
1030 3676 1127 3707 quam
1137 3666 1245 3708 magis
1253 3665 1287 3698 F
1354 3666 1533 3700 Goudsrm'tl
