2528 3918
90 118 148 150 DE
177 117 577 150 REPLICATIONIBUS

87 231 106 265 5
154 229 326 266 demnari.
386 229 492 264 ¹Item
527 227 558 264 si
593 226 724 263 iudicio
758 229 877 262 tecum
913 229 1034 263 actum
1068 225 1179 262 fuerit

88 276 159 311 sive
182 275 218 311 in
242 285 316 311 rem
340 273 413 309 sive
434 274 472 309 in
495 283 703 318 personam,
735 272 845 308 nihilo
869 272 986 308 minus
1009 271 1176 318 obligatio

87 321 194 356 durat
218 323 254 356 et
276 319 356 355 ideo
379 318 459 364 ipso
483 318 560 354 iure
582 321 710 363 postea
733 317 778 352 de
801 317 926 353 eadem
948 329 987 353 re
1005 317 1177 353 adversus

87 370 122 401 te
145 365 201 410 agi
223 368 361 411 potest:
395 363 459 400 sed
489 363 598 399 debes
629 373 694 408 per
725 362 971 407 exceptionem
1002 363 1054 399 rei
1084 361 1176 397 iudi-

87 413 107 446 6
154 413 257 446 catae
300 408 470 445 adiuvari.
529 408 630 444 Haec
665 407 816 452 exempli
851 418 962 443 causa
996 407 1178 444 rettulisse

86 455 251 492 sufficiet.
292 454 451 500 alioquin
482 464 589 499 quam
621 463 664 489 ex
695 453 815 488 multis
846 453 954 489 variis
980 463 1026 489 ue
1058 452 1176 489 causis

86 500 312 546 exceptiones
335 499 559 536 necessariae
582 499 664 541 sint,
689 508 734 534 ex
753 498 940 534 latioribus
985 499 1177 544 igestorum

86 550 104 580 '1
152 556 217 582 seu
249 544 509 592 pandectarum
543 544 645 580 libris
676 543 832 589 intellegi
867 547 997 589 potest.
1046 543 1175 588 2'Qua-

86 593 174 627 'rum
198 590 374 636 quaedam
397 600 442 626 ex
459 589 596 635 legibus
610 589 671 625 <vel
691 600 735 625 ex
754 589 820 631 his,
846 599 939 634 quae
956 589 1043 634 legis
1063 588 1176 624 vicem

85 636 275 683 *optinent,
307 635 363 671 vel
394 646 439 671 ex
469 635 581 681 ipsius
612 634 788 681 praetoris
819 634 1066 670 iurisdictione
1090 633 1175 670 sub-

85 684 104 717 8
130 685 177 724 (7)
226 681 404 717 'stantiam
428 679 598 726 capiunt!
643 679 881 725 Appellantur
904 683 1023 715 autem
1047 689 1175 724 excep-

26 740 30 742 *
85 727 199 763 tiones
223 726 316 763 aliae
338 737 404 772 per
431 730 536 762 etuae
559 729 596 761 et
617 724 897 771 peremptoriae,
922 725 1014 760 aliae
1037 728 1174 776 tempo-

84 775 105 808 9
130 775 178 815 (8)
225 771 319 808 rales
338 774 374 807 et
392 738 590 807 dilatoriae.
638 770 840 816 Perpetuae
859 774 895 805 et
912 774 1175 816 peremptoriae

84 821 187 861 sunt,
219 827 313 863 quae
336 827 475 863 semper
498 815 684 862 agentibus
707 815 855 851 obstant
880 820 916 851 et
939 826 1078 860 semper
1099 825 1174 850 rem

84 863 128 898 de
161 873 233 908 qua
267 862 386 908 agitur
418 864 623 908 peremunt:
685 861 776 896 ualis
813 864 867 896 est
903 860 1066 906 exceptio
1103 859 1175 895 doli

83 907 168 944 mali
199 911 236 944 et
266 907 364 954 quod
394 911 510 943 metus
535 917 646 943 causa
686 909 805 942 actum
830 910 884 942 est
908 910 944 941 et
967 905 1064 951 pacti
1089 916 1173 941 con-

83 953 187 996 venti,
213 964 294 989 cum
316 953 368 988 ita
392 952 606 995 convenerit,
631 962 676 988 ne
700 951 843 988 omnino
864 952 1017 996 pecunia
1036 955 1173 997 petere-

86 1002 126 1034 10
150 1001 198 1042 (9)
245 1002 314 1034 tur.
340 998 571 1044 Temporales
584 1001 693 1043 atque
713 996 900 1033 dilatoriae
915 1000 1010 1040 sunt,
1024 1007 1116 1042 quae
1129 996 1175 1031 ad

82 1047 222 1090 tempus
245 1047 378 1080 nocent
400 1047 437 1079 et
459 1043 628 1088 temporis
653 1042 860 1078 dilationem
878 1042 1060 1078 tribuunt:
1086 1052 1173 1087 qua-

81 1090 125 1126 lis
149 1093 204 1125 est
226 1089 325 1135 pacti
348 1089 531 1132 conventi,
557 1099 638 1124 cum
663 1088 885 1131 convenerit,
910 1098 956 1123 ne
978 1088 1073 1123 intra
1098 1097 1173 1122 cer-

81 1140 158 1170 tum
177 1138 318 1181 tempus
338 1138 514 1180 ageretur,
533 1133 643 1170 veluti
660 1133 756 1168 intra
774 1133 1066 1179 quinquennium.
1091 1143 1175 1167 nam

83 1180 183 1216 finito
217 1190 259 1216 eo
289 1183 449 1226 tempore
479 1190 552 1215 non
576 1178 768 1224 impeditur
792 1183 895 1214 actor
918 1189 993 1214 rem
1017 1177 1172 1223 exsequi.

81 1236 165 1271 ergo
185 1225 233 1268 hi,
253 1225 382 1271 quibus
402 1225 498 1261 intra
516 1229 658 1270 tempus
678 1234 782 1269 agere
802 1224 1001 1259 volentibus
1022 1224 1175 1260 obicitur

81 1270 244 1317 exceptio
268 1274 333 1306 aut
354 1270 453 1316 pacti
477 1270 642 1306 conventi
665 1273 730 1305 aut
752 1269 824 1305 alia
856 1270 997 1312 similis,
1031 1269 1174 1304 differre

81 1317 212 1352 debent
234 1316 411 1352 actionem
435 1319 472 1351 et
493 1320 578 1361 post
601 1319 742 1360 tempus
766 1325 889 1360 agere:
915 1315 995 1351 ideo
1021 1314 1114 1350 enim
1139 1317 1175 1349 et

81 1361 268 1398 dilatoriae
290 1361 380 1398 istae
403 1361 631 1407 exceptiones
655 1361 893 1406 appellantur.
930 1360 1108 1406 alioquin,
1143 1359 1174 1394 si

79 1407 176 1443 intra
198 1411 338 1453 tempus
363 1407 499 1452 egerint
521 1406 734 1452 obiectaque
765 1406 812 1441 sit
843 1406 1026 1451 exceptio,
1059 1415 1175 1458 neque

81 1463 123 1489 eo
143 1452 276 1489 iudicio
294 1452 487 1498 quidquam
508 1455 810 1497 consequerentur
826 1455 974 1497 propter
992 1455 1172 1496 exceptlo-

80 1508 162 1534 nem
185 1507 251 1534 nec
273 1501 358 1543 post
380 1501 520 1543 tempus
544 1497 628 1533 olim
652 1507 757 1542 agere
786 1499 972 1542 poterant,
1004 1507 1086 1532 cum
1118 1500 1172 1531 te-

80 1553 174 1580 mere
203 1553 279 1579 rem
309 1543 347 1579 in
377 1543 547 1579 iudicium
578 1542 805 1578 deducebant
834 1546 871 1578 et
901 1542 1171 1584 consumebant,

82 1599 153 1635 qua
183 1588 324 1625 ratione
353 1599 429 1625 rem
460 1588 684 1624 amittebant.
731 1587 838 1623 hodie
867 1591 987 1623 autem
1018 1598 1091 1623 non
1121 1587 1174 1622 ita

81 1634 205 1671 stricte
228 1634 318 1670 haec
338 1633 536 1687 procedere
558 1634 740 1675 volumus,
776 1635 837 1668 sed
862 1643 961 1675 eum,
995 1633 1056 1678 qui
1089 1636 1173 1668 ante

79 1683 219 1726 tempus
250 1679 428 1725 pactlonis
459 1679 515 1715 vel
538 1679 764 1724 obligationis
788 1679 885 1714 litem
907 1678 1040 1714 inferre
1062 1688 1173 1714 ausus

80 1729 153 1769 est,
184 1725 415 1761 Zenonianae
450 1724 720 1761 constitutioni³
752 1724 937 1760 subiacere
973 1733 1171 1766 censemus,

80 1781 188 1817 quam
222 1770 484 1807 sacratissimus
519 1770 703 1815 legislator
736 1769 781 1805 de
814 1769 870 1805 his
911 1769 972 1815 qui
1013 1773 1173 1815 tempore

79 1816 160 1862 plus
183 1816 363 1861 petierunt
385 1816 545 1861 protulit,
571 1818 613 1851 ut
636 1818 671 1851 et
693 1814 863 1855 indutias,
893 1825 994 1860 quas,
1019 1814 1073 1850 si⁴
1096 1814 1174 1860 ipse

80 1865 184 1899 actor
214 1865 342 1907 sponte
372 1861 562 1897 indulserit
590 1861 646 1896 vel
670 1864 801 1896 natura
824 1860 977 1896 actionis
1002 1860 1172 1904 continet,

80 1910 362 1953 contempserat,
393 1906 431 1942 in
463 1906 612 1953 duplum
634 1906 793 1942 habeant
814 1906 872 1949 hi,
905 1905 966 1951 qui
989 1906 1096 1940 talem
1119 1906 1173 1941 in-

78 1953 207 1989 iuriam
229 1952 328 1998 passi
351 1955 448 1996 sunt,
472 1956 508 1988 et
530 1955 614 1998 post
636 1961 697 1987 eas
720 1951 841 1986 finitas
860 1961 933 1987 non
954 1951 1058 1986 aliter
1076 1951 1174 1987 litem

79 1997 296 2044 suscipiant,
327 1997 397 2033 nisi
427 2007 550 2034 omnes
582 2007 759 2042 expensas
789 1996 861 2032 litis
893 1999 1001 2032 antea
1024 2006 1173 2042 accepe-

79 2044 170 2087 rint,
201 2046 242 2080 ut
272 2046 414 2079 actores
443 2043 509 2080 tali
530 2053 649 2089 poena
671 2042 851 2088 perterriti
873 2046 1037 2088 tempora
1059 2042 1174 2077 litium

82 2092 120 2125 11
149 2091 218 2132 (10)
266 2088 464 2125 doceantur
497 2089 699 2125 observare.
758 2087 950 2123 Praeterea
986 2087 1094 2123 etiam
1130 2097 1174 2124 ex

79 2143 234 2182 persona
257 2134 445 2170 dilatoriae
463 2137 549 2170 sunt
567 2143 655 2169 exce
680 2133 814 2169 tiones:
841 2133 965 2179 quales
986 2137 1071 2169 sunt
1088 2144 1171 2179 pro-

80 2179 301 2234 curator-iae,
320 2179 444 2247 „veluti
468 2179 502 2232 si
520 2189 586 2232 per
608 2179 654 2214 m·
672 2178 754 2214 ’tem
778 2182 842 2214 aut
864 2178 1047 2214 mulierem
1070 2189 1174 2224 agere

79 2225 270 2307 338έὲἓὲ
278 2235 426 2307 ’ῃεέθέῗ
442 2225 559 2306 3ΐέξέ
560 2224 740 2315 &goni-1350
756 2224 1175 2315 ἓξῖοιῗὲἑῖξῐίῗιιιῗηῗίιιξὲ

79 2326 123 2353 ex
169 2315 233 2352 riri
256 2315 483 2352 conceditur:
509 2315 584 2351 suis
607 2325 691 2352 vero
715 2314 865 2360 negotiis
890 2325 1078 2368 superesse
1097 2315 1174 2351 sine

79 2373 101 2398 o
130 2372 217 2398 ensa
229 2361 438 2408 disciplinae
449 2364 611 2407 possunt.
637 2371 698 2397 eas
710 2370 795 2396 vero
816 2364 1057 2406 exceptiones,
1079 2370 1172 2406 quae

79 2407 164 2444 olim
194 2407 488 2453 procuratoribus
516 2410 664 2452 propter
691 2405 875 2442 infamiam
897 2406 953 2443 vel
977 2405 1095 2442 dantis
1118 2406 1174 2442 vel

78 2452 192 2499 ipsius
211 2452 455 2499 procuratoris
475 2452 760 2498 opponebantur,
785 2462 868 2487 cum
885 2451 923 2488 in
941 2451 1081 2487 iudiciis
1099 2451 1173 2487 fre-

79 2497 244 2544 quentari
267 2498 365 2534 nullo
388 2497 636 2544 perspeximus
659 2496 786 2540 modo,
812 2497 1066 2543 conquiescere
1089 2507 1173 2533 san-

80 2543 205 2586 cimus,
228 2553 287 2586 ne,
311 2543 397 2579 dum
420 2543 465 2579 de
487 2543 543 2579 his
567 2543 782 2586 altercatur,
806 2542 920 2589 ipsius
944 2542 1078 2589 negotii
1101 2541 1172 2578 dis-

80 2588 237 2635 ceptatio
261 2589 468 2635 proteletur.
931 2599 937 2608 ¹

569 2682 684 2722 XIIII

370 2749 432 2782 DE
457 2747 880 2782 REPLICATIONIBUS.

126 2814 343 2852 ⁶'Interdum
365 2815 499 2858 evenit,
532 2818 574 2851 ut
604 2814 767 2861 exceptio
780 2841 789 2857 ,
825 2824 918 2860 quae
941 2814 1056 2860 prima
1079 2813 1174 2850 facie

80 2860 185 2897 'iusta
202 2860 377 2904 videatur,
404 2860 524 2906 inique
544 2864 684 2897 noceat.
721 2859 818 2905 quod
839 2870 920 2895 cum
939 2859 1081 2903 accidit,
1102 2860 1173 2895 alia

81 2906 303 2960 'allegatione
328 2916 419 2952 opus
444 2909 499 2942 est
528 2905 719 2943 adiuvandi
750 2905 883 2941 actoris
913 2905 1049 2958 gratia,
1081 2915 1173 2950 quae

81 2951 275 2997 'rephcatio
307 2955 474 2994 vocatur,
510 2951 595 2997 quia
626 2962 691 2997 per
724 2961 802 2986 eam
833 2951 1030 2995 rephcatur
1064 2954 1173 2996 atque

81 2996 278 3032 ’resolvitur
310 2997 386 3032 vis⁷
422 2996 651 3042 exceptionis.
698 2996 807 3032 veluti
842 3007 923 3031 cum
953 2999 1082 3041 pactus
1119 2999 1173 3031 est

80 3042 217 3088 'aliquis
242 3052 325 3078 cum
348 3041 508 3078 debitore
533 3052 618 3084 suo,
643 3052 689 3078 ne
712 3042 758 3077 ab
783 3051 824 3077 eo
849 3041 1039 3086 pecuniam
1062 3044 1173 3086 petat,

80 3086 216 3123 'deinde
239 3090 366 3133 postea
388 3087 427 3122 in
459 3087 678 3123 contrarium
707 3087 805 3133 pacti
836 3091 939 3130 sunt,
975 3086 1012 3122 id
1048 3090 1103 3122 est
1134 3090 1174 3121 ut

81 3133 90 3147 '
115 3136 211 3168 etere
234 3132 401 3169 creditori
431 3132 554 3168 liceat:
587 3132 618 3168 si
650 3136 734 3178 agat
766 3131 922 3168 creditor
952 3135 988 3168 et
1018 3131 1175 3177 excipiat

81 3178 89 3192 '
115 3177 242 3221 ebitor,
266 3181 307 3214 ut
328 3178 381 3213 ita
400 3177 541 3213 demum
562 3177 829 3220 condemnetur,
855 3178 885 3213 si
904 3188 978 3213 non
999 3187 1172 3213 convene-

81 3223 154 3266 ’rit,
186 3233 232 3258 ne
263 3233 340 3258 eam
370 3223 559 3269 pecuniam
584 3223 737 3259 creditor
759 3226 878 3268 petat,
911 3226 1018 3258 nocet
1048 3222 1081 3258 ei
1112 3232 1172 3257 ex-

82 3268 228 3314 'ceptio,
254 3269 421 3305 convenit
443 3268 536 3304 enim
559 3268 628 3303 ita:
654 3278 807 3314 namque
831 3268 940 3303 nihilo
965 3267 1081 3303 minus
1104 3267 1174 3303 hoc

81 3313 212 3349 'verum
234 3317 373 3357 manet,
396 3313 480 3349 licet
503 3316 630 3359 postea
651 3314 688 3348 in
713 3313 932 3349 contrarium
955 3313 1053 3358 pacti
1077 3316 1171 3348 sunt.

83 3358 159 3418 'sed
178 3358 262 3412 quia
283 3358 445 3412 iniquum
468 3362 524 3394 est
554 3359 764 3411 creditorem
795 3358 956 3401 excludi,
987 3369 1026 3394 re
1051 3357 1173 3393 licatio

83 3403 426 3501 ὲῃιὲᾱὲἔῗὲἓέῃιῗῗ
441 3406 1174 3495 ΕἴἰξῖἚῖἓῖιὲ“ἶῗαὲἷῈὲῗῖιοιθἳῖἑῗὲ

83 3493 150 3537 ’s1t,
172 3494 294 3539 inique
312 3497 452 3530 noceat.
489 3494 586 3540 quod
606 3505 687 3530 cum
706 3493 847 3538 accidit,
870 3494 942 3530 alia
960 3494 1174 3540 allegatione

87 3538 189 3585 'opus
212 3542 267 3575 est
290 3539 480 3575 adiuvandi
502 3539 556 3575 rei
578 3539 706 3585 gratia,
730 3550 822 3586 quae
846 3539 1041 3585 duplicatio
1065 3549 1172 3575 voca-

85 3654 125 3694 (1)
153 3657 252 3692 §5⁶oe
267 3653 354 3686 Gaio
367 3655 398 3693 4,
414 3660 466 3688 ιοο
548 3655 592 3697 (2)
621 3655 741 3696 GaiA,
756 3662 804 3689 118
887 3658 928 3696 (3)
958 3655 1039 3688 Cod.
1052 3656 1084 3694 3,
1098 3661 1166 3694 ιο,ι

86 3698 129 3738 (4)
154 3699 202 3731 sic
215 3697 400 3737 Mommsen,
412 3698 440 3730 si
454 3711 512 3732 om.
528 3699 607 3733 libri
703 3701 746 3738 (5)
773 3702 816 3743 cs.
833 3701 913 3733 Cod.
925 3701 958 3741 2,
971 3706 1014 3739 13,
1029 3707 1043 3732 7

131 3745 175 3782 (o)
205 3742 279 3776 Gai.
293 3743 324 3785 4,
337 3750 466 3776 12⁶..129
605 3746 648 3786 (τ)
674 3744 738 3786 vis]
753 3745 794 3785 Θ,
807 3745 860 3777 ius
882 3743 1047 3784 WEGai.,
1062 3745 1121 3777 inc.
1134 3744 1170 3777 B

1184 101 1241 148 53

1861 105 2007 148 [NST.
2040 106 2138 158 1111,
2176 110 2338 159 1,,3-15

1247 228 1268 261 2
1318 226 1397 262 'tur.
1445 225 1496 261 Et
1527 225 1558 261 si
1580 236 1705 261 rursus
1730 237 1772 261 ea
1795 227 1909 272 prima
1932 224 2025 261 facie
2048 225 2144 261 iusta
2167 225 2340 269 videatur,

1248 271 1322 307 'sed
1357 282 1422 316 pro
1450 274 1505 306 ter
1538 270 1694 315 aliquam
1726 282 1871 307 causam
1901 271 2022 316 inique
2053 270 2168 306 actori
2199 274 2340 314 noceat,

1249 317 1382 353 'rursus
1406 327 1428 352 a
1456 316 1619 368 egatione
1639 316 1709 351 alia
1729 326 1819 361 opus
1840 321 1905 359 est,
1930 327 2001 362 qua
2020 320 2122 352 actor
2141 316 2339 360 adiuvetur,

1247 365 1267 397 3
1316 363 1419 415 'quae
1453 361 1584 397 dicitur
1618 361 1823 406 triplicatio.
1883 362 2043 407 Quarum
2086 361 2243 398 omnium
2278 372 2339 398 ex-

1247 407 1463 452 'ceptlonum
1498 417 1602 442 usum
1636 406 1813 442 interdum
1848 407 1996 443 ulterius
2040 417 2147 453 quam
2187 406 2340 443 diximus

1247 452 1409 487 ’varietas
1433 462 1478 487 ne
1502 451 1656 487 otiorum
1679 451 1900 487 introducit‘:
1926 463 2016 497 quas
2040 463 2163 488 omnes
2183 453 2340 498 apertius

1246 507 1290 532 ex
1314 497 1442 533 latiore
1489 497 1681 550 igestorum
1705 496 1881 532 volumine
1904 497 2010 533 facile
2034 502 2089 533 est
2112 508 2338 543 cognoscere.

1245 545 1266 578 4
1358 542 1602 588 Exceptiones
1633 546 1772 584 autem,
1805 542 1933 587 quibus
1964 542 2104 578 debitor
2127 543 2340 586 defenditur,

1244 588 1454 634 plerumque
1486 587 1749 623 accommodari
1780 587 1896 622 solent
1928 587 2035 623 etiam
2066 588 2337 625 fideiussoribus

1246 633 1340 669 eius:
1366 637 1403 669 et
1424 636 1534 676 recte,
1584 633 1662 675 uia,
1688 632 1784 678 quod
1808 632 1854 668 ab
1878 632 1933 668 his
1956 633 2107 685 petitur,
2132 634 2169 669 id
2192 635 2238 670 ab
2261 634 2339 680 ipso

1245 678 1406 714 debitore
1428 678 1504 724 peti
1527 678 1560 714 vi
1587 682 1678 721 etur,
1703 677 1787 725 quia
1805 677 1965 713 mandati
1983 678 2114 714 iudicio
2135 679 2339 715 redditurus

1245 728 1300 759 est
1324 724 1393 767 eis,
1418 723 1515 770 quod
1537 724 1574 759 hi
1597 734 1663 769 pro
1688 734 1730 759 eo
1755 723 1935 759 solverint.
1973 734 2044 768 qua
2077 725 2217 760 ratione
2248 730 2284 761 et
2308 725 2338 760 si

1245 769 1289 805 de
1314 780 1386 805 non
1409 769 1565 815 petenda
1588 768 1742 814 pecunia
1766 772 1894 814 pactus
1919 769 1997 813 quis
2023 779 2103 804 cum
2126 780 2187 806 reo
2219 770 2338 813 fuerit,

1243 815 1382 860 placuit
1413 814 1562 860 proinde
1593 814 1875 850 succurrendum
1908 824 1986 850 esse
2009 824 2074 860 per
2098 816 2340 867 exceptionem

1244 860 1342 906 pacti
1362 860 1527 896 conventi
1545 859 1614 895 illis
1635 869 1778 905 quoque
1801 859 1862 904 qui
1888 870 1953 904 pro
1981 870 2023 895 eo
2045 860 2191 905 obligat1
2211 865 2340 904 essent,

1244 916 1287 940 ac
1310 906 1342 941 si
1366 910 1402 940 et
1426 913 1507 941 cum
1530 905 1617 951 ipsis
1641 909 1770 951 pactus
1796 909 1909 947 esset,
1942 915 1987 940 ne
2018 905 2064 940 ab
2090 906 2140 941 eis
2165 916 2207 941 ea
2230 917 2340 951 pecu-

1244 951 1304 986 nia
1335 954 1527 996 peteretur.
1566 961 1654 986 sane
1678 949 1852 996 quaedam
1878 951 2104 1003 exceptiones
2128 961 2201 986 non
2225 951 2340 987 solent

1244 997 1298 1032 his
1335 996 1610 1032 accommodari.
1656 1005 1740 1032 ecce
1772 995 1865 1031 enim
1897 995 2037 1031 deb1t0r
2069 996 2099 1031 si
2131 996 2234 1032 bonis
2267 997 2341 1032 suis

1245 1042 1392 1078 cesserit
1416 1046 1452 1077 et
1475 1052 1557 1077 cum
1577 1052 1619 1077 eo
1641 1040 1796 1077 creditor
1815 1041 2030 1086 experiatur,
2056 1041 2259 1077 defenditur
2277 1053 2342 1087 per

1245 1087 1491 1132 exceptionem
1516 1087 1622 1122 ‘nisi⁸
1644 1087 1747 1123 bonis
1773 1087 1950 1122 cesserit’:
1977 1087 2041 1123 sed
2064 1088 2155 1123 haec
2179 1097 2265 1124 exce
2291 1087 2340 1123 tio

1244 1132 1512 1168 fideiussoribus
1539 1143 1612 1167 non
1635 1131 1752 1174 datur,
1777 1132 1914 1167 scilicet
1937 1132 2016 1168 ideo
2042 1133 2138 1178 quia,
2163 1133 2225 1178 qui
2249 1143 2270 1167 a
2286 1132 2338 1167 'os

1243 1189 1311 1258 pro
1337 1177 1498 1214 debitore
1522 1177 1674 1223 obligat,
1699 1177 1769 1213 hoc
1793 1177 1946 1213 maxime
1968 1178 2160 1231 prospicit,
2186 1182 2237 1221 ut,
2263 1188 2340 1214 cum

1259 1224 1476 1259 acultatibus
1499 1223 1624 1268 lapsus
1648 1222 1758 1258 fuerit
1781 1222 1938 1266 debitor,
1963 1227 2077 1269 possxt
2101 1223 2146 1259 ab
2172 1223 2227 1259 his
2252 1234 2341 1269 quos

1244 1280 1309 1315 pro
1335 1279 1376 1305 eo
1401 1269 1571 1314 obligavit
1595 1279 1700 1304 suum
1725 1268 1905 1314 consequi.

1740 1361 1836 1402 XV⁹

1602 1429 1663 1461 DE
1688 1428 1992 1463 INTERDIGTIS.

1289 1494 1469 1540 Sequitur,
1494 1499 1535 1530 ut
1557 1494 1786 1541 dispiciamus
1811 1495 1855 1531 de
1877 1495 2076 1531 interdictis
2102 1505 2166 1531 seu
2189 1495 2340 1531 actioni-

1243 1541 1323 1583 bus,
1349 1550 1442 1585 quae
1461 1551 1528 1585 pro
1549 1540 1605 1577 his
1626 1544 1851 1578 exercentur.
1889 1544 1992 1576 erant
2012 1544 2132 1576 autem
2151 1540 2342 1576 interdicta

1242 1586 1381 1622 formae
1405 1589 1513 1631 atque
1538 1586 1792 1632 conceptiones
1816 1586 2018 1629 verborum,
2067 1586 2171 1622 uibus
2195 1590 2342 1632 praetor

1243 1635 1307 1667 aut
1329 1631 1479 1667 iubebat
1504 1631 1640 1677 aliquid
1670 1631 1748 1667 fieri
1780 1635 1844 1667 aut
1874 1631 1951 1667 fieri
1981 1598 2207 1677 pro‘ifibebat.
2245 1631 2341 1677 quod

1242 1681 1320 1712 tum
1344 1677 1498 1712 maxime
1521 1676 1698 1720 faciebat,
1724 1688 1806 1713 cum
1829 1677 1874 1713 de
1897 1677 2126 1722 possessione
2149 1681 2214 1712 aut
2237 1677 2340 1723 quasi

1242 1722 1469 1768 possessione
1492 1723 1586 1758 inter
1609 1723 1748 1769 aliquos
1773 1723 2066 1759 contendebatur.

1245 1772 1261 1804 1
1357 1767 1504 1803 Summa
1534 1772 1655 1804 autem
1687 1768 1810 1804 divisio
1843 1768 2114 1804 interdictorum
2148 1768 2239 1804 haec
2273 1772 2339 1811 est,

1244 1813 1340 1859 quod
1371 1817 1435 1848 aut
1465 1813 1703 1859 prohibitoria
1734 1817 1819 1850 sunt
1849 1818 1914 1849 aut
1944 1814 2166 1849 restitutoria
2190 1817 2254 1848 aut
2278 1824 2340 1849 ex-

1243 1858 1422 1894 hibitoria.
1460 1859 1696 1904 prohibitoria
1709 1863 1804 1902 sunt,
1829 1859 1959 1912 quibus
1979 1863 2077 1895 vetat
2096 1859 2232 1911 aliquid
2251 1859 2339 1902 fieri,

1244 1904 1355 1940 veluti
1373 1904 1444 1940 vim
1465 1905 1541 1940 sine
1557 1905 1641 1940 vitio
1660 1904 1869 1950 possidentl,
1889 1905 1945 1940 vel
1964 1908 2144 1940 mortuum
2162 1903 2341 1947 inferenti,

1244 1960 1314 1995 quo
1339 1949 1371 1986 ei
1393 1950 1450 1985 ius
1476 1950 1543 1985 erit
1564 1950 1752 1992 inferendi,
1776 1951 1833 1986 vel
1856 1950 1894 1985 in
1916 1950 1997 1986 loco
2022 1960 2126 1986 sacro
2147 1949 2341 1994 aedificari,

1242 1995 1299 2031 vel
1321 1995 1359 2030 in
1381 1994 1528 2031 flumine
1550 1995 1696 2041 publico
1720 1995 1842 2041 ripave
1866 1996 1942 2031 eius
1974 1995 2022 2030 ali
2048 1995 2109 2031 uid
2140 1995 2237 2038 fieri,
2270 2006 2340 2041 quo

1243 2041 1346 2086 peius
1369 2040 1566 2086 navigetur.
1603 2041 1827 2077 restitutoria
1846 2044 1942 2084 sunt,
1967 2041 2027 2086 qui
2054 2051 2095 2076 us
2115 2041 2256 2076 restitui
2276 2041 2340 2077 ali-

1244 2086 1330 2132 quid
1352 2086 1463 2129 iubet,
1476 2084 1589 2121 veluti
1602 2086 1712 2120 cum⁹⁸
1724 2086 1900 2123 bonorum
1922 2086 2122 2132 possessori
2141 2087 2338 2132 possessio-

1244 2142 1325 2167 nem
1349 2141 1483 2175 eorum,
1509 2142 1601 2177 quae
1625 2132 1703 2177 quis
1727 2142 1793 2177 pro
1813 2131 1943 2168 herede
1963 2135 2028 2168 aut
2070 2142 2110 2168 ro
2132 2142 2338 2178 possessore

1243 2177 1404 2223 possidet
1429 2187 1474 2213 ex
1497 2187 1541 2213 ea
1563 2177 1782 2220 hereditate,
1815 2181 1880 2213 aut
1910 2188 1992 2214 cum
2014 2177 2053 2213 iu
2080 2181 2116 2213 et
2139 2178 2191 2220 ei,
2223 2178 2284 2223 qui
2307 2178 2339 2214 vi

1243 2222 1472 2304 {3335533120
1483 2221 1781 2314 sffiffip‘ssiiefflss
1798 2223 2339 2305 ῑῖξὶᾈῖἓξῗῖξέἕοῗὲἵίῗέοὲἕέ·

1244 2313 1346 2350 cuius
1370 2313 1415 2349 de
1437 2295 1604 2350 libertate
1627 2280 1764 2367 agiilun
1790 2317 1853 2350 aut
1875 2314 2055 2357 libertum,
2081 2295 2140 2350 ’cui
2163 2296 2340 2360 patronus

1244 2369 1374 2406 operas
1404 2359 1564 2396 indicere
1592 2360 1696 2403 veht‚
1729 2363 1794 2396 aut
1823 2360 1966 2406 parenti
1995 2359 2128 2396 liberos
2143 2361 2180 2403 ¹⁰,
2213 2360 2274 2405 qui
2302 2360 2340 2395 in

1242 2407 1434 2486 Βξίἓῖῗὲἶὶὶ
1455 2404 1664 2487 {3⁸3¹}ssss
1695 2405 2342 2497 maffaiaffifflrff‘ssssitpmffiss

1674 2477 1684 2494 2
2207 2477 2216 2494 5

1242 2495 1457 2532 interdicere
1481 2498 1537 2532 est
1567 2496 1777 2532 denuntiare
1809 2499 1846 2531 et
1878 2496 2086 2542 prohibere:
2119 2496 2340 2532 restitutor-ia

1243 2545 1364 2578 autem
1388 2545 1425 2577 et
1447 2541 1662 2577 exhibitoria
1683 2542 1829 2594 proprie
1853 2541 1997 2577 decreta
2019 2541 2160 2577 vocari:
2195 2541 2259 2577 sed
2282 2545 2337 2577 ta-

1242 2597 1325 2623 men
1356 2587 1513 2633 optinuit
1542 2587 1663 2622 omnia
1692 2586 1883 2622 interdicta
1907 2586 2100 2639 appellari,
2133 2586 2217 2632 quia
2246 2587 2337 2624 inter

1243 2635 1264 2668 2
1311 2632 1402 2669 duos
1433 2632 1612 2668 dicuntur.
1666 2631 1872 2677 ¹¹'Sequens
1908 2632 2031 2667 d1visio
2066 2631 2339 2668 interdictorum

1244 2678 1344 2715 'haec
1376 2680 1449 2720 est,
1481 2677 1579 2723 quod
1610 2677 1785 2723 quaedam
1817 2676 2070 2723 adipiscendae
2100 2678 2338 2724 possessionis

1243 2724 1366 2760 ’causa
1390 2726 1599 2776 comparata
1622 2726 1726 2765 sunt,
1759 2722 1935 2776 quaedam
1965 2722 2195 2767 retinendae,
2229 2734 2338 2769 quae-

1243 2772 1263 2805 3
1311 2768 1405 2804 'dam
1413 2767 1679 2814 temperandae.
1704 2768 1968 2814 Ad1piscendae
1976 2768 2212 2814 possessionis
2226 2779 2338 2805 causa

1243 2814 1482 2850 'interdictum
1502 2813 1796 2849 accommodatur
1814 2813 1992 2850 bonorum
2011 2814 2222 2860 possessori,
2243 2815 2335 2860 quod

1243 2859 1455 2906 'appellatur
1478 2869 1628 2904 quorum
1651 2859 1845 2903 bonorum,
1870 2859 2017 2905 eiusque
2039 2859 2092 2895 vis
2117 2863 2153 2896 et
2174 2863 2334 2906 potestas

1244 2905 1343 2941 ’haec
1368 2908 1440 2948 est,
1472 2908 1532 2947 ut,
1565 2904 1662 2950 quod
1694 2914 1740 2940 ex
1770 2904 1826 2941 his
1856 2904 1962 2941 bonis
2008 2905 2154 2951 uisque,
2186 2916 2337 2951 quorum

1244 2950 1432 2996 'possessio
1457 2949 1565 2985 alicui
1589 2950 1674 2985 data
1697 2953 1769 2993 est,
1800 2960 1866 2995 pro
1898 2951 1984 2986 here
2010 2960 2030 2986 e
2060 2954 2126 2986 aut
2155 2962 2221 2996 pro
2279 2962 2336 2987 os-

1245 2996 1395 3031 'sessore
1417 2995 1611 3040 possideat,
1635 2995 1673 3030 id
1697 2995 1740 3039 ei,
1766 2996 1823 3032 cui
1847 2996 2023 3032 bonorum
2046 2996 2226 3041 possessio
2276 3000 2337 3032 ata

1243 3042 1328 3083 'est,
1359 3040 1551 3076 restituere
1574 3040 1714 3076 debeat.
1750 3052 1815 3086 pro
1840 3041 1971 3077 herede
2003 3045 2122 3077 autem
2153 3041 2338 3088 possidere

1244 3085 1412 3128 ’videtur,
1437 3086 1499 3131 qui
1521 3089 1626 3131 putat
1647 3096 1687 3122 se
1709 3086 1877 3122 heredem
1901 3097 1997 3123 esse:
2030 3098 2096 3132 pro
2128 3097 2338 3133 possessore

1244 3132 1283 3167 'is
1303 3130 1474 3176 possidet,
1496 3130 1556 3176 qui
1576 3131 1673 3167 nullo
1693 3131 1771 3167 iure
1789 3143 1865 3168 rem
1883 3132 2136 3168 hereditariam
2154 3133 2210 3169 vel
2229 3133 2337 3168 etiam

1244 3178 1366 3212 'totam
1390 3176 1624 3212 hereditatem
1648 3177 1763 3213 sciens
1788 3177 1835 3214 ad
1858 3188 1898 3213 se
1921 3188 1994 3214 non
2016 3178 2197 3223 pertinere
2219 3178 2336 3224 possi-

1244 3222 1324 3257 'det.
1367 3221 1447 3274 ideo
1480 3225 1601 3258 autem
1632 3222 1886 3268 adipiscendae
1917 3223 2154 3268 possessionis
2185 3227 2337 3259 vocatur

1244 3267 1499 3310 interdictum,
1524 3267 1608 3313 quia
1632 3268 1664 3304 ei
1686 3271 1828 3304 tantum
1851 3268 1938 3304 utile
1962 3273 2033 3312 est,
2059 3269 2120 3314 qui
2142 3279 2239 3305 nunc
2262 3268 2335 3314 pri-

1244 3313 1349 3348 'mum
1381 3315 1535 3348 conatur
1565 3312 1716 3359 adipisci
1749 3314 1801 3349 rei
1835 3313 2118 3360 possessionem:
2154 3314 2275 3359 itaque
2306 3313 2335 3348 si

1244 3358 1251 3372 '
1277 3358 1332 3393 uis
1357 3357 1507 3403 adeptus
1530 3359 1793 3404 possessionem
1817 3359 1975 3395 amiserit
1999 3370 2100 3402 eam,
2131 3359 2200 3395 hoc
2224 3359 2334 3394 inter-

1244 3403 1252 3417 *
1280 3403 1389 3438 ‘ctum
1413 3403 1445 3438 ei
1467 3403 1593 3440 inutile
1617 3408 1681 3440 est.
1717 3404 1947 3440 interdictum
1970 3415 2122 3450 quoque,
2148 3403 2244 3449 quod
2266 3414 2330 3448 ap-

1244 3448 1408 3494 'pellatur
1432 3447 1655 3493 Salvianum‚
1688 3449 1939 3495 adipiscendae
1962 3449 2197 3495 possessionis
2222 3458 2333 3484 causa

1243 3493 1502 3539 'comparatum
1522 3498 1577 3531 est
1595 3505 1709 3540 eoque
1727 3495 1841 3531 utitur
1859 3495 2022 3531 dominus
2042 3494 2145 3530 fundi
2165 3493 2210 3529 de
2226 3493 2334 3529 rebus

1243 3539 1380 3583 'coloni,
1404 3549 1494 3585 quas
1516 3540 1547 3576 is
1570 3551 1635 3586 pro
1659 3540 1883 3576 mercedibus
1906 3540 2009 3575 fundi
2031 3539 2169 3585 pignori
2191 3538 2334 3574 futuras

1244 3655 1288 3695 (s)
1315 3654 1396 3695 nisi]
1410 3654 1455 3695 Β,
1469 3655 1498 3687 si
1524 3656 1602 3696 WE,
1618 3652 1708 3697 εἰμή
1724 3656 1754 3687 Θ

1289 3704 1337 3744 (a)
1357 3702 1685 3747 OflGai.4.1ss..17o
1706 3702 1882 3746 Di9.43,1
1907 3699 1986 3732 Cod.
2002 3700 2057 3738 8‚1
2105 3698 2163 3739 (θ’)
2183 3707 2256 3730 cum
2272 3710 2331 3729 om.

1245 3748 1317 3782 cdd.
1328 3748 1359 3781 θ
1393 3748 1454 3791 (ιο)
1462 3749 1509 3781 sic
1517 3747 1560 3788 E,
1570 3748 1641 3779 eius
1650 3748 1710 3780 ins.
1719 3745 1791 3780 ΒΡ
1800 3745 1837 3779 W
1870 3746 1928 3787 (ιι)
1943 3743 2330 3784 Gai.4,143.144.147.14s
