2528 3918
187 113 439 158 XXXXVH
468 115 494 156 2

188 235 283 271 Titio
308 234 438 272 herede
462 235 569 271 homo
593 235 674 271 Seio
703 234 844 280 legatus
873 238 957 271 ante
980 235 1114 271 aditam
1137 235 1275 270 heredi-

189 286 299 316 tatem
323 280 418 315 Titio
449 279 587 315 furtum
617 280 713 316 fecit.
761 280 792 316 si
823 279 922 316 adita
953 280 1149 316 hereditate
1174 279 1276 315 Seius

188 326 344 371 legatum
379 325 426 360 ad
463 335 502 361 se
536 326 715 370 pertinere
744 325 910 370 voluerit,
950 325 1037 360 furti
1073 326 1150 360 eius
1185 326 1278 360 servi

188 370 331 407 nomine
360 373 443 415 aget
474 380 554 405 cum
577 380 620 406 eo
644 370 779 413 Titius,
816 370 899 415 quia
923 380 1037 414 neque
1061 373 1163 413 tunc,
1196 380 1277 405 ciun

188 415 326 451 faceret
349 414 502 457 furtum,
535 415 611 451 eius
634 414 719 459 fuit,
744 419 781 451 et
802 418 857 459 (ut
878 415 1028 459 maxime
1053 414 1130 460 quis
1155 414 1276 450 existi-

189 463 272 504 met,
296 460 328 496 si
351 470 473 496 servus
494 470 572 496 esse
597 460 755 506 coeperit
778 461 866 502 eius,
892 461 948 496 cui
972 460 1106 495 furtum
1130 459 1276 502 fecerat,

190 505 268 542 tolli
290 504 378 540 furti
398 505 586 549 actionem,
610 509 652 541 ut
667 515 735 541 1100
755 505 787 541 si
806 505 983 540 alienatus
1007 505 1063 546 sit,
1087 504 1144 549 agi
1163 505 1278 550 possit

190 561 233 587 00
257 550 410 594 1101111110)
433 560 479 585 110
502 554 586 595 post
607 549 741 587 aditam
772 550 913 595 quidem
937 549 1169 584 hereditatem
1192 549 1278 584 Titii

190 595 308 632 factus
333 600 405 638 est,
430 595 514 640 quia
537 605 597 640 ea,
627 606 720 640 quae
743 596 924 640 legantur,
961 599 1059 629 recta
1083 595 1140 629 via
1163 595 1210 630 ab
1235 605 1276 630 eo

190 641 251 686 qui
274 640 403 685 legavit
425 640 473 676 ad
496 650 577 676 eum
601 641 658 676 cui
681 641 798 686 legata
822 643 905 675 sunt
928 643 1128 675 transeunt.

236 683 290 723 66
314 684 420 729 (65)Ι
451 684 646 722 ULPIANUS
674 686 764 721 libro
784 686 905 732 primo
930 684 979 719 acl
1002 685 1155 720 edictum
1179 684 1275 720 aecli-

192 730 278 766 lium
302 730 482 766 curulium
530 729 599 775 Qui
622 741 665 766 ea
687 734 804 765 mente
828 730 981 765 alienum
1005 730 1090 775 quid
1114 733 1276 766 contrec-

190 775 289 820 tavit,
314 779 355 811 ut
377 775 620 819 lucrifaceret,
652 775 794 811 tametsi
818 778 953 809 mutato
980 774 1127 810 consilio
1151 774 1189 810 id
1212 775 1275 810 do-

190 821 286 856 mino
307 824 433 866 postea
451 821 616 863 reddidit,
638 821 697 856 fur
716 824 786 855 est:
811 830 913 855 nemo
936 820 1027 854 enim
1045 820 1106 854 tali
1126 824 1276 866 peccato

189 866 409 912 paenitentia
431 876 498 902 sua
522 876 654 901 nocens
679 876 757 901 esse
781 864 910 900 desinit
919 865 944 900 ².

237 908 289 949 67
315 909 398 955 (66)
421 910 477 946 ΡΑ
486 921 580 946 vsvs
601 911 690 947 libro
714 921 751 945 se
780 911 864 945 timo
888 909 938 945 ad
955 909 1139 944 Plautium
1175 909 1214 944 Si
1234 910 1276 952 is,

191 956 253 1002 qui
274 966 348 992 rem
371 956 407 1003 pi
433 956 511 991 nori
534 956 646 998 dedit,
682 966 746 990 ven
772 954 876 990 iderit
899 964 993 990 eam:
1030 954 1189 999 quamvis
1214 955 1276 990 do-

191 1002 307 1038 minus
330 1001 388 1043 sit,
429 1006 548 1037 urtum
571 1001 669 1044 facit,
695 1000 768 1035 sive
787 1010 864 1035 eam
887 999 1086 1035 tradiderat
1109 999 1277 1035 creditori

191 1047 265 1083 sive
294 1046 441 1099 speciali
471 1046 638 1092 pactione
668 1050 806 1080 tautum
837 1045 1070 1090 obligaverat:
1106 1045 1212 1090 idque
1241 1049 1278 1080 et

196 1096 209 1127 i
258 1091 420 1128 Iulianus
442 1095 557 1137 putat.
605 1091 642 1126 Si
665 1090 713 1131 is,
747 1090 805 1125 cui
827 1099 885 1126 res
910 1090 1082 1135 subrepta
1104 1090 1168 1132 sit,
1194 1090 1277 1125 dum

191 1136 288 1182 apud
321 1136 436 1173 furem
470 1137 534 1180 sit,
569 1137 748 1180 legaverat
771 1145 848 1170 eam
872 1135 976 1177 mihi,
1001 1145 1066 1177 au,
1098 1135 1129 1170 si
1151 1140 1278 1180 postea

191 1181 251 1218 fur
272 1191 352 1218 eam
377 1185 590 1224 contrectet,
622 1181 710 1215 furti
738 1181 916 1215 actionem
940 1180 1116 1215 habeam?
1163 1184 1198 1215 et
1221 1191 1276 1216 se-

192 1226 347 1263 cundum
370 1226 541 1263 Octaveni
565 1226 776 1262 sententiam
800 1225 885 1260 mihi
907 1225 975 1260 soli
998 1225 1168 1270 competit
1190 1225 1278 1260 furti

191 1272 298 1316 actio,
323 1283 403 1307 cum
427 1272 531 1307 heres
555 1281 620 1306 suo
645 1271 786 1306 nomine
809 1281 882 1305 non
902 1270 1046 1312 habeat,
1071 1270 1165 1315 quia,
1190 1281 1276 1315 qua-

192 1328 344 1362 cumque
367 1317 505 1352 ratione
529 1316 721 1352 dominium
742 1319 917 1351 mutatum
940 1315 997 1357 sit,
1022 1315 1163 1351 domino
1184 1326 1277 1351 com-

192 1365 212 1398 2
259 1367 380 1408 petere
403 1361 491 1397 furti
513 1362 689 1397 actionem
721 1364 873 1396 constat.
922 1361 1034 1403 Eum,
1068 1361 1128 1405 qui
1150 1361 1276 1396 mulio-

192 1418 272 1444 nem
305 1407 387 1443 dolo
423 1407 517 1442 malo
548 1407 587 1441 in
617 1406 672 1442 ius
710 1410 890 1448 vocasset,
930 1407 961 1441 si
992 1406 1130 1441 interea
1160 1406 1278 1441 mulae

193 1457 212 1488 3
259 1452 453 1498 perissent,
486 1451 573 1487 furti
597 1451 709 1487 teneri
739 1455 875 1487 veteres
899 1450 1169 1495 responderunt.
1216 1451 1276 1486 Iu-

191 1498 307 1535 lianus
337 1496 524 1542 respondit
553 1507 652 1538 eum,
686 1497 747 1541 qui
776 1495 939 1541 pecuniis
969 1495 1149 1540 exigendis
1172 1506 1276 1541 prae-

176 1543 330 1589 positus
354 1546 420 1584 est,
445 1543 476 1577 si
498 1542 737 1577 manumissus
761 1541 889 1585 exigat,
914 1540 1001 1576 furti
1025 1541 1150 1576 teneri.
1183 1541 1277 1585 quod

193 1588 227 1624 ei
255 1597 477 1631 consequens
509 1591 563 1622 est
594 1587 710 1622 dicere
742 1587 839 1622 etin
862 1590 981 1621 tutore
1005 1586 1063 1621 cui
1096 1590 1179 1638 post
1210 1597 1276 1631 pu-

193 1636 214 1669 4
260 1633 435 1668 bertatem
466 1632 622 1667 solutum
653 1635 718 1667 est.
767 1632 805 1666 Si
836 1635 877 1666 tu
900 1631 1033 1666 Titium
1063 1631 1149 1666 mihi
1182 1642 1276 1667 com-

191 1678 412 1714 mendaveris
437 1678 539 1721 quasi
562 1677 746 1719 idoneum,
779 1676 838 1712 cui
862 1676 1057 1718 crederem,
1094 1679 1131 1712 et
1153 1686 1217 1721 ego
1241 1677 1277 1711 in

193 1723 326 1759 Titium
370 1722 533 1767 iuquisii,
580 1722 706 1757 deinde
744 1726 783 1757 tu
827 1722 935 1756 alium
978 1721 1136 1757 adducas
1177 1722 1279 1766 quasi

193 1768 337 1811 Titium,
363 1767 500 1803 furtum
523 1767 644 1811 facies,
670 1767 753 1812 quia
777 1767 911 1802 Titium
939 1777 1016 1802 esse
1040 1767 1135 1802 hunc
1160 1767 1277 1810 credo,

194 1813 331 1850 scilicet
355 1813 385 1848 si
409 1816 445 1848 et
467 1813 527 1847 ille
550 1812 612 1857 qui
635 1812 825 1847 adducitur
849 1812 933 1847 scit:
959 1812 1055 1857 quod
1078 1811 1109 1847 si
1132 1813 1278 1856 nesciat,

192 1870 264 1894 11011
283 1858 418 1893 facies³
441 1858 587 1900 furtum,
612 1868 678 1892 nec
698 1857 756 1892 hic
781 1858 841 1902 qui
864 1857 1013 1892 adduxit
1032 1867 1135 1902 opem
1155 1857 1279 1893 tulisse

192 1907 314 1950 potest
335 1903 457 1946 videri,
483 1914 563 1938 cum
586 1902 722 1938 furtum
745 1902 881 1937 factum
904 1913 976 1938 non
1001 1902 1064 1937 sit:
1091 1902 1154 1938 sed
1179 1902 1278 1938 dabi-

194 1954 213 1984 5
260 1953 320 1984 tur
344 1948 437 1983 actio
468 1948 505 1983 in
535 1948 671 1983 factum
693 1948 732 1982 in
754 1958 835 1983 eum
859 1947 920 1992 qui
949 1946 1107 1982 adduxit.
1156 1947 1193 1983 Si
1216 1948 1278 1983 sti·

192 1994 338 2041 pulatus
363 1993 407 2028 de
431 1997 466 2029 te
486 1993 552 2028 sim
576 1997 652 2037 ‘per
674 1996 710 2028 te
733 2003 805 2028 non
829 1992 916 2034 fieri,
941 2003 1011 2037 quo
1032 1992 1148 2027 minus
1171 1992 1277 2028 homo

195 2039 299 2075 ‘Eros
322 2039 418 2074 intra
448 2038 621 2074 kalendas
644 2038 724 2073 illas
747 2038 834 2073 mihi
857 2038 982 2079 detur’,
1017 2038 1177 2082 quamvis
1201 2049 1279 2073 mea

192 2084 380 2120 interesset
403 2094 483 2119 eum
506 2094 579 2118 non
601 2083 739 2127 subripi
767 2085 862 2125 (cum
886 2083 1056 2127 subrepto
1081 2093 1123 2118 eo
1148 2093 1192 2118 ex
1215 2083 1278 2118 sti-

194 2130 319 2176 pulatu
344 2139 415 2164 non
439 2129 589 2170 teneris,
623 2128 653 2163 si
675 2131 795 2163 tamen
824 2139 888 2173 per
910 2132 947 2163 te
979 2128 1115 2162 factum
1138 2139 1210 2164 non
1233 2129 1280 2163 sit

194 2174 404 2255 (1001111111)οω
428 2174 513 2208 1111111
537 2173 706 2217 daretur),
740 2184 812 2209 non
841 2177 961 2208 tamen
992 2173 1080 2207 furti
1104 2173 1279 2209 actionem

193 2230 248 2256 me
297 2230 319 2255 a
346 2230 414 2255 ere.

240 2261 293 2302 68
318 2261 400 2307 (67)
427 2264 571 2300 Cusus
600 2264 692 2299 libro
717 2263 927 2299 duodecimo
952 2263 1172 2309 cliqestorum
1219 2263 1277 2298 111-

193 2309 340 2346 fitiando
366 2309 567 2354 depositum
591 2319 694 2344 nemo
718 2308 805 2343 facit
827 2308 963 2343 furtum
984 2312 1063 2350 (nec
1087 2308 1179 2343 enim
1203 2308 1279 2343 fur-

194 2359 270 2391 tum
293 2358 349 2391 est
370 2355 450 2400 ipsa
473 2354 656 2396 infitiatio,
687 2353 773 2389 licet
795 2363 908 2398 prope
930 2352 1066 2388 furtum
1090 2357 1175 2396 est):
1216 2353 1279 2388 sed

194 2401 225 2436 si
253 2400 515 2453 possessionem
545 2399 621 2435 eius
653 2398 837 2444 apiscatur
874 2398 1127 2434 intervertendi
1157 2408 1277 2442 causa,

195 2446 282 2481 facit
304 2445 451 2480 furtum.
476 2454 542 2480 nee
565 2444 688 2486 refert,
711 2444 750 2478 in
774 2443 883 2488 digito
907 2444 1039 2479 habeat
1062 2443 1208 2478 anulum
1232 2454 1279 2479 an

194 2490 455 2537 dactyliotheca
487 2500 609 2534 quem,
642 2499 724 2524 cum
756 2488 916 2540 deposito
946 2489 1114 2532 teneret⁴,
1147 2489 1279 2524 habere

198 2540 211 2571 i
261 2547 326 2581 pro
351 2545 416 2571 suo
442 2534 682 2570 destinaverit.
720 2533 758 2569 Si
781 2534 846 2569 tibi
870 2533 1078 2578 subreptum
1095 2537 1159 2575 est,
1185 2533 1279 2579 quod

194 2581 263 2616 nisi
285 2580 342 2616 die
367 2584 466 2615 certa
497 2579 672 2621 dedisses,
705 2589 857 2624 poenam
886 2578 1096 2624 promisisti,
1128 2578 1279 2623 ideoque

194 2625 343 2662 sufferre
367 2636 445 2660 eam
469 2635 614 2661 necesse
637 2623 721 2668 fuit,
752 2623 841 2659 furti
871 2624 1012 2659 actione
1035 2624 1105 2659 hoc
1138 2635 1279 2669 quoque

195 2675 215 2706 2
264 2670 563 2706 coaestimabitur.
604 2669 728 2704 Infans
752 2669 849 2714 apud
873 2669 987 2704 furem
1011 2668 1181 2705 adolevit:
1206 2672 1279 2704 tam

195 2715 430 2751 adulescentis
449 2715 585 2750 furtum
607 2714 695 2750 fecit
716 2714 777 2749 ille
800 2724 905 2759 quam
927 2713 1085 2756 infantis,
1111 2717 1147 2749 et
1170 2725 1278 2749 unum

194 2765 314 2796 tamen
346 2761 480 2796 furtum
516 2763 589 2796 est:
630 2759 782 2804 ideoque
820 2759 920 2804 dupli
957 2763 1114 2801 tenetur,
1155 2759 1280 2804 quanti

196 2816 363 2851 umquam
394 2815 415 2840 a
442 2804 491 2840 ud
520 2815 600 2840 eum
631 2804 774 2850 plurimi
805 2804 885 2839 fuit.
933 2814 1015 2839 nam
1045 2803 1140 2849 quod
1171 2804 1279 2840 semel

196 2852 383 2886 dumtaxat
430 2850 500 2885 urti
532 2860 552 2884 a
578 2850 586 2858 ⁰
619 2860 699 2885 cum
729 2859 771 2885 eo
794 2853 930 2894 potest,
955 2849 1039 2894 quid
1063 2849 1173 2884 refert
1221 2860 1279 2885 ro-

195 2896 334 2941 positae
357 2895 556 2940 quaestioni
626 2895 775 2940 quippe,
812 2895 843 2930 si
866 2895 1059 2939 subreptus
1091 2894 1164 2929 furi
1204 2898 1280 2930 oret

196 2953 239 2977 ac
263 2950 387 2976 rursus
418 2950 440 2974 a
463 2939 543 2975 fure
572 2940 685 2975 altero
711 2950 791 2975 euin
821 2944 1086 2984 recuperasset,
1120 2939 1226 2975 etiam
1249 2939 1280 2975 si

196 2987 266 3022 duo
289 2986 387 3022 furta
409 2984 564 3026 fecisset,
597 2995 668 3020 non
694 2985 845 3030 amplius
870 2995 976 3030 quam
1000 2985 1109 3020 semel
1133 2995 1213 3019 cum
1236 2994 1279 3020 eo

195 3030 282 3067 furti
306 3030 363 3076 agi
385 3034 509 3075 posset
518 3032 542 3065 ⁶.
578 3039 643 3064 nec
664 3029 908 3072 dubitaverim,
933 3030 1018 3074 quin
1041 3029 1278 3065 adulescentis

196 3076 314 3122 potius
346 3086 452 3121 quam
482 3075 628 3110 infantis
666 3075 946 3110 aestimationem
976 3074 1056 3109 fieri
1086 3079 1277 3119 oporteret.

195 3126 231 3156 et
255 3120 339 3166 quid
361 3124 436 3156 tam
458 3119 646 3156 ridiculum
670 3123 725 3155 est
748 3130 852 3164 quam
877 3119 1057 3155 meliorem
1079 3120 1168 3155 furis
1194 3130 1278 3155 con-

196 3166 369 3203 dicionem
404 3175 483 3201 esse
520 3168 667 3211 propter
698 3165 998 3200 continuationem
1035 3164 1122 3200 furti
1159 3165 1278 3200 existi-

197 3215 216 3246 3
263 3212 384 3247 mare?
409 3211 498 3246 Cum
515 3220 638 3246 servus
661 3209 838 3255 inemptus
862 3209 980 3245 factus
1000 3209 1058 3252 sit,
1083 3220 1155 3246 non
1172 3220 1280 3256 posse

196 3262 391 3301 emptorem
414 3255 500 3291 flirti
590 3265 628 3290 re
653 3264 734 3290 cum
762 3254 944 3291 venditore
974 3255 1018 3290 ob
1043 3254 1097 3297 id,
1130 3255 1225 3300 quod
1247 3254 1279 3290 is

196 3312 319 3346 servus
341 3304 425 3346 post
447 3305 676 3346 emptionem,
700 3303 891 3345 antequam
913 3299 1138 3341 redderetur,
1163 3300 1278 3335 subri-

197 3349 218 3381 4
263 3346 411 3392 puisset.
459 3345 561 3390 Quod
598 3345 671 3381 furi
706 3344 776 3390 ipsi
806 3344 940 3379 furtum
973 3344 1098 3381 fecerit
1128 3344 1279 3381 furtivus

197 3402 336 3433 servus,
369 3401 411 3427 eo
436 3390 576 3427 nomine
599 3389 776 3426 actionem
800 3400 881 3425 cum
905 3390 1046 3426 domino
1070 3389 1185 3426 furem
1214 3390 1278 3425 ha-

198 3437 353 3471 biturum
387 3437 524 3489 placet,
561 3445 607 3471 110
636 3434 799 3471 facinora
829 3434 954 3469 talium
994 3445 1176 3471 servorum
1207 3445 1280 3470 non

195 3481 311 3518 solum
332 3481 421 3528 ipsis
442 3480 706 3527 impunitatem,
728 3479 793 3517 sed
817 3479 967 3515 dominis
992 3490 1134 3526 quoque
1157 3490 1281 3517 eorum

282 3559 324 3562 ,ζ
389 3556 1070 3563 ————.—-————-——-*

196 3597 237 3638 (ι)
261 3596 551 3639 -Β.21,1,1τ,1

196 3641 263 3674 ciet
279 3652 341 3674 ner.

198 3686 249 3717 rot
269 3697 331 3719 cer.
475 3687 520 3726 (5)
543 3687 592 3719 εἰσ
615 3685 716 3727 ΗαΙ.,
748 3695 842 3728 ponte
863 3685 898 3719 F

197 3732 313 3771 parcnt
331 3743 393 3764 scr.
415 3731 574 3771 (similiter
594 3743 658 3764 van
678 3731 719 3764 de
746 3730 866 3771 Ψωεν)

652 3598 695 3636 (2)
718 3596 767 3628 εἰσ
778 3594 799 3628 l.
811 3605 903 3639 qam,
922 3593 1021 3627 desiit
1032 3595 1065 3626 F·
1159 3597 1200 3636 (3)
1225 3594 1275 3628 fa-

1033 3685 1079 3726 (6)
1103 3687 1274 3725 quaestum

989 3732 1031 3771 (7)
1055 3729 1099 3761 sit
1120 3731 1180 3763 ins.
1201 3731 1273 3763 aad.

1266 110 1355 158 772
1487 102 1550 180 ἡ

475 3643 517 3683 (4)
542 3650 586 3673 811
609 3637 869 3685 dactyliothece,
892 3648 990 3682 quem
1014 3638 1162 3682 deposito
1185 3642 1276 3673 tene-
1343 3638 1534 3717 traditiFF¹,
1552 3648 1676 3682 quaero
1687 3648 1763 3672 oum
1774 3647 1842 3671 11011
1853 3637 1922 3670 sint
1989 3636 2104 3670 traditi
2115 3634 2169 3670 Γ*

1343 3693 1432 3717 1111110

1465 31 1485 105 i

2182 129 2245 161 DE
2271 129 2427 162 ruffus

1345 235 1511 281 quaestui
1541 236 1687 272 erunt‘:
1728 237 1936 283 plerumque
1966 237 2059 274 enim
2082 238 2158 275 eius
2188 242 2327 287 generis
2351 253 2425 279 ser-

1345 285 1364 315 5
1414 291 1537 316 vorum
1560 279 1667 317 furtis
1690 282 1832 328 peculia
1855 282 2047 319 eorundem
2070 291 2256 330 augentur.
2303 287 2342 325 Si
2365 299 2425 324 co-

1343 326 1449 377 lonus
1467 330 1549 371 post
1568 325 1722 362 lustrum
1740 327 1985 364 conductionis
2003 338 2098 364 auno
2117 331 2268 376 amplius
2287 331 2426 369 fructus

1344 370 1454 422 invito
1486 370 1628 423 domino
1658 373 1878 418 perceperit,
1917 372 2122 416 videndum,
2158 385 2203 411 ne
2238 377 2361 413 messis
2391 382 2428 414 et

1346 415 1541 468 vindemiae
1565 415 1651 451 furti
1682 427 1764 452 cum
1787 427 1829 454 eo
1854 418 1910 463 agi
1941 418 2066 464 possit.
2113 421 2149 455 et
2171 420 2259 456 mihi
2281 421 2427 459 dubium

1346 471 1417 496 non
1440 460 1595 502 videtur,
1628 461 1714 506 quin
1737 461 1818 498 fui-‘¹
1851 467 1886 498 et
1908 463 1939 498 si
1963 465 2222 510 consumpserit
2244 476 2320 502 rem
2341 468 2426 503 sub-

1345 509 1494 550 reptam,
1519 506 1633 551 repeti
1657 516 1699 541 ea
1723 507 1768 543 ab
1791 517 1834 543 eo
1883 508 1980 544 ossit.

1393 549 1447 589 69
1472 548 1553 592 (68)
1579 550 1817 588 aimonius
1837 553 1928 589 libro
1952 557 2077 589 octavo
2101 554 2320 600 diqestorum
2353 557 2425 593 He-

1346 595 1536 676 reditariatf
1554 596 1609 676 (iiei
1629 596 1764 632 furtum
1783 597 1861 633 fieri
1877 597 2037 634 Iulianus
2057 600 2222 644 negabat,
2247 601 2316 638 nisi
2334 602 2428 638 forte

1344 641 2322 738 ξ’11“ὅῗ6911113,3θέἓέὓῆῑῖῃθῑῑῑὲὲἒῖῑὲῖῑῖὲἒὲιη.
2365 696 2428 728 aut

1345 742 1382 765 in
1408 742 1479 776 qua
1503 742 1590 767 usus
1615 731 1752 767 fructus
1777 732 1914 768 alienus
1937 737 2002 769 est.

1391 774 1443 829 71
1471 774 1553 828 (76)
1577 775 1817 812 MARCELLUS
1845 778 1935 813 libro
1959 783 2085 815 octavo
2109 780 2327 827 diqestorum
2363 781 2427 818 His

1345 832 1439 857 enim
1462 821 1606 857 casibus
1629 822 1781 866 putabat
1801 822 2093 860 hereditariamm
2110 835 2229 860 rerum
2253 825 2331 861 fieri
2353 826 2426 862 fur-

1346 871 1421 902 tum
1446 870 1483 902 et
1501 867 1760 918 'usucapionem
1783 867 1945 912 impediri
1967 868 2173 915 idcircoque
2195 870 2316 906 heredi
2339 882 2426 917 quo-

1346 922 1413 957 que
1438 916 1615 947 actionem
1638 911 1726 947 furti
1749 922 1826 947 com
1854 917 1950 948 etere
1972 924 2090 958 posse.

1392 955 1445 1009 72
1465 954 1547 1000 (71)
1572 956 1618 992 114
1628 965 1797 993 vocemus
1830 958 1907 993 zbro
1932 959 2057 1004 quinto
2081 959 2216 995 decimo
2239 970 2289 996 ea·
2308 959 2427 996 Cassio

1346 1002 1383 1037 Si
1406 1013 1447 1045 is,
1473 1002 1532 1037 cui
1556 1002 1778 1037 commodata
1801 1013 1857 1038 res
1879 1007 1966 1044 erat,
1990 1003 2124 1039 furtum
2144 1004 2255 1050 ipsius
2274 1004 2427 1048 admisit,

1346 1049 1402 1092 agi
1428 1058 1508 1083 cum
1533 1057 1573 1082 eo
1595 1051 1630 1081 et
1652 1046 1740 1082 furti
1763 1050 1799 1083 et
1819 1048 2032 1083 commodati
2054 1053 2191 1094 potest:
2216 1052 2263 1092 et,
2287 1050 2319 1085 si
2341 1050 2427 1086 furti

1346 1097 1468 1128 actum
1492 1095 1566 1134 est,
1597 1092 1811 1128 commodati
1835 1093 1929 1129 actio
1953 1093 2050 1129 extin
2098 1094 2188 1138 itur,
2219 1094 2252 1130 si
2274 1105 2426 1131 commo·

1351 1141 1362 1172 1
1413 1137 1503 1181 dati,
1536 1137 1692 1172 actioni⁸
1727 1136 1813 1173 furti
1841 1138 2002 1183 exceptio
2035 1149 2056 1174 0
2082 1139 2198 1175 icitur.
2246 1139 2335 1175 Eius
2363 1141 2426 1182 rei,

1347 1193 1438 1228 quae
1468 1192 1535 1228 pro
1564 1182 1694 1234 herede
1724 1183 1946 1228 possidetur,
1978 1183 2065 1219 furti
2088 1184 2183 1220 actio
2208 1184 2255 1220 ad
2283 1195 2426 1230 posses-

1346 1238 1463 1264 sorem
1485 1238 1557 1262 non
1581 1231 1751 1272 pertinet,
1785 1228 1941 1272 quamvis
1973 1239 2170 1274 usucapere
2193 1229 2271 1274 quis
2302 1230 2425 1275 possit,

1346 1273 1430 1318 quia
1460 1272 1547 1308 furti
1577 1283 1681 1317 agere
1710 1276 1830 1318 potest
1866 1273 1915 1315 is,
1949 1274 2048 1310 cuius
2077 1274 2224 1310 interest
2253 1285 2326 1310 rem
2357 1286 2428 1310 11011

1345 1318 1502 1363 subripi,
1534 1318 1705 1354 interesse
1736 1321 1855 1353 autem
1884 1318 1959 1355 eius
1992 1319 2146 1362 videtur,
2176 1319 2238 1364 qui
2260 1319 2426 1355 damnum

1344 1373 1518 1409 passurus
1542 1367 1613 1404 est,
1638 1374 1709 1398 non
1734 1363 1809 1398 eius
1834 1363 1894 1408 qui
1917 1364 2057 1399 lucrum
2079 1363 2241 1400 facturus
2267 1369 2369 1400 esset.

1392 1406 1444 1445 73
1470 1405 1552 1451 (72)
1585 1407 1838 1444 Moosssmws
1871 1408 1962 1444 libro
1993 1410 2142 1456 septimo
2173 1420 2426 1456 responsorum

1346 1453 1554 1498 Sempronia
1573 1453 1711 1489 libellos
1732 1453 1930 1498 composuit
1949 1454 2051 1499 quasi
2070 1454 2199 1489 datura
2218 1455 2426 1497 centurioni,

1347 1502 1386 1533 ut
1409 1498 1456 1534 ad
1480 1498 1638 1534 officium
1662 1498 2001 1541 transmitterentur,
2027 1499 2090 1535 sed
2113 1509 2184 1534 non
2208 1499 2320 1535 dedit:
2353 1500 2423 1535 Lu·

1347 1544 1423 1579 cius
1446 1554 1512 1589 pro
1536 1543 1706 1578 tribunali
1730 1554 1789 1579 eos
1810 1543 1972 1579 recitavit
1996 1544 2097 1589 quasi
2117 1543 2235 1580 officio
2256 1544 2424 1581 traditos:

1346 1599 1418 1624 non
1441 1593 1526 1655 sur’it
1555 1588 1687 1624 inventi
1710 1589 1747 1623 111
1777 1588 1895 1655 officio
1920 1599 2034 1634 neque
2066 1589 2263 1625 centurIoni
2287 1590 2426 1626 traditi:

1707 1633 1716 1641 .
1757 1634 1764 1641 .
1795 1634 1802 1640 .
1831 1636 1846 1655 ο
1956 1634 1963 1641 .
1990 1634 1997 1640 .
2191 1634 2199 1642 .

1346 1644 1485 1714 111ξὲ131ξέ
1507 1635 2203 1724 ’110(111113ωὲΥὲῗὶὶῗᾈαοδεαιὲὲῗαξὲἲῆιυὲἓι
2214 1645 2344 1724 Ῑέςιῗτιὲ
2369 1639 2429 1725 gisi}

1347 1734 1419 1759 non
1443 1724 1514 1760 sint
1537 1723 1636 1759 dati?
1682 1723 1904 1759 Modestinus
1928 1723 2129 1769 respondit,
2161 1724 2192 1760 si
2223 1725 2314 1760 clam
2343 1726 2427 1761 sub·

1348 1769 1468 1811 traxit,
1493 1769 1628 1804 furtum
1653 1769 1888 1804 commissum.

1393 1812 1447 1851 74
1469 1812 1551 1858 (73)
1575 1813 1621 1849 ΙΑ
1631 1823 1799 1849 νοιΕΝυε
1819 1814 1909 1849 libro
1933 1815 2058 1860 quinto
2082 1814 2217 1850 decimo
2239 1825 2289 1850 ex
2307 1814 2428 1850 Cassio

1348 1859 1385 1895 Si
1414 1859 1463 1902 is,
1499 1859 1560 1905 qui
1616 1859 1730 1903 ignori
1758 1869 1834 1894 rem
1865 1859 2022 1904 accepit,
2060 1869 2140 1894 cum
2170 1859 2215 1895 de
2245 1860 2427 1896 vendendo

1372 1905 1496 1949 ignore
1519 1870 1607 1939 1111111
1583 1905 1591 1911 ”
1631 1903 1872 1947 convenisset,
1905 1904 2078 1947 vendidit,
2110 1908 2174 1939 aut
2197 1909 2297 1947 ante,
2346 1915 2427 1940 uam

1347 1916 1423 1985 {ies
1448 1949 1658 1985 venditionis
1682 1949 1817 1985 veniret
1839 1950 1992 1995 pecunia
2014 1960 2087 1985 11011
2110 1950 2239 1992 soluta,
2263 1950 2300 1985 id
2322 1916 2425 1986 1100111

1348 1995 1434 2030 surti
1457 2005 1496 2031 se
1519 1994 1662 2039 obligat.

1394 2038 1445 2077 75
1471 2037 1553 2083 (74)
1577 2039 1682 2075 Imm
1703 2038 1794 2075 libro
1817 2043 1947 2084 quarto
1971 2039 2205 2086 epistularum
2247 2039 2428 2076 Furtivam

1348 2085 1516 2121 ancillam
1548 2085 1643 2121 bona
1672 2084 1743 2120 fide
1774 2084 1925 2120 duorum
1953 2095 2141 2121 aureorum
2171 2087 2323 2130 emptam
2347 2095 2426 2121 cum

1347 2129 2072 2212 38⁵5&ssssfssffi‘³⁹¹³i‘ufflffi³ut‡r‘{‚⁰⁸‘
2095 2134 2427 2211 5332‘1332512530

1347 2231 1411 2266 pro
1436 2225 1587 2265 utroque
1618 2220 1696 2256 fieri
1752 2201 1860 2255 chet..
1886 2186 2094 2273 ffespongm‘}
2125 2220 2276 2265 emptori
2306 2187 2427 2266 duplo?

1371 2266 1471 2301 uanti
1495 2266 1571 2301 eius
1595 2265 1760 2307 interest,
1785 2264 1966 2300 aestimari
1989 2265 2111 2308 debet,
2144 2265 2285 2300 domino
2308 2271 2427 2301 autem

1347 2322 1419 2391 1,ἓὲ
1422 2309 1980 2400 Ῑοᾷἑὲῑὲαῇἳξοῖἶεωέᾆῗῖῗὲῗὲ·
1997 2310 2425 2401 pffe‘ztssssimssfflgffipde‘

1387 2394 1390 2395 ν
1417 2382 1426 2398 2
2416 2382 2425 2397 ἲ

1348 2411 1429 2436 011111
1463 2400 1621 2436 eiusdem
1654 2400 1707 2435 rei
1742 2400 1882 2435 nomine
1915 2404 2129 2445 praestetur,
2166 2382 2316 2446 emp’tori
2351 2366 2425 2436 effa

1346 2445 1601 2526 pss⁸sg⁸⁵i⁰¹¹ti⁵’
1631 2445 1773 2481 domino
1796 2445 1908 2491 ipsius
1937 2444 2165 2491 proprietatis
2189 2455 2300 2481 causa
2321 2456 2425 2491 prae-

1347 2502 1364 2527 s
1383 2501 1428 2525 an
1456 2501 1477 2526 a
1501 2501 1538 2526 es
1558 2517 1565 2524 .

1393 2533 1446 2573 76
1459 2534 1541 2578 (75)
1561 2535 1790 2571 Pomponius
1804 2534 1896 2570 libro
1914 2534 2102 2570 vicensimo
2114 2534 2238 2582 primo
2250 2534 2301 2570 ad
2316 2533 2426 2578 Quiu-

1347 2584 1422 2616 tum
1445 2580 1605 2617 Mucium
1651 2579 1761 2622 Sitis,
1794 2579 1856 2625 qui
1878 2578 2069 2615 simulabat
2091 2589 2130 2615 se
2183 2583 2426 2616 recuratorem

1347 2636 1437 2669 esse,
1462 2625 1654 2667 effecisset,
1679 2628 1719 2660 ut
1742 2625 1796 2660 vel
1819 2624 1889 2660 sibi
1911 2624 1965 2668 vel
1990 2625 2048 2659 cui
2070 2634 2125 2660 me
2174 2624 2322 2669 elegavit
2343 2635 2426 2671 pro·

1346 2671 1538 2714 mitterem,
1562 2670 1651 2705 furti
1674 2680 1754 2706 cum
1778 2680 1818 2705 eo
1843 2679 1948 2715 agere
1971 2680 2043 2704 non
2066 2679 2229 2714 possum,
2260 2669 2426 2715 quoniam

1347 2717 1482 2751 nullum
1502 2726 1631 2761 corpus
1650 2715 1907 2757 intervenisset,
1932 2713 2027 2760 quod
2043 2713 2185 2750 furandi
2204 2714 2321 2751 animo
2341 2725 2425 2751 con-

1348 2765 1572 2796 trectaretur.

1394 2803 1446 2843 77
1467 2804 1549 2850 (76)
1573 2805 1680 2841 low
1698 2803 1789 2840 libro
1814 2804 2021 2850 triqensimo
2045 2807 2169 2840 octavo
2192 2803 2243 2839 ad
2257 2803 2425 2847 Quintum

1347 2850 1507 2887 Mucium
1554 2850 1621 2895 Qui
1650 2860 1689 2885 re
1717 2849 1785 2885 sibi
1814 2848 2036 2884 commodata
2059 2848 2115 2884 vel
2137 2848 2234 2895 apud
2256 2859 2296 2885 se
2317 2848 2425 2895 depo-

1349 2896 1418 2931 sita
1450 2906 1535 2932 usus
1566 2899 1622 2931 est
1652 2894 1756 2930 aliter
1779 2898 1886 2939 atque
1909 2894 2064 2940 accepit,
2095 2893 2127 2929 si
2155 2893 2365 2930 existimavit
2385 2904 2426 2930 80

1347 2952 1420 2977 11011
1443 2942 1552 2977 invito
1576 2940 1718 2976 domino
1740 2938 1778 2974 id
1801 2939 1934 2981 facere,
1959 2938 2046 2974 furti
2069 2949 2141 2975 nou
2164 2942 2315 2974 tenetur.
2362 2938 2426 2976 sed

1347 2996 1413 3022 nec
1451 2985 1603 3032 depositi
1639 2984 1714 3020 ullo
1752 2984 1857 3019 modo
1893 2984 2088 3020 tenebitur:
2129 2983 2341 3020 commodati
2377 2993 2426 3020 an

1347 3035 1521 3075 teneatur,
1544 3031 1583 3066 in
1607 3029 1715 3075 culpa
1737 3029 1935 3065 aestimatio
1961 3029 2038 3072 erit,
2061 3028 2097 3064 id
2121 3032 2176 3064 est
2198 3038 2246 3064 811
2267 3039 2341 3065 11011
2362 3027 2424 3064 de·

1352 3080 1363 3111 1
1416 3076 1533 3112 buerit
1565 3075 1766 3111 existimare
1795 3073 1832 3109 id
1861 3073 2040 3109 dominum
2070 3073 2336 3119 permissurum.
2388 3073 2427 3110 Si

1349 3121 1427 3167 quis
1452 3121 1554 3156 alteri
1577 3120 1712 3155 furtum
1735 3118 1862 3154 fecerit
1889 3122 1926 3154 et
1947 3118 1985 3154 id
2008 3118 2103 3163 quod
2134 3117 2312 3164 subripuit
2333 3117 2425 3155 811118

1348 3166 1394 3202 ab
1425 3176 1466 3202 eo
1497 3165 1694 3210 subripuit,
1726 3174 1806 3199 cum
1835 3164 2033 3209 posteriore
2060 3163 2140 3199 fure
2163 3163 2323 3199 dominus
2348 3163 2425 3199 eius

1347 3211 1400 3247 rei
1433 3210 1521 3246 furti
1557 3220 1660 3263 agere
1690 3213 1827 3254 potest,
1865 3208 1924 3244 fur
1954 3208 2052 3262 prior
2074 3218 2146 3244 non
2175 3211 2311 3253 potest,
2343 3207 2424 3245 ideo

1350 3255 1445 3301 quod
1468 3255 1600 3292 domini
1622 3254 1801 3296 interfuit,
1826 3264 1898 3290 non
1920 3253 2048 3299 prioris
2070 3252 2176 3295 furis,
2209 3257 2249 3288 ut
2270 3252 2308 3288 id
2331 3251 2425 3298 quod

1348 3300 1557 3346 subreptum
1588 3303 1642 3336 est
1672 3299 1809 3335 salvum
1839 3303 1943 3335 esset.
1991 3298 2080 3334 haec
2108 3297 2260 3343 Quintus
2282 3297 2424 3333 Mucius

1347 3345 1456 3382 refert
1479 3349 1515 3381 et
1537 3355 1621 3381 vera
1642 3348 1742 3380 sunt:
1773 3354 1855 3379 nam
1876 3344 1962 3379 licet
1982 3342 2122 3378 intersit
2143 3342 2232 3378 furis
2255 3352 2331 3378 rem
2352 3342 2423 3379 881-

1348 3401 1427 3426 vam
1450 3400 1547 3434 esse,
1581 3389 1664 3435 quia
1695 3388 1917 3425 condictione
1946 3391 2104 3429 tenetur,
2135 3391 2253 3423 tamen
2277 3397 2358 3423 011111
2381 3397 2423 3423 00

1347 3436 1378 3472 18
1402 3434 1502 3471 0111118
1525 3434 1674 3471 interest
1695 3433 1783 3470 furti
1805 3434 1914 3470 habet
1936 3433 2130 3476 actionem,
2153 3431 2191 3468 si'
2207 3432 2358 3468 honesta
2380 3442 2423 3468 ex

1349 3490 1460 3517 causa
1480 3480 1640 3516 interest.
1686 3489 1753 3516 1100
1777 3478 1910 3515 utimur
1931 3477 2043 3514 Servii
2064 3476 2252 3522 sententia,
2275 3475 2336 3522 qui
2354 3487 2422 3523 pu·

1348 3595 1394 3636 (8)
1419 3593 1549 3627 actione
1561 3593 1595 3626 F
1690 3596 1735 3635 (9)
1757 3593 1807 3627 n'e
1817 3593 1939 3636 ecri'pei‘
1949 3593 1996 3625 ad
2005 3592 2052 3631 B,
2070 3601 2192 3634 quaero
2205 3600 2272 3623 non
2284 3592 2363 3623 sunt
2375 3614 2383 3622 .
2393 3613 2420 3624 ..

2274 3636 2333 3679 (io)
2358 3633 2419 3668 ori·

2518 3642 2528 3669 l
