2528 3918
60 132 228 166 Enic'ro

1145 112 1229 160 273

2149 116 2306 158 ΧΧΙῙ

62 253 132 290 que
155 252 318 279 sermone
340 241 481 277 finitur:
506 231 719 285 promissum
743 242 863 273 autem
886 242 1006 290 potest
1027 238 1154 273 referri
1183 241 1189 261 ¹
1220 239 1280 281 qui
1314 237 1503 283 capitalem
1537 237 1702 273 fraudem
1733 237 1885 273 admisit.
1931 237 2119 284 capitalem
2149 237 2313 274 fraudem

63 294 99 325 et
132 287 179 323 ad
211 287 345 323 nudam
374 285 645 331 promissionem
676 284 749 319 sive
780 283 1073 328 pollicitationem
1097 282 1153 318 vel

62 334 109 370 ad
121 343 303 385 sponsum.
337 330 531 367 secundum
542 328 637 374 quod
655 328 803 374 incipiet
820 329 863 371 is,
884 328 945 380 qui
964 328 1008 364 de
1027 328 1151 363 huius-

61 379 159 414 modi
178 388 287 414 causa
306 375 490 422 stipulanti
509 374 713 420 spopondit,
734 378 770 409 et
789 384 833 409 ex
853 374 1026 418 stipulatu
1045 383 1152 418 posse

63 423 244 460 conveniri
279 426 314 458 et
346 419 584 456 redhibitoriis
619 419 840 454 actionibus:
877 420 972 454 non¹
1009 429 1150 460 novum,

61 480 145 505 nain
170 472 205 504 et
228 467 289 513 qui
313 477 357 502 ex
387 468 505 517 empto
537 468 656 509 potest
689 464 890 506 conveniri,
921 464 1014 499 idem
1045 464 1152 499 etiam

62 518 81 550 3
129 511 366 549 redhibitoriis
390 509 590 545 actionibus
615 509 796 545 conveniri
819 513 949 555 potest.
997 509 1055 544 Ea
1086 519 1151 544 au-

60 564 132 594 tem
157 558 235 594 sola
257 557 353 592 dicta
376 555 448 590 sive
471 555 647 600 promissa
670 554 889 590 admittenda
913 558 1015 597 sunt,
1040 564 1150 600 quae-

62 613 212 649 cumque
234 602 286 637 sic
310 600 496 642 dicuntur,
520 605 561 634 ut
584 603 831 645 praestentur,
855 610 928 636 non
953 603 994 634 ut
1016 600 1151 635 iacten-

61 653 81 684 4
128 653 197 684 tur.
244 645 338 682 Illud
368 645 550 681 sciendum
582 649 654 680 est:
688 645 719 680 si
750 645 829 690 quis
861 644 1035 681 artificem
1067 655 1150 690 pro-

60 693 193 729 miserit
210 691 265 727 vel
285 691 424 733 dixerit,
446 701 519 726 non
531 690 654 735 utique
665 690 864 735 perfectum
877 701 957 726 eum
968 694 1152 736 praestare

60 739 175 780 debet,
196 737 260 773 sed
279 736 325 771 ad
345 736 497 781 aliquem
516 735 660 771 modum
680 736 845 781 peritum,
869 739 911 770 ut
929 746 974 771 ne
999 746 1044 770 ue
1065 745 1151 771 con-

60 783 279 820 summatae²
302 781 473 817 scientiae
497 781 675 826 accipias,
699 791 814 826 neque
837 791 980 816 rursum
1026 779 1150 816 indoc-

59 833 135 864 tum
168 837 247 863 esse
276 827 314 862 in
346 826 554 862 artificium:
592 826 747 861 sufficiet
781 826 887 871 igitur
921 826 1029 861 talem
1061 835 1150 868 esse,

60 878 79 909 5
127 873 248 918 quales
272 872 375 917 vulgo
400 871 556 906 artifices
581 871 759 906 dicuntur.
807 871 946 906 Deinde
969 871 1072 906 aiunt
1090 880 1150 906 ae-

60 919 166 955 diles:
192 918 356 963 ‘emptori
381 917 616 962 omnibusque
639 916 687 951 ad
711 926 800 962 quos
833 927 876 952 ea
906 926 964 952 res
995 915 1152 962 pertinet

60 964 240 999 ‘iudicium
273 962 461 998 dabimus'.
497 962 711 1007 pollicentur
742 961 891 1006 emptori
915 961 1091 997 actionem
1116 964 1152 996 et

59 1008 328 1046 successoribus
361 1007 437 1043 eius
470 1007 532 1052 qui
561 1007 598 1041 in
631 1006 836 1042 universum
858 1007 914 1042 ius
938 1006 1149 1042 succedunt.

60 1065 115 1090 em
141 1059 254 1089 torem
288 1052 451 1098 accipere
486 1052 656 1088 debemus
692 1062 773 1087 eum
808 1052 869 1097 qui
902 1052 1018 1097 pretio
1053 1051 1149 1087 emit.

60 1065 139 1135 sedp
159 1099 190 1134 si
225 1099 303 1144 quis
337 1098 610 1144 permutaverit,
647 1097 835 1133 dicendum
872 1102 926 1133 est
960 1101 1151 1142 utrumque

59 1144 228 1190 emptoris
253 1148 288 1179 et
310 1143 503 1179 venditoris
526 1143 606 1178 loco
630 1143 756 1178 haberi
780 1146 816 1177 et
835 1146 1024 1188 utrumque
1070 1152 1152 1178 osse

60 1193 80 1225 6
128 1200 172 1225 ex
202 1189 273 1226 hoc
296 1188 413 1225 edicto
439 1199 482 1224 ex
509 1188 602 1223 eriri.
651 1188 808 1232 Tempus
843 1192 962 1223 autem
993 1198 1033 1223 re
1059 1187 1150 1223 hibi-

58 1235 165 1270 tionis
190 1245 251 1269 sex
276 1244 415 1270 menses
437 1234 490 1269 uti
506 1244 542 1269 es
566 1233 693 1269 habet:
727 1233 758 1269 si
789 1237 909 1268 autem
932 1233 1150 1278 mancipium

58 1291 131 1316 non
153 1280 405 1321 redhibeatur,
437 1278 501 1314 sed
532 1283 667 1324 quanto
699 1278 846 1314 minoris
871 1277 1004 1324 agitur,
1036 1288 1152 1313 annus

58 1325 155 1361 utilis
171 1328 236 1361 est.
261 1324 324 1360 sed
342 1328 483 1369 tempus
503 1324 750 1360 redhibitionis
767 1334 812 1359 ex
831 1323 887 1359 die
905 1323 1115 1359 venditionis
1126 1324 1151 1344 ³·

59 1370 170 1406 currit
193 1373 265 1410 aut,
290 1370 321 1405 si
343 1369 476 1405 dictum
499 1369 756 1414 promissumve
779 1369 865 1414 quid
889 1373 955 1412 est,
979 1379 1025 1404 ex
1044 1379 1086 1404 eo
1108 1379 1153 1404 ex

59 1426 129 1462 quo
153 1415 287 1451 dictum
310 1414 567 1460 promissumve
591 1414 676 1460 quid
699 1417 768 1450 est.

104 1458 158 1499 20
187 1460 310 1497 GAws
337 1460 427 1496 libro
451 1460 577 1506 primo
601 1459 652 1495 ad
672 1459 827 1496 edictum
850 1458 1020 1495 aedilium
1045 1469 1152 1494 curu-

59 1506 145 1542 lium
193 1505 232 1541 Si
260 1515 343 1541 vero
377 1509 460 1540 ante
483 1504 696 1540 venditionis
719 1508 861 1550 tempus
885 1504 1021 1540 dictum
1043 1504 1151 1540 inter-

60 1551 224 1593 cesserit,
257 1550 383 1586 deinde
413 1554 496 1595 post
529 1550 665 1595 aliquot
695 1550 770 1586 dies
802 1549 1014 1595 interposita
1044 1549 1154 1585 fuerit

59 1596 263 1642 stipulatio,
296 1595 436 1631 Caelius
461 1595 615 1631 Sabinus
647 1595 770 1631 scribit
802 1605 847 1630 ex
877 1595 997 1640 priore
1029 1605 1152 1637 causa,

59 1651 152 1688 quae
175 1641 314 1683 statim,
338 1641 471 1686 inquit,
495 1644 536 1675 ut
557 1640 667 1676 veniit
689 1640 726 1676 id
749 1640 985 1686 mancipium,
1020 1650 1061 1675 eo
1086 1651 1151 1675 no-

58 1687 152 1722 mine
175 1697 282 1732 posse
306 1696 411 1731 agere
434 1686 588 1731 coepit⁴.

105 1730 155 1769 21
192 1731 385 1768 Urpmvvs
407 1731 498 1767 libro
511 1732 635 1777 primo
656 1731 706 1766 ad
724 1730 879 1767 edictum
900 1730 1070 1766 aedilium
1091 1741 1152 1766 cu-

58 1778 192 1813 rulium
239 1776 442 1812 Redhibere
466 1781 520 1811 est
542 1776 673 1818 facere,
697 1781 738 1811 ut
761 1786 886 1811 rursus
910 1775 1044 1810 habeat
1066 1785 1151 1811 ven-

60 1823 151 1858 ditor
175 1822 271 1867 quod
293 1821 478 1863 habuerit,
504 1825 540 1856 et
563 1822 647 1867 quia
669 1821 850 1857 reddendo
875 1821 912 1856 id
934 1820 1064 1863 fiebat,
1097 1820 1151 1855 id-

61 1871 74 1902 1
127 1867 223 1903 circo
247 1866 435 1902 redhibitio
461 1870 515 1901 est
534 1867 715 1912 appellata
735 1867 837 1912 quasi
858 1866 1022 1901 redditio.
1062 1865 1151 1900 Cum

58 1912 220 1948 redditur
250 1912 296 1947 ab
329 1916 487 1957 emptore
518 1912 736 1957 mancipium
767 1911 960 1953 venditori,
993 1911 1037 1946 de
1068 1911 1150 1946 dolo

58 1958 152 1993 malo
187 1957 346 2003 promitti
380 1961 544 2002 oportere
576 1957 631 1992 ei⁵
660 1957 881 2002 Pomponius
915 1956 966 1991 ait
1001 1960 1037 1991 et
1070 1956 1149 1991 ideo

59 2003 242 2039 cautiones
266 2003 488 2038 necessarias
512 2012 603 2044 esse,
627 2013 672 2038 ne
689 2002 783 2038 forte
801 2006 866 2037 aut
883 2001 919 2047 p'
945 2001 1023 2037 nori
1044 2001 1151 2037 datus

59 2049 105 2084 sit
139 2058 261 2084 servus
297 2048 343 2083 ab
380 2052 539 2092 emptore
574 2051 637 2082 aut
665 2048 767 2083 iussu
802 2047 878 2082 eius
928 2050 1048 2082 urtum
1078 2047 1152 2082 sive

59 2097 79 2129 2
128 2093 297 2128 damnum
329 2093 387 2128 cui
412 2094 534 2127 datum
557 2093 613 2127 sit.
660 2093 757 2128 Idem
779 2092 999 2138 Pomponius
1022 2092 1074 2127 ait
1096 2092 1150 2126 in—

58 2139 198 2174 terdum
222 2139 328 2173 etiam
361 2138 550 2182 dupliciter
583 2138 767 2173 cautiones
798 2137 977 2182 interponi
1009 2137 1150 2179 debere,

59 2184 148 2219 alias
171 2183 208 2218 in
241 2183 490 2234 praeteritum,
523 2183 612 2218 alias
643 2183 680 2218 in
711 2183 892 2224 futurum,
925 2187 965 2217 ut
998 2186 1088 2227 puta
1120 2182 1151 2217 si

59 2229 134 2265 eius
159 2239 251 2264 serVi
272 2228 414 2263 nomine
434 2228 494 2273 qui
513 2228 718 2264 redhibetur
739 2232 876 2273 emptor
895 2231 1152 2273 procuratorve

61 2275 137 2310 eius
160 2273 331 2309 iudicium
356 2274 513 2318 accepit,
538 2274 593 2309 vel
617 2274 712 2318 quod
737 2285 818 2309 cum
841 2283 883 2309 eo
908 2276 1073 2317 ageretur
1095 2273 1152 2307 vel

59 2318 156 2365 quod
178 2319 255 2364 ipse
279 2318 354 2354 eius
378 2319 520 2353 nomine
544 2323 675 2364 ageret.
709 2318 905 2354 cavendum
929 2322 1049 2353 autem
1073 2328 1151 2353 esse

60 2365 120 2407 ait,
147 2364 178 2399 si
201 2363 286 2409 quid
310 2364 386 2399 sine
410 2364 491 2399 dolo
516 2365 609 2399 malo
635 2368 774 2409 emptor
797 2363 1054 2399 condemnatus
1072 2363 1150 2399 fue-

58 2410 106 2445 rit
129 2413 192 2444 aut
216 2409 362 2451 dederit,
386 2409 442 2444 his
465 2409 574 2444 rebus
597 2414 695 2444 recte
718 2409 905 2455 praestari,
930 2409 987 2444 vel
1010 2409 1041 2444 si
1066 2408 1151 2454 quid

60 2466 104 2491 ex
128 2464 169 2490 eo
194 2454 289 2499 quod
314 2455 423 2499 egerit
446 2454 493 2489 ad
517 2465 597 2489 eum
615 2455 816 2499 pervenerit
835 2454 960 2490 dolove
978 2454 1072 2490 malo
1095 2454 1151 2489 vel

61 2500 169 2545 culpa
200 2499 275 2534 eius
306 2498 443 2534 factum
475 2499 539 2541 sit,
574 2511 643 2544 quo
677 2500 793 2534 minus
817 2499 1016 2545 perveniret
1038 2499 1151 2534 isdem

0 2554 1 2580 ÷
60 2548 80 2580 3
127 2544 295 2586 diebus⁶‚
319 2544 429 2579 reddi.
476 2544 575 2579 Idem
608 2545 658 2579 ait
680 2545 793 2580 futuri
816 2545 985 2590 temporis
1010 2545 1152 2580 nomine

61 2590 261 2625 cautionem
287 2589 336 2631 ei,
362 2589 421 2634 qui
445 2590 561 2625 sciens
585 2590 761 2632 vendidit,
794 2590 871 2625 fieri
895 2590 1027 2632 solere,
1060 2590 1091 2624 si
1114 2590 1151 2624 in

60 2635 146 2679 fuga
178 2639 233 2670 est
261 2635 368 2670 homo
399 2635 476 2670 sine
507 2635 614 2679 culpa
647 2635 815 2680 emptoris
840 2639 876 2670 et
899 2635 1008 2670 nihilo
1033 2635 1150 2670 minus

61 2679 319 2716 condemnatur
342 2680 518 2715 venditor:
544 2684 620 2715 tum
644 2680 736 2714 enim
762 2690 887 2715 cavere
910 2684 1086 2724 oportere,
1112 2683 1153 2714 ut

62 2729 202 2769 emptor
224 2725 401 2759 hominem
424 2729 660 2770 persequatur
684 2729 720 2760 et
742 2726 778 2760 in
803 2735 869 2760 sua
893 2728 1072 2769 potestate
1096 2735 1150 2759 re-

62 2771 205 2806 dactum
228 2769 403 2804 venditori
425 2769 563 2812 reddat,

107 2812 161 2852 22
190 2814 312 2850 GAlUs
341 2815 431 2850 libro
449 2816 573 2861 primo
598 2815 647 2850 ad
669 2815 823 2850 edictum
848 2815 1017 2850 aedilium
1044 2825 1150 2849 curu-

62 2860 148 2895 lium
195 2864 230 2895 et
253 2869 368 2904 neque
391 2870 455 2904 per
479 2871 517 2895 se
541 2870 656 2905 neque
679 2870 745 2906 per
768 2859 934 2895 heredem
958 2870 1062 2895 suum
1092 2859 1150 2895 fu-

61 2910 191 2947 turum,
216 2915 286 2949 quo
310 2905 426 2940 minus
451 2916 530 2940 euni
554 2905 732 2940 hominem
755 2905 916 2940 venditor
938 2905 1081 2940 habeat.

107 2947 160 2987 23
193 2949 386 2986 ΗιΡΙΔΝυε
407 2950 497 2986 libro
514 2951 635 2996 primo
656 2950 706 2985 ad
724 2950 877 2986 edictum
899 2950 1069 2985 aedilium
1089 2960 1150 2984 cu-

62 2996 194 3030 rulium
243 2994 331 3029 Cum
355 3000 473 3030 autem
496 2995 684 3030 redhibitio
708 2995 760 3037 fit,
785 2995 816 3030 si
840 2995 994 3030 deterius
1016 2995 1150 3030 manci-

62 3040 158 3084 pium
181 3040 255 3076 sive
278 3040 395 3076 animo
420 3040 492 3075 sive
516 3051 666 3084 corpore
685 3041 731 3075 ab
752 3044 911 3085 emptore
929 3040 1066 3075 factum
1085 3043 1150 3082 est,

63 3085 259 3129 praestabit
283 3090 420 3129 emptor
442 3085 628 3127 venditori,
653 3089 694 3119 ut
716 3090 805 3130 puta
828 3086 859 3120 si
879 3089 1084 3130 stupratum
1104 3085 1152 3120 sit

64 3134 126 3165 aut
137 3129 284 3165 saevitia
296 3130 463 3174 emptoris
481 3130 666 3175 fugitivum
686 3140 764 3166 esse
784 3130 958 3175 coeperit:
981 3134 1016 3165 et
1034 3129 1113 3166 ideo
1124 3131 1150 3172 ⁷,

63 3174 177 3219 inquit
199 3175 435 3219 Pomponius,
468 3180 509 3210 ut
540 3186 583 3210 ex
615 3185 838 3227 quacumque
862 3185 972 3210 causa
996 3175 1150 3210 deterius

63 3218 198 3254 factum
222 3220 279 3262 sit,
303 3219 340 3254 id
363 3220 509 3255 arbitrio
533 3220 660 3255 iudicis
684 3221 891 3255 aestimetur
915 3225 951 3255 et
973 3220 1147 3255 venditori

64 3268 274 3308 praestetur.
310 3265 405 3309 quod
429 3265 458 3300 si
482 3265 558 3300 sine
579 3265 698 3300 iudice
727 3265 833 3300 homo
865 3265 1062 3300 redhibitus
1093 3265 1150 3307 sit,

64 3308 200 3352 reliqua
233 3313 353 3344 autem
384 3320 475 3362 quae
510 3310 660 3345 diximus
695 3310 785 3345 nolit
819 3321 874 3345 em
900 3314 957 3345 tor
991 3310 1150 3352 reddere,

68 3355 82 3386 i
132 3353 288 3388 sufficiat
305 3355 480 3390 venditori
500 3365 544 3390 ex
563 3355 704 3390 vendito
722 3355 829 3390 actio.
895 3355 1007 3390 ubent
1019 3355 1151 3390 aediles

65 3397 215 3449 restitui·
233 3403 268 3432 et
292 3400 387 3443 quod
410 3399 603 3435 venditioni
626 3399 779 3435 accessit
803 3403 838 3434 et
861 3400 891 3434 si
915 3410 1004 3444 quas
1028 3410 1151 3435 acces-

66 3450 182 3476 siones
205 3453 281 3486 ipse
304 3444 530 3487 praestiterit,
555 3448 595 3479 ut
618 3449 767 3490 uterque
790 3445 948 3480 resoluta
973 3445 1152 3489 emptione

66 3485 153 3520 nihil
183 3487 331 3538 amplius
364 3493 621 3534 consequatur,
653 3490 785 3535 quam⁸
815 3500 888 3525 non
919 3490 1088 3531 haberet,
1121 3489 1151 3524 si

66 3531 87 3564 2
133 3530 286 3566 venditio
320 3531 419 3568 facta
452 3544 525 3569 non
561 3539 664 3569 esset.
713 3534 903 3579 Excipitur
940 3534 1046 3570 etiam
1081 3533 1150 3576 ille,

68 3644 108 3684 (1)
126 3654 186 3677 1180
199 3656 251 3677 scr
330 3647 373 3684 (2)
394 3647 650 3679 consummaeF
715 3649 757 3689 (3)
777 3658 913 3689 prorsus
928 3648 1151 3691 ins-Krueyer

67 3688 322 3739 (zm-venditioni
335 3689 369 3721 F
410 3695 451 3728 (4)
466 3701 550 3731 quae
563 3692 678 3724 statim
689 3692 824 3734 incipit,
839 3696 876 3724 ut
889 3692 996 3725 veniit
1008 3693 1044 3726 id
1056 3703 1149 3725 man-

68 3741 194 3772 cipium
207 3744 244 3765 eo
257 3734 391 3766 nomine
404 3745 504 3776 posse
516 3745 614 3777 agere
627 3737 702 3778 (del.
716 3737 839 3779 coepit)
854 3737 1037 3780 Hoffmann
1107 3739 1149 3779 (5)

1221 284 1407 319 admittere
1440 286 1495 318 est
1525 283 1597 318 tale
1621 283 1755 328 aliquid
1781 283 2002 328 delinquere,
2060 287 2183 328 ropter
2216 284 2313 329 quod

1222 329 1339 374 capite
1358 327 1559 374 puniendus
1577 328 1642 363 sit:
1667 332 1803 363 veteres
1825 328 1916 363 enim
1936 328 2018 363 frau
2045 338 2099 364 em
2119 339 2184 381 pro
2196 339 2314 374 poena

1216 384 1352 418 ponere
1375 374 1549 409 solebant.
1588 373 1778 418 capitalem
1808 373 1972 408 fraudem
2002 373 2187 410 admisisse
2218 375 2313 410 acci-

1219 418 1357 464 piemus
1382 419 1463 456 dolo
1488 418 1581 454 malo
1607 422 1643 454 et
1655 429 1730 498 iper
1753 418 1965 463 nequitiam:
2001 423 2157 454 ceterum
2182 419 2213 455 si
2235 420 2313 465 quis

1219 474 1339 500 errore
1354 492 1364 507 ‚
1385 464 1416 499 si
1439 463 1518 509 quis
1543 473 1632 499 casu
1674 463 1802 505 ecerit,
1836 464 1992 498 cessabit
2017 464 2183 500 edictum.
2219 465 2316 500 unde

1205 502 1439 554 ,Pomponius
1464 509 1515 544 ait
1538 519 1653 554 neque
1675 509 1895 553 impuberem
1920 519 2035 553 neque
2057 509 2232 545 furiosum
2254 521 2313 545 ca-

1220 557 1240 590 3
1286 553 1434 600 pitalem
1464 553 1628 590 fraudem
1659 554 1771 590 videri
1802 553 1999 589 admisisse.
2056 554 2248 600 Excipitur
2279 558 2316 590 et

1218 599 1297 641 ille,
1341 599 1402 645 qui
1435 599 1559 635 mortis
1596 598 1875 635 consciscendae
1911 608 2022 634 causa
2057 600 2141 644 quid
2176 600 2313 636 fecerit.

1219 644 1335 680 malus
1359 655 1483 680 servus
1507 644 1664 680 creditus
1688 648 1753 687 est,
1778 644 1838 689 qui
1862 643 1996 689 aliquid
2019 643 2117 686 facit,
2143 656 2213 689 quo
2238 656 2315 681 ma-

1218 689 1271 734 gis
1295 700 1334 725 se
1357 690 1461 726 rebus
1487 690 1653 725 humanis
1678 689 1855 731 extrahat,
1880 693 1922 724 ut
1944 693 2033 734 puta
2052 690 2217 734 laqueum
2239 694 2313 726 tor-

1220 734 1267 770 sit
1278 735 1352 770 sive
1371 736 1669 770 medicamentum
1714 745 1755 770 ro
1775 744 1909 769 veneno
1932 734 2022 769 bibit
2041 735 2318 780 praecipitemve

1220 789 1259 815 se
1284 790 1327 814 ex
1352 780 1424 815 alto
1447 780 1583 815 miserit
1602 781 1675 815 aliu
1701 790 1742 815 ve
1758 779 1844 825 quid
1862 779 1999 820 fecerit,
2025 791 2094 825 quo
2115 780 2213 815 facto
2233 791 2314 826 spe-

1219 826 1311 860 ravit
1340 828 1489 860 mortem
1520 830 1789 870 perventuram,
1820 828 2001 869 tamquam
2033 836 2106 860 non
2137 826 2248 860 1111111Ω
2278 827 2315 861 111

1219 873 1242 905 4
1287 870 1396 905 alium
1421 880 1586 913 ausurus,
1612 871 1673 915 qui
1695 871 1765 906 hoc
1785 870 1955 905 adversus
1976 881 2014 905 se
2034 881 2144 906 ausus
2165 875 2230 906 est.
2278 871 2317 907 Si

1219 925 1343 951 servus
1367 915 1414 951 sit
1438 915 1498 960 qui
1519 915 1678 951 vendidit
1695 916 1750 951 vel
1768 915 1863 951 filius
1883 914 2049 958 familias,
2074 915 2111 950 in
2136 915 2319 952 dominum

1218 961 1275 996 vel
1293 964 1432 1006 patrem
1454 960 1498 996 de
1508 961 1660 1040 apeculio
1682 961 1844 996 aedilicia
1863 960 1956 996 actio
1977 961 2165 1006 competit:
2191 972 2315 1007 quam-

1218 1006 1271 1042 vis
1296 1006 1388 1041 enim
1412 1016 1507 1051 poen
1545 1017 1581 1041 es
1605 1006 1793 1042 videantur
1813 1006 1984 1048 actiones,
2009 1010 2129 1041 tamen
2149 1007 2319 1052 quoniam

1220 1062 1265 1087 ex
1298 1055 1488 1087 contractu
1511 1052 1676 1094 veniunt,
1711 1051 1901 1086 dicendum
1933 1055 1988 1087 est
2021 1062 2144 1087 eorum
2177 1062 2321 1097 quoque

1219 1096 1363 1133 nomine
1386 1096 1447 1142 qui
1469 1097 1507 1131 in
1531 1097 1648 1132 aliena
1670 1101 1851 1142 potestate
1875 1100 1960 1132 sunt
1983 1100 2197 1142 competere.
2233 1108 2317 1142 pro-

1218 1142 1303 1177 inde
1327 1145 1362 1177 et
1385 1142 1415 1178 si
1440 1141 1514 1177 filia
1544 1142 1699 1177 familias
1734 1142 1790 1177 vel
1822 1142 1953 1177 ancilla
1986 1142 2171 1185 distraxit,
2204 1152 2247 1177 ae
2273 1152 2318 1178 ue

1220 1191 1240 1222 5
1289 1187 1479 1223 dicendum
1493 1191 1547 1223 est
1560 1188 1720 1223 actiones
1734 1187 1915 1223 aedilicias
1927 1187 2046 1222 locum
2058 1187 2202 1222 habere.
2276 1198 2319 1223 ae

1221 1233 1382 1268 actiones
1408 1243 1500 1278 quae
1524 1243 1567 1268 ex
1590 1233 1660 1268 hoc
1685 1232 1801 1268 edicto
1826 1233 1992 1268 oriuntur
2016 1233 2123 1267 etiam
2147 1233 2318 1268 adversus

1221 1282 1242 1313 6
1288 1278 1437 1313 heredes
1462 1289 1585 1314 omnes
1610 1282 1829 1323 competunt.
1877 1277 1927 1313 Et
1951 1278 1981 1313 si
2003 1278 2100 1313 bona
2123 1278 2194 1313 fide
2214 1278 2319 1314 nobis

1221 1323 1375 1359 servient
1399 1323 1514 1366 (liberi
1530 1323 1624 1359 forte
1639 1324 1802 1359 homines
1820 1323 1876 1359 vel
1894 1323 1987 1359 servi
2005 1323 2124 1366 alieni)
2150 1324 2211 1369 qui
2234 1334 2318 1359 ven-

1221 1368 1405 1411 diderunt,
1440 1372 1561 1414 potest
1584 1368 1654 1404 dici
1678 1369 1783 1404 etiam
1806 1369 1872 1404 hos
1896 1369 1966 1403 hoc
1991 1369 2106 1404 edicto
2133 1369 2318 1404 contineri.

1223 1417 1240 1447 7
1289 1414 1448 1449 Iulianus
1473 1414 1524 1449 ait
1543 1414 1715 1449 iudicium
1734 1414 1989 1449 redhibitoriae
2009 1414 2160 1449 actionis
2180 1418 2317 1450 utrum·
2342 1427 2346 1431 ’

1222 1469 1310 1504 que,
1334 1459 1372 1494 id
1396 1464 1451 1495 est
1473 1459 1692 1495 venditorem
1717 1465 1752 1494 et
1777 1463 1971 1505 emptorem
1996 1459 2256 1504 quodammodo
2281 1460 2320 1495 in

1222 1507 1242 1540 8
1288 1504 1464 1549 integrum
1494 1505 1683 1540 restituere
1714 1505 1855 1540 debere.
1912 1504 2031 1549 Quare
2063 1505 2136 1540 sive
2168 1505 2320 1550 emptori

1194 1559 1196 1563 ·
1221 1560 1344 1585 servus
1367 1550 1504 1585 furtum
1527 1549 1655 1585 fecerit
1678 1551 1751 1586 sive
1776 1550 1836 1584 alii
1861 1550 2024 1592 cuilibet,
2050 1550 2096 1585 ob
2122 1550 2219 1595 quod
2241 1550 2318 1585 fur-

1221 1600 1298 1630 tum
1323 1599 1462 1647 emptor
1486 1595 1619 1640 aliquid
1643 1595 1881 1641 praestiterit,
1915 1606 1989 1630 non
2012 1595 2116 1630 aliter
2138 1596 2319 1631 hominem

1220 1640 1397 1675 venditori
1419 1641 1607 1676 restituere
1629 1640 1792 1683 iubetur,
1826 1651 1933 1686 quam
1957 1640 1988 1675 si
2011 1640 2211 1676 indemnem
2238 1651 2323 1676 eum·

1221 1685 1452 1731 praestiterit.
1491 1685 1576 1730 quid
1608 1696 1711 1731 ergo,
1743 1686 1860 1731 inquit
1890 1685 2069 1728 Iulianus,
2102 1686 2132 1721 si
2165 1686 2319 1721 noluerit

1220 1731 1385 1767 venditor
1415 1731 1595 1767 hominem
1625 1732 1810 1776 recipere?
1846 1741 1918 1766 11011
1944 1741 2022 1766 esse
2046 1731 2244 1776 cogendum
2268 1731 2322 1766 ait

1221 1776 1409 1856 quicquam
1432 1780 1635 1821 praestare,
1667 1787 1733 1812 nec
1765 1776 1917 1821 amplius
1950 1787 2058 1821 quam
2089 1776 2204 1821 pretio
2231 1787 2321 1812 con-¹

1246 1821 1464 1857 emnabitur:
1498 1825 1534 1857 et
1565 1822 1635 1857 hoc
1667 1822 1917 1857 detrimentum
1948 1832 2014 1857 sua
2051 1822 2157 1867 culpa
2182 1826 2318 1867 empto-

1220 1877 1294 1902 rem
1318 1877 1527 1911 passurum,
1561 1866 1622 1919 qui
1654 1878 1735 1902 cum
1766 1871 1890 1912 posset
1911 1867 2090 1902 hominem
2115 1877 2231 1902 noxae
2257 1868 2317 1902 de-

1221 1911 1315 1954 dere,
1340 1912 1506 1947 maluerit
1527 1912 1600 1947 litis
1625 1912 1909 1947 aestimationem
1932 1912 2098 1947 sufferre:
2126 1917 2161 1947 et
2179 1912 2321 1948 videtur

1220 1960 1241 1992 9
1288 1957 1374 1991 mihi
1397 1957 1526 1992 Iuliani
1539 1959 1565 1978 ¹⁰
1585 1958 1763 1993 sententia
1781 1957 1973 1993 humanior
1993 1967 2081 1992 esse.
2131 1957 2218 1992 Cum
2237 1957 2319 1993 red-

1219 2002 1363 2037 hibetur
1387 2002 1614 2048 mancipium,
1639 2003 1670 2038 si
1694 2003 1779 2048 quid
1802 2002 1849 2037 ad
1867 2006 2062 2047 emptorem
2080 2003 2243 2048 pervenit
2263 2002 2318 2039 vel

1220 2047 1326 2100 culpa
1350 2048 1426 2083 eius
1449 2059 1523 2083 non
1546 2048 1724 2092 pervenit,
1759 2047 1899 2083 restitui
1922 2051 2081 2092 oportet,
2106 2058 2179 2083 non
2202 2048 2318 2084 solum

1219 2093 1251 2128 si
1281 2103 1359 2137 ipse
1381 2093 1523 2128 fructus
1547 2094 1708 2138 percepit
1731 2093 1956 2129 mercedesve
1979 2103 2001 2128 a
2026 2103 2126 2129 servo
2151 2093 2207 2128 vel
2232 2104 2316 2129 con-

1220 2138 1369 2173 ductore
1393 2138 1486 2174 servi
1510 2139 1661 2183 accepit,
1687 2139 1749 2173 sed
1775 2138 1880 2174 etiam
1904 2138 1935 2173 si
1958 2148 1980 2173 a
2003 2138 2186 2174 venditore
2209 2138 2322 2174 fuerit

1218 2183 1351 2219 idcirco
1387 2187 1623 2226 consecutus,
1657 2184 1753 2228 quod
1784 2183 1922 2218 tardius
1955 2184 1986 2218 ei
2009 2183 2190 2219 hominem
2212 2184 2317 2219 resti-

1218 2229 1306 2264 tuit:
1331 2228 1396 2264 sed
1419 2233 1455 2264 et
1478 2228 1510 2264 si
1533 2239 1555 2264 a
1579 2229 1703 2274 quovis
1728 2229 1797 2265 alio
1849 2239 2031 2264 ossessore
2049 2228 2191 2264 fructus
2212 2239 2316 2264 acce-

1244 2274 1273 2309 it
1305 2278 1462 2319 emptor,
1495 2274 1683 2309 restituere
1714 2284 1776 2310 eos
1834 2274 1969 2309 ebebit:
2007 2274 2070 2309 sed
2103 2278 2138 2309 et
2169 2274 2200 2309 si
2231 2274 2318 2319 quid

1234 2322 1400 2354 ructuum
1424 2320 1567 2354 nomine
1592 2323 1806 2355 consecutus
1831 2322 1896 2361 est,
1920 2318 1957 2354 id
1976 2322 2152 2363 praestet:
2177 2319 2262 2354 item
2282 2320 2314 2355 si

1218 2365 1375 2409 legatum
1403 2365 1459 2400 vel
1482 2364 1662 2400 hereditas
1687 2375 1788 2400 servo
1814 2364 2007 2399 obvenerit.
2045 2374 2160 2409 neque
2191 2364 2313 2405 refert,

1218 2410 1377 2455 potuerit
1399 2410 1489 2445 haec
1514 2409 1684 2455 consequi
1706 2409 1871 2445 venditor
1894 2420 1941 2444 an
1971 2419 2043 2444 non
2075 2409 2252 2454 potuerit,
2286 2409 2316 2444 si

1220 2465 1359 2490 servum
1383 2466 1456 2490 non
1487 2455 1721 2490 vendidisset:
1753 2464 1930 2500 ponamus
1963 2454 2055 2489 enim
2085 2455 2193 2489 talem
2226 2464 2314 2496 esse,

1220 2500 1281 2546 qui
1305 2510 1434 2545 capere
1457 2500 1591 2545 aliquid
1615 2510 1660 2535 ex
1682 2503 1896 2535 testamento
1921 2509 1994 2534 non
2017 2502 2202 2544 potuerat:
2228 2499 2316 2534 nihil

1219 2546 1309 2581 haec
1341 2556 1398 2580 res
1432 2545 1585 2580 nocebit.
1633 2545 1766 2580 Pedius
1803 2545 1943 2590 quidem
1979 2544 2085 2579 etiam
2118 2544 2207 2579 illud
2242 2555 2315 2580 non

1219 2594 1324 2635 putat
1348 2601 1427 2626 esse
1447 2590 1694 2635 spectandum,
1720 2590 1820 2626 cuius
1842 2589 2142 2633 contemplatione
2161 2592 2315 2625 testator

1220 2646 1360 2671 servum
1383 2635 1550 2671 heredem
1574 2635 1758 2681 scripserit
1781 2635 1836 2670 vel
1861 2634 1893 2669 ei
1915 2634 2094 2679 legaverit,
2121 2634 2204 2679 quia
2228 2638 2265 2669 et
2284 2634 2317 2670 si

1220 2681 1375 2716 venditio
1400 2680 1631 2716 remansisset
1648 2682 1694 2723 ¹¹,
1727 2680 1814 2716 nihil
1845 2680 1934 2714 haec
1965 2689 2023 2714 res
2056 2679 2207 2724 emptori
2230 2690 2313 2724 pro-

1221 2726 1339 2761 derat:
1374 2730 1409 2761 et
1439 2736 1505 2778 per
1537 2726 1776 2767 contrarium,
1800 2725 1933 2769 inquit,
1959 2724 1989 2759 si
2014 2725 2314 2770 contemplatione

1219 2771 1413 2806 venditoris
1436 2771 1621 2806 mstitutus
1652 2774 1930 2815 proponeretur,
1963 2773 2084 2804 tamen
2116 2769 2316 2805 diceremus

1219 2816 1407 2851 restituere
1431 2819 1625 2860 emptorem
1648 2826 1721 2851 non
1744 2815 1883 2850 debere
1913 2814 2107 2857 venditori,
2141 2815 2171 2850 si
2202 2815 2314 2851 nollet

1220 2872 1300 2896 eum
1323 2861 1510 2896 redhibere

1266 2903 1319 2942 24
1347 2905 1471 2941 Gams
1498 2906 1589 2941 libro
1614 2905 1738 2951 primo
1763 2905 1813 2940 ad
1834 2904 1988 2941 edictum
2013 2905 2181 2940 aedilium
2206 2916 2313 2940 curu-

1219 2951 1306 2986 lium
1352 2951 1403 2985 Et
1433 2950 1644 2995 generaliter
1676 2949 1866 2985 dicendum
1897 2953 1967 2992 est,
2005 2950 2175 3002 quidquid
2212 2953 2314 2985 extra

1218 3006 1292 3030 rem
1330 2995 1498 3040 emptoris
1528 3005 1594 3039 per
1625 3005 1705 3029 eum
1741 3005 1880 3030 servum
1915 2995 2132 3040 adquisitum
2167 2998 2241 3038 est,
2276 2995 2314 3030 id

1218 3041 1350 3075 iustum
1374 3040 1486 3075 videri
1509 3040 1610 3075 reddi
1633 3044 1810 3084 oportere.

1266 3084 1318 3123 25
1350 3084 1546 3121 ULPJANUS
1566 3085 1657 3120 libro
1675 3085 1798 3131 primo
1818 3085 1868 3121 ad
1886 3085 2040 3122 edictum
2060 3085 2229 3121 aedilium
2251 3096 2312 3121 cu-

1218 3132 1350 3167 rulium
1398 3130 1542 3165 Aediles
1576 3130 1681 3165 etiam
1711 3130 1781 3166 hoc
1812 3134 1999 3176 praestare
2032 3134 2227 3175 emptorem
2249 3141 2310 3165 vo-

1219 3177 1316 3218 lunt,
1348 3175 1380 3210 si
1402 3175 1440 3209 in
1464 3175 1582 3219 aliquo
1609 3174 1763 3210 deterior
1784 3175 1904 3211 factus
1928 3176 1975 3211 sit
1998 3185 2141 3217 servus,
2175 3175 2237 3210 sed
2261 3175 2312 3208 ita

1219 3221 1380 3263 demum,
1414 3220 1445 3255 si
1474 3224 1558 3265 post
1589 3220 1827 3256 venditionem
1859 3221 2159 3265 traditionemque
2190 3220 2312 3254 factus

1219 3266 1284 3302 sit:
1319 3269 1476 3301 ceterum
1499 3265 1531 3300 si
1553 3268 1637 3300 ante
1660 3265 1748 3309 fuit,
1780 3277 1853 3301 non
1877 3266 2033 3311 pertinet
2055 3265 2103 3300 ad
2125 3265 2195 3300 hoc
2218 3263 2310 3299 iudi-

1222 3315 1237 3345 1
1288 3310 1382 3346 cium
1405 3309 1501 3355 quod
1525 3313 1608 3345 ante
1632 3309 1768 3346 factum
1800 3315 1865 3346 est.
1914 3311 1994 3346 Sive
2025 3320 2106 3355 ergo
2138 3310 2215 3354 ipse
2247 3308 2308 3343 de-

1219 3355 1384 3392 teriorem
1416 3365 1496 3390 eum
1526 3354 1613 3390 fecit
1636 3355 1710 3391 sive
1731 3355 1867 3391 familia
1891 3356 1966 3391 eius
1990 3355 2063 3391 sive
2086 3356 2308 3399 procurator,

1220 3403 1239 3435 2
1287 3399 1423 3435 tenebit
1454 3399 1561 3435 actio.
1609 3400 1782 3436 Familiae
1817 3400 2056 3446 appellatione
2091 3408 2212 3434 omnes
2247 3397 2308 3442 qui

1218 3445 1256 3480 in
1290 3444 1432 3480 servitio
1465 3449 1549 3480 sunt
1582 3445 1827 3487 continentur,
1863 3445 1970 3480 etiam
2004 3444 2107 3479 liberi
2136 3442 2308 3484 homines,

1219 3490 1280 3535 qui
1304 3489 1336 3524 ei
1358 3489 1455 3525 bona
1477 3489 1548 3525 fide
1572 3491 1739 3532 serviunt,
1763 3491 1819 3525 vel
1842 3490 1967 3525 alieni:
1992 3488 2116 3532 accipe
2137 3497 2198 3522 eos
2219 3497 2308 3531 quo-

1219 3537 1239 3569 3
1287 3544 1356 3579 que
1387 3534 1447 3579 qui
1476 3534 1514 3569 in
1543 3538 1723 3580 potestate
1754 3535 1830 3570 eius
1854 3538 1949 3570 sunt.
1995 3531 2244 3568 Procuratoris
2267 3530 2309 3566 fit

1219 3658 1293 3679 eum
1302 3648 1337 3680 F
1366 3649 1409 3688 (6)
1424 3647 1555 3690 diebus]
1569 3649 1609 3681 de
1618 3648 1674 3681 reb
1681 3659 1717 3680 us
1726 3660 1787 3680 ser.
1825 3648 1868 3687 (7)
1882 3647 1970 3686 ideo]
1985 3645 2020 3677 id
2033 3656 2071 3678 eo
2083 3645 2232 3687 pertinet
2242 3657 2308 3680 scr.

1220 3694 1262 3733 (8)
1278 3691 1425 3735 haberet,
1439 3703 1509 3726 non
1521 3693 1643 3726 habeat
1656 3696 1778 3732 autem,
1792 3701 1876 3733 quae
1889 3692 1949 3724 ins.
1988 3693 2032 3731 (9)
2046 3690 2135 3722 nihil
2144 3700 2213 3722 non
2222 3689 2307 3725 Hal.

1220 3739 1279 3778 (10)
1304 3737 1453 3771 iulianus
1464 3738 1499 3771 F
1587 3739 1643 3780 (11)
1668 3736 1853 3770 venditoris
1865 3735 2043 3768 mansisset
2056 3735 2216 3768 Budaeus

1991 3792 2033 3824 35
