2528 3918
207 90 330 134 XVII
361 92 386 132 2

201 224 309 250 sensu
327 212 517 254 sociorum,
541 210 693 257 pretium
713 209 822 246 dividi
840 209 946 247 debet
964 210 1026 254 ita,
1051 213 1092 246 ut
1111 210 1143 246 ei
1165 218 1289 245 cavea-

200 263 262 295 tur
283 257 485 294 indemnem
510 266 591 292 eum
620 254 793 291 futurum.
831 255 927 302 quod
959 256 989 292 si
1022 256 1091 291 iam
1124 254 1292 291 damnum

202 314 330 350 passus
355 306 420 345 est,
444 302 513 337 hoc
537 301 570 336 ei
592 300 845 347 praestabitur.
881 300 945 337 sed
968 301 998 337 si
1022 300 1175 346 pretium
1195 310 1291 335 com-

201 348 419 385 municatum
442 347 490 382 sit
513 346 590 382 sine
614 345 781 382 cautione
805 349 842 382 et
863 346 996 392 aliquid
1020 344 1240 391 praestiterit
1262 345 1293 380 is

201 394 262 440 qui
285 392 459 435 vendidit,
491 402 557 435 an,
589 391 621 427 si
652 400 725 426 non
756 402 879 427 omnes
903 391 991 427 socii
1015 389 1185 426 solvendo
1210 390 1293 432 sint,

201 438 298 484 quod
328 448 351 472 a
381 436 594 482 quibusdam
625 435 757 471 servari
788 447 860 472 non
891 439 1011 482 potest
1034 446 1056 470 a
1080 435 1208 471 ceteris
1232 434 1292 470 de-

201 484 286 519 beat
316 482 436 518 ferre?
471 481 557 517 sed¹
581 480 757 517 Proculus
781 485 885 527 putat
915 481 984 516 hoc
1016 480 1063 515 ad
1095 484 1294 516 ceterorum

201 538 292 564 onus
315 527 493 573 pertinere
517 525 613 572 quod
636 526 683 562 ab
708 526 885 572 aliquibus
909 525 1044 562 servari
1067 536 1140 561 non
1163 529 1293 571 potest,

200 573 409 618 rationeque
429 571 570 608 defendi
589 581 708 625 posse,
733 571 911 617 quoniam,
933 571 1085 606 societas
1107 581 1188 606 cum
1209 580 1293 606 con-

200 618 374 660 trahitur,
409 620 482 653 tam
516 617 607 653 lucri
643 627 750 662 quam
785 616 903 651 damni
936 615 1136 651 communio
1172 615 1292 650 initur.

204 666 217 698 1
269 662 307 699 Si
330 673 424 698 unus
449 672 494 698 ex
517 662 635 704 sociis,
661 661 722 707 qui
741 672 812 697 non
833 665 989 697 totorum
1010 661 1185 697 bonorum
1206 660 1295 696 socii

202 711 323 751 erant,
355 718 578 744 communem
612 707 800 752 pecuniam
829 706 1067 742 faeneraverit
1096 715 1294 758 usurasque

203 753 414 800 perceperit,
438 752 490 789 ita
514 752 656 788 demum
679 762 807 787 usuras
831 751 957 797 partiri
982 751 1099 794 debet,
1124 751 1155 787 si
1179 761 1292 787 socie-

200 798 286 834 tatis
310 798 452 834 nomine
474 797 728 834 faeneraverit:
761 807 844 832 nam
867 797 898 832 si
922 807 987 832 suo
1012 797 1173 840 nomine,
1205 806 1293 842 quo·

201 844 296 879 niam
332 843 440 879 sortis
472 842 670 896 periculum
700 842 747 877 ad
783 852 863 878 eum
899 842 1128 888 pertinuerit,
1165 851 1294 877 usuras

202 892 221 924 2
268 889 385 935 ipsum
417 892 571 924 retinere
606 890 759 932 oportet.
807 886 845 922 Si
876 886 962 933 quid
993 897 1087 923 unus
1120 897 1163 922 ex
1187 886 1294 923 sociis

202 933 403 970 necessario
428 933 473 969 de
497 943 562 969 suo
587 931 759 978 impendit
782 932 819 967 in
843 933 1022 968 communi
1046 932 1207 978 negotio:
1238 932 1293 967 iu-

201 979 294 1016 dicio
318 979 501 1015 societatis
525 978 679 1014 servabit
702 981 738 1013 et
761 987 907 1020 usuras,
940 978 971 1013 si
993 977 1088 1013 forte
1111 981 1294 1013 mutuatus

201 1025 268 1061 sub
304 1024 423 1060 usuris
459 1023 572 1060 dedit:
606 1023 669 1059 sed
698 1026 734 1059 et
765 1023 795 1057 si
827 1032 929 1058 suam
963 1023 1153 1069 pecuniam
1186 1022 1295 1065 dedit,

202 1080 276 1106 non
299 1069 377 1106 sine
401 1079 512 1105 causa
536 1069 692 1110 dicetur,
750 1067 822 1103 uod
853 1078 980 1104 usuras
1013 1079 1155 1114 quoque
1178 1068 1294 1114 perci-

202 1125 286 1161 pere
309 1114 456 1157 debeat,
482 1124 572 1160 quas
596 1113 708 1159 possit
758 1113 883 1156 abere,
909 1113 938 1149 si
963 1114 1208 1149 alii-mutuum
1233 1113 1294 1148 de-

201 1164 221 1196 3
269 1159 389 1196 disset.
437 1159 520 1195 Non
544 1159 632 1194 alias
656 1158 775 1195 socius
799 1158 835 1193 in
859 1158 897 1194 id
920 1158 1016 1204 quod
1035 1158 1156 1194 facere
1176 1161 1296 1204 potest

201 1205 469 1248 condemnatur,
493 1215 599 1250 quam
624 1204 654 1239 si
679 1203 870 1239 confitetur
893 1214 932 1239 se
956 1204 1093 1239 socium
1116 1203 1238 1239 fuisse.

249 1247 302 1288 68
319 1250 441 1287 cmm
452 1250 544 1286 libro
558 1249 694 1285 decimo
707 1249 758 1284 ad
768 1249 922 1285 edictum
928 1249 1157 1295 provinciale
1181 1248 1294 1284 Nemo

203 1306 248 1331 ex
272 1295 380 1331 sociis
406 1295 486 1340 plus
506 1298 608 1340 parte
626 1304 692 1330 sua
713 1297 833 1339 potest
856 1294 1023 1337 alienare,
1049 1294 1115 1330 etsi
1138 1298 1295 1330 tot-orum

205 1345 218 1375 1
272 1340 447 1376 bonorum
460 1340 547 1375 socii
558 1339 639 1374 sint.
665 1339 758 1374 illud
795 1339 966 1382 uaeritur,
979 1344 1100 1375 utrum
1111 1340 1142 1375 is
1155 1339 1295 1374 demum

200 1386 319 1422 facere
350 1385 489 1421 videtur
521 1395 591 1430 quo
624 1384 739 1420 minus
787 1394 890 1420 acere
914 1385 1046 1430 possit,
1078 1385 1139 1431 qui
1171 1389 1294 1430 erogat

202 1432 297 1467 bona
320 1441 387 1466 sua
410 1431 447 1466 in
471 1429 635 1465 fraudem
658 1429 803 1465 futurae
827 1430 991 1473 actionis,
1016 1441 1062 1466 an
1088 1434 1123 1466 et
1146 1430 1207 1476 qui
1231 1441 1292 1466 oc-

202 1477 345 1512 casione
377 1475 587 1521 adquirendi
619 1486 691 1511 non
715 1475 837 1511 utitur.
875 1475 938 1511 sed
962 1475 1078 1511 verius
1104 1480 1158 1511 est
1182 1475 1227 1511 de
1251 1485 1292 1511 eo

200 1522 331 1558 sentire
354 1520 622 1567 proconsulem,
655 1519 717 1566 qui
741 1524 866 1573 erogat
889 1521 985 1557 bona
1011 1531 1095 1564 sua,
1120 1521 1226 1566 idque
1250 1531 1294 1556 ex

200 1567 395 1603 interdictis
409 1566 574 1612 colligere
593 1576 794 1618 possumus,
815 1577 852 1601 in
872 1566 1000 1612 quibus
1021 1566 1073 1602 ita
1093 1570 1163 1602 est:
1186 1566 1293 1612 ‘quod

200 1612 294 1648 ‘dolo
317 1612 446 1655 fecisti,
470 1616 512 1647 ut
535 1611 714 1647 desineres
738 1611 948 1657 possidere.'

245 1655 300 1696 69
330 1657 526 1694 ULPIANUS
546 1656 638 1692 libro
662 1657 871 1703 triyensimo
893 1657 1051 1693 secundo
1071 1656 1122 1692 ad
1138 1657 1293 1693 edictum

200 1703 289 1739 Cum
313 1702 467 1738 societas
492 1701 538 1737 ad
562 1701 748 1737 emendum
774 1702 930 1738 coiretur
954 1706 990 1737 et
1014 1702 1228 1745 conveniret,
1252 1706 1294 1737 ut

199 1758 292 1784 unus
324 1748 467 1793 reliquis
499 1746 677 1782 nundinas
701 1746 738 1782 id
763 1751 818 1783 est
841 1748 965 1793 epulas
989 1747 1191 1793 praestaret
1213 1758 1291 1784 eos-

200 1803 269 1839 que
294 1803 316 1828 a
339 1793 480 1838 negotio
506 1792 717 1836 dimitteret,
750 1793 781 1828 si
805 1803 865 1828 eas
891 1793 941 1828 eis
965 1803 1037 1828 non
1062 1793 1225 1836 solverit,
1258 1797 1294 1828 et

199 1849 264 1885 pro
289 1838 388 1874 socio
413 1842 449 1874 et
474 1847 518 1873 ex
541 1837 684 1873 vendito
709 1848 791 1874 cum
815 1848 856 1874 eo
881 1838 1058 1884 agendum
1083 1842 1146 1874 est.

247 1882 299 1922 70
322 1883 377 1919 ΡΑ
386 1893 430 1919 υι,
437 1893 481 1919 os
491 1883 584 1919 libro
598 1884 807 1929 triqensimo
821 1884 925 1919 tertio
938 1883 988 1919 ad
998 1883 1152 1920 edietum
1185 1883 1294 1919 Nulla

200 1928 383 1965 societatis
407 1928 443 1963 in
468 1932 654 1964 aeternum
679 1928 787 1964 coitio
813 1932 877 1965 est.

246 1972 296 2011 71
316 1973 423 2009 IDEM
437 1973 528 2010 libro
549 1974 653 2009 tertio
674 1974 912 2020 epitomarum
925 1975 1055 2021 Alfeni
1071 1974 1292 2021 diqestorum

201 2020 282 2056 Duo
307 2019 516 2055 societatem
539 2018 720 2062 coierunt,
746 2022 785 2055 ut
806 2020 1099 2064 grammaticam²
1123 2019 1293 2056 docerent

201 2070 237 2101 et
255 2064 351 2110 quod
370 2074 414 2099 ex
438 2074 480 2100 eo
505 2064 683 2101 artificio³
707 2069 877 2109 quaestus
901 2064 1081 2107 fecissent,
1107 2075 1294 2100 commune

200 2120 322 2146 eorum
346 2109 483 2145 esset⁴z
509 2109 553 2144 de
577 2119 620 2144 ea
643 2119 683 2145 re
706 2119 799 2154 quae
822 2110 1010 2145 voluerunt
1029 2110 1107 2145 fieri
1126 2110 1163 2144 in
1183 2114 1291 2155 pacto

201 2158 375 2191 convento
400 2154 583 2190 societatis
607 2155 744 2199 proscri
771 2156 937 2198 serunt⁵,
971 2155 1098 2191 deinde
1129 2155 1222 2190 inter
1254 2165 1293 2190 se

200 2201 255 2236 his
279 2199 395 2235 verbis
420 2199 466 2235 sti
493 2199 582 2234 ulati
613 2203 715 2235 sunt:
743 2203 751 2219 ‘
779 2210 863 2242 aec,
896 2210 987 2245 quae
1019 2211 1060 2235 su
1086 2210 1127 2235 ra
1157 2200 1293 2246 scripta

200 2249 306 2287 ‘sunt,
332 2255 374 2280 ea
391 2245 444 2280 ita
492 2245 545 2280 ari
569 2244 645 2280 fieri
669 2255 785 2290 neque
809 2245 979 2281 adversus
1004 2256 1046 2280 ea
1092 2245 1166 2281 eri?
1200 2245 1231 2280 si
1251 2255 1294 2281 ea

200 2291 262 2326 ‘ita
286 2290 372 2326 data
393 2289 493 2326 facta
527 2300 599 2326 non
631 2295 754 2332 erunt,
787 2291 863 2326 tum
893 2290 926 2326 vi
952 2291 959 2298 ⁸
986 2291 1014 2325 ti
1045 2290 1141 2326 milia
1171 2290 1292 2326 dari?’

200 2335 401 2382 quaesitum
425 2340 499 2379 est,
524 2346 590 2378 an,
615 2335 646 2371 si
670 2335 756 2381 quid
781 2339 907 2371 contra
945 2340 1065 2371 actum
1090 2340 1202 2378 esset,
1235 2346 1292 2371 so-

201 2381 341 2417 cietatis
361 2380 503 2416 actione
520 2381 577 2426 agi
623 2384 730 2416 osset.
756 2391 812 2416 res
842 2381 952 2423 ondit,
973 2381 1003 2416 si
1023 2381 1164 2433 quidem
1185 2384 1292 2426 pacto

200 2430 373 2462 convento
394 2425 488 2461 inter
507 2436 568 2461 eos
605 2426 808 2461 esocietate
836 2430 917 2461 acto
929 2426 981 2461 ita
993 2425 1154 2471 stipulati
1173 2428 1295 2461 essent

200 2472 301 2507 ‘haec
324 2471 376 2506 ita
399 2470 478 2506 dari
500 2470 578 2506 fieri
602 2481 619 2506 s
647 2470 813 2513 ondes?’,
838 2470 1000 2506 futurum
1018 2470 1140 2513 fuisse,
1165 2471 1238 2513 ut⁶‚
1263 2471 1294 2506 si

201 2516 397 2552 novationis
422 2526 532 2551 causa
554 2515 592 2550 id
630 2515 794 2558 ecissent‚
818 2526 884 2560 pro
909 2516 1007 2551 socio
1033 2516 1089 2561 agi
1113 2526 1185 2551 non
1208 2526 1292 2561 pos-

200 2562 257 2604 sit,
283 2561 346 2597 sed
369 2564 446 2596 tota
469 2571 526 2596 res
550 2561 587 2595 in
612 2560 878 2606 stipulationem
902 2561 1079 2596 translata
1102 2561 1291 2596 videretur.

200 2606 264 2642 sed
287 2606 454 2652 quoniam
478 2616 550 2641 non
572 2606 623 2641 ita
648 2609 767 2641 essent
790 2606 953 2651 stipulati
973 2609 1028 2641 ‘ea
1047 2606 1098 2641 ita
1118 2605 1196 2641 dari
1216 2605 1294 2641 fieri

201 2651 412 2697 ‘spondes‘?’
448 2650 511 2686 sed
535 2651 577 2686 ‘si
601 2661 645 2686 ea
666 2651 741 2686 ita⁷
764 2650 863 2686 facta
894 2662 966 2687 non
999 2655 1138 2694 essent,
1170 2651 1293 2686 decem

201 2696 334 2731 ‘dari?'
371 2706 443 2731 non
467 2695 576 2731 videri
600 2696 667 2731 sibi
698 2706 772 2731 rem
803 2696 842 2731 in
872 2696 1138 2742 stipulationem
1170 2707 1291 2742 perve-

201 2741 307 2783 nisse,
332 2740 395 2776 sed
419 2740 606 2776 dumtaxat
629 2751 782 2786 poenam
807 2749 892 2777 (non
916 2741 1009 2776 enim
1033 2742 1218 2786 utriusque
1242 2741 1293 2776 rei

201 2785 450 2866 promissorem
474 2786 640 2831 obligari,
665 2790 706 2821 ut
730 2796 772 2822 ea
796 2786 898 2822 daret
920 2786 1056 2822 faceret
1080 2791 1133 2829 et,
1166 2786 1197 2822 si
1221 2797 1291 2822 non

218 2831 361 2873 ecisset,
394 2840 546 2875 poenam
571 2830 745 2873 sufferret)
778 2835 814 2867 et
844 2831 923 2867 ideo
955 2831 1136 2867 societatis
1160 2831 1291 2866 iudicio

205 2879 218 2910 i
269 2875 325 2920 agi
347 2885 463 2920 posse.
500 2875 581 2910 Duo
603 2876 774 2911 colliberti
794 2876 1002 2912 societatem
1023 2876 1184 2912 coierunt
1203 2876 1292 2912 lucri

202 2924 371 2966 quaestus
403 2920 620 2965 compendii,
653 2921 804 2966 postea⁸
827 2932 919 2957 unus
944 2932 989 2957 ex
1012 2922 1067 2957 his
1091 2931 1114 2956 a
1137 2925 1290 2967 patrono

202 2966 306 3000 heres
336 2965 520 3001 institutus
545 2970 616 3008 est,
649 2966 751 3001 alteri
774 2966 929 3011 legatum
953 2966 1076 3002 datum
1100 2971 1165 3002 est.
1203 2977 1289 3002 neu·

202 3014 296 3045 trum
318 3010 446 3045 horum
470 3010 507 3045 in
530 3011 683 3046 medium
707 3011 840 3046 referre
864 3011 994 3047 debere
1017 3010 1209 3057 respondit.

249 3052 303 3092 72
330 3054 454 3091 GAlUs
471 3055 561 3090 libro
576 3055 732 3091 secundo
746 3056 1024 3092 cottidianarum
1043 3067 1164 3092 rerum
1175 3057 1190 3077 ⁹
1225 3055 1289 3091 So-

203 3100 278 3136 cius
302 3099 400 3135 socio
426 3099 531 3135 etiam
556 3100 683 3152 culpae
706 3101 848 3136 nomine
871 3105 1032 3145 tenetur,
1061 3100 1097 3136 id
1121 3105 1176 3136 est
1199 3101 1289 3137 desi-

202 3145 283 3180 diae
306 3149 415 3190 atque
438 3144 688 3196 neglegentiae.
726 3146 832 3191 culpa
845 3147 872 3168 ¹⁰
895 3150 1015 3182 autem
1046 3157 1119 3182 non
1150 3146 1195 3181 ad
1229 3156 1289 3181 ex-

202 3189 418 3226 actissimam
442 3189 655 3234 diligentiam
680 3190 745 3225 diri
770 3190 862 3226 enda
893 3195 964 3227 est:
997 3190 1132 3227 sufficit
1162 3191 1290 3227 etenim

202 3235 311 3271 talem
335 3233 550 3280 diligentiam
576 3236 752 3270 communi
779 3246 821 3271 us
845 3236 951 3272 rebus
982 3235 1169 3278 adhibere,
1225 3246 1289 3271 ua-

202 3280 269 3315 lem
294 3279 368 3315 suis
391 3278 499 3315 rebus
523 3278 691 3315 adhibere
715 3280 821 3322 solet,
854 3281 939 3325 quia
969 3281 1029 3326 qui
1086 3291 1186 3316 arum
1237 3280 1288 3315 ’li-

200 3329 341 3370 gentem
365 3324 432 3360 sibi
457 3323 592 3359 socium
617 3324 781 3369 adquirit,
807 3325 850 3360 de
875 3336 913 3361 se
937 3326 1036 3371 queri
1085 3326 1175 3361 ebet.

248 3367 300 3408 73
333 3368 636 3420 UtplANUsolibro
649 3370 772 3415 primo
792 3381 1047 3416 responsorum
1094 3370 1288 3406 Maximino

202 3413 396 3460 respondit,
417 3413 447 3449 si
467 3417 673 3449 societatem
693 3414 936 3450 universarum
955 3415 1181 3451 fortunarum
1194 3415 1287 3451 coie-

202 3460 290 3502 rint,
321 3459 358 3494 id
381 3462 436 3494 est
458 3468 581 3494 earum
606 3469 747 3503 quoque
770 3469 905 3501 rerum,
938 3470 1031 3505 quae
1061 3465 1188 3505 postea
1212 3460 1286 3495 cui-

202 3573 246 3657 (Β)
259 3575 540 3659 ειξέτᾭτίρεοηιιιι
552 3617 628 3650 dett.

204 3662 246 3702 (7)
272 3661 350 3693 data
363 3662 422 3694 ine.
436 3661 518 3695 Hal.
619 3662 663 3701 (8)
688 3664 820 3703 posteas
834 3661 867 3693 F'
960 3662 1004 3701 (9)
1029 3661 1099 3694 sive
1111 3672 1286 3695 aureorum

204 3706 282 3738 add.
297 3705 356 3738 F'.
370 3724 415 3730 --·
431 3705 481 3750 le
495 3705 576 3740 Inue.
590 3706 621 3746 3,
634 3712 681 3746 25,
695 3713 712 3739 ⁹
785 3706 844 3747 (10)
868 3705 987 3747 culpae
1000 3707 1034 3738 F
1096 3711 1151 3748 (11)
1176 3716 1246 3738 esse
1256 3706 1291 3738 F

438 3572 482 3613 (2)
495 3572 714 3614 grammatica
725 3572 759 3604 F
822 3573 864 3612 (3)
879 3572 1008 3604 artiflco
1022 3573 1056 3606 F
1118 3574 1161 3613 (4)
1175 3582 1245 3604 esse
1258 3572 1292 3605 F'

1276 82 1356 131 228

828 3617 872 3655 (6)
898 3615 1041 3649 fuissent
1052 3617 1107 3657 Ρ,
1120 3617 1223 3650 fuisse
1235 3615 1287 3650 F*
1353 3618 1499 3663 sensere
1511 3624 1547 3650 ut
1560 3617 1748 3661 Bilderdyk

1353 3662 1414 3702 (17)
1439 3665 1655 3704 posteaquam
1671 3661 1751 3695 Hal.

1353 3708 1416 3748 (20)
1444 3706 1605 3739 interesse
1617 3707 1647 3740 S
1657 3718 1726 3740 cum
1738 3706 1784 3749 B,
1797 3716 1868 3739 esse
1880 3706 1914 3738 F

2201 101 2288 133 PRO
2318 101 2450 134 SOCIO
2479 100 2482 105 '

1360 219 1431 255 que
1453 209 1703 256 adquirentur,
1735 210 1970 247 hereditatem
2002 211 2114 247 cuivis
2146 222 2267 248 eorum
2299 211 2451 248 delatam

1359 255 1398 290 in
1431 264 1618 291 commune
1647 255 1885 301 redigendam.
1922 256 2016 292 idem
2048 256 2227 293 Maximae
2256 257 2450 310 respondit,

1360 300 1391 335 si
1415 299 1623 336 societatem
1647 301 1893 338 universarum
1912 301 2139 338 fortunarum
2157 302 2209 338 ita
2228 302 2387 345 coierint,
2412 306 2453 337 ιιι
2497 336 2499 338 ,
2521 303 2526 311 ”

1362 344 1532 390 quidquid
1577 349 1741 399 erogetur
1774 347 1830 383 vel
1865 350 2096 393 quaereretur
2130 347 2327 383 communis
2361 347 2452 383 lucri

1361 394 1470 435 atque
1493 390 1660 443 impendii
1683 393 1830 435 esset¹¹,
1855 401 1898 427 ea
1921 402 2080 437 quoque,
2106 402 2198 445 quae
2221 393 2258 428 in
2281 393 2450 428 honorem
2500 399 2519 427 ff

1363 434 1510 471 alterius
1534 436 1726 472 liberorum
1751 441 1898 482 erogata
1921 441 2023 480 sunt,
2057 440 2217 482 utrisque
2241 437 2277 473 in
2305 437 2451 473 utanda.

1410 478 1462 516 74
1488 480 1544 515 ΡΑ
1552 490 1596 516 σι,
1603 490 1648 517 vs
1667 481 1759 517 libro
1778 483 2033 529 seoeaqensimo
2054 482 2211 518 secundo
2299 482 2451 518 edietum

1363 525 1401 561 Si
1425 525 1504 571 quis
1528 526 1733 562 societatem
1758 527 1993 569 contraxerit,
2025 527 2120 579 quod
2152 527 2236 562 emit
2265 527 2376 573 ipsius
2399 526 2448 571 fit,

1363 581 1435 606 non
1471 581 1674 623 commune:
1719 571 1782 607 sed
1825 572 2005 607 societatis
2039 571 2169 608 iudicio
2206 573 2344 618 cogitur
2378 582 2449 613 rem

1364 626 1636 652 communicare.

1411 658 1463 698 75
1489 660 1634 697 Cusas
1642 661 1733 697 libro
1747 661 1873 707 quinto
1883 661 2019 698 decimo
2032 662 2255 709 diqestorum
2303 661 2340 697 Si
2360 662 2453 699 coita

1363 706 1411 742 sit
1440 705 1593 742 societas
1626 716 1670 741 ex
1700 706 1755 742 his
1787 706 1966 751 partibus,
2001 717 2090 752 quas
2114 707 2229 743 Titius
2254 707 2454 742 arbitratus

1362 751 1487 794 fuerit,
1531 751 1561 787 si
1596 751 1712 787 Titius
1755 755 1946 796 antequam
1981 752 2215 788 arbitraretur
2249 752 2451 795 decesserit,

1362 796 1450 832 nihil
1474 796 1606 841 agitur:
1639 806 1722 832 nam
1745 796 1782 832 id
1804 796 1920 842 ipsum
1944 800 2063 832 actum
2087 801 2160 841 est,
2191 807 2236 832 ne
2268 797 2370 833 aliter
2394 808 2451 833 so-

1363 842 1474 877 cietas
1499 841 1556 885 sit,
1581 851 1687 887 quam
1711 845 1751 877 ut
1775 841 1892 877 Titius
1918 842 2112 878 arbitratus
2136 843 2194 878 sit.

1410 884 1463 924 76
1495 886 1703 923 Paocvws
1730 886 1822 923 libro
1852 888 1978 933 quinto
2009 887 2244 934 epistularum
2291 886 2450 923 Societa-

1362 936 1434 968 tem
1466 942 1605 968 mecum
1637 931 1739 968 coisti
1770 941 1814 967 ea
1845 932 2071 975 condicione,
2104 936 2145 968 ut
2167 932 2286 968 Nerva
2317 932 2453 968 amicus

1364 977 1560 1013 communis
1579 980 1700 1023 partes
1714 977 1742 998 ¹²
1761 977 1942 1013 societatis
1955 977 2206 1014 constitueret:
2227 977 2347 1014 Nerva
2367 988 2451 1013 con·
2498 982 2515 1023 g,

1363 1023 1499 1066 stituit,
1531 1026 1572 1058 ut
1595 1026 1635 1058 tu
1660 1033 1704 1058 ex
1727 1022 1858 1058 triente
1882 1022 2001 1058 socius
2025 1032 2141 1066 esses,
2175 1033 2238 1068 ego
2264 1033 2306 1058 ex
2329 1023 2451 1059 besse:
2499 1024 2510 1053 'i

1364 1068 1525 1114 quaeris,
1550 1071 1670 1103 utrum
1693 1071 1811 1103 ratum
1835 1067 1871 1103 id
1894 1067 1972 1104 iure
1995 1068 2177 1104 societatis
2202 1069 2248 1104 sit
2272 1078 2318 1103 an
2343 1068 2452 1103 nihilo
2494 1073 2511 1112 ξΗ

1363 1113 1478 1149 minus
1513 1123 1557 1149 ex
1588 1113 1711 1159 aequis
1745 1113 1907 1158 partibus
1932 1113 2020 1149 socii
2044 1113 2165 1149 simus.
2203 1113 2364 1149 existimo
2389 1123 2452 1148 au-

1363 1162 1434 1194 tem
1458 1158 1582 1195 melius
1606 1162 1643 1195 te
1667 1158 1910 1204 quaesiturum
1934 1157 2056 1201 fuisse,
2081 1162 2201 1194 utrum
2225 1169 2268 1194 ex
2290 1158 2346 1194 his
2370 1169 2453 1204 par·
2496 1162 2503 1203 'g

1363 1204 1459 1239 tibus
1484 1204 1573 1239 socii
1597 1213 1756 1239 essemus
1781 1214 1870 1249 quas
1895 1203 1925 1240 is
1951 1204 2211 1247 constituisset,
2245 1214 2292 1239 aii
2324 1214 2367 1239 ex
2399 1203 2454 1239 his

1364 1259 1453 1295 quas
1485 1249 1598 1284 virum
1629 1249 1762 1284 bonum
1795 1249 2013 1284 constituere
2036 1249 2263 1295 oportuisset.
2301 1248 2452 1285 arbitro-

1363 1305 1442 1330 rum
1467 1294 1560 1329 enim
1583 1303 1714 1339 genera
1737 1297 1821 1329 sunt
1845 1293 1937 1337 duo,
1961 1305 2072 1330 unum
2097 1294 2286 1337 eiusmodi,
2319 1298 2359 1330 ut
2381 1294 2454 1330 sive
2498 1319 2506 1332 ,-

1364 1349 1518 1385 aequum
1543 1339 1589 1375 sit
1611 1339 1685 1375 sive
1703 1339 1873 1384 iniquum,
1899 1349 2025 1384 parere
2045 1339 2237 1375 debeamus
2262 1339 2371 1384 (quod
2390 1339 2454 1374 ob-

1364 1388 1536 1427 servatur,
1562 1395 1643 1420 cum
1668 1394 1711 1420 ex
1732 1385 1985 1430 compromisso
2006 1385 2053 1420 ad
2073 1385 2245 1420 arbitrum
2265 1384 2354 1420 itum
2375 1388 2453 1427 est),

1364 1431 1516 1466 alterum
1549 1429 1740 1473 eiusmodi,
1776 1434 1818 1465 ut
1849 1429 1895 1465 ad
1926 1430 2011 1466 boni
2040 1430 2105 1466 viri
2137 1429 2323 1465 arbitrium
2346 1429 2454 1475 redigi

1364 1475 1819 1556 deffissss’tgtsgaffminafim
1839 1485 1993 1520 persona
2005 1475 2052 1511 sit
2063 1475 2332 1521 comprehensa,
2354 1475 2454 1510 cuius

1364 1532 1463 1603 al'717
1489 1566 1545 1602 Pi
1553 1576 1648 1602 vsvs
1669 1566 1760 1602 libro
1784 1570 1916 1612 quarto
1937 1566 2186 1612 quaestionum
2234 1565 2354 1607 (veluti
2374 1576 2454 1601 cum

1363 1612 1439 1657 lege
1462 1611 1650 1648 locationis
1683 1612 1975 1657 comprehensum
2009 1615 2082 1654 est,
2115 1615 2155 1647 ut
2184 1621 2275 1656 opus
2308 1611 2453 1646 arbitrio
2502 1634 2506 1638 -

1363 1657 1533 1693 locatoris
1557 1656 1653 1700 fiat):

1410 1699 1463 1740 78
1488 1702 1697 1738 PRochUs
1717 1702 1808 1738 libro
1833 1702 1959 1748 quinto
1983 1701 2219 1748 epistularum
2265 1701 2302 1736 in
2322 1712 2453 1754 propo·
2503 1717 2507 1720 >

1364 1747 1434 1783 sita
1466 1751 1585 1783 autem
1617 1747 1825 1792 quaestione
1856 1747 2040 1782 arbitrium
2073 1747 2138 1782 viri
2172 1746 2257 1783 boni
2293 1746 2454 1782 existimo

1362 1793 1580 1839 sequendum
1613 1803 1708 1835 esse,
1742 1802 1783 1828 eo
1815 1792 1925 1837 magis
1950 1791 2046 1837 quod
2068 1791 2238 1827 iudicium
2262 1802 2326 1837 pro
2351 1792 2448 1827 socio
2499 1823 2504 1836 ,

1363 1839 1481 1874 bonae
1504 1838 1587 1873 fidei
1611 1841 1676 1873 est.

1410 1881 1463 1922 79
1501 1883 1556 1919 ΡΑ
1564 1893 1660 1919 Usus
1691 1882 1781 1919 libro
1817 1887 1949 1928 quarto
1983 1883 2232 1929 quaestionum
2288 1882 2389 1919 Unde
2424 1883 2453 1918 si
2499 1868 2511 1874 ‚‚

1363 1929 1503 1965 Nervae
1528 1928 1714 1964 arbitrium
1737 1927 1788 1962 ita
1812 1938 1960 1973 pravum
1994 1932 2066 1970 est,
2098 1931 2140 1963 ut
2169 1928 2358 1964 manifesta
2387 1928 2453 1964 ini-

1363 1975 1481 2020 quitas
1506 1974 1581 2010 eius
1606 1976 1791 2019 appareat,
1817 1973 1945 2018 corrigi
1969 1976 2088 2018 potest
2110 1983 2175 2018 per
2197 1973 2365 2009 iudicium
2390 1974 2452 2009 bo·
2498 2010 2500 2012 ,

1362 2019 1697 2102 nag()1i‹}ezowlffl
1712 2063 1803 2099 libro
1825 2063 1950 2109 quinto
1969 2063 2206 2109 epistularum
2253 2064 2345 2108 Quid
2361 2064 2452 2100 enim

1361 2111 1392 2145 si
1415 2110 1534 2145 Nerva
1558 2108 1821 2151 constituisset,
1845 2108 1927 2143 ut¹³
1950 2108 2040 2143 alter
2064 2119 2108 2144 ex
2132 2109 2316 2144 millesima
2340 2113 2452 2154 parte,

1362 2156 1453 2191 alter
1476 2165 1520 2190 ex
1541 2154 1611 2190 duo
1631 2153 1824 2189 millesimis
1839 2153 1874 2206 ¹⁴.
1890 2153 2053 2205 partibus
2073 2154 2192 2189 socius
2213 2154 2332 2189 esset?
2367 2154 2453 2190 illud

1361 2204 1481 2246 potest
1505 2199 1718 2236 conveniens
1743 2208 1821 2234 esse
1842 2209 1908 2233 viri
1931 2198 2015 2234 boni
2039 2199 2196 2241 arbitrio,
2221 2203 2263 2234 ut
2286 2210 2357 2235 non
2381 2199 2451 2234 uti·
2498 2217 2503 2220 -

1363 2256 1433 2291 que
1457 2256 1501 2281 ex
1532 2245 1654 2290 aequis
1685 2244 1847 2290 partibus
1880 2243 1968 2279 socii
1999 2243 2127 2287 simus,
2164 2244 2270 2279 veluti
2302 2244 2332 2280 si
2364 2245 2451 2280 alter

1361 2291 1442 2336 plus
1466 2300 1597 2336 operae
1619 2289 1815 2325 industriae
1837 2289 2014 2334 gratiae¹⁵
2037 2289 2210 2334 pecuniae
2234 2289 2269 2324 in
2301 2290 2451 2325 societa-

1361 2341 1434 2372 tem
1459 2336 1657 2371 collaturus
1683 2338 1770 2370 erat.

1408 2378 1457 2419 81
1487 2380 1735 2416 Pamisos
1756 2379 1847 2415 libro
1872 2390 1967 2414 nono
1993 2379 2243 2425 quaestionum
2291 2378 2329 2414 Si
2343 2380 2370 2401 ¹⁶
2394 2390 2451 2416 so-

1362 2427 1438 2462 cius
1470 2436 1535 2471 pro
1561 2425 1635 2460 filia
1659 2425 1776 2460 dotem
1801 2424 1964 2469 promisit
1988 2427 2023 2459 et
2045 2424 2143 2469 prius
2168 2435 2275 2470 quain
2299 2425 2453 2461 solveret

1361 2471 1492 2507 herede
1517 2481 1558 2505 ea
1581 2470 1707 2506 relicta
1730 2469 1901 2505 decessit:
1927 2479 2019 2515 quae
2037 2473 2164 2514 postea
2176 2471 2202 2491 ¹⁷
2222 2481 2303 2505 cum
2324 2471 2451 2507 marito

1362 2516 1445 2551 de¹⁸
1469 2515 1641 2560 exigenda
1665 2514 1747 2550 dote
1771 2515 1859 2559 egit,
1892 2517 2042 2559 accepto
2066 2514 2217 2550 liberata
2241 2518 2304 2551 est.

1362 2562 1469 2597 situm
1493 2565 1558 2603 est,
1583 2571 1641 2603 an,
1667 2560 1697 2595 si
1721 2570 1785 2605 pro
1810 2559 1907 2595 socio
1933 2563 2072 2604 ageret,
2098 2559 2190 2595 dotis
2214 2561 2451 2605 quantitatem

1361 2606 1568 2652 praecipere
1580 2605 1736 2648 deberet,
1762 2605 1792 2640 si
1811 2603 1905 2640 forte
1925 2604 2148 2640 convenisset
2166 2604 2260 2641 inter
2279 2606 2396 2642 socios
2411 2607 2450 2649 ¹⁹,

2342 2526 2450 2561 quae·
2502 2522 2508 2538 Ξ

1360 2655 1402 2687 ιιι
1425 2651 1469 2686 de
1494 2651 1672 2687 communi
1697 2650 1762 2686 dos
1788 2650 2073 2685 constitueretur.
2111 2649 2183 2685 dixi
2207 2654 2351 2696 pactum
2376 2662 2448 2687 non
2499 2651 2507 2682 εἰ

1361 2707 1440 2732 esse
1462 2696 1640 2742 iniquum,
1672 2696 1796 2740 utique
1827 2695 1858 2730 si
1881 2705 1953 2730 non
1978 2694 2022 2730 de
2046 2695 2191 2730 alterius
2214 2699 2353 2730 tantum
2377 2695 2451 2731 filia
2496 2694 2528 2711 '⁴'

1361 2741 1545 2778 convenit:
1582 2751 1665 2776 nam
1697 2741 1727 2776 si
1760 2749 1946 2776 commune
1977 2740 2046 2775 hoc
2076 2744 2221 2784 pactum
2252 2739 2339 2784 fuit,
2376 2752 2449 2777 non
2507 2757 2510 2765 .

1361 2787 1553 2829 interesse,
1578 2785 1675 2831 quod
1699 2786 1790 2821 alter
1813 2785 1910 2820 solus
1934 2784 2042 2819 filiam
2066 2785 2200 2819 habuit.
2239 2789 2395 2821 ceterum
2419 2786 2449 2822 si

1360 2835 1583 2867 numeratam
1607 2831 1724 2867 dotem
1748 2834 1851 2875 pater
1874 2829 2045 2864 defuncta
2067 2830 2105 2864 in
2127 2830 2349 2866 matrimonio
2375 2830 2448 2867 filia

1360 2877 1607 2922 reciperasset,
1631 2875 1730 2911 reddi
1751 2874 1942 2927 pecuniam
1966 2875 2129 2910 societati
2153 2875 2335 2918 debuisse,
2360 2886 2446 2921 pac-

1359 2926 1436 2957 tum
1460 2932 1503 2957 ex
1527 2921 1707 2966 aequitate
1730 2930 1782 2955 Sic
1806 2919 1908 2955 nobis
1932 2919 2260 2964 interpretantibus.
2298 2920 2393 2966 quod
2417 2921 2447 2957 si
2501 2954 2503 2958 ,

1359 2967 1458 3002 salva
1481 2966 1652 3002 societate
1684 2965 1832 3000 divortio
1865 2964 2126 3000 matrimonium
2157 2965 2311 3001 solutum
2343 2965 2448 3008 foret,

1360 3023 1441 3047 cum
1465 3021 1532 3047 sua
1555 3021 1666 3046 causa
1689 3010 1807 3045 dotem
1838 3010 2049 3055 reciperari,
2083 3010 2219 3046 scilicet
2248 3014 2290 3045 ut
2321 3020 2364 3046 ea
2394 3011 2448 3047 vel

1359 3057 1419 3092 alii
1442 3056 1569 3091 marito
1595 3055 1671 3090 dari
1694 3055 1816 3100 possit.
1853 3065 1938 3097 nec,
1971 3055 2001 3090 si
2031 3054 2130 3100 prior
2153 3055 2300 3091 maritus
2325 3055 2447 3092 facere
2508 3072 2520 3077 ·>

1359 3112 1431 3136 non
1454 3105 1586 3146 posset,
1611 3100 1727 3135 denuo
1753 3100 1797 3135 de
1818 3100 1990 3135 societate
2010 3100 2294 3135 constituendam
2316 3100 2446 3144 dotem,
2502 3107 2507 3147 j

1358 3146 1426 3181 nisi
1450 3145 1480 3180 si
1504 3145 1711 3181 nominatim
1742 3145 1793 3180 ita
1824 3145 2057 3180 convenisset.
2093 3155 2215 3180 verum
2246 3145 2283 3180 in
2314 3156 2445 3191 propoa

1358 3191 1426 3227 sito
1446 3190 1590 3236 largiter
1609 3190 1780 3225 interesse
1789 3190 1822 3211 ²⁰
1840 3189 2038 3232 videbatur,
2062 3190 2126 3225 dos
2146 3194 2334 3226 numerata
2353 3194 2446 3226 esset
2500 3190 2522 3216 ΤΡ

1358 3246 1405 3271 an
1428 3246 1510 3271 vero
1535 3235 1729 3280 promissa:
1756 3246 1839 3270 nam
1862 3235 1893 3270 si
1916 3234 1989 3269 filia
2008 3234 2128 3269 datam
2146 3234 2277 3277 dotem,
2300 3239 2444 3280 postea-
2496 3240 2528 3277 13:

1357 3291 1463 3326 quani
1487 3280 1582 3325 patri
1605 3280 1708 3316 heres
1734 3280 1887 3322 exstitit,
1918 3279 1995 3314 inre
2025 3289 2090 3315 suo
2126 3280 2340 3325 recepisset,
2373 3291 2444 3316 non

1358 3335 1434 3361 esse
1458 3324 1680 3360 referendam
1704 3325 1892 3370 pecuniam
1912 3324 2085 3366 societati,
2110 3335 2214 3370 quam
2233 3325 2360 3360 mulier
2379 3325 2443 3361 ha·
2500 3334 2506 3366 ζ,

1357 3370 1475 3406 bitura
1505 3369 1591 3412 fuit,
1624 3370 1691 3405 etsi
1722 3370 1811 3405 alius
1836 3370 1938 3404 heres
1963 3369 2174 3405 exstitisset:
2208 3369 2304 3415 quod
2327 3370 2359 3405 si
2381 3380 2442 3406 ae-

1357 3419 1461 3460 cepto
1486 3425 1509 3450 a
1538 3415 1665 3451 marito
1696 3415 1848 3450 liberata
1878 3417 1990 3456 esset,
2023 3424 2246 3460 nequaquam
2276 3414 2442 3460 imputari
2492 3412 2528 3452 ‘5:⁵²

1356 3470 1463 3505 posse
1486 3460 1649 3495 societati
1673 3471 1745 3496 non
1769 3459 1922 3495 solutam
1945 3459 2144 3504 pecuniam.

1355 3573 1414 3614 (Ω)
1439 3575 1569 3614 partem
1582 3572 1641 3606 FS
1708 3574 1766 3613 (13)
1790 3571 1870 3604 etF
1923 3573 1981 3612 (14)
2006 3581 2045 3604 ex
2054 3570 2237 3604 undemille
2250 3570 2438 3605 millesimis

1827 3615 1887 3659 (15)
1909 3616 2069 3657 gratias*

1867 3663 1926 3699 (18)
1953 3671 2019 3693 non
2032 3662 2092 3694 ins.

2497 3375 2528 3405 ‘⁴⁸2

2499 3450 2528 3476 „¹2

2149 3617 2210 3656 (18)
2234 3615 2265 3648 si
2277 3616 2341 3649 del.
2355 3616 2437 3649 Hal.
2492 3610 2528 3653 '131

2206 3662 2265 3701 (10)
2290 3661 2444 3693 sociusF
2483 3639 2528 3728 ἷξ
