<?xml version="1.0" encoding="UTF-8"?>
<!DOCTYPE html PUBLIC "-//W3C//DTD XHTML 1.0 Transitional//EN"
    "http://www.w3.org/TR/xhtml1/DTD/xhtml1-transitional.dtd">
<html xmlns="http://www.w3.org/1999/xhtml" xml:lang="en" lang="en">
 <head>
  <title>
</title>
<meta http-equiv="Content-Type" content="text/html;charset=utf-8" />
  <meta name='ocr-system' content='tesseract 3.04.00' />
  <meta name='ocr-capabilities' content='ocr_page ocr_carea ocr_par ocr_line ocrx_word'/>
</head>
<body>
  <div class='ocr_page' id='page_1' title='image "./corpusjuriscivil01krueuoft_0246.png"; bbox 0 0 2528 3918; ppageno 0'>
   <div class='ocr_carea' id='block_1_1' title="bbox 180 78 357 122">
    <p class='ocr_par' dir='ltr' id='par_1_1' title="bbox 180 78 357 122">
     <span class='ocr_line' id='line_1_1' title="bbox 180 78 357 122; baseline 0 -1"><span class='ocrx_word' id='word_1_1' title='bbox 180 78 357 122; x_wconf 71' lang='lat' dir='ltr'>vulla</span> 
     </span>
    </p>
   </div>
   <div class='ocr_carea' id='block_1_2' title="bbox 176 198 1273 3443">
    <p class='ocr_par' dir='ltr' id='par_1_2' title="bbox 180 198 1271 292">
     <span class='ocr_line' id='line_1_2' title="bbox 180 198 1271 253; baseline -0.005 -15"><span class='ocrx_word' id='word_1_2' title='bbox 180 203 269 244; x_wconf 88' lang='lat' dir='ltr'>liae,</span> <span class='ocrx_word' id='word_1_3' title='bbox 300 200 425 253; x_wconf 88' lang='lat' dir='ltr'>quanti</span> <span class='ocrx_word' id='word_1_4' title='bbox 458 200 590 235; x_wconf 88' lang='lat' dir='ltr'>actoris</span> <span class='ocrx_word' id='word_1_5' title='bbox 621 199 770 234; x_wconf 85' lang='lat' dir='ltr'>interest</span> <span class='ocrx_word' id='word_1_6' title='bbox 800 208 917 235; x_wconf 84' lang='lat' dir='ltr'><strong>noxae</strong></span> <span class='ocrx_word' id='word_1_7' title='bbox 947 198 1068 244; x_wconf 88' lang='lat' dir='ltr'>potius</span> <span class='ocrx_word' id='word_1_8' title='bbox 1092 198 1271 234; x_wconf 88' lang='lat' dir='ltr'>deditione</span> 
     </span>
     <span class='ocr_line' id='line_1_3' title="bbox 180 243 830 292; baseline -0.008 -9"><span class='ocrx_word' id='word_1_9' title='bbox 180 246 325 292; x_wconf 76' lang='lat' dir='ltr'>defungi</span> <span class='ocrx_word' id='word_1_10' title='bbox 349 256 455 291; x_wconf 86' lang='lat' dir='ltr'>quam</span> <span class='ocrx_word' id='word_1_11' title='bbox 478 244 549 279; x_wconf 88' lang='lat' dir='ltr'>litis</span> <span class='ocrx_word' id='word_1_12' title='bbox 572 243 830 280; x_wconf 86' lang='lat' dir='ltr'>aestimatione.</span> 
     </span>
    </p>

    <p class='ocr_par' dir='ltr' id='par_1_3' title="bbox 179 287 1271 470">
     <span class='ocr_line' id='line_1_4' title="bbox 227 287 1270 335; baseline -0.004 -9"><span class='ocrx_word' id='word_1_13' title='bbox 227 289 280 330; x_wconf 90' lang='lat'>38</span> <span class='ocrx_word' id='word_1_14' title='bbox 306 291 411 326; x_wconf 71' lang='lat' dir='ltr'><em>IDEM</em></span> <span class='ocrx_word' id='word_1_15' title='bbox 440 289 530 325; x_wconf 83' lang='lat' dir='ltr'>libro</span> <span class='ocrx_word' id='word_1_16' title='bbox 554 300 649 324; x_wconf 86' lang='lat' dir='ltr'>nono</span> <span class='ocrx_word' id='word_1_17' title='bbox 673 288 909 335; x_wconf 78' lang='lat' dir='ltr'><strong><em>epistularum</em></strong></span> <span class='ocrx_word' id='word_1_18' title='bbox 957 287 995 323; x_wconf 89' lang='lat' dir='ltr'>Si</span> <span class='ocrx_word' id='word_1_19' title='bbox 1026 298 1066 323; x_wconf 92' lang='lat' dir='ltr'>eo</span> <span class='ocrx_word' id='word_1_20' title='bbox 1099 292 1270 332; x_wconf 90' lang='lat' dir='ltr'>tempore,</span> 
     </span>
     <span class='ocr_line' id='line_1_5' title="bbox 180 332 1271 383; baseline -0.005 -11"><span class='ocrx_word' id='word_1_21' title='bbox 180 348 252 383; x_wconf 92' lang='lat' dir='ltr'>quo</span> <span class='ocrx_word' id='word_1_22' title='bbox 276 335 342 371; x_wconf 87' lang='lat' dir='ltr'>tibi</span> <span class='ocrx_word' id='word_1_23' title='bbox 365 345 465 370; x_wconf 90' lang='lat' dir='ltr'>meus</span> <span class='ocrx_word' id='word_1_24' title='bbox 490 344 612 369; x_wconf 88' lang='lat' dir='ltr'>servus</span> <span class='ocrx_word' id='word_1_25' title='bbox 637 343 742 379; x_wconf 90' lang='lat' dir='ltr'>quem</span> <span class='ocrx_word' id='word_1_26' title='bbox 763 333 863 369; x_wconf 89' lang='lat' dir='ltr'>bona</span> <span class='ocrx_word' id='word_1_27' title='bbox 892 333 963 368; x_wconf 88' lang='lat' dir='ltr'>fide</span> <span class='ocrx_word' id='word_1_28' title='bbox 995 333 1110 368; x_wconf 83' lang='lat' dir='ltr'><strong>emisti</strong></span> <span class='ocrx_word' id='word_1_29' title='bbox 1141 332 1271 368; x_wconf 87' lang='lat' dir='ltr'>servie-</span> 
     </span>
     <span class='ocr_line' id='line_1_6' title="bbox 179 376 1270 426; baseline -0.005 -9"><span class='ocrx_word' id='word_1_30' title='bbox 179 383 262 423; x_wconf 89' lang='lat' dir='ltr'>bat,</span> <span class='ocrx_word' id='word_1_31' title='bbox 294 381 372 426; x_wconf 92' lang='lat' dir='ltr'>ipse</span> <span class='ocrx_word' id='word_1_32' title='bbox 395 390 418 415; x_wconf 89' lang='lat' dir='ltr'>a</span> <span class='ocrx_word' id='word_1_33' title='bbox 442 389 542 414; x_wconf 90' lang='lat' dir='ltr'>servo</span> <span class='ocrx_word' id='word_1_34' title='bbox 567 382 630 414; x_wconf 91' lang='lat' dir='ltr'>tuo</span> <span class='ocrx_word' id='word_1_35' title='bbox 654 378 860 414; x_wconf 86' lang='lat' dir='ltr'>vulneratus</span> <span class='ocrx_word' id='word_1_36' title='bbox 886 381 959 420; x_wconf 89' lang='lat' dir='ltr'>est,</span> <span class='ocrx_word' id='word_1_37' title='bbox 991 378 1128 423; x_wconf 79' lang='lat' dir='ltr'>placuit</span> <span class='ocrx_word' id='word_1_38' title='bbox 1158 376 1270 413; x_wconf 88' lang='lat' dir='ltr'>omni-</span> 
     </span>
     <span class='ocr_line' id='line_1_7' title="bbox 180 422 1080 470; baseline -0.006 -8"><span class='ocrx_word' id='word_1_39' title='bbox 180 426 285 462; x_wconf 90' lang='lat' dir='ltr'>modo</span> <span class='ocrx_word' id='word_1_40' title='bbox 310 435 366 460; x_wconf 91' lang='lat' dir='ltr'>me</span> <span class='ocrx_word' id='word_1_41' title='bbox 389 428 508 460; x_wconf 91' lang='lat' dir='ltr'>tecum</span> <span class='ocrx_word' id='word_1_42' title='bbox 531 426 630 460; x_wconf 90' lang='lat' dir='ltr'>recte</span> <span class='ocrx_word' id='word_1_43' title='bbox 652 423 728 470; x_wconf 82' lang='lat' dir='ltr'>lege</span> <span class='ocrx_word' id='word_1_44' title='bbox 751 424 895 470; x_wconf 88' lang='lat' dir='ltr'>Aquilia</span> <span class='ocrx_word' id='word_1_45' title='bbox 919 422 1080 468; x_wconf 89' lang='lat' dir='ltr'>experiri.</span> 
     </span>
    </p>

    <p class='ocr_par' dir='ltr' id='par_1_4' title="bbox 178 466 1273 1143">
     <span class='ocr_line' id='line_1_8' title="bbox 226 466 1270 515; baseline -0.004 -11"><span class='ocrx_word' id='word_1_46' title='bbox 226 468 280 509; x_wconf 89' lang='grc'>39</span> <span class='ocrx_word' id='word_1_47' title='bbox 304 469 535 506; x_wconf 71' lang='lat' dir='ltr'>Poupomvs</span> <span class='ocrx_word' id='word_1_48' title='bbox 562 468 654 504; x_wconf 76' lang='lat' dir='ltr'>libro</span> <span class='ocrx_word' id='word_1_49' title='bbox 686 469 837 515; x_wconf 79' lang='lat' dir='ltr'>septimo</span> <span class='ocrx_word' id='word_1_50' title='bbox 869 468 1006 504; x_wconf 81' lang='lat' dir='ltr'>decimo</span> <span class='ocrx_word' id='word_1_51' title='bbox 1030 467 1080 502; x_wconf 84' lang='lat' dir='ltr'>ud</span> <span class='ocrx_word' id='word_1_52' title='bbox 1103 466 1270 510; x_wconf 79' lang='lat' dir='ltr'>Quintum</span> 
     </span>
     <span class='ocr_line' id='line_1_9' title="bbox 180 512 1271 559; baseline -0.005 -7"><span class='ocrx_word' id='word_1_53' title='bbox 180 516 341 552; x_wconf 64' lang='lat' dir='ltr'>Mucium</span> <span class='ocrx_word' id='word_1_54' title='bbox 388 514 541 559; x_wconf 79' lang='lat' dir='ltr'><strong>Quintus</strong></span> <span class='ocrx_word' id='word_1_55' title='bbox 552 513 696 550; x_wconf 87' lang='lat' dir='ltr'>Mucius</span> <span class='ocrx_word' id='word_1_56' title='bbox 717 513 859 549; x_wconf 82' lang='lat' dir='ltr'>scribit:</span> <span class='ocrx_word' id='word_1_57' title='bbox 886 523 977 558; x_wconf 90' lang='lat' dir='ltr'>equa</span> <span class='ocrx_word' id='word_1_58' title='bbox 998 522 1080 547; x_wconf 91' lang='lat' dir='ltr'>cum</span> <span class='ocrx_word' id='word_1_59' title='bbox 1097 512 1135 548; x_wconf 89' lang='lat' dir='ltr'>in</span> <span class='ocrx_word' id='word_1_60' title='bbox 1156 512 1271 547; x_wconf 88' lang='lat' dir='ltr'>alieno</span> 
     </span>
     <span class='ocr_line' id='line_1_10' title="bbox 179 557 1269 611; baseline -0.005 -15"><span class='ocrx_word' id='word_1_61' title='bbox 179 563 408 607; x_wconf 85' lang='lat' dir='ltr'>pasceretur,</span> <span class='ocrx_word' id='word_1_62' title='bbox 442 559 479 594; x_wconf 91' lang='lat' dir='ltr'>in</span> <span class='ocrx_word' id='word_1_63' title='bbox 512 558 669 611; x_wconf 75' lang='lat' dir='ltr'>cogendo</span> <span class='ocrx_word' id='word_1_64' title='bbox 702 558 798 604; x_wconf 88' lang='lat' dir='ltr'>quod</span> <span class='ocrx_word' id='word_1_65' title='bbox 830 567 1006 603; x_wconf 82' lang='lat' dir='ltr'><strong>praegnas</strong></span> <span class='ocrx_word' id='word_1_66' title='bbox 1041 561 1118 592; x_wconf 88' lang='lat' dir='ltr'>erat</span> <span class='ocrx_word' id='word_1_67' title='bbox 1149 557 1269 592; x_wconf 89' lang='lat' dir='ltr'>eiecit:</span> 
     </span>
     <span class='ocr_line' id='line_1_11' title="bbox 179 602 1271 654; baseline -0.005 -13"><span class='ocrx_word' id='word_1_68' title='bbox 179 605 438 652; x_wconf 75' lang='lat' dir='ltr'>quaerebatur,</span> <span class='ocrx_word' id='word_1_69' title='bbox 473 603 636 640; x_wconf 81' lang='lat' dir='ltr'>dommus</span> <span class='ocrx_word' id='word_1_70' title='bbox 661 604 737 639; x_wconf 90' lang='lat' dir='ltr'>eius</span> <span class='ocrx_word' id='word_1_71' title='bbox 761 607 929 649; x_wconf 87' lang='lat' dir='ltr'>possetne</span> <span class='ocrx_word' id='word_1_72' title='bbox 953 613 1034 637; x_wconf 91' lang='lat' dir='ltr'>cum</span> <span class='ocrx_word' id='word_1_73' title='bbox 1059 612 1100 637; x_wconf 91' lang='lat' dir='ltr'>eo</span> <span class='ocrx_word' id='word_1_74' title='bbox 1126 602 1186 654; x_wconf 84' lang='lat' dir='ltr'>qui</span> <span class='ocrx_word' id='word_1_75' title='bbox 1212 612 1271 637; x_wconf 93' lang='lat' dir='ltr'>co-</span> 
     </span>
     <span class='ocr_line' id='line_1_12' title="bbox 180 646 1270 697; baseline -0.006 -10"><span class='ocrx_word' id='word_1_76' title='bbox 180 651 311 697; x_wconf 83' lang='lat' dir='ltr'>egisset</span> <span class='ocrx_word' id='word_1_77' title='bbox 333 650 410 696; x_wconf 85' lang='lat' dir='ltr'>lege</span> <span class='ocrx_word' id='word_1_78' title='bbox 432 649 577 695; x_wconf 88' lang='lat' dir='ltr'>Aquilia</span> <span class='ocrx_word' id='word_1_79' title='bbox 609 659 732 694; x_wconf 85' lang='lat' dir='ltr'>agere,</span> <span class='ocrx_word' id='word_1_80' title='bbox 766 648 850 694; x_wconf 91' lang='lat' dir='ltr'>quia</span> <span class='ocrx_word' id='word_1_81' title='bbox 881 658 1008 692; x_wconf 88' lang='lat' dir='ltr'>equam</span> <span class='ocrx_word' id='word_1_82' title='bbox 1039 647 1077 682; x_wconf 91' lang='lat' dir='ltr'>in</span> <span class='ocrx_word' id='word_1_83' title='bbox 1106 646 1270 682; x_wconf 79' lang='lat' dir='ltr'>iciendo¹</span> 
     </span>
     <span class='ocr_line' id='line_1_13' title="bbox 179 691 1272 742; baseline -0.006 -9"><span class='ocrx_word' id='word_1_84' title='bbox 179 699 337 742; x_wconf 80' lang='lat' dir='ltr'>ruperat.</span> <span class='ocrx_word' id='word_1_85' title='bbox 394 695 425 731; x_wconf 85' lang='lat' dir='ltr'>si</span> <span class='ocrx_word' id='word_1_86' title='bbox 459 694 697 740; x_wconf 85' lang='lat' dir='ltr'>percussisset</span> <span class='ocrx_word' id='word_1_87' title='bbox 729 698 794 728; x_wconf 90' lang='lat' dir='ltr'>aut</span> <span class='ocrx_word' id='word_1_88' title='bbox 830 692 993 728; x_wconf 90' lang='lat' dir='ltr'>consulto</span> <span class='ocrx_word' id='word_1_89' title='bbox 1030 691 1272 727; x_wconf 90' lang='lat' dir='ltr'>vehementius</span> 
     </span>
     <span class='ocr_line' id='line_1_14' title="bbox 182 737 1271 785; baseline -0.005 -9"><span class='ocrx_word' id='word_1_90' title='bbox 182 746 197 777; x_wconf 88' lang='lat'>1</span> <span class='ocrx_word' id='word_1_91' title='bbox 293 741 389 782; x_wconf 69' lang='lat' dir='ltr'>sset,</span> <span class='ocrx_word' id='word_1_92' title='bbox 409 739 523 775; x_wconf 89' lang='lat' dir='ltr'>visum</span> <span class='ocrx_word' id='word_1_93' title='bbox 543 743 597 774; x_wconf 90' lang='lat' dir='ltr'>est</span> <span class='ocrx_word' id='word_1_94' title='bbox 608 749 713 784; x_wconf 82' lang='lat' dir='ltr'>agere</span> <span class='ocrx_word' id='word_1_95' title='bbox 722 749 839 785; x_wconf 91' lang='lat' dir='ltr'>posse.</span> <span class='ocrx_word' id='word_1_96' title='bbox 876 737 1113 773; x_wconf 73' lang='lat' dir='ltr'><em>POMPONIUS.</em></span> <span class='ocrx_word' id='word_1_97' title='bbox 1139 737 1271 781; x_wconf 79' lang='lat' dir='ltr'>Quam-</span> 
     </span>
     <span class='ocr_line' id='line_1_15' title="bbox 178 751 1273 830; baseline -0.005 -8"><span class='ocrx_word' id='word_1_98' title='bbox 178 786 231 822; x_wconf 89' lang='lat' dir='ltr'>vis</span> <span class='ocrx_word' id='word_1_99' title='bbox 249 751 410 821; x_wconf 52' lang='lat' dir='ltr'>ffiienum</span> <span class='ocrx_word' id='word_1_100' title='bbox 433 795 543 830; x_wconf 91' lang='lat' dir='ltr'>pecus</span> <span class='ocrx_word' id='word_1_101' title='bbox 566 784 604 819; x_wconf 89' lang='lat' dir='ltr'>in</span> <span class='ocrx_word' id='word_1_102' title='bbox 627 795 712 830; x_wconf 85' lang='lat' dir='ltr'>agro</span> <span class='ocrx_word' id='word_1_103' title='bbox 737 794 801 819; x_wconf 92' lang='lat' dir='ltr'>suo</span> <span class='ocrx_word' id='word_1_104' title='bbox 827 782 906 828; x_wconf 92' lang='lat' dir='ltr'>quis</span> <span class='ocrx_word' id='word_1_105' title='bbox 939 781 1188 827; x_wconf 76' lang='lat' dir='ltr'>deprehendit,</span> <span class='ocrx_word' id='word_1_106' title='bbox 1221 782 1273 817; x_wconf 85' lang='lat' dir='ltr'>sic</span> 
     </span>
     <span class='ocr_line' id='line_1_16' title="bbox 178 827 1271 876; baseline -0.005 -9"><span class='ocrx_word' id='word_1_107' title='bbox 178 830 267 868; x_wconf 89' lang='lat' dir='ltr'>illud</span> <span class='ocrx_word' id='word_1_108' title='bbox 299 830 474 876; x_wconf 85' lang='lat' dir='ltr'>expellere</span> <span class='ocrx_word' id='word_1_109' title='bbox 504 829 629 872; x_wconf 88' lang='lat' dir='ltr'>debet,</span> <span class='ocrx_word' id='word_1_110' title='bbox 694 828 846 864; x_wconf 90' lang='lat' dir='ltr'>uomodo</span> <span class='ocrx_word' id='word_1_111' title='bbox 879 827 910 863; x_wconf 92' lang='lat' dir='ltr'>si</span> <span class='ocrx_word' id='word_1_112' title='bbox 940 838 1045 863; x_wconf 88' lang='lat' dir='ltr'>suum</span> <span class='ocrx_word' id='word_1_113' title='bbox 1076 827 1271 873; x_wconf 90' lang='lat' dir='ltr'>deprehen-</span> 
     </span>
     <span class='ocr_line' id='line_1_17' title="bbox 180 872 1272 921; baseline -0.005 -9"><span class='ocrx_word' id='word_1_114' title='bbox 180 876 335 919; x_wconf 82' lang='lat' dir='ltr'>disset2‚</span> <span class='ocrx_word' id='word_1_115' title='bbox 360 875 528 921; x_wconf 91' lang='lat' dir='ltr'>quoniam</span> <span class='ocrx_word' id='word_1_116' title='bbox 552 874 583 910; x_wconf 89' lang='lat' dir='ltr'>si</span> <span class='ocrx_word' id='word_1_117' title='bbox 614 875 674 920; x_wconf 90' lang='lat' dir='ltr'>qui</span> <span class='ocrx_word' id='word_1_118' title='bbox 707 875 722 895; x_wconf 83' lang='lat'><strong>³</strong></span> <span class='ocrx_word' id='word_1_119' title='bbox 745 884 790 908; x_wconf 88' lang='lat' dir='ltr'>ex</span> <span class='ocrx_word' id='word_1_120' title='bbox 821 883 864 908; x_wconf 90' lang='lat' dir='ltr'>ea</span> <span class='ocrx_word' id='word_1_121' title='bbox 895 882 934 907; x_wconf 91' lang='lat' dir='ltr'>re</span> <span class='ocrx_word' id='word_1_122' title='bbox 965 872 1135 908; x_wconf 89' lang='lat' dir='ltr'>damnum</span> <span class='ocrx_word' id='word_1_123' title='bbox 1167 872 1272 917; x_wconf 88' lang='lat' dir='ltr'>cepit,</span> 
     </span>
     <span class='ocr_line' id='line_1_18' title="bbox 178 917 1272 967; baseline -0.005 -10"><span class='ocrx_word' id='word_1_124' title='bbox 178 921 290 957; x_wconf 90' lang='lat' dir='ltr'>habet</span> <span class='ocrx_word' id='word_1_125' title='bbox 320 921 484 967; x_wconf 89' lang='lat' dir='ltr'>proprias</span> <span class='ocrx_word' id='word_1_126' title='bbox 516 919 686 955; x_wconf 82' lang='lat' dir='ltr'>actiones.</span> <span class='ocrx_word' id='word_1_127' title='bbox 730 919 852 964; x_wconf 91' lang='lat' dir='ltr'>itaque</span> <span class='ocrx_word' id='word_1_128' title='bbox 883 918 944 963; x_wconf 91' lang='lat' dir='ltr'>qui</span> <span class='ocrx_word' id='word_1_129' title='bbox 1001 928 1085 954; x_wconf 90' lang='lat' dir='ltr'>ecus</span> <span class='ocrx_word' id='word_1_130' title='bbox 1118 917 1272 953; x_wconf 87' lang='lat' dir='ltr'>alienum</span> 
     </span>
     <span class='ocr_line' id='line_1_19' title="bbox 178 962 1273 1012; baseline -0.005 -9"><span class='ocrx_word' id='word_1_131' title='bbox 178 967 238 1003; x_wconf 79' lang='lat' dir='ltr'>in⁴</span> <span class='ocrx_word' id='word_1_132' title='bbox 264 976 349 1012; x_wconf 84' lang='lat' dir='ltr'>agro</span> <span class='ocrx_word' id='word_1_133' title='bbox 374 976 440 1001; x_wconf 91' lang='lat' dir='ltr'>suo</span> <span class='ocrx_word' id='word_1_134' title='bbox 465 964 747 1010; x_wconf 90' lang='lat' dir='ltr'>deprehenderit,</span> <span class='ocrx_word' id='word_1_135' title='bbox 772 974 845 999; x_wconf 91' lang='lat' dir='ltr'>non</span> <span class='ocrx_word' id='word_1_136' title='bbox 867 963 976 998; x_wconf 90' lang='lat' dir='ltr'>iurei</span> <span class='ocrx_word' id='word_1_137' title='bbox 1019 962 1181 1005; x_wconf 88' lang='lat' dir='ltr'>includit,</span> <span class='ocrx_word' id='word_1_138' title='bbox 1206 973 1273 998; x_wconf 91' lang='lat' dir='ltr'>nec</span> 
     </span>
     <span class='ocr_line' id='line_1_20' title="bbox 179 1008 1273 1058; baseline -0.005 -10"><span class='ocrx_word' id='word_1_139' title='bbox 179 1022 286 1058; x_wconf 82' lang='lat' dir='ltr'>agere</span> <span class='ocrx_word' id='word_1_140' title='bbox 307 1010 397 1047; x_wconf 93' lang='lat' dir='ltr'>illud</span> <span class='ocrx_word' id='word_1_141' title='bbox 420 1010 523 1046; x_wconf 88' lang='lat' dir='ltr'>aliter</span> <span class='ocrx_word' id='word_1_142' title='bbox 547 1009 653 1044; x_wconf 91' lang='lat' dir='ltr'>debet</span> <span class='ocrx_word' id='word_1_143' title='bbox 675 1019 783 1054; x_wconf 89' lang='lat' dir='ltr'>quam</span> <span class='ocrx_word' id='word_1_144' title='bbox 807 1011 848 1043; x_wconf 92' lang='lat' dir='ltr'>ut</span> <span class='ocrx_word' id='word_1_145' title='bbox 866 1018 977 1053; x_wconf 89' lang='lat' dir='ltr'>supra</span> <span class='ocrx_word' id='word_1_146' title='bbox 996 1008 1148 1043; x_wconf 84' lang='lat' dir='ltr'>diximus</span> <span class='ocrx_word' id='word_1_147' title='bbox 1193 1008 1273 1043; x_wconf 89' lang='lat' dir='ltr'>uasi</span> 
     </span>
     <span class='ocr_line' id='line_1_21' title="bbox 179 1053 1272 1100; baseline -0.005 -7"><span class='ocrx_word' id='word_1_148' title='bbox 179 1067 302 1094; x_wconf 84' lang='lat' dir='ltr'>suum:</span> <span class='ocrx_word' id='word_1_149' title='bbox 334 1055 397 1092; x_wconf 89' lang='lat' dir='ltr'>sed</span> <span class='ocrx_word' id='word_1_150' title='bbox 419 1055 475 1091; x_wconf 90' lang='lat' dir='ltr'>vel</span> <span class='ocrx_word' id='word_1_151' title='bbox 498 1055 639 1100; x_wconf 86' lang='lat' dir='ltr'>abigere</span> <span class='ocrx_word' id='word_1_152' title='bbox 664 1054 770 1090; x_wconf 91' lang='lat' dir='ltr'>debet</span> <span class='ocrx_word' id='word_1_153' title='bbox 792 1054 893 1089; x_wconf 86' lang='lat' dir='ltr'>sine⁵</span> <span class='ocrx_word' id='word_1_154' title='bbox 917 1053 1047 1089; x_wconf 90' lang='lat' dir='ltr'>damno</span> <span class='ocrx_word' id='word_1_155' title='bbox 1070 1053 1126 1089; x_wconf 92' lang='lat' dir='ltr'>vel</span> <span class='ocrx_word' id='word_1_156' title='bbox 1149 1063 1171 1089; x_wconf 92' lang='lat' dir='ltr'>a</span> <span class='ocrx_word' id='word_1_157' title='bbox 1197 1063 1272 1088; x_wconf 92' lang='lat' dir='ltr'>mo-</span> 
     </span>
     <span class='ocr_line' id='line_1_22' title="bbox 179 1098 856 1143; baseline -0.007 -5"><span class='ocrx_word' id='word_1_158' title='bbox 179 1112 264 1139; x_wconf 90' lang='lat' dir='ltr'>nere</span> <span class='ocrx_word' id='word_1_159' title='bbox 288 1101 480 1143; x_wconf 91' lang='lat' dir='ltr'>dominum,</span> <span class='ocrx_word' id='word_1_160' title='bbox 504 1104 545 1135; x_wconf 93' lang='lat' dir='ltr'>ut</span> <span class='ocrx_word' id='word_1_161' title='bbox 568 1110 672 1135; x_wconf 91' lang='lat' dir='ltr'>suum</span> <span class='ocrx_word' id='word_1_162' title='bbox 695 1098 767 1134; x_wconf 90' lang='lat' dir='ltr'>reci</span> <span class='ocrx_word' id='word_1_163' title='bbox 793 1099 856 1134; x_wconf 90' lang='lat' dir='ltr'>iat.</span> 
     </span>
    </p>

    <p class='ocr_par' dir='ltr' id='par_1_5' title="bbox 176 1143 1273 2408">
     <span class='ocr_line' id='line_1_23' title="bbox 225 1143 1271 1189; baseline -0.007 -4"><span class='ocrx_word' id='word_1_164' title='bbox 225 1145 279 1185; x_wconf 86' lang='lat'>40</span> <span class='ocrx_word' id='word_1_165' title='bbox 303 1146 361 1182; x_wconf 75' lang='grc' dir='ltr'>ΡΛ</span> <span class='ocrx_word' id='word_1_166' title='bbox 369 1155 464 1181; x_wconf 74' lang='lat' dir='ltr'><em>ULUS</em></span> <span class='ocrx_word' id='word_1_167' title='bbox 484 1145 574 1181; x_wconf 84' lang='lat' dir='ltr'>libro</span> <span class='ocrx_word' id='word_1_168' title='bbox 599 1145 702 1180; x_wconf 82' lang='lat' dir='ltr'>tertio</span> <span class='ocrx_word' id='word_1_169' title='bbox 728 1155 751 1178; x_wconf 91' lang='grc' dir='ltr'><em>α</em></span> <span class='ocrx_word' id='word_1_170' title='bbox 798 1144 953 1180; x_wconf 77' lang='lat' dir='ltr'>edictum</span> <span class='ocrx_word' id='word_1_171' title='bbox 998 1143 1040 1178; x_wconf 92' lang='lat' dir='ltr'>In</span> <span class='ocrx_word' id='word_1_172' title='bbox 1063 1144 1139 1189; x_wconf 85' lang='lat' dir='ltr'>lege</span> <span class='ocrx_word' id='word_1_173' title='bbox 1159 1143 1271 1188; x_wconf 87' lang='lat' dir='ltr'>Aqui·</span> 
     </span>
     <span class='ocr_line' id='line_1_24' title="bbox 177 1188 1271 1235; baseline -0.004 -7"><span class='ocrx_word' id='word_1_174' title='bbox 177 1192 239 1235; x_wconf 85' lang='lat' dir='ltr'>lia,</span> <span class='ocrx_word' id='word_1_175' title='bbox 262 1192 293 1228; x_wconf 89' lang='lat' dir='ltr'>si</span> <span class='ocrx_word' id='word_1_176' title='bbox 317 1191 471 1227; x_wconf 89' lang='lat' dir='ltr'>deletum</span> <span class='ocrx_word' id='word_1_177' title='bbox 496 1189 769 1235; x_wconf 86' lang='lat' dir='ltr'>chirographum</span> <span class='ocrx_word' id='word_1_178' title='bbox 791 1189 878 1224; x_wconf 88' lang='lat' dir='ltr'>mihi</span> <span class='ocrx_word' id='word_1_179' title='bbox 899 1198 977 1224; x_wconf 88' lang='lat' dir='ltr'>esse</span> <span class='ocrx_word' id='word_1_180' title='bbox 997 1188 1124 1232; x_wconf 88' lang='lat' dir='ltr'>dicam,</span> <span class='ocrx_word' id='word_1_181' title='bbox 1148 1189 1186 1224; x_wconf 91' lang='lat' dir='ltr'>in</span> <span class='ocrx_word' id='word_1_182' title='bbox 1201 1199 1271 1234; x_wconf 92' lang='lat' dir='ltr'>quo</span> 
     </span>
     <span class='ocr_line' id='line_1_25' title="bbox 179 1233 1273 1280; baseline -0.005 -7"><span class='ocrx_word' id='word_1_183' title='bbox 179 1238 246 1273; x_wconf 91' lang='lat' dir='ltr'>sub</span> <span class='ocrx_word' id='word_1_184' title='bbox 272 1236 481 1272; x_wconf 89' lang='lat' dir='ltr'>condicione</span> <span class='ocrx_word' id='word_1_185' title='bbox 504 1235 589 1270; x_wconf 90' lang='lat' dir='ltr'>mihi</span> <span class='ocrx_word' id='word_1_186' title='bbox 612 1234 766 1280; x_wconf 90' lang='lat' dir='ltr'>pecunia</span> <span class='ocrx_word' id='word_1_187' title='bbox 789 1234 909 1270; x_wconf 89' lang='lat' dir='ltr'>debita</span> <span class='ocrx_word' id='word_1_188' title='bbox 931 1233 1051 1276; x_wconf 84' lang='lat' dir='ltr'>fuerit,</span> <span class='ocrx_word' id='word_1_189' title='bbox 1077 1237 1112 1270; x_wconf 88' lang='lat' dir='ltr'>et</span> <span class='ocrx_word' id='word_1_190' title='bbox 1131 1234 1273 1269; x_wconf 87' lang='lat' dir='ltr'>interim</span> 
     </span>
     <span class='ocr_line' id='line_1_26' title="bbox 177 1279 1271 1332; baseline -0.004 -14"><span class='ocrx_word' id='word_1_191' title='bbox 177 1282 331 1319; x_wconf 88' lang='lat' dir='ltr'>testibus</span> <span class='ocrx_word' id='word_1_192' title='bbox 354 1291 495 1326; x_wconf 91' lang='lat' dir='ltr'>quoque</span> <span class='ocrx_word' id='word_1_193' title='bbox 518 1280 555 1315; x_wconf 91' lang='lat' dir='ltr'>id</span> <span class='ocrx_word' id='word_1_194' title='bbox 577 1280 733 1325; x_wconf 91' lang='lat' dir='ltr'>probare</span> <span class='ocrx_word' id='word_1_195' title='bbox 763 1279 920 1325; x_wconf 89' lang='lat' dir='ltr'>possim,</span> <span class='ocrx_word' id='word_1_196' title='bbox 952 1279 1014 1332; x_wconf 81' lang='lat' dir='ltr'>qui</span> <span class='ocrx_word' id='word_1_197' title='bbox 1045 1282 1155 1315; x_wconf 89' lang='lat' dir='ltr'>testes</span> <span class='ocrx_word' id='word_1_198' title='bbox 1187 1289 1271 1324; x_wconf 91' lang='lat' dir='ltr'>pos-</span> 
     </span>
     <span class='ocr_line' id='line_1_27' title="bbox 178 1323 1272 1370; baseline -0.004 -7"><span class='ocrx_word' id='word_1_199' title='bbox 178 1331 264 1364; x_wconf 87' lang='lat' dir='ltr'>sunt</span> <span class='ocrx_word' id='word_1_200' title='bbox 286 1338 358 1363; x_wconf 91' lang='lat' dir='ltr'>non</span> <span class='ocrx_word' id='word_1_201' title='bbox 383 1336 460 1362; x_wconf 89' lang='lat' dir='ltr'>esse</span> <span class='ocrx_word' id='word_1_202' title='bbox 485 1335 525 1361; x_wconf 91' lang='lat' dir='ltr'>eo</span> <span class='ocrx_word' id='word_1_203' title='bbox 550 1329 721 1370; x_wconf 88' lang='lat' dir='ltr'>tempore,</span> <span class='ocrx_word' id='word_1_204' title='bbox 746 1335 816 1370; x_wconf 92' lang='lat' dir='ltr'>quo</span> <span class='ocrx_word' id='word_1_205' title='bbox 842 1324 1005 1360; x_wconf 75' lang='lat' dir='ltr'>condicio</span> <span class='ocrx_word' id='word_1_206' title='bbox 1030 1324 1159 1367; x_wconf 85' lang='lat' dir='ltr'>extitit,</span> <span class='ocrx_word' id='word_1_207' title='bbox 1183 1327 1219 1360; x_wconf 89' lang='lat' dir='ltr'>et</span> <span class='ocrx_word' id='word_1_208' title='bbox 1242 1323 1272 1359; x_wconf 89' lang='lat' dir='ltr'>si</span> 
     </span>
     <span class='ocr_line' id='line_1_28' title="bbox 178 1369 1271 1416; baseline -0.004 -8"><span class='ocrx_word' id='word_1_209' title='bbox 178 1372 380 1408; x_wconf 81' lang='lat' dir='ltr'>summatim</span> <span class='ocrx_word' id='word_1_210' title='bbox 412 1381 451 1406; x_wconf 88' lang='lat' dir='ltr'>re</span> <span class='ocrx_word' id='word_1_211' title='bbox 483 1371 645 1416; x_wconf 91' lang='lat' dir='ltr'>exposita</span> <span class='ocrx_word' id='word_1_212' title='bbox 675 1370 723 1406; x_wconf 87' lang='lat' dir='ltr'>ad</span> <span class='ocrx_word' id='word_1_213' title='bbox 754 1369 993 1416; x_wconf 86' lang='lat' dir='ltr'>suspicionem</span> <span class='ocrx_word' id='word_1_214' title='bbox 1022 1369 1177 1405; x_wconf 90' lang='lat' dir='ltr'>iudicem</span> <span class='ocrx_word' id='word_1_215' title='bbox 1208 1369 1271 1405; x_wconf 90' lang='lat' dir='ltr'>ad-</span> 
     </span>
     <span class='ocr_line' id='line_1_29' title="bbox 179 1414 1271 1459; baseline -0.004 -6"><span class='ocrx_word' id='word_1_216' title='bbox 179 1417 326 1459; x_wconf 84' lang='lat' dir='ltr'>ducam,</span> <span class='ocrx_word' id='word_1_217' title='bbox 362 1416 511 1451; x_wconf 87' lang='lat' dir='ltr'>debeam</span> <span class='ocrx_word' id='word_1_218' title='bbox 540 1415 701 1451; x_wconf 89' lang='lat' dir='ltr'>vincere:</span> <span class='ocrx_word' id='word_1_219' title='bbox 747 1414 810 1451; x_wconf 88' lang='lat' dir='ltr'>sed</span> <span class='ocrx_word' id='word_1_220' title='bbox 842 1418 930 1450; x_wconf 93' lang='lat' dir='ltr'>tunc</span> <span class='ocrx_word' id='word_1_221' title='bbox 966 1414 1271 1451; x_wconf 86' lang='lat' dir='ltr'>condemnationis</span> 
     </span>
     <span class='ocr_line' id='line_1_30' title="bbox 179 1459 1273 1515; baseline -0.002 -18"><span class='ocrx_word' id='word_1_222' title='bbox 179 1462 318 1515; x_wconf 70' lang='lat' dir='ltr'>exactio</span> <span class='ocrx_word' id='word_1_223' title='bbox 344 1461 526 1514; x_wconf 79' lang='lat' dir='ltr'>cqmpetit,</span> <span class='ocrx_word' id='word_1_224' title='bbox 551 1471 632 1496; x_wconf 90' lang='lat' dir='ltr'>cum</span> <span class='ocrx_word' id='word_1_225' title='bbox 654 1460 765 1513; x_wconf 73' lang='lat' dir='ltr'>debiti</span> <span class='ocrx_word' id='word_1_226' title='bbox 789 1459 952 1512; x_wconf 79' lang='lat' dir='ltr'>condicio</span> <span class='ocrx_word' id='word_1_227' title='bbox 977 1460 1151 1512; x_wconf 76' lang='lat' dir='ltr'>extiterit:</span> <span class='ocrx_word' id='word_1_228' title='bbox 1177 1460 1273 1505; x_wconf 92' lang='lat' dir='ltr'>quod</span> 
     </span>
     <span class='ocr_line' id='line_1_31' title="bbox 178 1505 1271 1597; baseline -0.005 -8"><span class='ocrx_word' id='word_1_229' title='bbox 178 1519 210 1544; x_wconf 77' lang='lat'>⁸¹</span> <span class='ocrx_word' id='word_1_230' title='bbox 224 1505 1183 1597; x_wconf 45' lang='lat' dir='ltr'>Etesiisssssssdzffifflg..233322255233332’2‘·..2</span> <span class='ocrx_word' id='word_1_231' title='bbox 1205 1549 1271 1585; x_wconf 66' lang='lat' dir='ltr'>sa-</span> 
     </span>
     <span class='ocr_line' id='line_1_32' title="bbox 178 1595 1270 1641; baseline -0.002 -9"><span class='ocrx_word' id='word_1_232' title='bbox 178 1597 299 1633; x_wconf 82' lang='lat' dir='ltr'>binum</span> <span class='ocrx_word' id='word_1_233' title='bbox 346 1596 384 1632; x_wconf 91' lang='lat' dir='ltr'>Si</span> <span class='ocrx_word' id='word_1_234' title='bbox 407 1596 486 1641; x_wconf 90' lang='lat' dir='ltr'>quis</span> <span class='ocrx_word' id='word_1_235' title='bbox 509 1600 763 1632; x_wconf 89' lang='lat' dir='ltr'>testamentum</span> <span class='ocrx_word' id='word_1_236' title='bbox 811 1595 973 1637; x_wconf 88' lang='lat' dir='ltr'>eleverit,</span> <span class='ocrx_word' id='word_1_237' title='bbox 998 1606 1046 1630; x_wconf 90' lang='lat' dir='ltr'>an</span> <span class='ocrx_word' id='word_1_238' title='bbox 1073 1595 1193 1630; x_wconf 87' lang='lat' dir='ltr'>damni</span> <span class='ocrx_word' id='word_1_239' title='bbox 1216 1596 1270 1630; x_wconf 93' lang='lat' dir='ltr'>in-</span> 
     </span>
     <span class='ocr_line' id='line_1_33' title="bbox 178 1640 1270 1695; baseline -0.003 -17"><span class='ocrx_word' id='word_1_240' title='bbox 178 1642 291 1695; x_wconf 68' lang='lat' dir='ltr'>iuriae</span> <span class='ocrx_word' id='word_1_241' title='bbox 314 1642 408 1694; x_wconf 80' lang='lat' dir='ltr'>actio</span> <span class='ocrx_word' id='word_1_242' title='bbox 442 1644 623 1686; x_wconf 89' lang='lat' dir='ltr'>competat</span> <span class='ocrx_word' id='word_1_243' title='bbox 632 1668 649 1694; x_wconf 37' lang='lat'>,-</span> <span class='ocrx_word' id='word_1_244' title='bbox 674 1641 867 1677; x_wconf 89' lang='lat' dir='ltr'>videamus.</span> <span class='ocrx_word' id='word_1_245' title='bbox 905 1644 941 1676; x_wconf 89' lang='lat' dir='ltr'>et</span> <span class='ocrx_word' id='word_1_246' title='bbox 962 1640 1158 1676; x_wconf 90' lang='lat' dir='ltr'>Marcellus</span> <span class='ocrx_word' id='word_1_247' title='bbox 1181 1640 1270 1676; x_wconf 87' lang='lat' dir='ltr'>libro</span> 
     </span>
     <span class='ocr_line' id='line_1_34' title="bbox 177 1685 1272 1777; baseline -0.003 -9"><span class='ocrx_word' id='word_1_248' title='bbox 177 1685 871 1776; x_wconf 52' lang='grc' dir='ltr'>ἓᾱωέἕῗιηᾙὲῗὲῗῶῗῗῃὲἓῗὲἒὲἓῇῗὲἔὲ</span> <span class='ocrx_word' id='word_1_249' title='bbox 890 1689 1272 1777; x_wconf 48' lang='grc' dir='ltr'>ἳίἓῖιῗέἰῗιῗέἳςέἓίῗᾱ</span> 
     </span>
     <span class='ocr_line' id='line_1_35' title="bbox 178 1776 1272 1822; baseline -0.002 -9"><span class='ocrx_word' id='word_1_250' title='bbox 178 1788 258 1813; x_wconf 92' lang='lat' dir='ltr'>eum</span> <span class='ocrx_word' id='word_1_251' title='bbox 282 1777 402 1813; x_wconf 88' lang='lat' dir='ltr'>notavi</span> <span class='ocrx_word' id='word_1_252' title='bbox 425 1776 462 1811; x_wconf 90' lang='lat' dir='ltr'>in</span> <span class='ocrx_word' id='word_1_253' title='bbox 485 1780 657 1812; x_wconf 88' lang='lat' dir='ltr'>testatore</span> <span class='ocrx_word' id='word_1_254' title='bbox 680 1776 823 1822; x_wconf 89' lang='lat' dir='ltr'>quidem</span> <span class='ocrx_word' id='word_1_255' title='bbox 841 1776 911 1811; x_wconf 94' lang='lat' dir='ltr'>hoc</span> <span class='ocrx_word' id='word_1_256' title='bbox 932 1786 1009 1811; x_wconf 88' lang='lat' dir='ltr'>esse</span> <span class='ocrx_word' id='word_1_257' title='bbox 1029 1786 1163 1819; x_wconf 91' lang='lat' dir='ltr'>verum,</span> <span class='ocrx_word' id='word_1_258' title='bbox 1187 1776 1272 1821; x_wconf 88' lang='lat' dir='ltr'>quia</span> 
     </span>
     <span class='ocr_line' id='line_1_36' title="bbox 177 1821 1271 1868; baseline -0.002 -10"><span class='ocrx_word' id='word_1_259' title='bbox 177 1822 274 1868; x_wconf 89' lang='lat' dir='ltr'>quod</span> <span class='ocrx_word' id='word_1_260' title='bbox 295 1822 443 1858; x_wconf 88' lang='lat' dir='ltr'>interest</span> <span class='ocrx_word' id='word_1_261' title='bbox 467 1822 542 1857; x_wconf 90' lang='lat' dir='ltr'>eius</span> <span class='ocrx_word' id='word_1_262' title='bbox 563 1821 744 1868; x_wconf 88' lang='lat' dir='ltr'>aestimari</span> <span class='ocrx_word' id='word_1_263' title='bbox 763 1832 835 1856; x_wconf 92' lang='lat' dir='ltr'>non</span> <span class='ocrx_word' id='word_1_264' title='bbox 854 1825 985 1867; x_wconf 87' lang='lat' dir='ltr'>potest,</span> <span class='ocrx_word' id='word_1_265' title='bbox 1009 1831 1132 1856; x_wconf 91' lang='lat' dir='ltr'>verum</span> <span class='ocrx_word' id='word_1_266' title='bbox 1150 1825 1271 1856; x_wconf 89' lang='lat' dir='ltr'>tamen</span> 
     </span>
     <span class='ocr_line' id='line_1_37' title="bbox 176 1866 1271 1912; baseline -0.003 -8"><span class='ocrx_word' id='word_1_267' title='bbox 176 1868 214 1904; x_wconf 90' lang='lat' dir='ltr'>in</span> <span class='ocrx_word' id='word_1_268' title='bbox 237 1867 368 1903; x_wconf 85' lang='lat' dir='ltr'>herede</span> <span class='ocrx_word' id='word_1_269' title='bbox 391 1867 446 1902; x_wconf 92' lang='lat' dir='ltr'>vel</span> <span class='ocrx_word' id='word_1_270' title='bbox 468 1866 648 1912; x_wconf 83' lang='lat' dir='ltr'>legatariis</span> <span class='ocrx_word' id='word_1_271' title='bbox 673 1867 870 1909; x_wconf 87' lang='lat' dir='ltr'>diversum,</span> <span class='ocrx_word' id='word_1_272' title='bbox 903 1866 1033 1912; x_wconf 89' lang='lat' dir='ltr'>quibus</span> <span class='ocrx_word' id='word_1_273' title='bbox 1056 1870 1271 1902; x_wconf 88' lang='lat' dir='ltr'>testamenta</span> 
     </span>
     <span class='ocr_line' id='line_1_38' title="bbox 177 1911 1272 1959; baseline -0.002 -11"><span class='ocrx_word' id='word_1_274' title='bbox 177 1923 294 1959; x_wconf 88' lang='lat' dir='ltr'>paene</span> <span class='ocrx_word' id='word_1_275' title='bbox 326 1913 563 1958; x_wconf 85' lang='lat' dir='ltr'>chirographa</span> <span class='ocrx_word' id='word_1_276' title='bbox 593 1916 678 1948; x_wconf 92' lang='lat' dir='ltr'>sunt</span> <span class='ocrx_word' id='word_1_277' title='bbox 687 1913 712 1948; x_wconf 79' lang='lat'>⁸.</span> <span class='ocrx_word' id='word_1_278' title='bbox 755 1911 888 1947; x_wconf 89' lang='lat' dir='ltr'>ibidem</span> <span class='ocrx_word' id='word_1_279' title='bbox 919 1911 1114 1947; x_wconf 87' lang='lat' dir='ltr'>Marcellus</span> <span class='ocrx_word' id='word_1_280' title='bbox 1148 1911 1272 1947; x_wconf 87' lang='lat' dir='ltr'>scribit</span> 
     </span>
     <span class='ocr_line' id='line_1_39' title="bbox 179 1956 1269 2004; baseline -0.003 -10"><span class='ocrx_word' id='word_1_281' title='bbox 179 1958 413 2004; x_wconf 83' lang='lat' dir='ltr'>chirographo</span> <span class='ocrx_word' id='word_1_282' title='bbox 436 1957 552 1993; x_wconf 89' lang='lat' dir='ltr'>deleto</span> <span class='ocrx_word' id='word_1_283' title='bbox 575 1961 776 2003; x_wconf 89' lang='lat' dir='ltr'>competere</span> <span class='ocrx_word' id='word_1_284' title='bbox 796 1957 882 2002; x_wconf 82' lang='lat' dir='ltr'>legis</span> <span class='ocrx_word' id='word_1_285' title='bbox 894 1956 1059 2002; x_wconf 86' lang='lat' dir='ltr'>Aquiliae</span> <span class='ocrx_word' id='word_1_286' title='bbox 1080 1957 1269 1992; x_wconf 88' lang='lat' dir='ltr'>actionem.</span> 
     </span>
     <span class='ocr_line' id='line_1_40' title="bbox 177 2001 1270 2054; baseline -0.002 -15"><span class='ocrx_word' id='word_1_287' title='bbox 177 2003 241 2039; x_wconf 89' lang='lat' dir='ltr'>sed</span> <span class='ocrx_word' id='word_1_288' title='bbox 272 2007 308 2038; x_wconf 91' lang='lat' dir='ltr'>et</span> <span class='ocrx_word' id='word_1_289' title='bbox 339 2003 370 2039; x_wconf 89' lang='lat' dir='ltr'>si</span> <span class='ocrx_word' id='word_1_290' title='bbox 424 2003 480 2038; x_wconf 91' lang='lat' dir='ltr'>uis</span> <span class='ocrx_word' id='word_1_291' title='bbox 511 2003 654 2038; x_wconf 89' lang='lat' dir='ltr'>tabulas</span> <span class='ocrx_word' id='word_1_292' title='bbox 678 2002 882 2038; x_wconf 84' lang='lat' dir='ltr'>testamenti</span> <span class='ocrx_word' id='word_1_293' title='bbox 905 2002 1003 2047; x_wconf 90' lang='lat' dir='ltr'>apud</span> <span class='ocrx_word' id='word_1_294' title='bbox 1027 2012 1066 2038; x_wconf 91' lang='lat' dir='ltr'>se</span> <span class='ocrx_word' id='word_1_295' title='bbox 1090 2001 1270 2054; x_wconf 84' lang='lat' dir='ltr'>depositas</span> 
     </span>
     <span class='ocr_line' id='line_1_41' title="bbox 178 2014 1270 2093; baseline -0.003 -9"><span class='ocrx_word' id='word_1_296' title='bbox 178 2048 345 2084; x_wconf 87' lang='lat' dir='ltr'>deleverit</span> <span class='ocrx_word' id='word_1_297' title='bbox 367 2014 424 2083; x_wconf 62' lang='lat' dir='ltr'>vei</span> <span class='ocrx_word' id='word_1_298' title='bbox 446 2048 610 2093; x_wconf 91' lang='lat' dir='ltr'>pluribus</span> <span class='ocrx_word' id='word_1_299' title='bbox 633 2048 882 2093; x_wconf 85' lang='lat' dir='ltr'>praesentibus</span> <span class='ocrx_word' id='word_1_300' title='bbox 906 2047 1044 2092; x_wconf 85' lang='lat' dir='ltr'>legerit,</span> <span class='ocrx_word' id='word_1_301' title='bbox 1069 2047 1190 2082; x_wconf 81' lang='lat' dir='ltr'>utilius</span> <span class='ocrx_word' id='word_1_302' title='bbox 1216 2050 1270 2082; x_wconf 90' lang='lat' dir='ltr'>est</span> 
     </span>
     <span class='ocr_line' id='line_1_42' title="bbox 176 2092 1271 2137; baseline -0.001 -9"><span class='ocrx_word' id='word_1_303' title='bbox 176 2094 213 2129; x_wconf 92' lang='lat' dir='ltr'>in</span> <span class='ocrx_word' id='word_1_304' title='bbox 247 2093 385 2128; x_wconf 83' lang='lat' dir='ltr'>factum</span> <span class='ocrx_word' id='word_1_305' title='bbox 416 2098 452 2128; x_wconf 92' lang='lat' dir='ltr'>et</span> <span class='ocrx_word' id='word_1_306' title='bbox 483 2093 693 2128; x_wconf 88' lang='lat' dir='ltr'>iniuriarum</span> <span class='ocrx_word' id='word_1_307' title='bbox 724 2093 800 2137; x_wconf 86' lang='lat' dir='ltr'>agi,</span> <span class='ocrx_word' id='word_1_308' title='bbox 835 2093 865 2128; x_wconf 90' lang='lat' dir='ltr'>si</span> <span class='ocrx_word' id='word_1_309' title='bbox 899 2093 1050 2128; x_wconf 90' lang='lat' dir='ltr'>iniuriae</span> <span class='ocrx_word' id='word_1_310' title='bbox 1083 2092 1271 2127; x_wconf 79' lang='lat' dir='ltr'>faciendae</span> 
     </span>
     <span class='ocr_line' id='line_1_43' title="bbox 183 2137 1270 2183; baseline -0.001 -10"><span class='ocrx_word' id='word_1_311' title='bbox 183 2142 195 2173; x_wconf 83' lang='lat'>1</span> <span class='ocrx_word' id='word_1_312' title='bbox 247 2149 358 2174; x_wconf 90' lang='lat' dir='ltr'>causa</span> <span class='ocrx_word' id='word_1_313' title='bbox 400 2142 539 2174; x_wconf 88' lang='lat' dir='ltr'>secreta</span> <span class='ocrx_word' id='word_1_314' title='bbox 573 2138 786 2173; x_wconf 88' lang='lat' dir='ltr'>iudiciorum</span> <span class='ocrx_word' id='word_1_315' title='bbox 819 2137 1026 2183; x_wconf 88' lang='lat' dir='ltr'>publicavit.</span> <span class='ocrx_word' id='word_1_316' title='bbox 1086 2137 1270 2172; x_wconf 90' lang='lat' dir='ltr'>Interdum</span> 
     </span>
     <span class='ocr_line' id='line_1_44' title="bbox 178 2182 1268 2228; baseline -0.002 -9"><span class='ocrx_word' id='word_1_317' title='bbox 178 2184 317 2219; x_wconf 87' lang='lat' dir='ltr'>evenire</span> <span class='ocrx_word' id='word_1_318' title='bbox 339 2183 558 2228; x_wconf 91' lang='lat' dir='ltr'>Pomponius</span> <span class='ocrx_word' id='word_1_319' title='bbox 584 2183 764 2228; x_wconf 86' lang='lat' dir='ltr'>eleganter</span> <span class='ocrx_word' id='word_1_320' title='bbox 787 2183 849 2225; x_wconf 86' lang='lat' dir='ltr'>ait,</span> <span class='ocrx_word' id='word_1_321' title='bbox 873 2187 914 2218; x_wconf 89' lang='lat' dir='ltr'>ut</span> <span class='ocrx_word' id='word_1_322' title='bbox 938 2183 1016 2228; x_wconf 91' lang='lat' dir='ltr'>quis</span> <span class='ocrx_word' id='word_1_323' title='bbox 1040 2182 1184 2217; x_wconf 88' lang='lat' dir='ltr'>tabulas</span> <span class='ocrx_word' id='word_1_324' title='bbox 1208 2182 1268 2217; x_wconf 88' lang='lat' dir='ltr'>de·</span> 
     </span>
     <span class='ocr_line' id='line_1_45' title="bbox 176 2227 1267 2271; baseline -0.002 -7"><span class='ocrx_word' id='word_1_325' title='bbox 176 2228 281 2264; x_wconf 90' lang='lat' dir='ltr'>lendo</span> <span class='ocrx_word' id='word_1_326' title='bbox 305 2228 393 2263; x_wconf 85' lang='lat' dir='ltr'>furti</span> <span class='ocrx_word' id='word_1_327' title='bbox 416 2239 489 2263; x_wconf 91' lang='lat' dir='ltr'>non</span> <span class='ocrx_word' id='word_1_328' title='bbox 513 2232 687 2271; x_wconf 88' lang='lat' dir='ltr'>teneatur,</span> <span class='ocrx_word' id='word_1_329' title='bbox 713 2228 776 2263; x_wconf 88' lang='lat' dir='ltr'>sed</span> <span class='ocrx_word' id='word_1_330' title='bbox 800 2231 941 2263; x_wconf 88' lang='lat' dir='ltr'>tantum</span> <span class='ocrx_word' id='word_1_331' title='bbox 965 2227 1084 2262; x_wconf 89' lang='lat' dir='ltr'>damni</span> <span class='ocrx_word' id='word_1_332' title='bbox 1106 2227 1267 2270; x_wconf 90' lang='lat' dir='ltr'>iniuriae,</span> 
     </span>
     <span class='ocr_line' id='line_1_46' title="bbox 177 2272 1269 2318; baseline 0 -10"><span class='ocrx_word' id='word_1_333' title='bbox 177 2279 218 2308; x_wconf 91' lang='lat' dir='ltr'>ut</span> <span class='ocrx_word' id='word_1_334' title='bbox 249 2278 339 2318; x_wconf 89' lang='lat' dir='ltr'>puta</span> <span class='ocrx_word' id='word_1_335' title='bbox 373 2273 404 2309; x_wconf 91' lang='lat' dir='ltr'>si</span> <span class='ocrx_word' id='word_1_336' title='bbox 439 2284 511 2308; x_wconf 92' lang='lat' dir='ltr'>non</span> <span class='ocrx_word' id='word_1_337' title='bbox 546 2273 664 2308; x_wconf 91' lang='lat' dir='ltr'>animo</span> <span class='ocrx_word' id='word_1_338' title='bbox 698 2273 786 2309; x_wconf 84' lang='lat' dir='ltr'>furti</span> <span class='ocrx_word' id='word_1_339' title='bbox 819 2272 994 2315; x_wconf 82' lang='lat' dir='ltr'>faciendi,</span> <span class='ocrx_word' id='word_1_340' title='bbox 1030 2272 1094 2308; x_wconf 89' lang='lat' dir='ltr'>sed</span> <span class='ocrx_word' id='word_1_341' title='bbox 1128 2276 1269 2308; x_wconf 84' lang='lat' dir='ltr'>tantum</span> 
     </span>
     <span class='ocr_line' id='line_1_47' title="bbox 179 2317 1267 2354; baseline -0.001 0"><span class='ocrx_word' id='word_1_342' title='bbox 179 2318 298 2354; x_wconf 80' lang='lat' dir='ltr'>damni</span> <span class='ocrx_word' id='word_1_343' title='bbox 322 2318 430 2354; x_wconf 91' lang='lat' dir='ltr'>dandi</span> <span class='ocrx_word' id='word_1_344' title='bbox 454 2318 598 2354; x_wconf 87' lang='lat' dir='ltr'>delevit:</span> <span class='ocrx_word' id='word_1_345' title='bbox 632 2329 715 2354; x_wconf 85' lang='lat' dir='ltr'>nam</span> <span class='ocrx_word' id='word_1_346' title='bbox 737 2317 825 2353; x_wconf 86' lang='lat' dir='ltr'>furti</span> <span class='ocrx_word' id='word_1_347' title='bbox 849 2329 922 2354; x_wconf 93' lang='lat' dir='ltr'>non</span> <span class='ocrx_word' id='word_1_348' title='bbox 954 2318 1153 2353; x_wconf 86' lang='lat' dir='ltr'>tenebitur:</span> <span class='ocrx_word' id='word_1_349' title='bbox 1187 2329 1267 2353; x_wconf 91' lang='lat' dir='ltr'>cum</span> 
     </span>
     <span class='ocr_line' id='line_1_48' title="bbox 176 2362 1119 2408; baseline -0.001 -9"><span class='ocrx_word' id='word_1_350' title='bbox 176 2363 275 2399; x_wconf 79' lang='lat' dir='ltr'>facto</span> <span class='ocrx_word' id='word_1_351' title='bbox 301 2364 394 2399; x_wconf 89' lang='lat' dir='ltr'>enim</span> <span class='ocrx_word' id='word_1_352' title='bbox 418 2363 525 2399; x_wconf 89' lang='lat' dir='ltr'>etiam</span> <span class='ocrx_word' id='word_1_353' title='bbox 549 2363 707 2398; x_wconf 90' lang='lat' dir='ltr'>animum</span> <span class='ocrx_word' id='word_1_354' title='bbox 729 2363 819 2398; x_wconf 86' lang='lat' dir='ltr'>fur-is</span> <span class='ocrx_word' id='word_1_355' title='bbox 842 2362 979 2399; x_wconf 85' lang='lat' dir='ltr'>furtum</span> <span class='ocrx_word' id='word_1_356' title='bbox 1002 2362 1119 2408; x_wconf 83' lang='lat' dir='ltr'>exigit.</span> 
     </span>
    </p>

    <p class='ocr_par' dir='ltr' id='par_1_6' title="bbox 177 2406 1268 2715">
     <span class='ocr_line' id='line_1_49' title="bbox 223 2406 1268 2461; baseline -0.003 -16"><span class='ocrx_word' id='word_1_357' title='bbox 223 2406 277 2446; x_wconf 81' lang='lat'>42</span> <span class='ocrx_word' id='word_1_358' title='bbox 301 2408 495 2461; x_wconf 63' lang='lat' dir='ltr'>IULJANUS</span> <span class='ocrx_word' id='word_1_359' title='bbox 515 2409 607 2444; x_wconf 82' lang='lat' dir='ltr'>libro</span> <span class='ocrx_word' id='word_1_360' title='bbox 632 2408 939 2455; x_wconf 76' lang='lat' dir='ltr'>quadraqensimo</span> <span class='ocrx_word' id='word_1_361' title='bbox 963 2412 1089 2443; x_wconf 81' lang='lat' dir='ltr'>octavo</span> <span class='ocrx_word' id='word_1_362' title='bbox 1114 2407 1268 2461; x_wconf 72' lang='lat' dir='ltr'>diqesto-</span> 
     </span>
     <span class='ocr_line' id='line_1_50' title="bbox 177 2453 1267 2498; baseline -0.001 -9"><span class='ocrx_word' id='word_1_363' title='bbox 177 2465 257 2489; x_wconf 84' lang='lat' dir='ltr'>rum</span> <span class='ocrx_word' id='word_1_364' title='bbox 305 2453 372 2498; x_wconf 80' lang='lat' dir='ltr'>Qui</span> <span class='ocrx_word' id='word_1_365' title='bbox 403 2454 546 2488; x_wconf 87' lang='lat' dir='ltr'>tabulas</span> <span class='ocrx_word' id='word_1_366' title='bbox 577 2454 782 2489; x_wconf 86' lang='lat' dir='ltr'>testamenti</span> <span class='ocrx_word' id='word_1_367' title='bbox 814 2453 858 2489; x_wconf 88' lang='lat' dir='ltr'>de</span> <span class='ocrx_word' id='word_1_368' title='bbox 885 2453 996 2488; x_wconf 88' lang='lat' dir='ltr'>ositas</span> <span class='ocrx_word' id='word_1_369' title='bbox 1029 2456 1092 2488; x_wconf 88' lang='lat' dir='ltr'>aut</span> <span class='ocrx_word' id='word_1_370' title='bbox 1115 2453 1267 2489; x_wconf 81' lang='lat' dir='ltr'>alicuius</span> 
     </span>
     <span class='ocr_line' id='line_1_51' title="bbox 177 2498 1267 2543; baseline 0 -10"><span class='ocrx_word' id='word_1_371' title='bbox 177 2499 229 2534; x_wconf 89' lang='lat' dir='ltr'>rei</span> <span class='ocrx_word' id='word_1_372' title='bbox 251 2499 525 2534; x_wconf 90' lang='lat' dir='ltr'>instrumentum</span> <span class='ocrx_word' id='word_1_373' title='bbox 549 2499 600 2534; x_wconf 87' lang='lat' dir='ltr'>ita</span> <span class='ocrx_word' id='word_1_374' title='bbox 625 2498 770 2541; x_wconf 88' lang='lat' dir='ltr'>delevit,</span> <span class='ocrx_word' id='word_1_375' title='bbox 795 2502 835 2533; x_wconf 92' lang='lat' dir='ltr'>ut</span> <span class='ocrx_word' id='word_1_376' title='bbox 873 2498 926 2543; x_wconf 85' lang='lat' dir='ltr'>egi</span> <span class='ocrx_word' id='word_1_377' title='bbox 949 2508 1022 2533; x_wconf 87' lang='grc' dir='ltr'>ιιοιι</span> <span class='ocrx_word' id='word_1_378' title='bbox 1046 2498 1181 2543; x_wconf 90' lang='lat' dir='ltr'>possit,</span> <span class='ocrx_word' id='word_1_379' title='bbox 1207 2498 1267 2533; x_wconf 87' lang='lat' dir='ltr'>de-</span> 
     </span>
     <span class='ocr_line' id='line_1_52' title="bbox 177 2543 1267 2589; baseline 0 -10"><span class='ocrx_word' id='word_1_380' title='bbox 177 2544 286 2589; x_wconf 86' lang='lat' dir='ltr'>positi</span> <span class='ocrx_word' id='word_1_381' title='bbox 310 2543 451 2579; x_wconf 90' lang='lat' dir='ltr'>actione</span> <span class='ocrx_word' id='word_1_382' title='bbox 474 2548 509 2579; x_wconf 90' lang='lat' dir='ltr'>et</span> <span class='ocrx_word' id='word_1_383' title='bbox 532 2543 579 2578; x_wconf 88' lang='lat' dir='ltr'>ad</span> <span class='ocrx_word' id='word_1_384' title='bbox 611 2543 848 2579; x_wconf 86' lang='lat' dir='ltr'>exhibendum</span> <span class='ocrx_word' id='word_1_385' title='bbox 879 2547 1038 2586; x_wconf 91' lang='lat' dir='ltr'>tenetur,</span> <span class='ocrx_word' id='word_1_386' title='bbox 1072 2543 1156 2588; x_wconf 90' lang='lat' dir='ltr'>quia</span> <span class='ocrx_word' id='word_1_387' title='bbox 1188 2554 1267 2579; x_wconf 89' lang='lat' dir='ltr'>cor-</span> 
     </span>
     <span class='ocr_line' id='line_1_53' title="bbox 177 2588 1268 2634; baseline 0.001 -11"><span class='ocrx_word' id='word_1_388' title='bbox 177 2593 320 2634; x_wconf 87' lang='lat' dir='ltr'>ruptam</span> <span class='ocrx_word' id='word_1_389' title='bbox 342 2598 416 2624; x_wconf 87' lang='lat' dir='ltr'>rem</span> <span class='ocrx_word' id='word_1_390' title='bbox 439 2588 635 2624; x_wconf 89' lang='lat' dir='ltr'>restituerit</span> <span class='ocrx_word' id='word_1_391' title='bbox 658 2592 722 2624; x_wconf 88' lang='lat' dir='ltr'>aut</span> <span class='ocrx_word' id='word_1_392' title='bbox 745 2589 955 2624; x_wconf 83' lang='lat' dir='ltr'>exhibuerit.</span> <span class='ocrx_word' id='word_1_393' title='bbox 991 2588 1078 2633; x_wconf 87' lang='lat' dir='ltr'>legis</span> <span class='ocrx_word' id='word_1_394' title='bbox 1103 2589 1268 2634; x_wconf 91' lang='lat' dir='ltr'>quoque⁷</span> 
     </span>
     <span class='ocr_line' id='line_1_54' title="bbox 178 2633 1268 2685; baseline 0.001 -17"><span class='ocrx_word' id='word_1_395' title='bbox 178 2633 342 2685; x_wconf 82' lang='lat' dir='ltr'>Aquiliae</span> <span class='ocrx_word' id='word_1_396' title='bbox 366 2633 459 2668; x_wconf 90' lang='lat' dir='ltr'>actio</span> <span class='ocrx_word' id='word_1_397' title='bbox 485 2644 528 2669; x_wconf 89' lang='lat' dir='ltr'>ex</span> <span class='ocrx_word' id='word_1_398' title='bbox 553 2633 676 2669; x_wconf 86' lang='lat' dir='ltr'>eadem</span> <span class='ocrx_word' id='word_1_399' title='bbox 701 2644 812 2669; x_wconf 89' lang='lat' dir='ltr'>causa</span> <span class='ocrx_word' id='word_1_400' title='bbox 844 2633 1033 2679; x_wconf 88' lang='lat' dir='ltr'>competit:</span> <span class='ocrx_word' id='word_1_401' title='bbox 1067 2634 1268 2679; x_wconf 83' lang='lat' dir='ltr'>corrupisse</span> 
     </span>
     <span class='ocr_line' id='line_1_55' title="bbox 180 2678 1186 2715; baseline 0.001 -2"><span class='ocrx_word' id='word_1_402' title='bbox 180 2689 272 2713; x_wconf 87' lang='lat' dir='ltr'>emm</span> <span class='ocrx_word' id='word_1_403' title='bbox 295 2678 437 2713; x_wconf 89' lang='lat' dir='ltr'>tabulas</span> <span class='ocrx_word' id='word_1_404' title='bbox 461 2683 558 2713; x_wconf 87' lang='lat' dir='ltr'>recte</span> <span class='ocrx_word' id='word_1_405' title='bbox 583 2679 713 2715; x_wconf 87' lang='lat' dir='ltr'>dicitur</span> <span class='ocrx_word' id='word_1_406' title='bbox 735 2683 771 2715; x_wconf 90' lang='lat' dir='ltr'>et</span> <span class='ocrx_word' id='word_1_407' title='bbox 818 2679 854 2714; x_wconf 85' lang='lat' dir='ltr'>ui</span> <span class='ocrx_word' id='word_1_408' title='bbox 878 2689 939 2714; x_wconf 89' lang='lat' dir='ltr'>eas</span> <span class='ocrx_word' id='word_1_409' title='bbox 962 2678 1186 2714; x_wconf 90' lang='lat' dir='ltr'>interleverit.</span> 
     </span>
    </p>

    <p class='ocr_par' dir='ltr' id='par_1_7' title="bbox 176 2721 1267 3299">
     <span class='ocr_line' id='line_1_56' title="bbox 226 2721 1267 2760; baseline -0.002 0"><span class='ocrx_word' id='word_1_410' title='bbox 226 2721 278 2760; x_wconf 88' lang='lat'>43</span> <span class='ocrx_word' id='word_1_411' title='bbox 304 2722 533 2759; x_wconf 70' lang='lat' dir='ltr'>Poupomzss</span> <span class='ocrx_word' id='word_1_412' title='bbox 554 2724 645 2759; x_wconf 81' lang='lat' dir='ltr'>libro</span> <span class='ocrx_word' id='word_1_413' title='bbox 669 2735 765 2759; x_wconf 81' lang='lat' dir='ltr'>nono</span> <span class='ocrx_word' id='word_1_414' title='bbox 810 2725 922 2760; x_wconf 84' lang='lat' dir='ltr'>ecimo</span> <span class='ocrx_word' id='word_1_415' title='bbox 942 2722 1177 2760; x_wconf 80' lang='lat' dir='ltr'>adsabinum</span> <span class='ocrx_word' id='word_1_416' title='bbox 1213 2723 1267 2759; x_wconf 92' lang='lat' dir='ltr'>Ob</span> 
     </span>
     <span class='ocr_line' id='line_1_57' title="bbox 178 2767 1265 2814; baseline 0.002 -12"><span class='ocrx_word' id='word_1_417' title='bbox 178 2767 226 2809; x_wconf 90' lang='lat' dir='ltr'>id,</span> <span class='ocrx_word' id='word_1_418' title='bbox 252 2767 349 2814; x_wconf 89' lang='lat' dir='ltr'>quod</span> <span class='ocrx_word' id='word_1_419' title='bbox 372 2772 456 2803; x_wconf 90' lang='lat' dir='ltr'>ante</span> <span class='ocrx_word' id='word_1_420' title='bbox 504 2779 586 2803; x_wconf 88' lang='lat' dir='ltr'>uam</span> <span class='ocrx_word' id='word_1_421' title='bbox 609 2769 843 2804; x_wconf 87' lang='lat' dir='ltr'>hereditatem</span> <span class='ocrx_word' id='word_1_422' title='bbox 866 2768 983 2805; x_wconf 86' lang='lat' dir='ltr'>adires</span> <span class='ocrx_word' id='word_1_423' title='bbox 1009 2768 1178 2804; x_wconf 89' lang='lat' dir='ltr'>damnum</span> <span class='ocrx_word' id='word_1_424' title='bbox 1201 2768 1265 2804; x_wconf 89' lang='lat' dir='ltr'>ad-</span> 
     </span>
     <span class='ocr_line' id='line_1_58' title="bbox 178 2812 1266 2866; baseline 0.002 -19"><span class='ocrx_word' id='word_1_425' title='bbox 178 2813 325 2848; x_wconf 89' lang='lat' dir='ltr'>missum</span> <span class='ocrx_word' id='word_1_426' title='bbox 349 2812 385 2847; x_wconf 90' lang='lat' dir='ltr'>in</span> <span class='ocrx_word' id='word_1_427' title='bbox 408 2823 465 2848; x_wconf 89' lang='lat' dir='ltr'>res</span> <span class='ocrx_word' id='word_1_428' title='bbox 516 2814 723 2850; x_wconf 88' lang='lat' dir='ltr'>ereditarias</span> <span class='ocrx_word' id='word_1_429' title='bbox 749 2818 822 2856; x_wconf 91' lang='lat' dir='ltr'>est,</span> <span class='ocrx_word' id='word_1_430' title='bbox 855 2813 943 2866; x_wconf 79' lang='lat' dir='ltr'>legis</span> <span class='ocrx_word' id='word_1_431' title='bbox 966 2813 1131 2859; x_wconf 88' lang='lat' dir='ltr'>Aquiliae</span> <span class='ocrx_word' id='word_1_432' title='bbox 1155 2813 1266 2849; x_wconf 87' lang='lat' dir='ltr'>actio·</span> 
     </span>
     <span class='ocr_line' id='line_1_59' title="bbox 178 2857 1266 2910; baseline 0 -16"><span class='ocrx_word' id='word_1_433' title='bbox 178 2869 260 2909; x_wconf 78' lang='lat' dir='ltr'>nem</span> <span class='ocrx_word' id='word_1_434' title='bbox 282 2857 414 2910; x_wconf 77' lang='lat' dir='ltr'>habes,</span> <span class='ocrx_word' id='word_1_435' title='bbox 448 2858 567 2910; x_wconf 79' lang='lat' dir='ltr'>quod⁸</span> <span class='ocrx_word' id='word_1_436' title='bbox 590 2863 673 2904; x_wconf 90' lang='lat' dir='ltr'>post</span> <span class='ocrx_word' id='word_1_437' title='bbox 696 2864 844 2895; x_wconf 87' lang='lat' dir='ltr'>mortem</span> <span class='ocrx_word' id='word_1_438' title='bbox 869 2869 963 2901; x_wconf 81' lang='lat' dir='ltr'>eius,</span> <span class='ocrx_word' id='word_1_439' title='bbox 996 2858 1055 2894; x_wconf 89' lang='lat' dir='ltr'>cui</span> <span class='ocrx_word' id='word_1_440' title='bbox 1077 2859 1180 2894; x_wconf 88' lang='lat' dir='ltr'>heres</span> <span class='ocrx_word' id='word_1_441' title='bbox 1205 2859 1266 2902; x_wconf 89' lang='lat' dir='ltr'>sis,</span> 
     </span>
     <span class='ocr_line' id='line_1_60' title="bbox 178 2902 1266 2949; baseline 0.001 -12"><span class='ocrx_word' id='word_1_442' title='bbox 178 2902 367 2938; x_wconf 77' lang='lat' dir='ltr'>acciderit:</span> <span class='ocrx_word' id='word_1_443' title='bbox 401 2902 580 2938; x_wconf 86' lang='lat' dir='ltr'>dommum</span> <span class='ocrx_word' id='word_1_444' title='bbox 612 2904 704 2939; x_wconf 90' lang='lat' dir='ltr'>enim</span> <span class='ocrx_word' id='word_1_445' title='bbox 734 2904 792 2939; x_wconf 87' lang='lat' dir='ltr'>lex</span> <span class='ocrx_word' id='word_1_446' title='bbox 823 2904 968 2949; x_wconf 87' lang='lat' dir='ltr'>Aquilia</span> <span class='ocrx_word' id='word_1_447' title='bbox 1003 2904 1162 2949; x_wconf 88' lang='lat' dir='ltr'>appellat</span> <span class='ocrx_word' id='word_1_448' title='bbox 1195 2914 1266 2939; x_wconf 91' lang='lat' dir='ltr'>non</span> 
     </span>
     <span class='ocr_line' id='line_1_61' title="bbox 178 2947 1265 2993; baseline 0 -9"><span class='ocrx_word' id='word_1_449' title='bbox 178 2947 301 2993; x_wconf 88' lang='lat' dir='ltr'>utique</span> <span class='ocrx_word' id='word_1_450' title='bbox 325 2958 423 2990; x_wconf 91' lang='lat' dir='ltr'>eum,</span> <span class='ocrx_word' id='word_1_451' title='bbox 454 2948 515 2992; x_wconf 89' lang='lat' dir='ltr'>qui</span> <span class='ocrx_word' id='word_1_452' title='bbox 539 2953 624 2984; x_wconf 86' lang='lat' dir='ltr'>tunc</span> <span class='ocrx_word' id='word_1_453' title='bbox 647 2948 773 2991; x_wconf 87' lang='lat' dir='ltr'>fuerit,</span> <span class='ocrx_word' id='word_1_454' title='bbox 808 2960 888 2985; x_wconf 92' lang='lat' dir='ltr'>cum</span> <span class='ocrx_word' id='word_1_455' title='bbox 912 2949 1078 2984; x_wconf 87' lang='lat' dir='ltr'>damnum</span> <span class='ocrx_word' id='word_1_456' title='bbox 1102 2948 1265 2984; x_wconf 87' lang='lat' dir='ltr'>daretur:</span> 
     </span>
     <span class='ocr_line' id='line_1_62' title="bbox 178 2992 1265 3047; baseline -0.001 -18"><span class='ocrx_word' id='word_1_457' title='bbox 178 3003 262 3029; x_wconf 86' lang='lat' dir='ltr'>nam</span> <span class='ocrx_word' id='word_1_458' title='bbox 285 2992 353 3028; x_wconf 91' lang='lat' dir='ltr'>isto</span> <span class='ocrx_word' id='word_1_459' title='bbox 378 2992 482 3027; x_wconf 87' lang='lat' dir='ltr'>modo</span> <span class='ocrx_word' id='word_1_460' title='bbox 507 3003 551 3028; x_wconf 93' lang='lat' dir='ltr'>ne</span> <span class='ocrx_word' id='word_1_461' title='bbox 575 2994 619 3028; x_wconf 89' lang='lat' dir='ltr'>ab</span> <span class='ocrx_word' id='word_1_462' title='bbox 644 3004 684 3029; x_wconf 95' lang='lat' dir='ltr'>eo</span> <span class='ocrx_word' id='word_1_463' title='bbox 709 2994 863 3040; x_wconf 91' lang='lat' dir='ltr'>quidem,</span> <span class='ocrx_word' id='word_1_464' title='bbox 888 2994 946 3030; x_wconf 91' lang='lat' dir='ltr'>cui</span> <span class='ocrx_word' id='word_1_465' title='bbox 966 2994 1068 3029; x_wconf 90' lang='lat' dir='ltr'>heres</span> <span class='ocrx_word' id='word_1_466' title='bbox 1089 2994 1168 3047; x_wconf 87' lang='lat' dir='ltr'>quis</span> <span class='ocrx_word' id='word_1_467' title='bbox 1189 2994 1265 3033; x_wconf 87' lang='lat' dir='ltr'>erit,</span> 
     </span>
     <span class='ocr_line' id='line_1_63' title="bbox 176 3036 1265 3089; baseline 0.001 -16"><span class='ocrx_word' id='word_1_468' title='bbox 176 3038 333 3073; x_wconf 79' lang='lat' dir='ltr'>transire</span> <span class='ocrx_word' id='word_1_469' title='bbox 357 3036 506 3089; x_wconf 35' lang='lat' dir='ltr'>adoeum</span> <span class='ocrx_word' id='word_1_470' title='bbox 531 3048 572 3072; x_wconf 87' lang='lat' dir='ltr'>ea</span> <span class='ocrx_word' id='word_1_471' title='bbox 596 3039 689 3074; x_wconf 86' lang='lat' dir='ltr'>actio</span> <span class='ocrx_word' id='word_1_472' title='bbox 714 3039 862 3085; x_wconf 87' lang='lat' dir='ltr'>poterit:</span> <span class='ocrx_word' id='word_1_473' title='bbox 888 3049 1003 3084; x_wconf 92' lang='lat' dir='ltr'>neque</span> <span class='ocrx_word' id='word_1_474' title='bbox 1026 3039 1072 3074; x_wconf 92' lang='lat' dir='ltr'>ob</span> <span class='ocrx_word' id='word_1_475' title='bbox 1097 3039 1144 3081; x_wconf 87' lang='lat' dir='ltr'>1d,</span> <span class='ocrx_word' id='word_1_476' title='bbox 1169 3039 1265 3084; x_wconf 90' lang='lat' dir='ltr'>quod</span> 
     </span>
     <span class='ocr_line' id='line_1_64' title="bbox 178 3082 1267 3129; baseline 0 -11"><span class='ocrx_word' id='word_1_477' title='bbox 178 3086 255 3118; x_wconf 88' lang='lat' dir='ltr'>tum</span> <span class='ocrx_word' id='word_1_478' title='bbox 288 3092 514 3118; x_wconf 76' lang='lat' dir='ltr'>commissum</span> <span class='ocrx_word' id='word_1_479' title='bbox 548 3082 675 3126; x_wconf 86' lang='lat' dir='ltr'>fuerit,</span> <span class='ocrx_word' id='word_1_480' title='bbox 712 3095 793 3119; x_wconf 93' lang='lat' dir='ltr'>cum</span> <span class='ocrx_word' id='word_1_481' title='bbox 827 3084 863 3119; x_wconf 89' lang='lat' dir='ltr'>in</span> <span class='ocrx_word' id='word_1_482' title='bbox 898 3084 1054 3120; x_wconf 90' lang='lat' dir='ltr'>hostium</span> <span class='ocrx_word' id='word_1_483' title='bbox 1088 3088 1267 3129; x_wconf 85' lang='lat' dir='ltr'>potestate</span> 
     </span>
     <span class='ocr_line' id='line_1_65' title="bbox 179 3127 1267 3180; baseline 0 -16"><span class='ocrx_word' id='word_1_484' title='bbox 179 3137 295 3180; x_wconf 57' lang='lat' dir='ltr'>esses,</span> <span class='ocrx_word' id='word_1_485' title='bbox 309 3136 414 3179; x_wconf 75' lang='lat' dir='ltr'>agere</span> <span class='ocrx_word' id='word_1_486' title='bbox 434 3127 648 3172; x_wconf 87' lang='lat' dir='ltr'>postliminio</span> <span class='ocrx_word' id='word_1_487' title='bbox 662 3139 823 3164; x_wconf 88' lang='lat' dir='ltr'>reversus</span> <span class='ocrx_word' id='word_1_488' title='bbox 844 3129 996 3174; x_wconf 82' lang='lat' dir='ltr'>poteris:</span> <span class='ocrx_word' id='word_1_489' title='bbox 1019 3133 1054 3164; x_wconf 89' lang='lat' dir='ltr'>et</span> <span class='ocrx_word' id='word_1_490' title='bbox 1073 3129 1142 3164; x_wconf 91' lang='lat' dir='ltr'>hoc</span> <span class='ocrx_word' id='word_1_491' title='bbox 1164 3129 1267 3164; x_wconf 82' lang='lat' dir='ltr'>aliter</span> 
     </span>
     <span class='ocr_line' id='line_1_66' title="bbox 180 3173 1266 3219; baseline 0 -10"><span class='ocrx_word' id='word_1_492' title='bbox 180 3175 350 3209; x_wconf 78' lang='lat' dir='ltr'>constitui</span> <span class='ocrx_word' id='word_1_493' title='bbox 370 3181 445 3207; x_wconf 88' lang='lat' dir='ltr'>sme</span> <span class='ocrx_word' id='word_1_494' title='bbox 466 3182 593 3217; x_wconf 81' lang='lat' dir='ltr'>magna</span> <span class='ocrx_word' id='word_1_495' title='bbox 613 3173 778 3218; x_wconf 89' lang='lat' dir='ltr'>captione</span> <span class='ocrx_word' id='word_1_496' title='bbox 797 3178 1044 3219; x_wconf 89' lang='lat' dir='ltr'>postumorum</span> <span class='ocrx_word' id='word_1_497' title='bbox 1062 3174 1266 3216; x_wconf 90' lang='lat' dir='ltr'>liberorum,</span> 
     </span>
     <span class='ocr_line' id='line_1_67' title="bbox 178 3216 1266 3299; baseline 0.001 -46"><span class='ocrx_word' id='word_1_498' title='bbox 178 3217 241 3299; x_wconf 53' lang='lat' dir='ltr'>alui</span> <span class='ocrx_word' id='word_1_499' title='bbox 270 3216 479 3263; x_wconf 84' lang='lat' dir='ltr'>parentibus</span> <span class='ocrx_word' id='word_1_500' title='bbox 511 3217 658 3253; x_wconf 88' lang='lat' dir='ltr'>heredes</span> <span class='ocrx_word' id='word_1_501' title='bbox 691 3223 812 3260; x_wconf 87' lang='lat' dir='ltr'>erunt,</span> <span class='ocrx_word' id='word_1_502' title='bbox 848 3231 921 3255; x_wconf 90' lang='lat' dir='ltr'>non</span> <span class='ocrx_word' id='word_1_503' title='bbox 955 3219 1096 3265; x_wconf 86' lang='lat' dir='ltr'>poterit.</span> <span class='ocrx_word' id='word_1_504' title='bbox 1143 3219 1266 3254; x_wconf 89' lang='lat' dir='ltr'>eadem</span> 
     </span>
    </p>

    <p class='ocr_par' dir='ltr' id='par_1_8' title="bbox 178 3261 1267 3443">
     <span class='ocr_line' id='line_1_68' title="bbox 206 3261 1264 3300; baseline 0.001 -2"><span class='ocrx_word' id='word_1_505' title='bbox 206 3262 339 3298; x_wconf 85' lang='lat' dir='ltr'>‘cemus</span> <span class='ocrx_word' id='word_1_506' title='bbox 371 3266 407 3297; x_wconf 86' lang='lat' dir='ltr'>et</span> <span class='ocrx_word' id='word_1_507' title='bbox 430 3261 474 3296; x_wconf 89' lang='lat' dir='ltr'>de</span> <span class='ocrx_word' id='word_1_508' title='bbox 498 3261 686 3298; x_wconf 84' lang='lat' dir='ltr'>arboribus</span> <span class='ocrx_word' id='word_1_509' title='bbox 710 3263 832 3299; x_wconf 89' lang='lat' dir='ltr'>eodem</span> <span class='ocrx_word' id='word_1_510' title='bbox 855 3268 925 3300; x_wconf 90' lang='lat' dir='ltr'>tem</span> <span class='ocrx_word' id='word_1_511' title='bbox 952 3274 1014 3299; x_wconf 89' lang='lat' dir='ltr'>ore</span> <span class='ocrx_word' id='word_1_512' title='bbox 1037 3263 1160 3299; x_wconf 86' lang='lat' dir='ltr'>furtim</span> <span class='ocrx_word' id='word_1_513' title='bbox 1184 3274 1264 3299; x_wconf 89' lang='lat' dir='ltr'>cae-</span> 
     </span>
     <span class='ocr_line' id='line_1_69' title="bbox 178 3306 1267 3353; baseline 0 -9"><span class='ocrx_word' id='word_1_514' title='bbox 178 3307 240 3344; x_wconf 80' lang='lat' dir='ltr'>sis.</span> <span class='ocrx_word' id='word_1_515' title='bbox 276 3311 364 3353; x_wconf 89' lang='lat' dir='ltr'>puto</span> <span class='ocrx_word' id='word_1_516' title='bbox 395 3306 518 3342; x_wconf 84' lang='lat' dir='ltr'>eadem</span> <span class='ocrx_word' id='word_1_517' title='bbox 550 3306 619 3342; x_wconf 91' lang='lat' dir='ltr'>dici</span> <span class='ocrx_word' id='word_1_518' title='bbox 651 3318 755 3352; x_wconf 89' lang='lat' dir='ltr'>posse</span> <span class='ocrx_word' id='word_1_519' title='bbox 788 3309 892 3344; x_wconf 86' lang='lat' dir='ltr'>etiam</span> <span class='ocrx_word' id='word_1_520' title='bbox 949 3320 968 3344; x_wconf 89' lang='lat' dir='ltr'>e</span> <span class='ocrx_word' id='word_1_521' title='bbox 999 3309 1067 3344; x_wconf 89' lang='lat' dir='ltr'>hac</span> <span class='ocrx_word' id='word_1_522' title='bbox 1099 3309 1267 3344; x_wconf 82' lang='lat' dir='ltr'>actione⁹</span> 
     </span>
     <span class='ocr_line' id='line_1_70' title="bbox 179 3351 1264 3443; baseline 0.001 -10"><span class='ocrx_word' id='word_1_523' title='bbox 179 3351 342 3433; x_wconf 47' lang='lat'>33⁰2}</span> <span class='ocrx_word' id='word_1_524' title='bbox 357 3351 921 3443; x_wconf 45' lang='lat' dir='ltr'>afgpgffingfflsieffgdffissgffi</span> <span class='ocrx_word' id='word_1_525' title='bbox 943 3353 1264 3434; x_wconf 55' lang='lat' dir='ltr'>iissfiiss&#39;ssssuiffessss&#39;</span> 
     </span>
    </p>

    <p class='ocr_par' dir='ltr' id='par_1_9' title="bbox 235 3424 1264 3440">
     <span class='ocr_line' id='line_1_71' title="bbox 235 3424 1264 3440; baseline 0 0"><span class='ocrx_word' id='word_1_526' title='bbox 235 3424 245 3440; x_wconf 75' lang='lat'>9</span> <span class='ocrx_word' id='word_1_527' title='bbox 1255 3425 1264 3440; x_wconf 72' lang='grc' dir='ltr'>ἱ</span> 
     </span>
    </p>
   </div>
   <div class='ocr_carea' id='block_1_3' title="bbox 180 3555 1266 3599">
    <p class='ocr_par' dir='ltr' id='par_1_10' title="bbox 180 3555 1266 3599">
     <span class='ocr_line' id='line_1_72' title="bbox 180 3555 1266 3599; baseline -0.001 -10"><span class='ocrx_word' id='word_1_528' title='bbox 180 3559 220 3596; x_wconf 81' lang='lat'>(1)</span> <span class='ocrx_word' id='word_1_529' title='bbox 246 3556 282 3589; x_wconf 89' lang='lat' dir='ltr'>in</span> <span class='ocrx_word' id='word_1_530' title='bbox 295 3555 463 3599; x_wconf 79' lang='lat' dir='ltr'>abigendo</span> <span class='ocrx_word' id='word_1_531' title='bbox 474 3568 535 3589; x_wconf 69' lang='lat' dir='ltr'>scr.</span> <span class='ocrx_word' id='word_1_532' title='bbox 649 3559 692 3592; x_wconf 75' lang='grc'>(21</span> <span class='ocrx_word' id='word_1_533' title='bbox 716 3555 1013 3598; x_wconf 61' lang='lat' dir='ltr'>deprehendissent</span> <span class='ocrx_word' id='word_1_534' title='bbox 1025 3557 1060 3590; x_wconf 80' lang='lat' dir='ltr'><em>F</em></span> <span class='ocrx_word' id='word_1_535' title='bbox 1170 3557 1212 3598; x_wconf 83' lang='grc'>(3)</span> <span class='ocrx_word' id='word_1_536' title='bbox 1237 3556 1266 3589; x_wconf 81' lang='lat' dir='ltr'>si</span> 
     </span>
    </p>
   </div>
   <div class='ocr_carea' id='block_1_4' title="bbox 179 3598 1265 3732">
    <p class='ocr_par' dir='ltr' id='par_1_11' title="bbox 179 3598 1265 3732">
     <span class='ocr_line' id='line_1_73' title="bbox 179 3598 1265 3644; baseline 0.002 -10"><span class='ocrx_word' id='word_1_537' title='bbox 179 3601 269 3644; x_wconf 87' lang='lat' dir='ltr'>quod</span> <span class='ocrx_word' id='word_1_538' title='bbox 281 3613 343 3635; x_wconf 72' lang='lat' dir='ltr'>scr.</span> <span class='ocrx_word' id='word_1_539' title='bbox 448 3603 490 3643; x_wconf 64' lang='grc' dir='ltr'>(Δ)</span> <span class='ocrx_word' id='word_1_540' title='bbox 515 3600 552 3633; x_wconf 84' lang='lat' dir='ltr'>in</span> <span class='ocrx_word' id='word_1_541' title='bbox 564 3600 602 3642; x_wconf 82' lang='lat' dir='ltr'>S,</span> <span class='ocrx_word' id='word_1_542' title='bbox 615 3603 649 3633; x_wconf 79' lang='lat' dir='ltr'>et</span> <span class='ocrx_word' id='word_1_543' title='bbox 662 3598 696 3632; x_wconf 81' lang='lat' dir='ltr'><em>F</em></span> <span class='ocrx_word' id='word_1_544' title='bbox 795 3603 838 3641; x_wconf 74' lang='grc'>(5)</span> <span class='ocrx_word' id='word_1_545' title='bbox 863 3600 933 3632; x_wconf 81' lang='lat' dir='ltr'>sivo</span> <span class='ocrx_word' id='word_1_546' title='bbox 945 3601 980 3633; x_wconf 76' lang='lat' dir='ltr'><em>F</em></span> <span class='ocrx_word' id='word_1_547' title='bbox 1089 3602 1134 3643; x_wconf 77' lang='grc' dir='ltr'>(ο)</span> <span class='ocrx_word' id='word_1_548' title='bbox 1158 3604 1192 3634; x_wconf 85' lang='grc' dir='ltr'>οι</span> <span class='ocrx_word' id='word_1_549' title='bbox 1206 3602 1265 3636; x_wconf 74' lang='lat' dir='ltr'>im.</span> 
     </span>
     <span class='ocr_line' id='line_1_74' title="bbox 181 3644 1264 3688; baseline -0.001 -9"><span class='ocrx_word' id='word_1_550' title='bbox 181 3648 225 3687; x_wconf 74' lang='grc' dir='ltr'>(Ἰ)</span> <span class='ocrx_word' id='word_1_551' title='bbox 251 3656 405 3688; x_wconf 87' lang='lat' dir='ltr'>aquoque</span> <span class='ocrx_word' id='word_1_552' title='bbox 417 3645 452 3678; x_wconf 75' lang='lat' dir='ltr'><em>F</em></span> <span class='ocrx_word' id='word_1_553' title='bbox 548 3647 594 3687; x_wconf 81' lang='lat'>(8)</span> <span class='ocrx_word' id='word_1_554' title='bbox 619 3644 886 3688; x_wconf 74' lang='lat' dir='ltr'>quod1quamvis</span> <span class='ocrx_word' id='word_1_555' title='bbox 899 3657 959 3678; x_wconf 72' lang='lat' dir='ltr'>scr.</span> <span class='ocrx_word' id='word_1_556' title='bbox 1066 3652 1110 3686; x_wconf 80' lang='lat' dir='ltr'>(s)</span> <span class='ocrx_word' id='word_1_557' title='bbox 1135 3646 1197 3679; x_wconf 83' lang='lat' dir='ltr'>hac</span> <span class='ocrx_word' id='word_1_558' title='bbox 1211 3656 1264 3679; x_wconf 84' lang='lat' dir='ltr'>ac-</span> 
     </span>
     <span class='ocr_line' id='line_1_75' title="bbox 179 3689 1262 3732; baseline 0 -9"><span class='ocrx_word' id='word_1_559' title='bbox 179 3691 288 3732; x_wconf 73' lang='lat' dir='ltr'>tione]</span> <span class='ocrx_word' id='word_1_560' title='bbox 301 3691 484 3723; x_wconf 75' lang='lat' dir='ltr'>interdicto</span> <span class='ocrx_word' id='word_1_561' title='bbox 496 3703 558 3725; x_wconf 75' lang='lat' dir='ltr'>scr.</span> <span class='ocrx_word' id='word_1_562' title='bbox 677 3691 735 3731; x_wconf 78' lang='lat' dir='ltr'>uo)</span> <span class='ocrx_word' id='word_1_563' title='bbox 761 3689 822 3722; x_wconf 84' lang='lat' dir='ltr'>eab</span> <span class='ocrx_word' id='word_1_564' title='bbox 835 3689 870 3723; x_wconf 76' lang='lat' dir='ltr'><em>F</em></span> <span class='ocrx_word' id='word_1_565' title='bbox 978 3693 1031 3729; x_wconf 79' lang='grc' dir='ltr'>(ιι)</span> <span class='ocrx_word' id='word_1_566' title='bbox 1058 3694 1200 3732; x_wconf 82' lang='lat' dir='ltr'>possunt</span> <span class='ocrx_word' id='word_1_567' title='bbox 1212 3691 1262 3723; x_wconf 71' lang='lat' dir='ltr'>F*</span> 
     </span>
    </p>
   </div>
   <div class='ocr_carea' id='block_1_5' title="bbox 1271 73 1350 122">
    <p class='ocr_par' dir='ltr' id='par_1_12' title="bbox 1271 73 1350 122">
     <span class='ocr_line' id='line_1_76' title="bbox 1271 73 1350 122; baseline 0 0"><span class='ocrx_word' id='word_1_568' title='bbox 1271 73 1350 122; x_wconf 86' lang='lat'>130</span> 
     </span>
    </p>
   </div>
   <div class='ocr_carea' id='block_1_6' title="bbox 1321 3495 1491 3501">
    <p class='ocr_par' dir='ltr' id='par_1_13' title="bbox 1321 3495 1491 3501">
     <span class='ocr_line' id='line_1_77' title="bbox 1321 3495 1491 3501; baseline 0 0"><span class='ocrx_word' id='word_1_569' title='bbox 1321 3495 1491 3501; x_wconf 95' lang='lat' dir='ltr'> </span> 
     </span>
    </p>
   </div>
   <div class='ocr_carea' id='block_1_7' title="bbox 1335 198 2437 3398">
    <p class='ocr_par' dir='ltr' id='par_1_14' title="bbox 1342 198 2435 279">
     <span class='ocr_line' id='line_1_78' title="bbox 1342 198 2435 278; baseline -0.005 -38"><span class='ocrx_word' id='word_1_570' title='bbox 1342 198 1502 278; x_wconf 51' lang='grc' dir='ltr'>ἰςὶὺξέῑιοε</span> <span class='ocrx_word' id='word_1_571' title='bbox 1519 200 1611 252; x_wconf 42' lang='lat' dir='ltr'>‚ei-1¹⁰</span> <span class='ocrx_word' id='word_1_572' title='bbox 1634 200 1813 237; x_wconf 80' lang='lat' dir='ltr'>hereditas</span> <span class='ocrx_word' id='word_1_573' title='bbox 1836 202 2041 246; x_wconf 86' lang='lat' dir='ltr'>pertineret,</span> <span class='ocrx_word' id='word_1_574' title='bbox 2067 203 2098 238; x_wconf 91' lang='lat' dir='ltr'>si</span> <span class='ocrx_word' id='word_1_575' title='bbox 2120 204 2324 247; x_wconf 82' lang='lat' dir='ltr'>rescissent,</span> <span class='ocrx_word' id='word_1_576' title='bbox 2350 216 2435 251; x_wconf 85' lang='lat' dir='ltr'>pro-</span> 
     </span>
     <span class='ocr_line' id='line_1_79' title="bbox 1366 254 1570 279; baseline 0.005 -1"><span class='ocrx_word' id='word_1_577' title='bbox 1366 255 1378 278; x_wconf 83' lang='lat'>1</span> <span class='ocrx_word' id='word_1_578' title='bbox 1404 254 1416 278; x_wconf 87' lang='lat'>1</span> <span class='ocrx_word' id='word_1_579' title='bbox 1432 254 1493 278; x_wconf 89' lang='lat' dir='ltr'>um</span> <span class='ocrx_word' id='word_1_580' title='bbox 1516 255 1570 279; x_wconf 85' lang='lat' dir='ltr'>m.</span> 
     </span>
    </p>

    <p class='ocr_par' dir='ltr' id='par_1_15' title="bbox 1342 286 2436 465">
     <span class='ocr_line' id='line_1_80' title="bbox 1372 286 2436 341; baseline 0.005 -15"><span class='ocrx_word' id='word_1_581' title='bbox 1372 286 1442 341; x_wconf 52' lang='lat'>‚44</span> <span class='ocrx_word' id='word_1_582' title='bbox 1473 287 1670 326; x_wconf 61' lang='lat' dir='ltr'>Urmws</span> <span class='ocrx_word' id='word_1_583' title='bbox 1689 290 1780 327; x_wconf 79' lang='lat' dir='ltr'>libro</span> <span class='ocrx_word' id='word_1_584' title='bbox 1826 291 2106 339; x_wconf 74' lang='lat' dir='ltr'>uadraqensimo</span> <span class='ocrx_word' id='word_1_585' title='bbox 2122 293 2280 330; x_wconf 79' lang='lat' dir='ltr'>secundo</span> <span class='ocrx_word' id='word_1_586' title='bbox 2300 294 2350 330; x_wconf 80' lang='lat' dir='ltr'>ad</span> <span class='ocrx_word' id='word_1_587' title='bbox 2368 293 2436 331; x_wconf 90' lang='lat' dir='ltr'>Sa-</span> 
     </span>
     <span class='ocr_line' id='line_1_81' title="bbox 1342 301 2433 388; baseline 0.006 -20"><span class='ocrx_word' id='word_1_588' title='bbox 1342 333 1464 369; x_wconf 82' lang='lat' dir='ltr'>bmum</span> <span class='ocrx_word' id='word_1_589' title='bbox 1508 334 1562 387; x_wconf 46' lang='lat' dir='ltr'>&#39;In</span> <span class='ocrx_word' id='word_1_590' title='bbox 1605 334 1684 388; x_wconf 71' lang='lat' dir='ltr'>lege</span> <span class='ocrx_word' id='word_1_591' title='bbox 1717 301 1862 388; x_wconf 60' lang='lat' dir='ltr'>Aqufiia</span> <span class='ocrx_word' id='word_1_592' title='bbox 1905 339 1942 372; x_wconf 91' lang='lat' dir='ltr'>et</span> <span class='ocrx_word' id='word_1_593' title='bbox 1974 336 2151 373; x_wconf 87' lang='lat' dir='ltr'>levissima</span> <span class='ocrx_word' id='word_1_594' title='bbox 2185 338 2292 384; x_wconf 86' lang='lat' dir='ltr'>culpa</span> <span class='ocrx_word' id='word_1_595' title='bbox 2324 339 2433 375; x_wconf 88' lang='lat' dir='ltr'>venit.</span> 
     </span>
     <span class='ocr_line' id='line_1_82' title="bbox 1346 377 2436 431; baseline 0.006 -18"><span class='ocrx_word' id='word_1_596' title='bbox 1346 382 1376 431; x_wconf 47' lang='lat'>1·</span> <span class='ocrx_word' id='word_1_597' title='bbox 1410 377 1583 431; x_wconf 77' lang='lat' dir='ltr'>Quotlens</span> <span class='ocrx_word' id='word_1_598' title='bbox 1606 383 1741 416; x_wconf 76' lang='lat' dir='ltr'>sciente</span> <span class='ocrx_word' id='word_1_599' title='bbox 1765 380 1907 417; x_wconf 88' lang='lat' dir='ltr'>dommo</span> <span class='ocrx_word' id='word_1_600' title='bbox 1932 391 2055 417; x_wconf 87' lang='lat' dir='ltr'>servus</span> <span class='ocrx_word' id='word_1_601' title='bbox 2078 382 2243 418; x_wconf 85' lang='lat' dir='ltr'>vulnerat</span> <span class='ocrx_word' id='word_1_602' title='bbox 2265 383 2320 419; x_wconf 87' lang='lat' dir='ltr'>vel</span> <span class='ocrx_word' id='word_1_603' title='bbox 2339 384 2436 420; x_wconf 90' lang='lat' dir='ltr'>occi-</span> 
     </span>
     <span class='ocr_line' id='line_1_83' title="bbox 1342 423 2274 465; baseline 0.005 -7"><span class='ocrx_word' id='word_1_604' title='bbox 1342 423 1404 465; x_wconf 75' lang='lat' dir='ltr'>dit,</span> <span class='ocrx_word' id='word_1_605' title='bbox 1429 424 1463 459; x_wconf 90' lang='lat' dir='ltr'>A</span> <span class='ocrx_word' id='word_1_606' title='bbox 1487 424 1574 459; x_wconf 89' lang='lat' dir='ltr'>uiha</span> <span class='ocrx_word' id='word_1_607' title='bbox 1597 424 1779 461; x_wconf 91' lang='lat' dir='ltr'>dominum</span> <span class='ocrx_word' id='word_1_608' title='bbox 1802 426 1918 461; x_wconf 88' lang='lat' dir='ltr'>teneri</span> <span class='ocrx_word' id='word_1_609' title='bbox 1941 426 2088 462; x_wconf 86' lang='lat' dir='ltr'>dubium</span> <span class='ocrx_word' id='word_1_610' title='bbox 2111 438 2185 463; x_wconf 88' lang='lat' dir='ltr'>non</span> <span class='ocrx_word' id='word_1_611' title='bbox 2208 431 2274 463; x_wconf 89' lang='lat' dir='ltr'>est.</span> 
     </span>
    </p>

    <p class='ocr_par' dir='ltr' id='par_1_16' title="bbox 1342 466 2437 1047">
     <span class='ocr_line' id='line_1_84' title="bbox 1388 466 2436 509; baseline 0.002 -3"><span class='ocrx_word' id='word_1_612' title='bbox 1388 466 1441 506; x_wconf 88' lang='grc'>45</span> <span class='ocrx_word' id='word_1_613' title='bbox 1500 478 1627 505; x_wconf 67' lang='lat' dir='ltr'>xnus</span> <span class='ocrx_word' id='word_1_614' title='bbox 1655 469 1746 506; x_wconf 80' lang='lat' dir='ltr'>libro</span> <span class='ocrx_word' id='word_1_615' title='bbox 1776 470 1913 506; x_wconf 79' lang='lat' dir='ltr'>decimo</span> <span class='ocrx_word' id='word_1_616' title='bbox 1943 472 1994 507; x_wconf 84' lang='lat' dir='ltr'>ad</span> <span class='ocrx_word' id='word_1_617' title='bbox 2023 471 2198 508; x_wconf 79' lang='lat' dir='ltr'>Sabinum</span> <span class='ocrx_word' id='word_1_618' title='bbox 2244 472 2436 509; x_wconf 88' lang='lat' dir='ltr'>Scientiam</span> 
     </span>
     <span class='ocr_line' id='line_1_85' title="bbox 1342 513 2435 564; baseline 0.005 -16"><span class='ocrx_word' id='word_1_619' title='bbox 1342 513 1400 549; x_wconf 91' lang='lat' dir='ltr'>hic</span> <span class='ocrx_word' id='word_1_620' title='bbox 1424 524 1490 559; x_wconf 90' lang='lat' dir='ltr'>pro</span> <span class='ocrx_word' id='word_1_621' title='bbox 1515 514 1690 559; x_wconf 89' lang='lat' dir='ltr'>patientia</span> <span class='ocrx_word' id='word_1_622' title='bbox 1712 515 1928 561; x_wconf 88' lang='lat' dir='ltr'>accipimus,</span> <span class='ocrx_word' id='word_1_623' title='bbox 1953 520 1995 552; x_wconf 86' lang='lat' dir='ltr'>ut</span> <span class='ocrx_word' id='word_1_624' title='bbox 2017 516 2079 562; x_wconf 91' lang='lat' dir='ltr'>qui</span> <span class='ocrx_word' id='word_1_625' title='bbox 2101 517 2292 562; x_wconf 91' lang='lat' dir='ltr'>prohibere</span> <span class='ocrx_word' id='word_1_626' title='bbox 2315 518 2435 564; x_wconf 90' lang='lat' dir='ltr'>potuit</span> 
     </span>
     <span class='ocr_line' id='line_1_86' title="bbox 1345 559 2437 614; baseline 0.005 -21"><span class='ocrx_word' id='word_1_627' title='bbox 1345 561 1359 593; x_wconf 85' lang='lat'>1</span> <span class='ocrx_word' id='word_1_628' title='bbox 1410 562 1596 603; x_wconf 84' lang='lat' dir='ltr'>teneatur,</span> <span class='ocrx_word' id='word_1_629' title='bbox 1619 560 1651 595; x_wconf 87' lang='lat' dir='ltr'>si</span> <span class='ocrx_word' id='word_1_630' title='bbox 1673 570 1746 596; x_wconf 93' lang='lat' dir='ltr'>non</span> <span class='ocrx_word' id='word_1_631' title='bbox 1769 559 1904 596; x_wconf 86' lang='lat' dir='ltr'>fecerit.</span> <span class='ocrx_word' id='word_1_632' title='bbox 1952 561 2047 614; x_wconf 74' lang='lat' dir='ltr'>Lege</span> <span class='ocrx_word' id='word_1_633' title='bbox 2070 562 2214 607; x_wconf 88' lang='lat' dir='ltr'>Aquilia</span> <span class='ocrx_word' id='word_1_634' title='bbox 2236 563 2295 608; x_wconf 80' lang='lat' dir='ltr'>agi</span> <span class='ocrx_word' id='word_1_635' title='bbox 2316 567 2437 609; x_wconf 86' lang='lat' dir='ltr'>potest</span> 
     </span>
     <span class='ocr_line' id='line_1_87' title="bbox 1343 604 2436 656; baseline 0.005 -18"><span class='ocrx_word' id='word_1_636' title='bbox 1343 605 1364 656; x_wconf 77' lang='lat'>².</span> <span class='ocrx_word' id='word_1_637' title='bbox 1412 607 1448 639; x_wconf 90' lang='lat' dir='ltr'>et</span> <span class='ocrx_word' id='word_1_638' title='bbox 1471 608 1598 640; x_wconf 87' lang='lat' dir='ltr'>sanato</span> <span class='ocrx_word' id='word_1_639' title='bbox 1615 604 1800 641; x_wconf 87' lang='lat' dir='ltr'>vulnerato</span> <span class='ocrx_word' id='word_1_640' title='bbox 1822 616 1934 642; x_wconf 89' lang='lat' dir='ltr'>servo.</span> <span class='ocrx_word' id='word_1_641' title='bbox 1983 605 2021 642; x_wconf 77' lang='lat' dir='ltr'>Si</span> <span class='ocrx_word' id='word_1_642' title='bbox 2041 617 2158 642; x_wconf 90' lang='lat' dir='ltr'>meum</span> <span class='ocrx_word' id='word_1_643' title='bbox 2178 617 2328 650; x_wconf 90' lang='lat' dir='ltr'>servum,</span> <span class='ocrx_word' id='word_1_644' title='bbox 2354 618 2436 643; x_wconf 90' lang='lat' dir='ltr'>cum</span> 
     </span>
     <span class='ocr_line' id='line_1_88' title="bbox 1342 648 2433 697; baseline 0.004 -13"><span class='ocrx_word' id='word_1_645' title='bbox 1342 648 1494 684; x_wconf 79' lang='lat' dir='ltr'>liberum</span> <span class='ocrx_word' id='word_1_646' title='bbox 1527 653 1694 694; x_wconf 87' lang='lat' dir='ltr'>putares,</span> <span class='ocrx_word' id='word_1_647' title='bbox 1729 650 1923 693; x_wconf 89' lang='lat' dir='ltr'>occideris,</span> <span class='ocrx_word' id='word_1_648' title='bbox 1957 650 2034 697; x_wconf 88' lang='lat' dir='ltr'>lege</span> <span class='ocrx_word' id='word_1_649' title='bbox 2067 652 2213 697; x_wconf 87' lang='lat' dir='ltr'>Aquilia</span> <span class='ocrx_word' id='word_1_650' title='bbox 2244 653 2433 688; x_wconf 89' lang='lat' dir='ltr'>teneberis.</span> 
     </span>
     <span class='ocr_line' id='line_1_89' title="bbox 1343 693 2435 740; baseline 0.004 -11"><span class='ocrx_word' id='word_1_651' title='bbox 1343 696 1363 729; x_wconf 90' lang='lat'><strong>3</strong></span> <span class='ocrx_word' id='word_1_652' title='bbox 1412 693 1502 730; x_wconf 87' lang='lat' dir='ltr'>Cum</span> <span class='ocrx_word' id='word_1_653' title='bbox 1526 698 1723 730; x_wconf 86' lang='lat' dir='ltr'>stramenta</span> <span class='ocrx_word' id='word_1_654' title='bbox 1747 695 1910 731; x_wconf 88' lang='lat' dir='ltr'>ardentia</span> <span class='ocrx_word' id='word_1_655' title='bbox 1933 696 2153 732; x_wconf 88' lang='lat' dir='ltr'>transilirent</span> <span class='ocrx_word' id='word_1_656' title='bbox 2176 696 2259 740; x_wconf 91' lang='lat' dir='ltr'>duo,</span> <span class='ocrx_word' id='word_1_657' title='bbox 2284 708 2435 733; x_wconf 83' lang='lat' dir='ltr'>concur—</span> 
     </span>
     <span class='ocr_line' id='line_1_90' title="bbox 1342 740 2435 778; baseline 0.005 -5"><span class='ocrx_word' id='word_1_658' title='bbox 1342 742 1468 774; x_wconf 90' lang='lat' dir='ltr'>rerunt</span> <span class='ocrx_word' id='word_1_659' title='bbox 1499 740 1603 775; x_wconf 90' lang='lat' dir='ltr'>ambo</span> <span class='ocrx_word' id='word_1_660' title='bbox 1630 750 1675 775; x_wconf 92' lang='lat' dir='ltr'>ue</span> <span class='ocrx_word' id='word_1_661' title='bbox 1699 740 1905 776; x_wconf 91' lang='lat' dir='ltr'>ceciderunt</span> <span class='ocrx_word' id='word_1_662' title='bbox 1929 744 1965 776; x_wconf 89' lang='lat' dir='ltr'>et</span> <span class='ocrx_word' id='word_1_663' title='bbox 1987 741 2078 777; x_wconf 88' lang='lat' dir='ltr'>alter</span> <span class='ocrx_word' id='word_1_664' title='bbox 2101 741 2245 777; x_wconf 87' lang='lat' dir='ltr'>flamma</span> <span class='ocrx_word' id='word_1_665' title='bbox 2269 752 2435 778; x_wconf 88' lang='lat' dir='ltr'>consum·</span> 
     </span>
     <span class='ocr_line' id='line_1_91' title="bbox 1343 784 2436 833; baseline 0.003 -14"><span class='ocrx_word' id='word_1_666' title='bbox 1343 786 1427 829; x_wconf 91' lang='lat' dir='ltr'>ptus</span> <span class='ocrx_word' id='word_1_667' title='bbox 1460 788 1535 820; x_wconf 90' lang='lat' dir='ltr'>est:</span> <span class='ocrx_word' id='word_1_668' title='bbox 1598 784 1606 792; x_wconf 77' lang='lat'>⁸</span> <span class='ocrx_word' id='word_1_669' title='bbox 1636 785 1643 793; x_wconf 82' lang='lat'><strong>‘</strong></span> <span class='ocrx_word' id='word_1_670' title='bbox 1691 795 1732 822; x_wconf 89' lang='lat' dir='ltr'>eo</span> <span class='ocrx_word' id='word_1_671' title='bbox 1757 786 1900 821; x_wconf 82' lang='lat' dir='ltr'>nomine</span> <span class='ocrx_word' id='word_1_672' title='bbox 1932 786 2008 831; x_wconf 83' lang='lat' dir='ltr'>agi,</span> <span class='ocrx_word' id='word_1_673' title='bbox 2041 786 2072 822; x_wconf 91' lang='lat' dir='ltr'>si</span> <span class='ocrx_word' id='word_1_674' title='bbox 2103 797 2176 822; x_wconf 91' lang='lat' dir='ltr'>non</span> <span class='ocrx_word' id='word_1_675' title='bbox 2206 787 2436 833; x_wconf 84' lang='lat' dir='ltr'>intellegitur,</span> 
     </span>
     <span class='ocr_line' id='line_1_92' title="bbox 1343 829 2435 876; baseline 0.003 -12"><span class='ocrx_word' id='word_1_676' title='bbox 1343 831 1365 864; x_wconf 87' lang='grc'>4</span> <span class='ocrx_word' id='word_1_677' title='bbox 1411 832 1491 865; x_wconf 84' lang='grc' dir='ltr'>ιιι8ι·</span> <span class='ocrx_word' id='word_1_678' title='bbox 1515 829 1561 865; x_wconf 89' lang='lat' dir='ltr'>ab</span> <span class='ocrx_word' id='word_1_679' title='bbox 1585 834 1666 866; x_wconf 86' lang='lat' dir='ltr'>utro</span> <span class='ocrx_word' id='word_1_680' title='bbox 1691 840 1835 866; x_wconf 90' lang='lat' dir='ltr'>eversus</span> <span class='ocrx_word' id='word_1_681' title='bbox 1867 830 1924 866; x_wconf 91' lang='lat' dir='ltr'>sit.</span> <span class='ocrx_word' id='word_1_682' title='bbox 1973 830 2060 876; x_wconf 81' lang='lat' dir='ltr'>Qui,</span> <span class='ocrx_word' id='word_1_683' title='bbox 2094 842 2176 867; x_wconf 90' lang='lat' dir='ltr'>cum</span> <span class='ocrx_word' id='word_1_684' title='bbox 2208 832 2312 867; x_wconf 85' lang='lat' dir='ltr'>aliter</span> <span class='ocrx_word' id='word_1_685' title='bbox 2342 833 2435 868; x_wconf 88' lang='lat' dir='ltr'>tueri</span> 
     </span>
     <span class='ocr_line' id='line_1_93' title="bbox 1343 875 2436 926; baseline 0.004 -17"><span class='ocrx_word' id='word_1_686' title='bbox 1343 883 1382 909; x_wconf 90' lang='lat' dir='ltr'>se</span> <span class='ocrx_word' id='word_1_687' title='bbox 1404 885 1478 910; x_wconf 90' lang='lat' dir='ltr'>non</span> <span class='ocrx_word' id='word_1_688' title='bbox 1500 876 1708 926; x_wconf 85' lang='lat' dir='ltr'>possent¹¹‚</span> <span class='ocrx_word' id='word_1_689' title='bbox 1734 875 1855 910; x_wconf 89' lang='lat' dir='ltr'>damni</span> <span class='ocrx_word' id='word_1_690' title='bbox 1879 876 2021 921; x_wconf 90' lang='lat' dir='ltr'>culpam</span> <span class='ocrx_word' id='word_1_691' title='bbox 2035 877 2062 898; x_wconf 80' lang='lat'>¹²</span> <span class='ocrx_word' id='word_1_692' title='bbox 2086 876 2266 920; x_wconf 88' lang='lat' dir='ltr'>dederint,</span> <span class='ocrx_word' id='word_1_693' title='bbox 2297 877 2436 913; x_wconf 87' lang='lat' dir='ltr'>innoxii</span> 
     </span>
     <span class='ocr_line' id='line_1_94' title="bbox 1344 920 2436 971; baseline 0.003 -17"><span class='ocrx_word' id='word_1_694' title='bbox 1344 923 1449 971; x_wconf 79' lang='lat' dir='ltr'>sunt:</span> <span class='ocrx_word' id='word_1_695' title='bbox 1482 930 1553 955; x_wconf 77' lang='lat' dir='ltr'>vim</span> <span class='ocrx_word' id='word_1_696' title='bbox 1584 920 1678 955; x_wconf 90' lang='lat' dir='ltr'>enim</span> <span class='ocrx_word' id='word_1_697' title='bbox 1707 921 1742 956; x_wconf 91' lang='lat' dir='ltr'>vi</span> <span class='ocrx_word' id='word_1_698' title='bbox 1766 920 1956 956; x_wconf 86' lang='lat' dir='ltr'>defendere</span> <span class='ocrx_word' id='word_1_699' title='bbox 1979 932 2102 958; x_wconf 88' lang='lat' dir='ltr'>omnes</span> <span class='ocrx_word' id='word_1_700' title='bbox 2125 921 2219 968; x_wconf 85' lang='lat' dir='ltr'>leges</span> <span class='ocrx_word' id='word_1_701' title='bbox 2244 922 2363 957; x_wconf 90' lang='lat' dir='ltr'>omnia</span> <span class='ocrx_word' id='word_1_702' title='bbox 2388 933 2436 958; x_wconf 91' lang='lat' dir='ltr'>ue</span> 
     </span>
     <span class='ocr_line' id='line_1_95' title="bbox 1342 933 2435 1047; baseline 0.003 -47"><span class='ocrx_word' id='word_1_703' title='bbox 1342 965 1762 1047; x_wconf 44' lang='lat' dir='ltr'>{xrzsszffiagzffl.mqu</span> <span class='ocrx_word' id='word_1_704' title='bbox 1782 966 1813 1002; x_wconf 91' lang='lat' dir='ltr'>si</span> <span class='ocrx_word' id='word_1_705' title='bbox 1833 965 2045 1046; x_wconf 59' lang='lat' dir='ltr'>defgndendi</span> <span class='ocrx_word' id='word_1_706' title='bbox 2064 967 2134 1002; x_wconf 91' lang='lat' dir='ltr'>mei</span> <span class='ocrx_word' id='word_1_707' title='bbox 2153 977 2263 1047; x_wconf 59' lang='lat' dir='ltr'>causia</span> <span class='ocrx_word' id='word_1_708' title='bbox 2281 933 2435 1047; x_wconf 49' lang='lat' dir='ltr'>lapiffgrm</span> 
     </span>
    </p>

    <p class='ocr_par' dir='ltr' id='par_1_17' title="bbox 1342 1021 2437 1272">
     <span class='ocr_line' id='line_1_96' title="bbox 1737 1021 2435 1054; baseline 0.001 -8"><span class='ocrx_word' id='word_1_709' title='bbox 1737 1021 1817 1054; x_wconf 88' lang='lat' dir='ltr'>ero,</span> <span class='ocrx_word' id='word_1_710' title='bbox 1849 1021 1888 1046; x_wconf 92' lang='lat' dir='ltr'>se</span> <span class='ocrx_word' id='word_1_711' title='bbox 1943 1022 2016 1047; x_wconf 91' lang='lat' dir='ltr'>non</span> <span class='ocrx_word' id='word_1_712' title='bbox 2048 1021 2148 1054; x_wconf 91' lang='lat' dir='ltr'>eum,</span> <span class='ocrx_word' id='word_1_713' title='bbox 2182 1022 2221 1048; x_wconf 91' lang='lat' dir='ltr'>se</span> <span class='ocrx_word' id='word_1_714' title='bbox 2302 1022 2343 1047; x_wconf 93' lang='lat' dir='ltr'>ra</span> <span class='ocrx_word' id='word_1_715' title='bbox 2419 1032 2435 1039; x_wconf 92' lang='lat'><strong>·</strong></span> 
     </span>
     <span class='ocr_line' id='line_1_97' title="bbox 1343 1023 2435 1102; baseline 0.003 -13"><span class='ocrx_word' id='word_1_716' title='bbox 1343 1057 1486 1090; x_wconf 89' lang='lat' dir='ltr'>euntem</span> <span class='ocrx_word' id='word_1_717' title='bbox 1509 1065 1731 1100; x_wconf 84' lang='lat' dir='ltr'>percussero,</span> <span class='ocrx_word' id='word_1_718' title='bbox 1755 1056 1906 1092; x_wconf 90' lang='lat' dir='ltr'>tenebor</span> <span class='ocrx_word' id='word_1_719' title='bbox 1926 1056 2004 1102; x_wconf 86' lang='lat' dir='ltr'>lege</span> <span class='ocrx_word' id='word_1_720' title='bbox 2025 1057 2059 1092; x_wconf 89' lang='lat' dir='ltr'>A</span> <span class='ocrx_word' id='word_1_721' title='bbox 2084 1057 2186 1092; x_wconf 89' lang='lat' dir='ltr'>uilia:</span> <span class='ocrx_word' id='word_1_722' title='bbox 2220 1023 2319 1092; x_wconf 61' lang='lat' dir='ltr'>inull’n</span> <span class='ocrx_word' id='word_1_723' title='bbox 2343 1057 2435 1092; x_wconf 81' lang='lat' dir='ltr'>enim</span> 
     </span>
     <span class='ocr_line' id='line_1_98' title="bbox 1343 1099 2436 1145; baseline 0.002 -10"><span class='ocrx_word' id='word_1_724' title='bbox 1343 1099 1458 1135; x_wconf 92' lang='lat' dir='ltr'>solum</span> <span class='ocrx_word' id='word_1_725' title='bbox 1505 1100 1543 1135; x_wconf 84' lang='lat' dir='ltr'>ui</span> <span class='ocrx_word' id='word_1_726' title='bbox 1572 1100 1643 1136; x_wconf 90' lang='lat' dir='ltr'>vim</span> <span class='ocrx_word' id='word_1_727' title='bbox 1673 1100 1782 1136; x_wconf 84' lang='lat' dir='ltr'>infert</span> <span class='ocrx_word' id='word_1_728' title='bbox 1812 1101 1920 1136; x_wconf 87' lang='lat' dir='ltr'>ferire</span> <span class='ocrx_word' id='word_1_729' title='bbox 1951 1112 2062 1137; x_wconf 89' lang='lat' dir='ltr'>conce</span> <span class='ocrx_word' id='word_1_730' title='bbox 2089 1102 2177 1145; x_wconf 85' lang='lat' dir='ltr'>‘tur,</span> <span class='ocrx_word' id='word_1_731' title='bbox 2214 1106 2250 1137; x_wconf 92' lang='lat' dir='ltr'>et</span> <span class='ocrx_word' id='word_1_732' title='bbox 2279 1102 2369 1144; x_wconf 92' lang='lat' dir='ltr'>hoc,</span> <span class='ocrx_word' id='word_1_733' title='bbox 2405 1102 2436 1137; x_wconf 90' lang='lat' dir='ltr'>si</span> 
     </span>
     <span class='ocr_line' id='line_1_99' title="bbox 1342 1145 2435 1189; baseline 0.003 -10"><span class='ocrx_word' id='word_1_734' title='bbox 1342 1145 1466 1180; x_wconf 91' lang='lat' dir='ltr'>tuendi</span> <span class='ocrx_word' id='word_1_735' title='bbox 1514 1149 1696 1189; x_wconf 87' lang='lat' dir='ltr'>umtaxat,</span> <span class='ocrx_word' id='word_1_736' title='bbox 1719 1157 1792 1181; x_wconf 88' lang='lat' dir='ltr'>non</span> <span class='ocrx_word' id='word_1_737' title='bbox 1816 1146 1923 1182; x_wconf 89' lang='lat' dir='ltr'>etiam</span> <span class='ocrx_word' id='word_1_738' title='bbox 1945 1146 2142 1182; x_wconf 87' lang='lat' dir='ltr'>ulciscendi</span> <span class='ocrx_word' id='word_1_739' title='bbox 2166 1157 2276 1182; x_wconf 90' lang='lat' dir='ltr'>causa</span> <span class='ocrx_word' id='word_1_740' title='bbox 2298 1146 2435 1182; x_wconf 78' lang='lat' dir='ltr'>factum</span> 
     </span>
     <span class='ocr_line' id='line_1_100' title="bbox 1342 1189 2437 1243; baseline 0.003 -18"><span class='ocrx_word' id='word_1_741' title='bbox 1342 1193 1361 1224; x_wconf 87' lang='lat'>5</span> <span class='ocrx_word' id='word_1_742' title='bbox 1411 1190 1468 1242; x_wconf 74' lang='lat' dir='ltr'>sit.</span> <span class='ocrx_word' id='word_1_743' title='bbox 1516 1189 1585 1243; x_wconf 71' lang='lat' dir='ltr'>Qui</span> <span class='ocrx_word' id='word_1_744' title='bbox 1607 1190 1775 1226; x_wconf 89' lang='lat' dir='ltr'>idoneum</span> <span class='ocrx_word' id='word_1_745' title='bbox 1794 1192 1967 1236; x_wconf 88' lang='lat' dir='ltr'>parietem</span> <span class='ocrx_word' id='word_1_746' title='bbox 1986 1191 2142 1235; x_wconf 89' lang='lat' dir='ltr'>sustulit,</span> <span class='ocrx_word' id='word_1_747' title='bbox 2166 1191 2287 1228; x_wconf 89' lang='lat' dir='ltr'>damni</span> <span class='ocrx_word' id='word_1_748' title='bbox 2306 1192 2437 1228; x_wconf 86' lang='lat' dir='ltr'>iniuria</span> 
     </span>
     <span class='ocr_line' id='line_1_101' title="bbox 1343 1235 1763 1272; baseline 0.002 -2"><span class='ocrx_word' id='word_1_749' title='bbox 1343 1235 1485 1271; x_wconf 87' lang='lat' dir='ltr'>dommo</span> <span class='ocrx_word' id='word_1_750' title='bbox 1511 1246 1587 1272; x_wconf 76' lang='lat' dir='ltr'>exus</span> <span class='ocrx_word' id='word_1_751' title='bbox 1610 1239 1763 1272; x_wconf 90' lang='lat' dir='ltr'>tenetur.</span> 
     </span>
    </p>

    <p class='ocr_par' dir='ltr' id='par_1_18' title="bbox 1342 1278 2435 1451">
     <span class='ocr_line' id='line_1_102' title="bbox 1371 1278 2434 1334; baseline -0.002 -16"><span class='ocrx_word' id='word_1_752' title='bbox 1371 1278 1443 1333; x_wconf 51' lang='lat'>‚46</span> <span class='ocrx_word' id='word_1_753' title='bbox 1474 1280 1671 1317; x_wconf 59' lang='lat' dir='ltr'>Uzpzazws</span> <span class='ocrx_word' id='word_1_754' title='bbox 1698 1281 1791 1318; x_wconf 81' lang='lat' dir='ltr'>libro</span> <span class='ocrx_word' id='word_1_755' title='bbox 1822 1282 2148 1334; x_wconf 66' lang='lat' dir='ltr'>quinquaqensimo</span> <span class='ocrx_word' id='word_1_756' title='bbox 2179 1281 2230 1316; x_wconf 85' lang='lat' dir='ltr'>ad</span> <span class='ocrx_word' id='word_1_757' title='bbox 2259 1280 2434 1317; x_wconf 79' lang='lat' dir='ltr'>Sabinum</span> 
     </span>
     <span class='ocr_line' id='line_1_103' title="bbox 1343 1324 2435 1372; baseline 0.001 -11"><span class='ocrx_word' id='word_1_758' title='bbox 1343 1324 1381 1361; x_wconf 86' lang='lat' dir='ltr'>S1</span> <span class='ocrx_word' id='word_1_759' title='bbox 1411 1325 1596 1362; x_wconf 88' lang='lat' dir='ltr'>vulnerato</span> <span class='ocrx_word' id='word_1_760' title='bbox 1631 1337 1733 1362; x_wconf 90' lang='lat' dir='ltr'>servo</span> <span class='ocrx_word' id='word_1_761' title='bbox 1767 1326 1845 1372; x_wconf 87' lang='lat' dir='ltr'>lege</span> <span class='ocrx_word' id='word_1_762' title='bbox 1874 1327 1908 1362; x_wconf 93' lang='lat' dir='ltr'>A</span> <span class='ocrx_word' id='word_1_763' title='bbox 1932 1327 2019 1362; x_wconf 83' lang='lat' dir='ltr'>uilia</span> <span class='ocrx_word' id='word_1_764' title='bbox 2052 1330 2174 1362; x_wconf 90' lang='lat' dir='ltr'>actum</span> <span class='ocrx_word' id='word_1_765' title='bbox 2208 1326 2273 1368; x_wconf 89' lang='lat' dir='ltr'>sit,</span> <span class='ocrx_word' id='word_1_766' title='bbox 2308 1331 2435 1372; x_wconf 84' lang='lat' dir='ltr'>postea</span> 
     </span>
     <span class='ocr_line' id='line_1_104' title="bbox 1342 1338 2435 1451; baseline 0.001 -45"><span class='ocrx_word' id='word_1_767' title='bbox 1342 1374 1483 1451; x_wconf 49' lang='lat' dir='ltr'>mottho</span> <span class='ocrx_word' id='word_1_768' title='bbox 1516 1381 1560 1407; x_wconf 82' lang='lat' dir='ltr'>ex</span> <span class='ocrx_word' id='word_1_769' title='bbox 1593 1382 1636 1408; x_wconf 92' lang='lat' dir='ltr'>eo</span> <span class='ocrx_word' id='word_1_770' title='bbox 1668 1371 1815 1407; x_wconf 90' lang='lat' dir='ltr'>vulnere</span> <span class='ocrx_word' id='word_1_771' title='bbox 1837 1372 1896 1417; x_wconf 83' lang='lat' dir='ltr'>agi</span> <span class='ocrx_word' id='word_1_772' title='bbox 1909 1338 1994 1417; x_wconf 59' lang='lat' dir='ltr'>‘iege</span> <span class='ocrx_word' id='word_1_773' title='bbox 2016 1371 2161 1417; x_wconf 91' lang='lat' dir='ltr'>Aquilia</span> <span class='ocrx_word' id='word_1_774' title='bbox 2184 1371 2294 1407; x_wconf 90' lang='lat' dir='ltr'>nihilo</span> <span class='ocrx_word' id='word_1_775' title='bbox 2318 1372 2435 1407; x_wconf 87' lang='lat' dir='ltr'>minus</span> 
     </span>
    </p>

    <p class='ocr_par' dir='ltr' id='par_1_19' title="bbox 1367 1426 1471 1451">
     <span class='ocr_line' id='line_1_105' title="bbox 1367 1426 1471 1451; baseline 0 0"><span class='ocrx_word' id='word_1_776' title='bbox 1367 1426 1388 1451; x_wconf 92' lang='grc' dir='ltr'>ο</span> <span class='ocrx_word' id='word_1_777' title='bbox 1427 1426 1471 1451; x_wconf 89' lang='lat' dir='ltr'>s.</span> 
     </span>
    </p>

    <p class='ocr_par' dir='ltr' id='par_1_20' title="bbox 1342 1427 2435 1508">
     <span class='ocr_line' id='line_1_106' title="bbox 1342 1427 2435 1508; baseline -0.003 -10"><span class='ocrx_word' id='word_1_778' title='bbox 1342 1427 1365 1461; x_wconf 75' lang='lat' dir='ltr'>p</span> <span class='ocrx_word' id='word_1_779' title='bbox 1388 1459 1442 1498; x_wconf 89' lang='lat'>47</span> <span class='ocrx_word' id='word_1_780' title='bbox 1466 1461 1660 1497; x_wconf 73' lang='lat' dir='ltr'>IULIANUS</span> <span class='ocrx_word' id='word_1_781' title='bbox 1687 1462 1778 1498; x_wconf 82' lang='lat' dir='ltr'>libro</span> <span class='ocrx_word' id='word_1_782' title='bbox 1810 1461 2053 1507; x_wconf 75' lang='lat' dir='ltr'>octaqensimo</span> <span class='ocrx_word' id='word_1_783' title='bbox 2084 1464 2189 1497; x_wconf 77' lang='lat' dir='ltr'>sexto</span> <span class='ocrx_word' id='word_1_784' title='bbox 2212 1461 2435 1508; x_wconf 75' lang='lat' dir='ltr'>diqestorum</span> 
     </span>
    </p>

    <p class='ocr_par' dir='ltr' id='par_1_21' title="bbox 1342 1505 2434 1552">
     <span class='ocr_line' id='line_1_107' title="bbox 1342 1505 2434 1552; baseline 0 -11"><span class='ocrx_word' id='word_1_785' title='bbox 1342 1506 1413 1542; x_wconf 90' lang='lat' dir='ltr'>Sed</span> <span class='ocrx_word' id='word_1_786' title='bbox 1437 1506 1467 1543; x_wconf 91' lang='lat' dir='ltr'>si</span> <span class='ocrx_word' id='word_1_787' title='bbox 1490 1507 1610 1552; x_wconf 90' lang='lat' dir='ltr'>priore</span> <span class='ocrx_word' id='word_1_788' title='bbox 1632 1506 1764 1542; x_wconf 91' lang='lat' dir='ltr'>iudicio</span> <span class='ocrx_word' id='word_1_789' title='bbox 1788 1506 2034 1542; x_wconf 88' lang='lat' dir='ltr'>aestimatione</span> <span class='ocrx_word' id='word_1_790' title='bbox 2056 1505 2166 1549; x_wconf 83' lang='lat' dir='ltr'>facta,</span> <span class='ocrx_word' id='word_1_791' title='bbox 2190 1510 2317 1552; x_wconf 87' lang='lat' dir='ltr'>postea</span> <span class='ocrx_word' id='word_1_792' title='bbox 2339 1516 2434 1541; x_wconf 90' lang='lat' dir='ltr'>mor-</span> 
     </span>
    </p>

    <p class='ocr_par' dir='ltr' id='par_1_22' title="bbox 1341 1551 2434 1649">
     <span class='ocr_line' id='line_1_108' title="bbox 1341 1551 2434 1604; baseline 0 -18"><span class='ocrx_word' id='word_1_793' title='bbox 1341 1556 1405 1588; x_wconf 92' lang='lat' dir='ltr'>tuo</span> <span class='ocrx_word' id='word_1_794' title='bbox 1439 1562 1561 1594; x_wconf 90' lang='lat' dir='ltr'>servo,</span> <span class='ocrx_word' id='word_1_795' title='bbox 1595 1552 1639 1587; x_wconf 91' lang='lat' dir='ltr'>de</span> <span class='ocrx_word' id='word_1_796' title='bbox 1671 1552 1791 1588; x_wconf 90' lang='lat' dir='ltr'>occiso</span> <span class='ocrx_word' id='word_1_797' title='bbox 1814 1561 1920 1604; x_wconf 83' lang='lat' dir='ltr'>agere</span> <span class='ocrx_word' id='word_1_798' title='bbox 1943 1551 2106 1587; x_wconf 89' lang='lat' dir='ltr'>dominus</span> <span class='ocrx_word' id='word_1_799' title='bbox 2130 1551 2340 1594; x_wconf 89' lang='lat' dir='ltr'>instituerit,</span> <span class='ocrx_word' id='word_1_800' title='bbox 2373 1562 2434 1587; x_wconf 88' lang='lat' dir='ltr'>ex-</span> 
     </span>
     <span class='ocr_line' id='line_1_109' title="bbox 1342 1596 2433 1649; baseline -0.001 -17"><span class='ocrx_word' id='word_1_801' title='bbox 1342 1597 1504 1642; x_wconf 89' lang='lat' dir='ltr'>ceptione</span> <span class='ocrx_word' id='word_1_802' title='bbox 1528 1597 1600 1632; x_wconf 91' lang='lat' dir='ltr'>doli</span> <span class='ocrx_word' id='word_1_803' title='bbox 1623 1597 1708 1632; x_wconf 92' lang='lat' dir='ltr'>mali</span> <span class='ocrx_word' id='word_1_804' title='bbox 1730 1599 1897 1649; x_wconf 70' lang='lat' dir='ltr'>oppomta</span> <span class='ocrx_word' id='word_1_805' title='bbox 1921 1596 2171 1642; x_wconf 89' lang='lat' dir='ltr'>compelletur,</span> <span class='ocrx_word' id='word_1_806' title='bbox 2203 1599 2245 1631; x_wconf 91' lang='lat' dir='ltr'>ut</span> <span class='ocrx_word' id='word_1_807' title='bbox 2268 1606 2312 1632; x_wconf 82' lang='lat' dir='ltr'>ex</span> <span class='ocrx_word' id='word_1_808' title='bbox 2334 1599 2433 1632; x_wconf 90' lang='lat' dir='ltr'>utro-</span> 
     </span>
    </p>

    <p class='ocr_par' dir='ltr' id='par_1_23' title="bbox 1341 1641 2435 1732">
     <span class='ocr_line' id='line_1_110' title="bbox 1341 1641 2435 1722; baseline -0.001 -45"><span class='ocrx_word' id='word_1_809' title='bbox 1341 1652 1411 1722; x_wconf 65' lang='lat' dir='ltr'>que</span> <span class='ocrx_word' id='word_1_810' title='bbox 1432 1642 1563 1677; x_wconf 91' lang='lat' dir='ltr'>iudicio</span> <span class='ocrx_word' id='word_1_811' title='bbox 1583 1642 1672 1677; x_wconf 90' lang='lat' dir='ltr'>nihil</span> <span class='ocrx_word' id='word_1_812' title='bbox 1689 1642 1840 1687; x_wconf 86' lang='lat' dir='ltr'>amphus</span> <span class='ocrx_word' id='word_1_813' title='bbox 1861 1645 2112 1686; x_wconf 87' lang='lat' dir='ltr'>consequatur,</span> <span class='ocrx_word' id='word_1_814' title='bbox 2137 1651 2244 1687; x_wconf 88' lang='lat' dir='ltr'>quam</span> <span class='ocrx_word' id='word_1_815' title='bbox 2264 1641 2435 1687; x_wconf 87' lang='lat' dir='ltr'>consequi</span> 
     </span>
     <span class='ocr_line' id='line_1_111' title="bbox 1366 1686 2218 1732; baseline 0 -10"><span class='ocrx_word' id='word_1_816' title='bbox 1366 1687 1496 1729; x_wconf 87' lang='lat' dir='ltr'>eberet,</span> <span class='ocrx_word' id='word_1_817' title='bbox 1521 1687 1552 1723; x_wconf 90' lang='lat' dir='ltr'>si</span> <span class='ocrx_word' id='word_1_818' title='bbox 1575 1687 1675 1723; x_wconf 91' lang='lat' dir='ltr'>initio</span> <span class='ocrx_word' id='word_1_819' title='bbox 1701 1687 1745 1722; x_wconf 91' lang='lat' dir='ltr'>de</span> <span class='ocrx_word' id='word_1_820' title='bbox 1768 1687 1887 1722; x_wconf 91' lang='lat' dir='ltr'>occiso</span> <span class='ocrx_word' id='word_1_821' title='bbox 1911 1686 2057 1722; x_wconf 90' lang='lat' dir='ltr'>homine</span> <span class='ocrx_word' id='word_1_822' title='bbox 2081 1686 2218 1732; x_wconf 87' lang='lat' dir='ltr'>egisset.</span> 
     </span>
    </p>

    <p class='ocr_par' dir='ltr' id='par_1_24' title="bbox 1339 1730 2435 1949">
     <span class='ocr_line' id='line_1_112' title="bbox 1388 1730 2435 1778; baseline -0.003 -9"><span class='ocrx_word' id='word_1_823' title='bbox 1388 1730 1443 1770; x_wconf 88' lang='grc'>48</span> <span class='ocrx_word' id='word_1_824' title='bbox 1467 1732 1525 1767; x_wconf 75' lang='grc' dir='ltr'>ΡΑ</span> <span class='ocrx_word' id='word_1_825' title='bbox 1533 1742 1629 1768; x_wconf 70' lang='lat' dir='ltr'>vsvs</span> <span class='ocrx_word' id='word_1_826' title='bbox 1656 1732 1747 1768; x_wconf 85' lang='lat' dir='ltr'>libro</span> <span class='ocrx_word' id='word_1_827' title='bbox 1772 1732 1981 1778; x_wconf 68' lang='lat' dir='ltr'>triqensimo</span> <span class='ocrx_word' id='word_1_828' title='bbox 2004 1742 2100 1767; x_wconf 83' lang='lat' dir='ltr'>nono</span> <span class='ocrx_word' id='word_1_829' title='bbox 2124 1731 2174 1767; x_wconf 84' lang='lat' dir='ltr'>ad</span> <span class='ocrx_word' id='word_1_830' title='bbox 2195 1730 2350 1767; x_wconf 83' lang='lat' dir='ltr'>edictum</span> <span class='ocrx_word' id='word_1_831' title='bbox 2396 1731 2435 1766; x_wconf 91' lang='lat' dir='ltr'>Si</span> 
     </span>
     <span class='ocr_line' id='line_1_113' title="bbox 1341 1775 2433 1813; baseline -0.002 0"><span class='ocrx_word' id='word_1_832' title='bbox 1341 1787 1463 1813; x_wconf 88' lang='lat' dir='ltr'>servus</span> <span class='ocrx_word' id='word_1_833' title='bbox 1487 1781 1572 1812; x_wconf 86' lang='lat' dir='ltr'>ante</span> <span class='ocrx_word' id='word_1_834' title='bbox 1595 1777 1728 1813; x_wconf 89' lang='lat' dir='ltr'>aditam</span> <span class='ocrx_word' id='word_1_835' title='bbox 1752 1776 1986 1812; x_wconf 89' lang='lat' dir='ltr'>hereditatem</span> <span class='ocrx_word' id='word_1_836' title='bbox 2009 1775 2177 1812; x_wconf 87' lang='lat' dir='ltr'>damnum</span> <span class='ocrx_word' id='word_1_837' title='bbox 2199 1776 2236 1811; x_wconf 89' lang='lat' dir='ltr'>in</span> <span class='ocrx_word' id='word_1_838' title='bbox 2258 1786 2298 1812; x_wconf 89' lang='lat' dir='ltr'>re</span> <span class='ocrx_word' id='word_1_839' title='bbox 2330 1776 2433 1812; x_wconf 88' lang='lat' dir='ltr'>here-</span> 
     </span>
     <span class='ocr_line' id='line_1_114' title="bbox 1341 1821 2434 1863; baseline -0.002 -5"><span class='ocrx_word' id='word_1_840' title='bbox 1341 1822 1471 1858; x_wconf 86' lang='lat' dir='ltr'>ditaria</span> <span class='ocrx_word' id='word_1_841' title='bbox 1492 1822 1630 1858; x_wconf 89' lang='lat' dir='ltr'>dederit</span> <span class='ocrx_word' id='word_1_842' title='bbox 1649 1827 1685 1857; x_wconf 90' lang='lat' dir='ltr'>et</span> <span class='ocrx_word' id='word_1_843' title='bbox 1703 1822 1793 1857; x_wconf 89' lang='lat' dir='ltr'>liber</span> <span class='ocrx_word' id='word_1_844' title='bbox 1810 1821 1931 1857; x_wconf 83' lang='lat' dir='ltr'>factus</span> <span class='ocrx_word' id='word_1_845' title='bbox 1950 1821 1989 1857; x_wconf 90' lang='lat' dir='ltr'>in</span> <span class='ocrx_word' id='word_1_846' title='bbox 2012 1831 2056 1856; x_wconf 92' lang='lat' dir='ltr'>ea</span> <span class='ocrx_word' id='word_1_847' title='bbox 2068 1822 2096 1843; x_wconf 84' lang='lat'>¹³</span> <span class='ocrx_word' id='word_1_848' title='bbox 2118 1831 2158 1857; x_wconf 90' lang='lat' dir='ltr'>re</span> <span class='ocrx_word' id='word_1_849' title='bbox 2175 1821 2342 1857; x_wconf 85' lang='lat' dir='ltr'>damnum</span> <span class='ocrx_word' id='word_1_850' title='bbox 2362 1821 2434 1863; x_wconf 86' lang='lat' dir='ltr'>det,</span> 
     </span>
     <span class='ocr_line' id='line_1_115' title="bbox 1340 1866 2433 1913; baseline -0.001 -10"><span class='ocrx_word' id='word_1_851' title='bbox 1340 1871 1494 1913; x_wconf 86' lang='lat' dir='ltr'>utraque</span> <span class='ocrx_word' id='word_1_852' title='bbox 1525 1868 1667 1903; x_wconf 88' lang='lat' dir='ltr'>actione</span> <span class='ocrx_word' id='word_1_853' title='bbox 1698 1866 1893 1910; x_wconf 88' lang='lat' dir='ltr'>tenebitur,</span> <span class='ocrx_word' id='word_1_854' title='bbox 1927 1867 2012 1912; x_wconf 91' lang='lat' dir='ltr'>quia</span> <span class='ocrx_word' id='word_1_855' title='bbox 2041 1866 2186 1903; x_wconf 87' lang='lat' dir='ltr'>alterius</span> <span class='ocrx_word' id='word_1_856' title='bbox 2218 1870 2255 1902; x_wconf 90' lang='lat' dir='ltr'>et</span> <span class='ocrx_word' id='word_1_857' title='bbox 2286 1866 2433 1902; x_wconf 88' lang='lat' dir='ltr'>alterius</span> 
     </span>
     <span class='ocr_line' id='line_1_116' title="bbox 1339 1912 1720 1949; baseline 0 -1"><span class='ocrx_word' id='word_1_858' title='bbox 1339 1912 1428 1948; x_wconf 87' lang='lat' dir='ltr'>facti</span> <span class='ocrx_word' id='word_1_859' title='bbox 1451 1913 1520 1948; x_wconf 89' lang='lat' dir='ltr'>hae</span> <span class='ocrx_word' id='word_1_860' title='bbox 1543 1923 1601 1949; x_wconf 89' lang='lat' dir='ltr'>res</span> <span class='ocrx_word' id='word_1_861' title='bbox 1625 1915 1720 1948; x_wconf 90' lang='lat' dir='ltr'>sunt.</span> 
     </span>
    </p>

    <p class='ocr_par' dir='ltr' id='par_1_25' title="bbox 1337 1955 2434 2543">
     <span class='ocr_line' id='line_1_117' title="bbox 1387 1955 2434 2004; baseline -0.002 -10"><span class='ocrx_word' id='word_1_862' title='bbox 1387 1955 1441 1995; x_wconf 84' lang='lat'>49</span> <span class='ocrx_word' id='word_1_863' title='bbox 1473 1957 1670 1994; x_wconf 66' lang='lat' dir='ltr'>Umfflvs</span> <span class='ocrx_word' id='word_1_864' title='bbox 1697 1957 1788 1994; x_wconf 80' lang='lat' dir='ltr'>libro</span> <span class='ocrx_word' id='word_1_865' title='bbox 1821 1967 1918 1992; x_wconf 82' lang='lat' dir='ltr'>nono</span> <span class='ocrx_word' id='word_1_866' title='bbox 1949 1957 2235 2004; x_wconf 80' lang='lat' dir='ltr'>disputationum</span> <span class='ocrx_word' id='word_1_867' title='bbox 2282 1956 2320 1992; x_wconf 88' lang='lat' dir='ltr'>Si</span> <span class='ocrx_word' id='word_1_868' title='bbox 2353 1956 2434 2002; x_wconf 87' lang='lat' dir='ltr'>quis</span> 
     </span>
     <span class='ocr_line' id='line_1_118' title="bbox 1339 2001 2432 2048; baseline -0.002 -10"><span class='ocrx_word' id='word_1_869' title='bbox 1339 2002 1437 2039; x_wconf 84' lang='lat' dir='ltr'>fumo</span> <span class='ocrx_word' id='word_1_870' title='bbox 1469 2003 1567 2039; x_wconf 88' lang='lat' dir='ltr'>facto</span> <span class='ocrx_word' id='word_1_871' title='bbox 1600 2013 1686 2048; x_wconf 91' lang='lat' dir='ltr'>apes</span> <span class='ocrx_word' id='word_1_872' title='bbox 1718 2002 1854 2038; x_wconf 88' lang='lat' dir='ltr'>alienas</span> <span class='ocrx_word' id='word_1_873' title='bbox 1877 2001 2053 2047; x_wconf 84' lang='lat' dir='ltr'>fugaverit</span> <span class='ocrx_word' id='word_1_874' title='bbox 2074 2001 2129 2036; x_wconf 91' lang='lat' dir='ltr'>vel</span> <span class='ocrx_word' id='word_1_875' title='bbox 2153 2002 2258 2037; x_wconf 85' lang='lat' dir='ltr'>etiam</span> <span class='ocrx_word' id='word_1_876' title='bbox 2283 2011 2432 2037; x_wconf 85' lang='lat' dir='ltr'>necave-</span> 
     </span>
     <span class='ocr_line' id='line_1_119' title="bbox 1340 2046 2434 2092; baseline -0.002 -9"><span class='ocrx_word' id='word_1_877' title='bbox 1340 2048 1404 2091; x_wconf 87' lang='lat' dir='ltr'>rit,</span> <span class='ocrx_word' id='word_1_878' title='bbox 1437 2060 1471 2083; x_wconf 94' lang='lat' dir='ltr'>m</span> <span class='ocrx_word' id='word_1_879' title='bbox 1519 2048 1548 2083; x_wconf 87' lang='lat' dir='ltr'>‘s</span> <span class='ocrx_word' id='word_1_880' title='bbox 1581 2058 1727 2084; x_wconf 89' lang='lat' dir='ltr'>causam</span> <span class='ocrx_word' id='word_1_881' title='bbox 1757 2047 1880 2083; x_wconf 89' lang='lat' dir='ltr'>mortis</span> <span class='ocrx_word' id='word_1_882' title='bbox 1911 2046 2133 2092; x_wconf 90' lang='lat' dir='ltr'>praestitisse</span> <span class='ocrx_word' id='word_1_883' title='bbox 2163 2046 2302 2082; x_wconf 88' lang='lat' dir='ltr'>videtur</span> <span class='ocrx_word' id='word_1_884' title='bbox 2349 2056 2434 2082; x_wconf 87' lang='lat' dir='ltr'>uam</span> 
     </span>
     <span class='ocr_line' id='line_1_120' title="bbox 1345 2057 2434 2136; baseline -0.003 -7"><span class='ocrx_word' id='word_1_885' title='bbox 1345 2096 1357 2128; x_wconf 91' lang='lat' dir='ltr'>l</span> <span class='ocrx_word' id='word_1_886' title='bbox 1407 2059 1595 2136; x_wconf 58' lang='lat' dir='ltr'>occffilsse,</span> <span class='ocrx_word' id='word_1_887' title='bbox 1608 2097 1644 2128; x_wconf 89' lang='lat' dir='ltr'>et</span> <span class='ocrx_word' id='word_1_888' title='bbox 1653 2093 1732 2128; x_wconf 90' lang='lat' dir='ltr'>ideo</span> <span class='ocrx_word' id='word_1_889' title='bbox 1745 2093 1784 2129; x_wconf 78' lang='lat' dir='ltr'>in.</span> <span class='ocrx_word' id='word_1_890' title='bbox 1796 2092 1934 2127; x_wconf 85' lang='lat' dir='ltr'>factum</span> <span class='ocrx_word' id='word_1_891' title='bbox 1946 2092 2088 2127; x_wconf 86' lang='lat' dir='ltr'>actione</span> <span class='ocrx_word' id='word_1_892' title='bbox 2099 2092 2291 2127; x_wconf 88' lang='lat' dir='ltr'>tenebitur.</span> <span class='ocrx_word' id='word_1_893' title='bbox 2325 2057 2434 2135; x_wconf 49' lang='lat' dir='ltr'>Quod</span> 
     </span>
     <span class='ocr_line' id='line_1_121' title="bbox 1340 2135 2434 2188; baseline -0.003 -14"><span class='ocrx_word' id='word_1_894' title='bbox 1340 2138 1470 2174; x_wconf 89' lang='lat' dir='ltr'>dicitur</span> <span class='ocrx_word' id='word_1_895' title='bbox 1493 2138 1663 2174; x_wconf 87' lang='lat' dir='ltr'>damnum</span> <span class='ocrx_word' id='word_1_896' title='bbox 1680 2138 1809 2173; x_wconf 87' lang='lat' dir='ltr'>iniuria</span> <span class='ocrx_word' id='word_1_897' title='bbox 1829 2137 1951 2172; x_wconf 89' lang='lat' dir='ltr'>datum</span> <span class='ocrx_word' id='word_1_898' title='bbox 1971 2137 2004 2171; x_wconf 88' lang='lat' dir='ltr'>A</span> <span class='ocrx_word' id='word_1_899' title='bbox 2030 2137 2115 2172; x_wconf 87' lang='lat' dir='ltr'>uilia</span> <span class='ocrx_word' id='word_1_900' title='bbox 2128 2137 2154 2158; x_wconf 65' lang='lat'>¹⁴</span> <span class='ocrx_word' id='word_1_901' title='bbox 2178 2136 2355 2188; x_wconf 81' lang='lat' dir='ltr'>persequi,</span> <span class='ocrx_word' id='word_1_902' title='bbox 2380 2135 2434 2171; x_wconf 88' lang='lat' dir='ltr'>sic</span> 
     </span>
     <span class='ocr_line' id='line_1_122' title="bbox 1340 2181 2431 2225; baseline -0.003 -6"><span class='ocrx_word' id='word_1_903' title='bbox 1340 2183 1406 2219; x_wconf 88' lang='lat' dir='ltr'>erit</span> <span class='ocrx_word' id='word_1_904' title='bbox 1438 2183 1518 2219; x_wconf 89' lang='lat' dir='ltr'>acci</span> <span class='ocrx_word' id='word_1_905' title='bbox 1543 2183 1706 2225; x_wconf 90' lang='lat' dir='ltr'>iendum,</span> <span class='ocrx_word' id='word_1_906' title='bbox 1739 2186 1781 2218; x_wconf 90' lang='lat' dir='ltr'>ut</span> <span class='ocrx_word' id='word_1_907' title='bbox 1811 2182 1975 2217; x_wconf 89' lang='lat' dir='ltr'>videatur</span> <span class='ocrx_word' id='word_1_908' title='bbox 2031 2192 2175 2216; x_wconf 88' lang='lat' dir='ltr'>amnum</span> <span class='ocrx_word' id='word_1_909' title='bbox 2205 2182 2337 2216; x_wconf 78' lang='lat' dir='ltr'>iniuria</span> <span class='ocrx_word' id='word_1_910' title='bbox 2367 2181 2431 2216; x_wconf 88' lang='lat' dir='ltr'>da-</span> 
     </span>
     <span class='ocr_line' id='line_1_123' title="bbox 1338 2226 2432 2274; baseline -0.003 -10"><span class='ocrx_word' id='word_1_911' title='bbox 1338 2233 1425 2271; x_wconf 91' lang='lat' dir='ltr'>tum,</span> <span class='ocrx_word' id='word_1_912' title='bbox 1447 2239 1517 2274; x_wconf 89' lang='lat' dir='ltr'>quo</span> <span class='ocrx_word' id='word_1_913' title='bbox 1555 2239 1636 2264; x_wconf 93' lang='lat' dir='ltr'>cum</span> <span class='ocrx_word' id='word_1_914' title='bbox 1650 2228 1779 2263; x_wconf 91' lang='lat' dir='ltr'>damno</span> <span class='ocrx_word' id='word_1_915' title='bbox 1792 2227 1958 2262; x_wconf 85' lang='lat' dir='ltr'>iniuriam</span> <span class='ocrx_word' id='word_1_916' title='bbox 1977 2227 2137 2262; x_wconf 88' lang='lat' dir='ltr'>attulerit</span> <span class='ocrx_word' id='word_1_917' title='bbox 2149 2228 2193 2261; x_wconf 84' lang='lat'>¹⁵:</span> <span class='ocrx_word' id='word_1_918' title='bbox 2215 2226 2283 2261; x_wconf 87' lang='lat' dir='ltr'>nisi</span> <span class='ocrx_word' id='word_1_919' title='bbox 2303 2236 2432 2271; x_wconf 85' lang='lat' dir='ltr'>magna</span> 
     </span>
     <span class='ocr_line' id='line_1_124' title="bbox 1338 2271 2432 2319; baseline -0.003 -10"><span class='ocrx_word' id='word_1_920' title='bbox 1338 2274 1372 2309; x_wconf 89' lang='lat' dir='ltr'>vi</span> <span class='ocrx_word' id='word_1_921' title='bbox 1396 2276 1544 2319; x_wconf 86' lang='lat' dir='ltr'>cogente</span> <span class='ocrx_word' id='word_1_922' title='bbox 1566 2272 1676 2308; x_wconf 84' lang='lat' dir='ltr'>fuerit</span> <span class='ocrx_word' id='word_1_923' title='bbox 1697 2272 1845 2315; x_wconf 87' lang='lat' dir='ltr'>factum,</span> <span class='ocrx_word' id='word_1_924' title='bbox 1870 2275 1910 2307; x_wconf 93' lang='lat' dir='ltr'>ut</span> <span class='ocrx_word' id='word_1_925' title='bbox 1934 2271 2057 2307; x_wconf 89' lang='lat' dir='ltr'>Celsus</span> <span class='ocrx_word' id='word_1_926' title='bbox 2078 2271 2202 2307; x_wconf 89' lang='lat' dir='ltr'>scribit</span> <span class='ocrx_word' id='word_1_927' title='bbox 2223 2271 2319 2306; x_wconf 88' lang='lat' dir='ltr'>circa</span> <span class='ocrx_word' id='word_1_928' title='bbox 2338 2281 2432 2313; x_wconf 90' lang='lat' dir='ltr'>eum,</span> 
     </span>
     <span class='ocr_line' id='line_1_125' title="bbox 1339 2315 2430 2363; baseline -0.004 -9"><span class='ocrx_word' id='word_1_929' title='bbox 1339 2318 1400 2363; x_wconf 87' lang='lat' dir='ltr'>qui</span> <span class='ocrx_word' id='word_1_930' title='bbox 1421 2317 1576 2354; x_wconf 89' lang='lat' dir='ltr'>incendii</span> <span class='ocrx_word' id='word_1_931' title='bbox 1607 2317 1753 2353; x_wconf 88' lang='lat' dir='ltr'>arcendi</span> <span class='ocrx_word' id='word_1_932' title='bbox 1782 2317 1897 2362; x_wconf 82' lang='lat' dir='ltr'>gratia</span> <span class='ocrx_word' id='word_1_933' title='bbox 1927 2316 2061 2352; x_wconf 88' lang='lat' dir='ltr'>vicinas</span> <span class='ocrx_word' id='word_1_934' title='bbox 2092 2316 2198 2351; x_wconf 88' lang='lat' dir='ltr'>aedes</span> <span class='ocrx_word' id='word_1_935' title='bbox 2230 2315 2430 2351; x_wconf 88' lang='lat' dir='ltr'>intercidit:</span> 
     </span>
     <span class='ocr_line' id='line_1_126' title="bbox 1340 2360 2433 2407; baseline -0.004 -8"><span class='ocrx_word' id='word_1_936' title='bbox 1340 2374 1425 2399; x_wconf 90' lang='lat' dir='ltr'>nam</span> <span class='ocrx_word' id='word_1_937' title='bbox 1444 2363 1503 2399; x_wconf 87' lang='lat' dir='ltr'>hic</span> <span class='ocrx_word' id='word_1_938' title='bbox 1523 2363 1648 2399; x_wconf 91' lang='lat' dir='ltr'>scribit</span> <span class='ocrx_word' id='word_1_939' title='bbox 1668 2372 1810 2398; x_wconf 89' lang='lat' dir='ltr'>cessare</span> <span class='ocrx_word' id='word_1_940' title='bbox 1828 2362 1915 2407; x_wconf 84' lang='lat' dir='ltr'>legis</span> <span class='ocrx_word' id='word_1_941' title='bbox 1927 2362 2093 2406; x_wconf 91' lang='lat' dir='ltr'>Aquiliae</span> <span class='ocrx_word' id='word_1_942' title='bbox 2113 2361 2310 2396; x_wconf 89' lang='lat' dir='ltr'>actionem:</span> <span class='ocrx_word' id='word_1_943' title='bbox 2335 2360 2433 2396; x_wconf 89' lang='lat' dir='ltr'>iusto</span> 
     </span>
     <span class='ocr_line' id='line_1_127' title="bbox 1339 2405 2432 2459; baseline -0.003 -15"><span class='ocrx_word' id='word_1_944' title='bbox 1339 2408 1432 2444; x_wconf 89' lang='lat' dir='ltr'>enim</span> <span class='ocrx_word' id='word_1_945' title='bbox 1454 2412 1551 2444; x_wconf 91' lang='lat' dir='ltr'>metu</span> <span class='ocrx_word' id='word_1_946' title='bbox 1574 2407 1715 2450; x_wconf 91' lang='lat' dir='ltr'>ductus,</span> <span class='ocrx_word' id='word_1_947' title='bbox 1739 2417 1784 2442; x_wconf 91' lang='lat' dir='ltr'>ne</span> <span class='ocrx_word' id='word_1_948' title='bbox 1807 2406 1855 2442; x_wconf 90' lang='lat' dir='ltr'>ad</span> <span class='ocrx_word' id='word_1_949' title='bbox 1877 2417 1917 2442; x_wconf 89' lang='lat' dir='ltr'>se</span> <span class='ocrx_word' id='word_1_950' title='bbox 1939 2406 2030 2451; x_wconf 81' lang='lat' dir='ltr'>ignis</span> <span class='ocrx_word' id='word_1_951' title='bbox 2048 2406 2271 2459; x_wconf 82' lang='lat' dir='ltr'>perveniret,</span> <span class='ocrx_word' id='word_1_952' title='bbox 2295 2405 2432 2441; x_wconf 88' lang='lat' dir='ltr'>vicinas</span> 
     </span>
     <span class='ocr_line' id='line_1_128' title="bbox 1339 2451 2428 2498; baseline -0.002 -10"><span class='ocrx_word' id='word_1_953' title='bbox 1339 2453 1446 2490; x_wconf 82' lang='lat' dir='ltr'>aedes</span> <span class='ocrx_word' id='word_1_954' title='bbox 1475 2453 1675 2489; x_wconf 81' lang='lat' dir='ltr'>intercidit:</span> <span class='ocrx_word' id='word_1_955' title='bbox 1710 2456 1746 2487; x_wconf 88' lang='lat' dir='ltr'>et</span> <span class='ocrx_word' id='word_1_956' title='bbox 1768 2452 1841 2488; x_wconf 90' lang='lat' dir='ltr'>sive</span> <span class='ocrx_word' id='word_1_957' title='bbox 1864 2452 2025 2498; x_wconf 88' lang='lat' dir='ltr'>pervenit</span> <span class='ocrx_word' id='word_1_958' title='bbox 2046 2451 2137 2497; x_wconf 80' lang='lat' dir='ltr'>ignis</span> <span class='ocrx_word' id='word_1_959' title='bbox 2161 2451 2235 2487; x_wconf 88' lang='lat' dir='ltr'>sive</span> <span class='ocrx_word' id='word_1_960' title='bbox 2259 2454 2344 2486; x_wconf 88' lang='lat' dir='ltr'>ante</span> <span class='ocrx_word' id='word_1_961' title='bbox 2367 2461 2428 2486; x_wconf 91' lang='lat' dir='ltr'>ex-</span> 
     </span>
     <span class='ocr_line' id='line_1_129' title="bbox 1337 2496 2427 2543; baseline -0.004 -9"><span class='ocrx_word' id='word_1_962' title='bbox 1337 2499 1472 2534; x_wconf 90' lang='lat' dir='ltr'>tinctus</span> <span class='ocrx_word' id='word_1_963' title='bbox 1496 2502 1560 2541; x_wconf 90' lang='lat' dir='ltr'>est,</span> <span class='ocrx_word' id='word_1_964' title='bbox 1586 2497 1765 2533; x_wconf 86' lang='lat' dir='ltr'>existimat</span> <span class='ocrx_word' id='word_1_965' title='bbox 1786 2497 1874 2542; x_wconf 87' lang='lat' dir='ltr'>legis</span> <span class='ocrx_word' id='word_1_966' title='bbox 1893 2496 2059 2543; x_wconf 89' lang='lat' dir='ltr'>Aquiliae</span> <span class='ocrx_word' id='word_1_967' title='bbox 2078 2496 2254 2533; x_wconf 87' lang='lat' dir='ltr'>actionem</span> <span class='ocrx_word' id='word_1_968' title='bbox 2275 2505 2427 2531; x_wconf 85' lang='lat' dir='ltr'>cessare.</span> 
     </span>
    </p>

    <p class='ocr_par' dir='ltr' id='par_1_26' title="bbox 1338 2540 2432 2760">
     <span class='ocr_line' id='line_1_130' title="bbox 1384 2540 2430 2587; baseline -0.007 -5"><span class='ocrx_word' id='word_1_969' title='bbox 1384 2542 1437 2582; x_wconf 88' lang='lat'>50</span> <span class='ocrx_word' id='word_1_970' title='bbox 1469 2542 1665 2579; x_wconf 71' lang='lat' dir='ltr'>ULPIANUS</span> <span class='ocrx_word' id='word_1_971' title='bbox 1684 2543 1776 2579; x_wconf 83' lang='lat' dir='ltr'>libro</span> <span class='ocrx_word' id='word_1_972' title='bbox 1798 2546 1904 2578; x_wconf 76' lang='lat' dir='ltr'>sexto</span> <span class='ocrx_word' id='word_1_973' title='bbox 1928 2543 2139 2587; x_wconf 78' lang='lat' dir='ltr'>opinionum</span> <span class='ocrx_word' id='word_1_974' title='bbox 2185 2540 2253 2586; x_wconf 83' lang='lat' dir='ltr'>Qui</span> <span class='ocrx_word' id='word_1_975' title='bbox 2286 2540 2430 2576; x_wconf 90' lang='lat' dir='ltr'>domum</span> 
     </span>
     <span class='ocr_line' id='line_1_131' title="bbox 1339 2586 2432 2624; baseline -0.004 0"><span class='ocrx_word' id='word_1_976' title='bbox 1339 2589 1490 2624; x_wconf 88' lang='lat' dir='ltr'>alienam</span> <span class='ocrx_word' id='word_1_977' title='bbox 1519 2588 1629 2624; x_wconf 87' lang='lat' dir='ltr'>invito</span> <span class='ocrx_word' id='word_1_978' title='bbox 1662 2587 1804 2623; x_wconf 86' lang='lat' dir='ltr'>domino</span> <span class='ocrx_word' id='word_1_979' title='bbox 1837 2587 1984 2623; x_wconf 90' lang='lat' dir='ltr'>demolit</span> <span class='ocrx_word' id='word_1_980' title='bbox 2017 2590 2053 2622; x_wconf 92' lang='lat' dir='ltr'>et</span> <span class='ocrx_word' id='word_1_981' title='bbox 2084 2596 2129 2623; x_wconf 84' lang='lat' dir='ltr'>eo</span> <span class='ocrx_word' id='word_1_982' title='bbox 2164 2587 2246 2623; x_wconf 91' lang='lat' dir='ltr'>loco</span> <span class='ocrx_word' id='word_1_983' title='bbox 2281 2586 2432 2622; x_wconf 87' lang='lat' dir='ltr'>balneas</span> 
     </span>
     <span class='ocr_line' id='line_1_132' title="bbox 1339 2629 2429 2679; baseline -0.003 -10"><span class='ocrx_word' id='word_1_984' title='bbox 1339 2634 1532 2676; x_wconf 86' lang='lat' dir='ltr'>exstruxit,</span> <span class='ocrx_word' id='word_1_985' title='bbox 1563 2636 1707 2679; x_wconf 87' lang='lat' dir='ltr'>praeter</span> <span class='ocrx_word' id='word_1_986' title='bbox 1738 2633 1902 2668; x_wconf 89' lang='lat' dir='ltr'>naturale</span> <span class='ocrx_word' id='word_1_987' title='bbox 1924 2633 2000 2675; x_wconf 88' lang='lat' dir='ltr'>ius,</span> <span class='ocrx_word' id='word_1_988' title='bbox 2033 2631 2130 2678; x_wconf 90' lang='lat' dir='ltr'>quod</span> <span class='ocrx_word' id='word_1_989' title='bbox 2153 2631 2358 2677; x_wconf 87' lang='lat' dir='ltr'>superficies</span> <span class='ocrx_word' id='word_1_990' title='bbox 2383 2629 2429 2665; x_wconf 87' lang='lat' dir='ltr'>ad</span> 
     </span>
     <span class='ocr_line' id='line_1_133' title="bbox 1338 2676 2427 2723; baseline -0.001 -9"><span class='ocrx_word' id='word_1_991' title='bbox 1338 2679 1520 2715; x_wconf 90' lang='lat' dir='ltr'>dominum</span> <span class='ocrx_word' id='word_1_992' title='bbox 1543 2678 1610 2714; x_wconf 89' lang='lat' dir='ltr'>soli</span> <span class='ocrx_word' id='word_1_993' title='bbox 1634 2678 1805 2723; x_wconf 89' lang='lat' dir='ltr'>pertinet,</span> <span class='ocrx_word' id='word_1_994' title='bbox 1831 2678 1937 2713; x_wconf 88' lang='lat' dir='ltr'>etiam</span> <span class='ocrx_word' id='word_1_995' title='bbox 1960 2677 2080 2712; x_wconf 88' lang='lat' dir='ltr'>damni</span> <span class='ocrx_word' id='word_1_996' title='bbox 2103 2676 2178 2712; x_wconf 89' lang='lat' dir='ltr'>dati</span> <span class='ocrx_word' id='word_1_997' title='bbox 2200 2677 2342 2712; x_wconf 90' lang='lat' dir='ltr'>nomine</span> <span class='ocrx_word' id='word_1_998' title='bbox 2367 2687 2427 2713; x_wconf 90' lang='lat' dir='ltr'>ac-</span> 
     </span>
     <span class='ocr_line' id='line_1_134' title="bbox 1338 2724 1676 2760; baseline -0.006 0"><span class='ocrx_word' id='word_1_999' title='bbox 1338 2724 1426 2760; x_wconf 92' lang='lat' dir='ltr'>tioni</span> <span class='ocrx_word' id='word_1_1000' title='bbox 1439 2725 1466 2745; x_wconf 85' lang='lat'>¹⁶</span> <span class='ocrx_word' id='word_1_1001' title='bbox 1490 2724 1676 2759; x_wconf 86' lang='lat' dir='ltr'>subicitur.</span> 
     </span>
    </p>

    <p class='ocr_par' dir='ltr' id='par_1_27' title="bbox 1335 2765 2429 3398">
     <span class='ocr_line' id='line_1_135' title="bbox 1385 2765 2428 2814; baseline -0.005 -8"><span class='ocrx_word' id='word_1_1002' title='bbox 1385 2768 1434 2806; x_wconf 83' lang='lat'>51</span> <span class='ocrx_word' id='word_1_1003' title='bbox 1452 2769 1479 2790; x_wconf 89' lang='lat'>¹⁷</span> <span class='ocrx_word' id='word_1_1004' title='bbox 1502 2768 1697 2804; x_wconf 71' lang='lat' dir='ltr'><em>IULIANUS</em></span> <span class='ocrx_word' id='word_1_1005' title='bbox 1715 2767 1806 2803; x_wconf 76' lang='lat' dir='ltr'>libro</span> <span class='ocrx_word' id='word_1_1006' title='bbox 1826 2767 2067 2814; x_wconf 72' lang='lat' dir='ltr'>octaqensimo</span> <span class='ocrx_word' id='word_1_1007' title='bbox 2086 2770 2193 2802; x_wconf 76' lang='lat' dir='ltr'>sexto</span> <span class='ocrx_word' id='word_1_1008' title='bbox 2206 2765 2428 2813; x_wconf 77' lang='lat' dir='ltr'>diqestorum</span> 
     </span>
     <span class='ocr_line' id='line_1_136' title="bbox 1338 2811 2429 2855; baseline -0.004 -5"><span class='ocrx_word' id='word_1_1009' title='bbox 1338 2814 1395 2850; x_wconf 89' lang='lat' dir='ltr'>Ita</span> <span class='ocrx_word' id='word_1_1010' title='bbox 1418 2813 1625 2850; x_wconf 81' lang='lat' dir='ltr'>vulneratus</span> <span class='ocrx_word' id='word_1_1011' title='bbox 1649 2816 1705 2849; x_wconf 89' lang='lat' dir='ltr'>est</span> <span class='ocrx_word' id='word_1_1012' title='bbox 1733 2822 1877 2855; x_wconf 89' lang='lat' dir='ltr'>servus,</span> <span class='ocrx_word' id='word_1_1013' title='bbox 1911 2816 1952 2847; x_wconf 90' lang='lat' dir='ltr'>ut</span> <span class='ocrx_word' id='word_1_1014' title='bbox 1985 2822 2026 2847; x_wconf 93' lang='lat' dir='ltr'>eo</span> <span class='ocrx_word' id='word_1_1015' title='bbox 2057 2811 2133 2847; x_wconf 92' lang='lat' dir='ltr'>ictu</span> <span class='ocrx_word' id='word_1_1016' title='bbox 2164 2815 2299 2847; x_wconf 91' lang='lat' dir='ltr'>certum</span> <span class='ocrx_word' id='word_1_1017' title='bbox 2333 2815 2429 2846; x_wconf 87' lang='lat' dir='ltr'>esset</span> 
     </span>
     <span class='ocr_line' id='line_1_137' title="bbox 1338 2856 2429 2902; baseline -0.003 -7"><span class='ocrx_word' id='word_1_1018' title='bbox 1338 2860 1567 2895; x_wconf 74' lang='lat' dir='ltr'>moriturumz</span> <span class='ocrx_word' id='word_1_1019' title='bbox 1602 2858 1718 2894; x_wconf 90' lang='lat' dir='ltr'>medio</span> <span class='ocrx_word' id='word_1_1020' title='bbox 1751 2856 1878 2893; x_wconf 87' lang='lat' dir='ltr'>deinde</span> <span class='ocrx_word' id='word_1_1021' title='bbox 1907 2860 2067 2902; x_wconf 89' lang='lat' dir='ltr'>tempore</span> <span class='ocrx_word' id='word_1_1022' title='bbox 2101 2856 2204 2892; x_wconf 90' lang='lat' dir='ltr'>heres</span> <span class='ocrx_word' id='word_1_1023' title='bbox 2241 2856 2429 2892; x_wconf 84' lang='lat' dir='ltr'>institutus</span> 
     </span>
     <span class='ocr_line' id='line_1_138' title="bbox 1337 2901 2425 2949; baseline -0.003 -10"><span class='ocrx_word' id='word_1_1024' title='bbox 1337 2908 1391 2939; x_wconf 89' lang='lat' dir='ltr'>est</span> <span class='ocrx_word' id='word_1_1025' title='bbox 1415 2907 1451 2939; x_wconf 92' lang='lat' dir='ltr'>et</span> <span class='ocrx_word' id='word_1_1026' title='bbox 1472 2907 1599 2949; x_wconf 87' lang='lat' dir='ltr'>postea</span> <span class='ocrx_word' id='word_1_1027' title='bbox 1622 2904 1667 2938; x_wconf 90' lang='lat' dir='ltr'>ab</span> <span class='ocrx_word' id='word_1_1028' title='bbox 1691 2902 1761 2938; x_wconf 86' lang='lat' dir='ltr'>alio</span> <span class='ocrx_word' id='word_1_1029' title='bbox 1784 2902 1879 2938; x_wconf 91' lang='lat' dir='ltr'>ictus</span> <span class='ocrx_word' id='word_1_1030' title='bbox 1903 2901 2073 2937; x_wconf 80' lang='lat' dir='ltr'>decessit:</span> <span class='ocrx_word' id='word_1_1031' title='bbox 2099 2911 2245 2947; x_wconf 89' lang='lat' dir='ltr'>quaero,</span> <span class='ocrx_word' id='word_1_1032' title='bbox 2270 2911 2317 2936; x_wconf 86' lang='lat' dir='ltr'>an</span> <span class='ocrx_word' id='word_1_1033' title='bbox 2342 2911 2425 2936; x_wconf 88' lang='lat' dir='ltr'>cum</span> 
     </span>
     <span class='ocr_line' id='line_1_139' title="bbox 1337 2945 2427 3029; baseline -0.004 -45"><span class='ocrx_word' id='word_1_1034' title='bbox 1337 2953 1489 3029; x_wconf 54' lang='lat' dir='ltr'>utroque</span> <span class='ocrx_word' id='word_1_1035' title='bbox 1512 2948 1556 2984; x_wconf 88' lang='lat' dir='ltr'>de</span> <span class='ocrx_word' id='word_1_1036' title='bbox 1579 2948 1697 2984; x_wconf 88' lang='lat' dir='ltr'>occiso</span> <span class='ocrx_word' id='word_1_1037' title='bbox 1721 2947 1798 2992; x_wconf 84' lang='lat' dir='ltr'>lege</span> <span class='ocrx_word' id='word_1_1038' title='bbox 1819 2946 1963 2998; x_wconf 79' lang='lat' dir='ltr'>Aquilia</span> <span class='ocrx_word' id='word_1_1039' title='bbox 1986 2947 2043 2992; x_wconf 82' lang='lat' dir='ltr'>agi</span> <span class='ocrx_word' id='word_1_1040' title='bbox 2066 2946 2190 2992; x_wconf 90' lang='lat' dir='ltr'>possit.</span> <span class='ocrx_word' id='word_1_1041' title='bbox 2217 2945 2427 2999; x_wconf 67' lang='lat' dir='ltr'>respondit:</span> 
     </span>
     <span class='ocr_line' id='line_1_140' title="bbox 1337 2991 2425 3037; baseline -0.004 -7"><span class='ocrx_word' id='word_1_1042' title='bbox 1337 2994 1415 3030; x_wconf 91' lang='lat' dir='ltr'>occi</span> <span class='ocrx_word' id='word_1_1043' title='bbox 1441 2994 1510 3029; x_wconf 87' lang='lat' dir='ltr'>isse</span> <span class='ocrx_word' id='word_1_1044' title='bbox 1541 2993 1672 3029; x_wconf 91' lang='lat' dir='ltr'>dicitur</span> <span class='ocrx_word' id='word_1_1045' title='bbox 1700 2992 1805 3037; x_wconf 81' lang='lat' dir='ltr'>vulgo</span> <span class='ocrx_word' id='word_1_1046' title='bbox 1837 2991 1997 3037; x_wconf 83' lang='lat' dir='ltr'>qmdem,</span> <span class='ocrx_word' id='word_1_1047' title='bbox 2031 2991 2092 3037; x_wconf 89' lang='lat' dir='ltr'>qui</span> <span class='ocrx_word' id='word_1_1048' title='bbox 2122 2995 2246 3027; x_wconf 77' lang='lat' dir='ltr'>mortis</span> <span class='ocrx_word' id='word_1_1049' title='bbox 2278 3001 2425 3026; x_wconf 86' lang='lat' dir='ltr'>causam</span> 
     </span>
     <span class='ocr_line' id='line_1_141' title="bbox 1337 3035 2424 3084; baseline -0.004 -10"><span class='ocrx_word' id='word_1_1050' title='bbox 1337 3039 1496 3084; x_wconf 92' lang='lat' dir='ltr'>quolibet</span> <span class='ocrx_word' id='word_1_1051' title='bbox 1517 3037 1623 3074; x_wconf 90' lang='lat' dir='ltr'>modo</span> <span class='ocrx_word' id='word_1_1052' title='bbox 1654 3037 1837 3083; x_wconf 89' lang='lat' dir='ltr'>praebuit:</span> <span class='ocrx_word' id='word_1_1053' title='bbox 1871 3035 1935 3072; x_wconf 88' lang='lat' dir='ltr'>sed</span> <span class='ocrx_word' id='word_1_1054' title='bbox 1965 3036 2042 3082; x_wconf 83' lang='lat' dir='ltr'>lege</span> <span class='ocrx_word' id='word_1_1055' title='bbox 2063 3035 2207 3082; x_wconf 91' lang='lat' dir='ltr'>Aquilia</span> <span class='ocrx_word' id='word_1_1056' title='bbox 2229 3035 2260 3071; x_wconf 90' lang='lat' dir='ltr'>is</span> <span class='ocrx_word' id='word_1_1057' title='bbox 2284 3035 2424 3071; x_wconf 86' lang='lat' dir='ltr'>demum</span> 
     </span>
     <span class='ocr_line' id='line_1_142' title="bbox 1336 3081 2422 3127; baseline -0.005 -7"><span class='ocrx_word' id='word_1_1058' title='bbox 1336 3083 1448 3120; x_wconf 89' lang='lat' dir='ltr'>teneri</span> <span class='ocrx_word' id='word_1_1059' title='bbox 1469 3083 1567 3119; x_wconf 88' lang='lat' dir='ltr'>visus</span> <span class='ocrx_word' id='word_1_1060' title='bbox 1591 3086 1664 3124; x_wconf 89' lang='lat' dir='ltr'>est,</span> <span class='ocrx_word' id='word_1_1061' title='bbox 1696 3082 1756 3127; x_wconf 90' lang='lat' dir='ltr'>qui</span> <span class='ocrx_word' id='word_1_1062' title='bbox 1779 3081 1942 3117; x_wconf 90' lang='lat' dir='ltr'>adhibita</span> <span class='ocrx_word' id='word_1_1063' title='bbox 1963 3081 1998 3116; x_wconf 89' lang='lat' dir='ltr'>vi</span> <span class='ocrx_word' id='word_1_1064' title='bbox 2021 3084 2057 3117; x_wconf 87' lang='lat' dir='ltr'>et</span> <span class='ocrx_word' id='word_1_1065' title='bbox 2104 3081 2183 3116; x_wconf 84' lang='lat' dir='ltr'>nasi</span> <span class='ocrx_word' id='word_1_1066' title='bbox 2205 3091 2313 3116; x_wconf 87' lang='lat' dir='ltr'>manu</span> <span class='ocrx_word' id='word_1_1067' title='bbox 2338 3091 2422 3117; x_wconf 88' lang='lat' dir='ltr'>cau·</span> 
     </span>
     <span class='ocr_line' id='line_1_143' title="bbox 1337 3125 2423 3173; baseline -0.004 -9"><span class='ocrx_word' id='word_1_1068' title='bbox 1337 3139 1412 3164; x_wconf 87' lang='lat' dir='ltr'>sam</span> <span class='ocrx_word' id='word_1_1069' title='bbox 1437 3127 1560 3164; x_wconf 91' lang='lat' dir='ltr'>mortis</span> <span class='ocrx_word' id='word_1_1070' title='bbox 1590 3127 1835 3173; x_wconf 86' lang='lat' dir='ltr'>praebuisset,</span> <span class='ocrx_word' id='word_1_1071' title='bbox 1867 3130 1986 3162; x_wconf 87' lang='lat' dir='ltr'>tracta</span> <span class='ocrx_word' id='word_1_1072' title='bbox 2016 3125 2094 3161; x_wconf 87' lang='lat' dir='ltr'>vide</span> <span class='ocrx_word' id='word_1_1073' title='bbox 2110 3125 2179 3161; x_wconf 83' lang='lat' dir='ltr'>‘cet</span> <span class='ocrx_word' id='word_1_1074' title='bbox 2209 3126 2423 3170; x_wconf 38' lang='lat' dir='ltr'>interpretas</span> 
     </span>
     <span class='ocr_line' id='line_1_144' title="bbox 1336 3169 2426 3215; baseline -0.004 -6"><span class='ocrx_word' id='word_1_1075' title='bbox 1336 3174 1431 3209; x_wconf 91' lang='lat' dir='ltr'>tione</span> <span class='ocrx_word' id='word_1_1076' title='bbox 1461 3172 1558 3209; x_wconf 89' lang='lat' dir='ltr'>vocis</span> <span class='ocrx_word' id='word_1_1077' title='bbox 1590 3182 1613 3208; x_wconf 90' lang='lat' dir='ltr'>a</span> <span class='ocrx_word' id='word_1_1078' title='bbox 1644 3171 1823 3208; x_wconf 89' lang='lat' dir='ltr'>caedendo</span> <span class='ocrx_word' id='word_1_1079' title='bbox 1856 3175 1893 3206; x_wconf 92' lang='lat' dir='ltr'>et</span> <span class='ocrx_word' id='word_1_1080' title='bbox 1925 3181 1947 3206; x_wconf 91' lang='lat' dir='ltr'>a</span> <span class='ocrx_word' id='word_1_1081' title='bbox 1979 3170 2098 3207; x_wconf 88' lang='lat' dir='ltr'>caede.</span> <span class='ocrx_word' id='word_1_1082' title='bbox 2133 3180 2257 3206; x_wconf 90' lang='lat' dir='ltr'>rursus</span> <span class='ocrx_word' id='word_1_1083' title='bbox 2280 3169 2426 3215; x_wconf 89' lang='lat' dir='ltr'>Aquilia</span> 
     </span>
     <span class='ocr_line' id='line_1_145' title="bbox 1336 3214 2421 3264; baseline -0.005 -10"><span class='ocrx_word' id='word_1_1084' title='bbox 1336 3219 1412 3264; x_wconf 83' lang='lat' dir='ltr'>lege</span> <span class='ocrx_word' id='word_1_1085' title='bbox 1442 3217 1556 3254; x_wconf 87' lang='lat' dir='ltr'>teneri</span> <span class='ocrx_word' id='word_1_1086' title='bbox 1586 3216 1777 3253; x_wconf 87' lang='lat' dir='ltr'>existimati</span> <span class='ocrx_word' id='word_1_1087' title='bbox 1808 3220 1893 3252; x_wconf 89' lang='lat' dir='ltr'>sunt</span> <span class='ocrx_word' id='word_1_1088' title='bbox 1923 3226 1995 3252; x_wconf 93' lang='lat' dir='ltr'>non</span> <span class='ocrx_word' id='word_1_1089' title='bbox 2027 3215 2142 3252; x_wconf 91' lang='lat' dir='ltr'>solum</span> <span class='ocrx_word' id='word_1_1090' title='bbox 2174 3215 2235 3260; x_wconf 90' lang='lat' dir='ltr'>qui</span> <span class='ocrx_word' id='word_1_1091' title='bbox 2265 3215 2317 3250; x_wconf 91' lang='lat' dir='ltr'>ita</span> <span class='ocrx_word' id='word_1_1092' title='bbox 2346 3214 2421 3250; x_wconf 89' lang='lat' dir='ltr'>vul-</span> 
     </span>
     <span class='ocr_line' id='line_1_146' title="bbox 1336 3259 2424 3306; baseline -0.004 -7"><span class='ocrx_word' id='word_1_1093' title='bbox 1336 3266 1541 3306; x_wconf 84' lang='lat' dir='ltr'>nerassent,</span> <span class='ocrx_word' id='word_1_1094' title='bbox 1563 3265 1606 3298; x_wconf 83' lang='lat' dir='ltr'>ut</span> <span class='ocrx_word' id='word_1_1095' title='bbox 1629 3261 1815 3298; x_wconf 86' lang='lat' dir='ltr'>confestim</span> <span class='ocrx_word' id='word_1_1096' title='bbox 1838 3261 1912 3297; x_wconf 89' lang='lat' dir='ltr'>vita</span> <span class='ocrx_word' id='word_1_1097' title='bbox 1934 3260 2132 3306; x_wconf 88' lang='lat' dir='ltr'>privarent,</span> <span class='ocrx_word' id='word_1_1098' title='bbox 2157 3259 2220 3295; x_wconf 88' lang='lat' dir='ltr'>sed</span> <span class='ocrx_word' id='word_1_1099' title='bbox 2243 3260 2350 3296; x_wconf 89' lang='lat' dir='ltr'>etiam</span> <span class='ocrx_word' id='word_1_1100' title='bbox 2372 3259 2424 3301; x_wconf 88' lang='lat' dir='ltr'>hi,</span> 
     </span>
     <span class='ocr_line' id='line_1_147' title="bbox 1336 3305 2420 3354; baseline -0.005 -10"><span class='ocrx_word' id='word_1_1101' title='bbox 1336 3319 1486 3354; x_wconf 89' lang='lat' dir='ltr'>quorum</span> <span class='ocrx_word' id='word_1_1102' title='bbox 1510 3318 1554 3343; x_wconf 87' lang='lat' dir='ltr'>ex</span> <span class='ocrx_word' id='word_1_1103' title='bbox 1576 3307 1720 3343; x_wconf 89' lang='lat' dir='ltr'>vulnere</span> <span class='ocrx_word' id='word_1_1104' title='bbox 1744 3310 1879 3342; x_wconf 89' lang='lat' dir='ltr'>certum</span> <span class='ocrx_word' id='word_1_1105' title='bbox 1903 3309 1998 3341; x_wconf 90' lang='lat' dir='ltr'>esset</span> <span class='ocrx_word' id='word_1_1106' title='bbox 2019 3305 2172 3350; x_wconf 90' lang='lat' dir='ltr'>aliquem</span> <span class='ocrx_word' id='word_1_1107' title='bbox 2196 3305 2268 3340; x_wconf 84' lang='lat' dir='ltr'>vita</span> <span class='ocrx_word' id='word_1_1108' title='bbox 2299 3314 2420 3340; x_wconf 86' lang='lat' dir='ltr'>exces-</span> 
     </span>
     <span class='ocr_line' id='line_1_148' title="bbox 1335 3348 2420 3398; baseline -0.005 -10"><span class='ocrx_word' id='word_1_1109' title='bbox 1335 3364 1467 3388; x_wconf 87' lang='lat' dir='ltr'>surum.</span> <span class='ocrx_word' id='word_1_1110' title='bbox 1513 3352 1620 3397; x_wconf 83' lang='lat' dir='ltr'>igitur</span> <span class='ocrx_word' id='word_1_1111' title='bbox 1650 3351 1680 3387; x_wconf 90' lang='lat' dir='ltr'>si</span> <span class='ocrx_word' id='word_1_1112' title='bbox 1711 3351 1790 3398; x_wconf 86' lang='lat' dir='ltr'>quis</span> <span class='ocrx_word' id='word_1_1113' title='bbox 1822 3361 1922 3386; x_wconf 87' lang='lat' dir='ltr'>servo</span> <span class='ocrx_word' id='word_1_1114' title='bbox 1954 3349 2175 3385; x_wconf 84' lang='lat' dir='ltr'>mortiferum</span> <span class='ocrx_word' id='word_1_1115' title='bbox 2208 3350 2336 3385; x_wconf 85' lang='lat' dir='ltr'>vulnus</span> <span class='ocrx_word' id='word_1_1116' title='bbox 2366 3348 2420 3384; x_wconf 86' lang='lat' dir='ltr'>in·</span> 
     </span>
    </p>
   </div>
   <div class='ocr_carea' id='block_1_8' title="bbox 1334 3393 2441 3442">
    <p class='ocr_par' dir='ltr' id='par_1_28' title="bbox 1334 3393 2441 3442">
     <span class='ocr_line' id='line_1_149' title="bbox 1334 3393 2441 3442; baseline -0.004 -9"><span class='ocrx_word' id='word_1_1117' title='bbox 1334 3397 1465 3434; x_wconf 86' lang='lat' dir='ltr'>flixerit</span> <span class='ocrx_word' id='word_1_1118' title='bbox 1487 3397 1709 3442; x_wconf 90' lang='lat' dir='ltr'>eundemque</span> <span class='ocrx_word' id='word_1_1119' title='bbox 1731 3396 1822 3432; x_wconf 89' lang='lat' dir='ltr'>alius</span> <span class='ocrx_word' id='word_1_1120' title='bbox 1847 3406 1890 3431; x_wconf 87' lang='lat' dir='ltr'>ex</span> <span class='ocrx_word' id='word_1_1121' title='bbox 1912 3394 2097 3430; x_wconf 83' lang='lat' dir='ltr'>intervallo</span> <span class='ocrx_word' id='word_1_1122' title='bbox 2120 3394 2172 3430; x_wconf 85' lang='lat' dir='ltr'>ita</span> <span class='ocrx_word' id='word_1_1123' title='bbox 2194 3393 2441 3441; x_wconf 59' lang='lat' dir='ltr'>percusserit,</span> 
     </span>
    </p>
   </div>
   <div class='ocr_carea' id='block_1_9' title="bbox 2077 3492 2344 3497">
    <p class='ocr_par' dir='ltr' id='par_1_29' title="bbox 2077 3492 2344 3497">
     <span class='ocr_line' id='line_1_150' title="bbox 2077 3492 2344 3497; baseline 0 0"><span class='ocrx_word' id='word_1_1124' title='bbox 2077 3492 2344 3497; x_wconf 95' lang='lat' dir='ltr'> </span> 
     </span>
    </p>
   </div>
   <div class='ocr_carea' id='block_1_10' title="bbox 1492 3495 1666 3500">
    <p class='ocr_par' dir='ltr' id='par_1_30' title="bbox 1492 3495 1666 3500">
     <span class='ocr_line' id='line_1_151' title="bbox 1492 3495 1666 3500; baseline 0 0"><span class='ocrx_word' id='word_1_1125' title='bbox 1492 3495 1666 3500; x_wconf 95' lang='lat' dir='ltr'> </span> 
     </span>
    </p>
   </div>
   <div class='ocr_carea' id='block_1_11' title="bbox 1335 3551 2428 3688">
    <p class='ocr_par' dir='ltr' id='par_1_31' title="bbox 1335 3551 2428 3688">
     <span class='ocr_line' id='line_1_152' title="bbox 1338 3551 2419 3598; baseline -0.006 -9"><span class='ocrx_word' id='word_1_1126' title='bbox 1338 3559 1395 3595; x_wconf 72' lang='lat'><strong>(12)</strong></span> <span class='ocrx_word' id='word_1_1127' title='bbox 1421 3555 1568 3598; x_wconf 85' lang='lat' dir='ltr'>culpam]</span> <span class='ocrx_word' id='word_1_1128' title='bbox 1582 3553 1741 3597; x_wconf 85' lang='lat' dir='ltr'>quiddam</span> <span class='ocrx_word' id='word_1_1129' title='bbox 1753 3566 1817 3587; x_wconf 72' lang='lat' dir='ltr'>scr.</span> <span class='ocrx_word' id='word_1_1130' title='bbox 1877 3560 1933 3587; x_wconf 73' lang='lat'>123»</span> <span class='ocrx_word' id='word_1_1131' title='bbox 1958 3553 2071 3585; x_wconf 81' lang='lat' dir='ltr'>eadem</span> <span class='ocrx_word' id='word_1_1132' title='bbox 2085 3553 2164 3585; x_wconf 82' lang='lat' dir='ltr'>Hal.</span> <span class='ocrx_word' id='word_1_1133' title='bbox 2232 3555 2290 3592; x_wconf 71' lang='lat'><strong>(14)</strong></span> <span class='ocrx_word' id='word_1_1134' title='bbox 2315 3551 2419 3593; x_wconf 79' lang='lat' dir='ltr'>Aqui-</span> 
     </span>
     <span class='ocr_line' id='line_1_153' title="bbox 1335 3596 2419 3643; baseline -0.006 -9"><span class='ocrx_word' id='word_1_1135' title='bbox 1335 3599 1415 3634; x_wconf 86' lang='lat' dir='ltr'>liam</span> <span class='ocrx_word' id='word_1_1136' title='bbox 1430 3600 1513 3634; x_wconf 79' lang='lat' dir='ltr'>Hal.</span> <span class='ocrx_word' id='word_1_1137' title='bbox 1594 3602 1653 3642; x_wconf 81' lang='lat'><strong>(¹5)</strong></span> <span class='ocrx_word' id='word_1_1138' title='bbox 1669 3600 1818 3643; x_wconf 73' lang='lat' dir='ltr'>sortasse</span> <span class='ocrx_word' id='word_1_1139' title='bbox 1830 3598 2019 3631; x_wconf 58' lang='lat' dir='ltr'>exciderunt</span> <span class='ocrx_word' id='word_1_1140' title='bbox 2030 3598 2112 3631; x_wconf 78' lang='lat' dir='ltr'>talia</span> <span class='ocrx_word' id='word_1_1141' title='bbox 2121 3609 2133 3630; x_wconf 93' lang='lat'>.·</span> <span class='ocrx_word' id='word_1_1142' title='bbox 2145 3596 2215 3629; x_wconf 76' lang='lat' dir='ltr'>fleri</span> <span class='ocrx_word' id='word_1_1143' title='bbox 2229 3599 2340 3628; x_wconf 75' lang='lat' dir='ltr'>autem</span> <span class='ocrx_word' id='word_1_1144' title='bbox 2351 3604 2419 3628; x_wconf 82' lang='lat' dir='ltr'>nou</span> 
     </span>
     <span class='ocr_line' id='line_1_154' title="bbox 1335 3637 2428 3688; baseline -0.005 -10"><span class='ocrx_word' id='word_1_1145' title='bbox 1335 3649 1456 3688; x_wconf 83' lang='lat' dir='ltr'>potest,</span> <span class='ocrx_word' id='word_1_1146' title='bbox 1471 3648 1510 3677; x_wconf 90' lang='lat' dir='ltr'>ut</span> <span class='ocrx_word' id='word_1_1147' title='bbox 1522 3643 1678 3677; x_wconf 85' lang='lat' dir='ltr'>damnum</span> <span class='ocrx_word' id='word_1_1148' title='bbox 1690 3643 1850 3676; x_wconf 82' lang='lat' dir='ltr'>iniuriam</span> <span class='ocrx_word' id='word_1_1149' title='bbox 1862 3652 1929 3674; x_wconf 87' lang='lat' dir='ltr'>non</span> <span class='ocrx_word' id='word_1_1150' title='bbox 1943 3641 2097 3675; x_wconf 73' lang='lat' dir='ltr'>attulerit</span> <span class='ocrx_word' id='word_1_1151' title='bbox 2143 3644 2201 3681; x_wconf 69' lang='grc' dir='ltr'>(ιθ)</span> <span class='ocrx_word' id='word_1_1152' title='bbox 2215 3640 2347 3673; x_wconf 85' lang='lat' dir='ltr'>actione</span> <span class='ocrx_word' id='word_1_1153' title='bbox 2363 3637 2428 3673; x_wconf 82' lang='lat' dir='ltr'>FS</span> 
     </span>
    </p>
   </div>
   <div class='ocr_carea' id='block_1_12' title="bbox 1335 3685 2382 3732">
    <p class='ocr_par' dir='ltr' id='par_1_32' title="bbox 1335 3685 2382 3732">
     <span class='ocr_line' id='line_1_155' title="bbox 1335 3685 2382 3732; baseline -0.005 -8"><span class='ocrx_word' id='word_1_1154' title='bbox 1335 3691 1394 3729; x_wconf 76' lang='grc' dir='ltr'>(Π)</span> <span class='ocrx_word' id='word_1_1155' title='bbox 1420 3691 1499 3723; x_wconf 76' lang='lat' dir='ltr'>citat</span> <span class='ocrx_word' id='word_1_1156' title='bbox 1516 3688 1679 3732; x_wconf 73' lang='lat' dir='ltr'>Ulpianus</span> <span class='ocrx_word' id='word_1_1157' title='bbox 1695 3692 1709 3728; x_wconf 62' lang='grc' dir='ltr'><strong><em>ἦ</em></strong></span> <span class='ocrx_word' id='word_1_1158' title='bbox 1725 3696 1737 3722; x_wconf 81' lang='grc'>1</span> <span class='ocrx_word' id='word_1_1159' title='bbox 1752 3688 1796 3722; x_wconf 91' lang='lat' dir='ltr'>D.</span> <span class='ocrx_word' id='word_1_1160' title='bbox 1813 3688 1874 3721; x_wconf 80' lang='grc' dir='ltr'>1ι.ι.</span> <span class='ocrx_word' id='word_1_1161' title='bbox 1890 3687 1909 3719; x_wconf 91' lang='lat' dir='ltr'>l.</span> <span class='ocrx_word' id='word_1_1162' title='bbox 1925 3694 1963 3720; x_wconf 86' lang='grc' dir='ltr'>ιι.</span> <span class='ocrx_word' id='word_1_1163' title='bbox 1981 3692 1996 3725; x_wconf 68' lang='grc' dir='ltr'><strong>ξ</strong></span> <span class='ocrx_word' id='word_1_1164' title='bbox 2012 3694 2040 3721; x_wconf 76' lang='lat'>2.</span> <span class='ocrx_word' id='word_1_1165' title='bbox 2057 3691 2072 3725; x_wconf 65' lang='grc' dir='ltr'><strong><em>ς</em></strong></span> <span class='ocrx_word' id='word_1_1166' title='bbox 2088 3693 2104 3720; x_wconf 77' lang='lat'>2</span> <span class='ocrx_word' id='word_1_1167' title='bbox 2120 3686 2163 3720; x_wconf 93' lang='lat' dir='ltr'>D.</span> <span class='ocrx_word' id='word_1_1168' title='bbox 2177 3686 2206 3719; x_wconf 84' lang='grc' dir='ltr'>Ιι.</span> <span class='ocrx_word' id='word_1_1169' title='bbox 2221 3692 2242 3719; x_wconf 73' lang='grc' dir='ltr'>ἰ.</span> <span class='ocrx_word' id='word_1_1170' title='bbox 2256 3685 2277 3719; x_wconf 85' lang='lat'>1.</span> <span class='ocrx_word' id='word_1_1171' title='bbox 2291 3689 2382 3725; x_wconf 67' lang='grc'>2151</span> 
     </span>
    </p>
   </div>
   <div class='ocr_carea' id='block_1_13' title="bbox 1939 93 2433 135">
    <p class='ocr_par' dir='ltr' id='par_1_33' title="bbox 1939 61 2502 135">
     <span class='ocr_line' id='line_1_156' title="bbox 1939 93 2433 135; baseline 0.007 -11"><span class='ocrx_word' id='word_1_1172' title='bbox 1939 93 2001 124; x_wconf 73' lang='lat' dir='ltr'>AD</span> <span class='ocrx_word' id='word_1_1173' title='bbox 2029 93 2183 125; x_wconf 69' lang='lat' dir='ltr'>menn</span> <span class='ocrx_word' id='word_1_1174' title='bbox 2212 95 2433 135; x_wconf 64' lang='lat' dir='ltr'>mumma</span> 
     </span>
    </p>
   </div>
   <div class='ocr_carea' id='block_1_14' title="bbox 2512 430 2528 1055">
    <p class='ocr_par' dir='ltr' id='par_1_34' title="bbox 2512 430 2528 1055">
     <span class='ocr_line' id='line_1_157' title="bbox 2512 430 2528 1055; textangle 90"><span class='ocrx_word' id='word_1_1175' title='bbox 2521 1047 2528 1055; x_wconf 74' lang='lat'>.</span> <span class='ocrx_word' id='word_1_1176' title='bbox 2520 991 2528 1042; x_wconf 62' lang='lat' dir='ltr'>·-ffl‘</span> <span class='ocrx_word' id='word_1_1177' title='bbox 2518 958 2528 986; x_wconf 56' lang='lat' dir='ltr'>*a</span> <span class='ocrx_word' id='word_1_1178' title='bbox 2514 494 2528 951; x_wconf 53' lang='lat' dir='ltr'>mmaa—.Q</span> <span class='ocrx_word' id='word_1_1179' title='bbox 2512 430 2528 487; x_wconf 54' lang='lat'>⁵2⁴«—</span> 
     </span>
    </p>
   </div>
   <div class='ocr_carea' id='block_1_15' title="bbox 2485 0 2528 440">
    <p class='ocr_par' dir='ltr' id='par_1_35' title="bbox 2485 0 2528 440">
     <span class='ocr_line' id='line_1_158' title="bbox 2485 0 2528 440; baseline 0 3478"><span class='ocrx_word' id='word_1_1180' title='bbox 2485 0 2528 440; x_wconf 95' lang='lat' dir='ltr'> </span> 
     </span>
    </p>
   </div>
  </div>
 </body>
</html>
