2528 3918
164 112 329 155 xxvu
361 115 379 153 1

164 238 204 286 6x
232 231 272 267 αι’
294 232 396 266 θεῖαι
419 228 607 270 διατάξεις.
625 275 633 287 ,
650 230 739 274 'lizia
763 231 804 266 δὲ
825 234 886 286 καὶ
917 230 955 266 οἱ
986 229 1145 283 'laudaiae
1174 233 1251 285 τῶν

163 273 1111 368 fflssff³ffsskffl2ffwaw‘is‘fdrssffss‘ffixssffo{⁰²
1123 273 1252 365 μλένῗέ

166 363 291 407 ἆνενοχ
312 364 417 408 ήτους
441 359 566 400 αὖτοὺς
590 379 606 399 ε
620 380 682 400 ναι
704 364 912 405 κελεύουσιν,
941 360 988 399 δι’
1013 358 1067 399 ὦν
1089 362 1111 407 ἡ
1136 365 1249 419 θρησ-

166 415 183 446 7
233 413 310 445 κιία
341 409 559 456 χραίνεσθαι
590 408 699 446 δοκεῖ.
762 413 958 457 Λογιστεία
989 407 1128 446 πόλεως
1166 407 1251 444 ουδὲ

166 459 185 491 8
233 455 280 492 εἰς
305 450 467 501 ἀριθμὸν
487 455 571 498 μιᾶς
593 458 788 511 ἐπιτροπῆς
810 458 998 500 προχωρεῖ.
1041 450 1250 489 :insisti-9¹⁸-

165 513 223 547 ροι
244 501 427 547 γυναικῶν
449 498 699 546 συγκλητικῶν,
729 514 796 534 καν
808 499 1018 534 ὃιοιιωῖσινι
1050 498 1096 534 τὰ
1128 495 1252 533 αὐτῶν

164 543 395 626 πέτεαι
414 538 689 644 οεωέπιᾷεΐ
692 544 1017 625 “ts-izeei&
1034 545 1141 624 :5:³²⁰
1155 542 1251 625 ⁶3?ss

165 637 185 670 9
233 601 504 682 συγκεχώέηρται.
552 629 641 669 'Eur
671 603 714 669 T
721 636 783 677 τῆς
812 631 951 669 πόλεως
983 601 1249 679 ἄρρχων,μτοῦτ’

165 682 264 714 ἔστιν
286 676 306 714 ὁ
330 677 525 726 στρατηγὸς
548 676 808 721 ὃιαπιπτσὺσης
831 673 930 721 αὐτῷ
948 678 1009 720 τῆς
1030 680 1252 723 χειροτονίας

166 722 362 759 ιήτεῦθυνος
403 725 550 770 γένηται
595 721 748 767 κινδύνῳ
792 724 1007 768 ἐπιτροπῆς,
1042 721 1177 765 ταύτην
1210 718 1252 756 οὐ

166 766 428 816 συναριθμήσει
450 766 570 804 ἄλλαις
592 772 813 813 ἐπιτροπαῖς,
837 763 959 812 ὥσπερ
984 762 1066 801 οὐδὲ
1090 765 1109 801 ὁ
1126 770 1251 814 ἐγγυη-

166 813 317 858 σάμενος
340 812 549 869 έπιτροπῂν,
576 808 648 848 ἀλλ’
675 809 757 847 οὐδὲ
781 812 819 846 οἱ
839 811 932 846 κατὰ
946 811 1052 856 τιμὴν
1063 815 1142 846 ἐπί-τ
1166 825 1253 847 οποι

170 861 207 894 10
253 862 454 905 γραφέντες.
517 861 546 893 0
575 856 656 900 τέλη
685 858 961 902 μεμισθωμένος
989 855 1089 903 παρὰ
1111 870 1139 891 π
1161 855 1254 891 λεων

170 907 205 939 11
263 899 327 937 οὐκ
359 898 505 950 ἐφίεται
534 903 737 950 ἐπιτροπῆς.
792 900 827 937 ‘0
857 900 973 937 πολλὰ
1004 899 1127 936 δίκαια
1161 903 1255 944 ἔχων

166 949 286 989 εἰπεῖν,
313 940 368 983 ὧν
390 951 544 983 ἕκαστον
574 942 662 981 καθ’
694 945 800 982 ἑαυτὸ
831 941 894 981 οὔκ
917 950 1016 981 ἔστιν
1046 945 1195 992 ἰσχυρόν,
1223 946 1254 980 εἰ

166 991 357 1036 δυνήσεται
380 988 568 1039 ἀφεθῆναι
590 991 766 1035 ἐζητήθη.
798 991 879 1026 οἷον
909 989 1158 1036 ἑβδομήκοντα
1187 993 1254 1035 μὲν

164 1040 258 1072 ἐτῶν
279 1033 343 1073 οὒκ
366 1040 469 1072 ἔστιν
491 1033 573 1072 οὐδὲ
594 1041 686 1084 τρεῖς
708 1039 780 1079 ἔχει
809 1035 1006 1082 ἐπιτροπὰς
1036 1032 1119 1071 οὐδὲ
1148 1038 1254 1070 πέντε

165 1085 271 1118 τέκνα
295 1081 317 1126 ἢ
342 1081 425 1117 ἄλλο
445 1096 482 1117 τι
502 1080 646 1117 δίκαιον
666 1077 833 1127 ἀφέσεως,
852 1083 923 1123 ἔχει
936 1085 1060 1125 μέντοι
1084 1079 1147 1115 δύο
1171 1083 1253 1116 ἐπι-

165 1140 186 1162 τ
209 1127 300 1163 οπὰς
323 1130 384 1162 καὶ
409 1124 471 1161 δύο
495 1124 628 1162 παῖδας
659 1129 719 1160 καὶ
750 1124 926 1169 ἐξήκοντά
958 1129 1058 1161 ἐστιν
1087 1127 1197 1167 ἐτῶν,
1232 1123 1254 1167 ἢ

174 1172 187 1182 ”
231 1186 255 1207 α
277 1171 358 1207 τινὰ
382 1173 531 1206 τοιαῦτα
566 1170 656 1218 λέγει
687 1166 775 1205 καθ’
807 1169 915 1204 ἑαυτὰ
928 1173 1009 1225 ’μὲν
1038 1169 1160 1213 ἐντελῆ
1189 1169 1256 1212 τὴν

163 1217 349 1262 βοήθειαν
368 1217 419 1261 μὴ
441 1219 652 1264 παρέχοντα,
678 1217 722 1262 τῇ
746 1213 785 1250 δὲ
809 1215 897 1260 πρὸς
921 1213 1053 1258 αλληλα
1078 1217 1255 1258 κοινωνία

166 1261 255 1297 ὄντα
286 1260 514 1315 δικαιοφανῆ.
555 1255 628 1294 ἀλλ’
661 1259 786 1300 ἔδοξεν
815 1262 945 1295 τοῦτον
980 1259 1030 1305 μὴ
1065 1255 1252 1306 ἀφίεσθαι.

173 1310 208 1343 12
252 1304 288 1342 ‘0
323 1305 448 1351 λαβων
484 1318 506 1349 η
540 1308 634 1348 ἔχων
669 1301 964 1351 ἀλειτουργησίαν
996 1303 1195 1340 πολιτικῶν
1234 1302 1255 1347 ἣ

167 1350 350 1397 δημοσίων
371 1350 602 1397 λειτουργιῶν
632 1342 758 1385 οὗτος2
790 1351 983 1395 ἐπιτροπῆς
1013 1345 1076 1384 οὐκ
1109 1345 1254 1395 ἐφεθή-

170 1400 208 1433 13
256 1409 366 1432 σεται.
412 1391 666 1449 Ὀτοῖπολυθεὶς
687 1397 882 1448 ἐπιτροπῆς
914 1393 935 1438 ἢ
959 1398 1192 1442 κοιιρατορίας
1215 1388 1257 1428 οὗ

167 1441 311 1478 πάντως
340 1444 416 1476 τοῖς
445 1437 701 1484 υπομνήμασιν
721 1451 812 1486 προς
844 1438 975 1486 ἄφεσιν
997 1441 1116 1485 ἑτέρας
1136 1452 1255 1487 χειρο-

166 1489 286 1522 τονίας
306 1484 487 1542 χρήσεται,
513 1484 579 1518 ἐὰν
598 1483 649 1529 μὴ
671 1482 807 1532 ὑπάρχῃ
825 1480 891 1519 αὐτ
907 1486 924 1494 ”’
941 1483 1064 1519 δίκαια
1086 1480 1254 1531 ἀφέσεως.

172 1534 210 1567 14
250 1529 288 1566 ‘0
318 1543 472 1577 φασκων
501 1528 631 1564 ἑαυτὸν
661 1528 849 1576 ἄγνωστον
884 1542 977 1563 εναι
1006 1530 1062 1573 τῷ
1091 1532 1204 1576 πατρὶ
1234 1526 1257 1572 ἢ

166 1578 208 1657 ῖῇ
238 1578 362 1655 2233»
377 1576 450 1655 «εἰ
472 1570 693 1654 ἐὲιφενεῦῑῖ.
708 1571 1256 1661 εξιὰετῆεὰέφῗῑΐῑέ

167 1668 287 1722 τορίας
310 1660 375 1700 οὐκ
437 1678 468 1698 ει
492 1632 643 1698 dinami?
659 1633 834 1709 dqua'aeiizwc,
863 1632 949 1699 οἵοις
966 1663 1033 1699 ἐάν
1054 1677 1107 1700 τις
1129 1632 1256 1707 ἐπιξη-

167 1710 271 1758 dewy
295 1706 410 1745 α’ναδέ
430 1709 559 1744 ασθαι.
591 1706 661 1751 ἤδη
686 1707 725 1743 δὲ
749 1712 808 1742 καὶ
840 1706 859 1743 ὁ
890 1722 956 1754 μετ
980 1712 1036 1743 lov
1067 1707 1258 1755 γενόμενος

171 1759 210 1792 16
267 1757 461 1802 ἐπίτροπος
496 1751 726 1795 ἐπιτηδεῦσαι
769 1752 877 1788 δοκεῖ.
950 1722 1124 1800 8191811118
1166 1754 1257 1789 libro

166 1800 337 1847 singulari
379 1800 424 1836 de
466 1799 757 1834 excusationibus
791 1799 843 1834 ita
885 1799 1052 1836 scribit⁴z
1105 1798 1144 1834 Si
1179 1798 1257 1844 quis

165 1846 259 1882 inter
288 1849 362 1881 tres
393 1844 550 1880 tutelas-‘³
592 1843 805 1890 emancipati
835 1843 899 1879 filii
929 1844 986 1880 sui
1016 1844 1164 1879 tutelam
1194 1843 1257 1879 ad-

166 1891 362 1933 ministret,
394 1900 442 1925 an
471 1889 504 1925 ei
533 1888 623 1924 haec
653 1888 690 1924 in
722 1899 908 1924 numerum
938 1889 1143 1934 procedit⁶‚
1182 1889 1257 1924 scio

167 1935 384 1971 dubitatum:
421 1934 562 1970 invenio
593 1935 737 1969 tamen⁷
768 1934 983 1979 rescriptum
1014 1935 1259 1979 emancipatae

167 1981 261 2016 filiae
306 1979 457 2015 tutelam
513 1979 718 2014 numerari⁸
777 1979 870 2014 inter
916 1989 1028 2014 onera
1082 1982 1256 2024 oportere.

171 2028 210 2061 17
257 2020 349 2059 Ἐάν
369 2037 423 2060 τις
453 2023 722 2071 χειροτονηθῆ9
754 2026 951 2071 ἐπίτροπος
983 2022 1038 2057 ὢν
1066 2026 1107 2058 ἐν
1127 2025 1172 2070 τῇ
1195 2025 1260 2057 τοῦ

167 2069 304 2117 πατρὸς
346 2068 489 2112 ἐξουσίᾳ
502 2095 510 2109 ,
557 2068 633 2102 εἶτα
669 2059 688 2102 ὃ
723 2067 843 2114 πατὴρ
877 2067 927 2124 μὴ
959 2066 1128 2112 βούλοιτο
1171 2065 1259 2116 ὑπὲρ

168 2110 278 2150 αὐτοῦ
310 2110 597 2160 οἷσφαλίζεσθαι,
630 2112 816 2148 ἐκέλευσαν
849 2126 885 2148 οι
914 2111 1022 2158 νόμοι
1053 2116 1115 2147 καὶ
1150 2109 1260 2148 αὐτὸν

166 2159 232 2215 τὸν
271 2162 411 2206 πατέρα
450 2158 742 2245 χειὲξῗτονεῖσθαι
773 2160 1002 2212 ,ἐπίτροπονέ
1035 2155 1099 2212 ,ὠς
1159 2155 1259 2211 ηδενὶ

167 2202 903 2300 Ξξοιῗῗωῗέἷῖἇῗῖώριῖἷοῡέῖἔῗάῖἕξιῗῖἕῗ
917 2215 1121 2300 ιῖἷῖξεέᾚῖ
1128 2215 1260 2283 iiiii?

165 2291 270 2330 ‘anus
286 2294 443 2330 Vitrasio
462 2293 614 2329 Pollioni
626 2293 742 2337 legato
758 2292 985 2338 Lygdonensi
997 2294 1034 2327 ¹¹.
1060 2292 1098 2328 Si
1115 2292 1259 2329 Clodius

166 2338 314 2382 ‘Macen
339 2338 498 2384 quamvis
522 2338 616 2373 filius
640 2337 793 2372 familias
817 2337 875 2381 sit,
899 2337 1048 2373 idoneus
1067 2342 1166 2373 tutor
1182 2347 1260 2373 esse

166 2382 367 2426 ‘videbitur,
392 2387 496 2429 pater
518 2386 638 2418 autem
661 2383 737 2418 eius
761 2382 895 2418 idcirco
921 2393 1046 2418 cavere
1077 2393 1150 2418 non
1172 2382 1258 2425 vult,

169 2500 208 2540 (1)
234 2494 478 2532 διοικουσινΡ
565 2497 608 2537 (2)
634 2489 746 2528 οἴτως
761 2507 823 2528 scr.
918 2499 960 2538 (3)
986 2495 1256 2540 ονομαζομενου

170 2544 228 2578 ins.
248 2542 299 2575 F¹
437 2544 479 2583 (4)
505 2542 615 2574 eadem
641 2542 785 2583 afferunt
808 2552 848 2574 ex
876 2541 1020 2584 Ulpiani
1040 2542 1060 2575 l.
1085 2539 1128 2575 de
1144 2541 1256 2584 officio

166 2588 330 2632 praetoris
346 2586 494 2620 tutelaris
518 2586 593 2619 Vat.
609 2592 663 2620 189
760 2585 803 2626 (5)
828 2586 951 2618 tutelas
963 2599 1024 2622 om.
1044 2586 1117 2620 ναι.
1211 2587 1256 2626 (e)

169 2633 206 2666 in
219 2642 357 2664 numero
370 2631 467 2664 cedat
488 2631 560 2664 Vat.
653 2633 695 2672 (7)
719 2629 841 2662 Fulvio
861 2630 1050 2664 Aemiliano
1062 2632 1099 2663 in
1114 2640 1258 2674 persona

169 2676 291 2711 Manili
304 2676 421 2719 Optivi
434 2677 494 2710 ins.
519 2676 592 2709 Vae.
708 2681 752 2714 (8)
777 2674 807 2707 ei
821 2676 881 2709 im.
901 2675 973 2710 Vae.
1090 2678 1135 2717 (9,)
1161 2673 1259 2709 εἴτις

171 2719 442 2766 χειροτονηθείη
457 2721 606 2754 Herc-her
697 2720 756 2759 (10)
781 2720 818 2752 id
834 2727 899 2754 est.-
924 2720 1114 2762 Spadonem
1129 2719 1259 2753 dabunt

172 2770 332 2800 tutorem:
358 2776 464 2808 neque
481 2765 571 2798 enim
579 2764 684 2797 ullam
699 2765 949 2798 exeusationem
965 2765 1076 2806 habet,
1094 2768 1132 2798 ut
1147 2769 1258 2797 osten-

174 2814 189 2846 1
216 2811 269 2844 dit
291 2811 490 2843 constitutio
517 2811 757 2853 imperatorum
776 2810 890 2842 Severi
914 2813 948 2843 et
969 2810 1147 2844 Antonini.
1191 2809 1258 2846 Qui

170 2856 262 2900 patri
280 2855 436 2898 promisit
454 2854 592 2887 tutelam
608 2865 642 2887 se
653 2858 888 2897 suscepturum
901 2855 1096 2897 liberorum,
1106 2855 1257 2888 excusari

171 2901 212 2934 ab
228 2901 292 2933 hac
310 2900 416 2932 tutela
433 2910 499 2932 non
516 2902 638 2942 potest,
652 2899 715 2932 etsi
725 2903 898 2941 praeterea
906 2910 1023 2933 causas
1033 2899 1259 2933 excusationis

171 2947 192 2980 2
216 2945 349 2978 habeat.
382 2944 560 2977 Sciendum
581 2948 632 2977 est
650 2944 851 2987 dignitatem
866 2945 995 2978 nemini
1011 2945 1259 2978 exeusationem

171 2989 348 3034 praebere:
372 2990 459 3022 unde
476 2990 534 3031 qui
555 2991 689 3022 senator
707 2992 758 3022 est
778 2992 870 3022 tutor
888 2990 954 3023 erit
969 2990 1072 3023 etiam
1089 2989 1259 3022 inferioris

171 3035 301 3069 ordinis
309 3033 531 3074 senatoribus,
542 3034 630 3076 quod
639 3035 884 3077 rescripserunt
895 3036 966 3068 divi
975 3035 1109 3068 Marcus
1119 3038 1153 3067 et
1163 3034 1259 3067 Com·

172 3082 193 3115 3
217 3079 347 3115 modus.
371 3079 408 3111 Si
423 3079 497 3121 quis
511 3081 591 3120 [uon
603 3080 764 3112 senatorii
774 3079 903 3112 ordinis
912 3082 985 3121 ina]
995 3081 1068 3113 eius
1080 3081 1140 3124 qui
1151 3089 1259 3122 neque

172 3124 361 3159 senatoriae
385 3123 595 3156 condicionis
620 3135 726 3167 neque
743 3125 896 3167 alioquin
908 3126 1080 3167 speciosus
1093 3128 1152 3165 est,
1169 3128 1260 3157 tutor

173 3173 349 3203 curatorve
371 3169 577 3202 constitutus
601 3169 721 3202 deinde
744 3170 802 3202 flat
826 3173 977 3210 senator,
1003 3170 1041 3203 in
1061 3174 1260 3213 perpetuum

172 3225 273 3249 onere
293 3214 475 3247 liberaturi
508 3213 565 3246 sed
588 3215 617 3246 si
636 3225 775 3256 quorum
794 3215 932 3247 tutelam
949 3225 1102 3248 curamve
1123 3214 1261 3258 gerebat

173 3262 195 3295 4
218 3259 318 3293 liberi
342 3261 439 3292 erant
461 3259 644 3299 senatoris,
664 3269 683 3290 a
706 3260 812 3292 tutela
837 3271 904 3292 non
922 3260 1132 3293 liberabitur.
1158 3259 1259 3292 Simi-

173 3304 253 3338 liter
276 3304 336 3347 qui
360 3303 531 3336 inferioris
547 3304 677 3335 ordinis
694 3308 743 3335 est
757 3315 777 3336 a
793 3305 977 3347 superioris
989 3305 1048 3347 qui
1061 3308 1141 3338 sunt
1154 3304 1260 3337 tutela

173 3351 194 3383 5
218 3359 339 3382 curave
365 3359 432 3381 non
449 3347 674 3382 excusabitur.
705 3349 822 3391 Neque
845 3350 1003 3382 librarios
1020 3360 1127 3391 neque
1150 3349 1259 3382 calcu-

173 3394 311 3434 latores,
336 3404 418 3436 quos
440 3389 683 3438 διαψηφιστὰς
706 3393 858 3434 dicimus,
877 3395 1123 3427 immunitatem
1138 3394 1260 3428 habere

175 3441 195 3474 6
219 3439 317 3471 aiunt
332 3449 444 3471 sacrae
461 3438 731 3471 constitutiones.
757 3439 827 3470 Iam
844 3440 961 3471 Iudaei
980 3450 1111 3481 quoque
1121 3440 1261 3472 tutelam

174 3484 363 3526 suscipient
384 3494 451 3516 non
473 3483 690 3523 Iudaeorum,
719 3486 755 3515 ut
779 3484 878 3515 etiam
904 3484 1043 3526 reliquis
1066 3484 1261 3517 muneribus

174 3529 374 3571 fungentur:
401 3539 478 3561 nam
494 3528 754 3561 constitutiones
771 3528 813 3560 iis
823 3529 903 3561 solis
916 3539 971 3561 eos
988 3529 1139 3562 subicere
1150 3532 1261 3562 vetue-

176 3575 194 3607 7
220 3576 310 3613 runt,
320 3572 442 3615 quibus
451 3573 648 3616 superstitio
659 3583 777 3606 eorum
784 3572 982 3606 laederetur.
996 3573 1084 3606 Cura
1092 3575 1262 3608 rationum

175 3619 195 3652 8
220 3618 371 3651 civitatis
394 3628 435 3651 ne
450 3629 513 3661 pro
530 3629 598 3651 una
614 3618 748 3661 quidem
766 3617 873 3650 tutela
891 3623 1096 3652 numeratur.
1131 3619 1262 3652 Liberti

176 3663 351 3695 mulierum
363 3664 523 3697 senatorii
544 3664 672 3696 ordinis
685 3662 749 3696 etsi
766 3673 878 3696 earum
899 3674 950 3695 res
974 3663 1222 3704 administrant,
1243 3674 1264 3696 a

178 3707 292 3740 tutelis
312 3718 379 3740 non
400 3707 604 3741 liberantur:
633 3709 695 3741 hoc
716 3708 804 3740 enim
825 3708 931 3740 virum
953 3710 1114 3741 senatorii
1134 3709 1263 3741 ordinis

1239 107 1325 155 358
1359 128 1362 142 ι

1492 158 1559 196 *N

1314 231 1368 266 ‘ut
1392 230 1503 266 filium
1525 233 1631 276 suum
1652 231 1765 267 tutela
1788 232 1929 273 eximat,
1954 235 1991 266 et
2012 231 2051 266 in
2073 230 2143 266 hoc
2158 230 2310 266 artificio
2326 241 2408 276 per-

1315 273 1552 317 severaverit,
1571 275 1732 312 existimo
1751 279 1787 312 te
1801 276 1886 312 huic
1903 275 2023 311 fraudi
2046 279 2143 311 recte
2161 285 2405 318 occursurum,

1315 316 1370 355 ‘ut
1401 323 1437 356 et
1467 319 1561 356 filius
1593 324 1629 356 et
1650 321 1662 356 i
1689 331 1728 356 se
1751 320 1798 356 ad
1829 321 1979 356 tutelam
2001 319 2194 356 liberorum
2218 318 2407 357 Clementis

1314 362 1518 410 ‘gerendam
1542 375 1644 411 comp

1739 361 1829 401 tur’.

1368 407 1418 447 16
1442 408 1549 445 [vsu
1567 410 1659 446 libro
1680 410 1837 447 secundo
1860 419 2116 456 responsorum
2163 408 2275 445 Gaius
2296 412 2407 445 testa-

1318 457 1437 490 mento
1455 453 1642 499 ‘Nigidium
1671 454 1743 491 filio
1776 465 1842 491 suo
1874 459 2029 490 tutorem
2060 452 2157 490 dedit
2188 453 2409 500 eundemque

1319 509 1431 544 usque
1454 498 1501 534 ad
1520 498 1749 535 vicensimum
1768 499 1932 552 quintum
1952 509 2084 534 annum
2104 502 2304 534 curatorem
2324 509 2408 535 con-

1319 543 1453 579 stituit:
1487 553 1632 589 quaero,
1657 554 1738 580 cum
1760 545 1867 580 liceat
1885 543 2026 588 Nigidio
2049 553 2073 578 a
2095 543 2279 579 curatione
2302 544 2409 579 etiam

1319 589 1411 624 citra
1434 588 1709 640 appellationem
1731 599 1771 625 se
1793 598 1976 630 excusare,
2001 598 2045 623 ex
2067 598 2139 633 qua
2160 588 2216 624 die
2239 592 2411 634 tempora,

1320 642 1411 678 quae
1453 644 1490 668 m
1534 634 1822 669 excusationibus
1866 632 2087 669 observanda
2129 632 2229 668 divus
2263 633 2410 669 Marcus

1320 677 1459 721 statuit,
1483 678 1726 723 computanda
1749 682 1844 720 sunt,
1869 683 1989 714 utrum
2013 687 2057 713 ex
2080 677 2137 714 die
2159 677 2275 723 aperti
2297 682 2409 714 testa-

1320 722 1440 765 menti,
1464 732 1511 757 an
1536 733 1579 758 ex
1603 733 1673 767 quo
1698 722 1745 759 ad
1768 723 1910 768 negotia
1931 721 2087 768 gerenda
2110 726 2270 764 vocatur,
2294 722 2332 758 id
2355 726 2411 758 est

1321 771 1402 813 post
1425 770 1592 819 quartum
1616 767 1791 820 decimum
1815 778 1947 803 annum
1963 766 2155 812 impletum.
2187 766 2411 820 Modestinus

1320 812 2048 937 ξῐῖἓζέἒξξθῖἲ,”ῗέἓῖοᾚ.ἓξζὶἓοὲἒὲιῖἓ
2060 822 2410 893 ἓέωωῃιωοῗὲξῑ

1337 912 1379 938 or
1417 912 1494 937 ueri

1370 944 1419 983 17
1456 946 1739 982 Canrsrmws
1770 947 1861 983 libro
1894 950 2025 992 quarto
2060 945 2105 981 dc
2146 946 2413 993 vomitionibus

1320 991 1403 1027 Non
1434 994 1575 1026 tantum
1605 991 1811 1036 magnitudo
1843 991 2137 1036 patrimoniorum
2166 990 2324 1027 ineunda
2358 993 2413 1026 est

1321 1039 1568 1081 susceptarum
1604 1035 1711 1071 trium
1746 1036 1938 1072 tutelarum
1982 1045 2145 1082 quaeque
2185 1035 2413 1081 suscipienda

1322 1085 1396 1124 est,
1431 1080 1495 1116 sed
1529 1080 1635 1116 etiam
1669 1085 1768 1116 aetas
1798 1081 2014 1126 pupillorum
2048 1080 2309 1117 consideranda
2339 1084 2411 1116 est:

1323 1137 1405 1161 nam
1436 1125 1467 1161 si
1498 1126 1656 1171 priorum
1687 1125 1903 1171 pupillorum
1927 1130 2027 1161 aetas
2051 1136 2163 1172 prope
2186 1125 2413 1170 pubertatem

1323 1172 1388 1213 sit,
1418 1170 1471 1206 ita
1502 1174 1543 1205 ut
1572 1170 1818 1206 tantummodo
1850 1175 2044 1206 semenstre
2075 1175 2216 1216 tempus
2238 1170 2414 1215 reliquum

1323 1215 1443 1257 fuerit,
1468 1218 1533 1251 aut
1557 1224 1680 1251 eorum
1703 1226 1854 1260 quorum
1877 1215 2060 1261 suscipere
2091 1215 2239 1251 tutelam
2263 1214 2412 1260 cogitur,

1323 1271 1396 1297 non
1419 1260 1563 1296 dabitur
1586 1260 1789 1296 excusatio:
1821 1260 1928 1306 idque
1952 1260 2207 1306 principalibus
2239 1259 2412 1295 eonstitu-

1327 1308 1342 1340 1
1391 1305 1549 1341 tionibus
1586 1309 1741 1341 cavetur.
1797 1305 1985 1341 Iliensibus
2016 1309 2052 1340 et
2074 1308 2221 1358 propter
2243 1304 2415 1340 inclutam

1324 1350 1545 1387 nobilitatem
1569 1350 1721 1386 civitatis
1748 1353 1783 1385 et
1805 1354 1953 1396 propter
1968 1351 2253 1386 coniunctionem
2269 1349 2414 1394 originis

1324 1395 1508 1431 Romanae
1530 1395 1602 1430 iam
1625 1394 1823 1440 antiquitus
1847 1400 1883 1430 et
1907 1398 2052 1430 senatus
2073 1394 2245 1431 consultis
2269 1397 2304 1430 et
2327 1404 2414 1430 con·

1325 1439 1571 1476 stitutionibus
1595 1439 1796 1485 principum
1818 1440 2024 1485 plenissima
2046 1439 2248 1476 immunitas
2279 1438 2416 1474 tributa

1325 1489 1390 1528 est,
1413 1489 1456 1520 ut
1478 1485 1583 1537 etiarn
1607 1484 1741 1520 tutelae
1771 1485 2037 1537 excusationem
2067 1485 2243 1537 babeant,
2279 1484 2416 1536 scilicet

1325 1530 1698 1620 3⁰¹&ssssssssssssssss
1723 1528 2415 1625 qffioffiffi⁶⁸ff03031¹ssiibifflqffinffssffi

1324 1620 1391 1655 luti
1423 1619 1626 1662 fabrorum,
1665 1620 1924 1656 immunitatem
1962 1620 2095 1655 habere
2125 1619 2275 1655 dicimus
2310 1623 2416 1654 etiam

1326 1665 1422 1701 circa
1444 1664 1636 1700 tutelarum
1658 1668 1862 1700 exterorum
1878 1665 2059 1700 hominum
2075 1663 2416 1700 administrationem

1325 1710 1509 1745 habebunt
1547 1710 1812 1745 excusationem
1825 1710 1864 1752 ¹²,
1903 1710 1972 1745 nisi
2003 1710 2034 1745 si
2065 1709 2254 1745 facultates
2294 1718 2417 1744 eorum

1326 1754 1503 1790 adauctae
1526 1754 1673 1796 fuerint,
1697 1758 1739 1789 ut
1772 1754 1819 1789 ad
1843 1757 1964 1790 cetera
1994 1765 2136 1800 quoque
2167 1763 2315 1789 munera
2373 1765 2416 1789 u-

1325 1800 1421 1835 blica
1453 1799 1681 1844 suscipienda
1704 1799 1980 1844 compellantur:
2023 1799 2130 1844 idque
2159 1798 2348 1845 principali
2372 1807 2416 1834 us

1327 1848 1346 1880 3
1394 1844 1711 1880 constitutionibus
1735 1848 1889 1880 cavetur.
1936 1843 2020 1880 Non
2043 1844 2162 1879 omnia
2184 1847 2305 1879 tamen
2337 1853 2417 1879 cor-

1326 1899 1415 1934 pora
1438 1889 1494 1924 vel
1518 1889 1665 1934 collegia
1688 1889 1909 1925 vacationem
1924 1889 2118 1924 tutelarum
2129 1888 2275 1931 habent,
2291 1898 2415 1934 quam-

1326 1934 1377 1970 vis
1400 1934 1607 1970 muneribus
1631 1934 1905 1986 municipalibus
1936 1934 2111 1969 obstricta
2133 1944 2205 1969 non
2235 1933 2326 1975 sint.
2349 1933 2418 1969 nisi

1326 1982 1347 2014 4
1394 1979 1604 2014 nominatim
1626 1979 1663 2014 id
1685 1979 1904 2024 privilegium
1929 1979 1979 2014 eis
2002 1978 2178 2014 indultum
2201 1978 2257 2014 sit.
2296 1978 2332 2014 Is
2356 1977 2418 2023 qui

1327 2024 1507 2060 aedilitate
1536 2024 1698 2077 fungitur
1727 2027 1848 2069 potest
1878 2028 1976 2059 tutor
2007 2023 2100 2059 dari:
2142 2034 2224 2059 nam
2255 2022 2417 2059 aedilitas

1326 2069 1419 2104 inter
1442 2079 1504 2105 eos
1527 2072 1757 2114 magistratus
1780 2069 1933 2104 habetur
1958 2068 2188 2149 quiffivatis
2210 2068 2417 2104 muneribus

1327 2114 1488 2150 excusati
1534 2117 1619 2149 sunt
1665 2113 1862 2150 secundum
1908 2113 1978 2149 din
2106 2114 2140 2149 ci
2191 2113 2415 2158 rescriptum.

1328 2162 1346 2194 5
1395 2158 1490 2194 Sane
1514 2163 1639 2194 notum
1670 2162 1734 2201 est,
1772 2158 1868 2204 quod
1890 2158 2094 2204 gerentibus
2117 2159 2288 2194 honorem
2310 2167 2417 2193 vaca·

1326 2204 1461 2239 tionem
1496 2204 1688 2239 tutelarum
1722 2203 1869 2239 concedi
1902 2203 2058 2249 placuit,
2093 2213 2222 2239 vacare
2257 2202 2419 2238 autem¹⁸

1327 2259 1400 2291 eos,
1426 2249 1487 2294 qui
1510 2252 1596 2284 tunc
1618 2249 1773 2293 primum
1795 2253 1967 2284 vocentur
1997 2247 2044 2283 ad
2075 2247 2339 2294 suscipiendum
2361 2247 2417 2283 of·

1326 2293 1447 2329 ficium
1469 2294 1621 2329 tutelae:
1654 2298 1811 2328 ceterum
1842 2303 1922 2335 eos,
1978 2293 2015 2328 ui
2042 2293 2113 2328 iam
2144 2303 2183 2329 se
2213 2293 2419 2328 miscuerint

1327 2338 1635 2379 administrationi,
1647 2349 1692 2374 ne
1713 2342 1873 2383 tempore
1891 2305 2032 2391 quidem
2048 2338 2277 2383 magistratus
2287 2347 2419 2373 vacare

1327 2387 1348 2419 6
1395 2393 1509 2428 aeque
1532 2387 1657 2418 uotum
1681 2387 1746 2418 est.
1802 2382 1945 2418 Domini
1975 2383 2118 2418 navium
2148 2393 2222 2418 non
2252 2382 2419 2418 videntur

1325 2497 1346 2530 9
1370 2496 1501 2529 libertis
1521 2496 1602 2529 solis
1619 2495 1789 2528 indultum
1805 2499 1867 2530 est.
1903 2495 2001 2532 Quod
2021 2495 2051 2528 si
2069 2495 2286 2538 magistratus
2308 2494 2419 2527 muni·

1325 2541 1457 2583 cipalis,
1471 2541 1507 2574 id
1520 2544 1570 2573 est
1584 2539 1787 2586 στρατηγός,
1803 2551 1878 2573 cum
1895 2541 2081 2573 nominatio
2101 2540 2144 2573 ad
2155 2551 2231 2573 eum
2250 2540 2419 2582 pertineat

1326 2586 1477 2628 periculo
1503 2585 1629 2618 tutelae
1655 2585 1862 2626 subiciatur,
1883 2586 1968 2619 banc
1997 2596 2073 2618 cum
2101 2585 2178 2618 aliis
2206 2584 2322 2618 tutelis
2347 2594 2417 2618 non

1327 2630 1600 2663 connumerabit:
1622 2641 1682 2663 nec
1696 2631 1804 2673 magis
1825 2631 1883 2673 qui
1904 2631 1944 2663 de
1966 2630 2072 2662 tutela
2089 2630 2254 2663 fldeiussit
2274 2634 2308 2662 et
2328 2639 2369 2661 ne
2390 2629 2418 2663 ii

1330 2678 1370 2710 10
1395 2676 1540 2718 quidem,
1561 2676 1619 2718 qui
1632 2676 1804 2708 honorarii
1820 2679 1948 2707 tutores
1968 2676 2090 2717 scripti
2109 2678 2198 2709 sunt.
2232 2674 2299 2710 Qui
2313 2673 2418 2707 vecti-

1326 2721 1420 2763 galia
1436 2721 1602 2754 oonducta
1614 2719 1716 2753 habet
1727 2731 1748 2753 a
1767 2719 1973 2760 civitatibus,
1995 2731 2015 2752 a
2028 2719 2134 2753 tutela
2146 2730 2214 2752 non
2226 2723 2419 2756 excusatur.

1331 2768 1367 2799 11
1395 2766 1462 2802 Qui
1476 2766 1598 2798 multas
1611 2776 1728 2798 causas
1740 2764 1862 2798 habere
1874 2776 1908 2798 se
1920 2765 2015 2807 dicit,
2029 2775 2170 2807 quarum
2189 2764 2284 2797 nulla
2303 2774 2363 2807 per
2382 2774 2418 2797 se

1328 2810 1439 2843 valida
1451 2811 1508 2850 sit,
1521 2810 1710 2853 quaesitum
1732 2813 1782 2843 est
1793 2820 1873 2842 num
1886 2810 1994 2852 possit
2013 2810 2183 2844 excusari:
2204 2808 2297 2842 verbi
2317 2818 2419 2842 eausa

1328 2866 1395 2888 non
1408 2854 1509 2888 habet
1521 2855 1737 2898 septuaginta
1749 2865 1855 2887 annos
1868 2865 1974 2898 neque
1984 2858 2050 2888 tres
2064 2854 2186 2887 tutelas
2198 2864 2305 2896 neque
2318 2854 2417 2897 quin·

1329 2911 1390 2942 que
1403 2900 1529 2933 liberos
1540 2900 1591 2933 vel
1604 2900 1704 2933 aliam
1715 2910 1847 2933 causam
1858 2900 2095 2941 excusationis,
2105 2899 2205 2932 habet
2213 2903 2324 2931 autem
2333 2898 2418 2932 duas

1328 2945 1450 2978 tutelas
1471 2949 1504 2978 et
1523 2945 1605 2978 duos
1629 2945 1752 2977 liberos
1773 2948 1806 2977 et
1826 2948 1877 2977 est
1895 2955 2059 2977 annorum
2078 2944 2264 2986 sexaginta,
2285 2943 2337 2976 vel
2349 2943 2417 2976 alia

1329 2990 1489 3032 quaedam
1509 2991 1581 3022 eius
1601 2990 1691 3022 modi
1710 2990 1849 3032 profert,
1863 3000 1947 3032 quae
1960 2989 2093 3031 singula
2105 2989 2240 3031 plenum
2253 2988 2418 3021 auxilium

1328 3046 1395 3068 non
1408 3035 1673 3078 praebeant,-sed
1684 3035 1771 3067 inter
1779 3046 1813 3067 se
1823 3035 2005 3067 coniuncta
2013 3035 2097 3066 iuris
2106 3034 2250 3075 speciem
2259 3032 2416 3068 habeant.

1332 3082 1371 3114 12
1396 3080 1505 3122 magis
1525 3083 1636 3112 tamen
1658 3079 1787 3121 placuit
1806 3090 1881 3112 eum
1909 3090 1977 3112 non
1998 3079 2159 3112 excusari.
2195 3077 2262 3114 Qui
2289 3077 2419 3120 accipit

1328 3125 1380 3158 vel
1392 3124 1494 3157 habet
1505 3124 1751 3157 immunitatem
1765 3124 1916 3157 civilium
1928 3125 1997 3157 sive
2010 3123 2221 3166 publicorum
2230 3132 2416 3163 munerum,

1334 3172 1372 3204 13
1397 3180 1417 3202 a
1428 3168 1536 3202 tutela
1547 3179 1614 3202 nou
1627 3169 1841 3203 liberabitur.
1864 3170 2054 3202 Excusatus
2065 3178 2085 3201 a
2098 3167 2203 3201 tutela
2215 3177 2336 3200 curave
2349 3177 2418 3200 non

1330 3215 1470 3247 omnino
1489 3218 1628 3256 propter
1646 3215 1695 3247 ita
1712 3218 1787 3246 acta
1806 3214 1848 3247 ab
1869 3214 1937 3246 alia
1956 3213 2185 3246 nominatione
2204 3210 2417 3254 liberabitur,

1334 3261 1374 3294 14
1398 3259 1464 3292 nisi
1486 3258 1588 3291 habet
1609 3270 1726 3293 causas
1750 3258 1986 3292 excusationis.
2018 3257 2085 3294 Qui
2110 3258 2242 3291 novisse
2262 3267 2297 3290 se
2315 3259 2418 3299 negat

1335 3306 1372 3338 15
1398 3307 1526 3346 patrem
1539 3303 1591 3336 vel
1611 3308 1749 3336 matrem
1768 3303 1905 3347 pupilli,
1918 3303 1960 3336 ob
1973 3302 2009 3336 id
2021 3313 2089 3335 non
2110 3302 2334 3335 excusabitur.
2358 3302 2417 3334 In-

1330 3349 1459 3382 terdum
1473 3349 1574 3381 etiam
1587 3350 1645 3391 qui
1665 3351 1732 3381 tres
1753 3348 1874 3381 tutelas
1893 3358 2030 3380 curasve
2051 3346 2152 3380 babet
2171 3357 2304 3380 causam
2317 3356 2417 3380 exou-

1331 3393 1426 3426 sandi
1440 3404 1475 3426 se
1487 3404 1554 3426 non
1567 3394 1678 3435 habet,
1689 3398 1727 3426 ut
1738 3393 1768 3426 si
1780 3394 1856 3435 quis
1865 3402 1919 3425 eas
1931 3393 2100 3434 suscipere
2110 3392 2296 3425 affectavit:
2318 3391 2417 3424 affec·

1332 3445 1418 3471 tasse
1438 3443 1548 3470 autem
1568 3438 1701 3471 videtur
1721 3438 1773 3471 vel
1794 3439 1821 3470 is
1842 3438 1900 3480 qui
1922 3437 2088 3470 tenuioris
2118 3439 2210 3469 tutor
2229 3436 2338 3469 factus
2355 3440 2416 3470 eat.

1335 3485 1374 3517 16
1390 3485 1429 3517 17
1455 3483 1636 3526 Ulpianus.
1651 3509 1660 3517 .
1671 3510 1677 3517 .
1690 3508 1700 3517 .
1714 3486 1878 3525 oportere.
1898 3482 1936 3515 Si
1949 3482 2025 3524 quis
2038 3484 2131 3514 tutor
2139 3482 2237 3514 datus
2249 3481 2344 3514 sitin
2355 3490 2415 3522 pa·

1333 3528 1398 3560 tria
1410 3531 1575 3571 potestate
1589 3529 1805 3566 constitutus,
1818 3527 1938 3560 deiude
1951 3531 2048 3569 pater
2060 3538 2121 3570 pro
2138 3537 2176 3559 eo
2189 3536 2304 3560 cavere
2316 3525 2415 3566 nolit,

1331 3573 1421 3615 leges
1441 3573 1611 3605 iusserunt
1636 3576 1766 3616 patrem
1785 3576 1819 3605 et
1839 3572 1949 3614 ipsum
1970 3575 2112 3604 tutorem
2135 3571 2225 3614 fleri,
2246 3574 2285 3604 ut
2307 3569 2416 3603 omni·

1332 3617 1428 3650 modo
1442 3629 1493 3650 res
1506 3618 1637 3660 pupillo
1650 3618 1742 3651 salva
1753 3617 1809 3656 sit,
1821 3619 1860 3649 ut
1871 3617 2064 3650 manifestat
2073 3616 2143 3649 divi
2159 3615 2326 3649 Hadriani
2336 3624 2416 3648 con-

1332 3663 1478 3697 stitutio.
1581 3666 1633 3705 (ιι)
1659 3662 1897 3705 Lugdunensis
1914 3674 1976 3696 scr.
2094 3663 2151 3703 (12)
2176 3661 2252 3694 hab.
2265 3670 2336 3694 exc.
2350 3659 2415 3695 del.

1334 3710 1391 3748 (13)
1415 3711 1527 3740 autem
1539 3708 1602 3741 del.

1930 123 1991 153 DE
2018 121 2399 156 Excusanomnus
2464 123 2480 147 ·‘
2498 125 2506 155 ἶ
