2528 3918
182 152 453 196 XXXXVIII
483 154 522 196 2.
546 155 571 196 3

182 276 319 313 deferre
342 286 415 312 non
438 279 574 321 potest:
608 275 671 311 sed
695 285 796 318 eum,
821 275 882 329 qui
904 275 1098 312 abolitione
1120 274 1267 320 publica

183 322 234 356 vel
258 321 398 366 privata
417 321 674 356 interveniente
694 325 758 356 aut
777 321 969 357 desistente
987 325 1199 356 accusatore
1222 320 1267 356 de

181 366 250 401 reis
274 370 459 412 exemptus
484 370 548 409 est,
573 366 665 401 alius
690 366 828 402 deferre
850 377 922 402 non
946 366 1166 411 prohibetur.

232 409 280 448 12
314 412 345 446 V
346 421 542 447 BNULEJUS
561 411 814 447 Sarummvos
842 411 932 447 libro
963 410 1120 446 secundo
1145 410 1190 445 dc
1213 410 1266 445 iu-

180 456 286 492 diciis
303 456 462 503 publicis
507 457 583 491 Hos
607 466 781 492 accusare
803 467 876 492 non
900 457 998 492 licet:
1024 456 1177 500 legatum
1200 454 1266 490 im-

180 501 368 581 ffiratoriffi
391 501 429 536 id
453 505 507 537 est
555 501 729 537 raesidem
752 502 953 547 provinciae
966 503 988 543 ¹,
1020 511 1064 535 ex
1088 500 1267 536 sententia

234 546 348 581 ntuli*
382 546 479 581 dicta
541 546 613 582 ulla
647 552 683 582 et
715 547 847 583 Trione
889 545 1136 582 consulibus⁸2
1180 546 1266 581 item

180 590 336 636 legatum
358 591 638 636 provincialem⁴
660 592 737 628 eius
762 592 947 627 dumtaxat
970 590 1144 633 criminis,
1170 590 1266 644 quod

181 641 266 671 ante
290 636 523 678 commiserit,
557 647 663 690 quam
693 638 731 672 in
763 637 974 682 legationem
996 636 1150 671 venerit:
1181 639 1266 670 item

182 681 428 726 magistratum
449 682 576 727 populi
598 682 751 718 Romani
775 693 917 723 eumve,
942 680 1003 726 qui
1025 681 1078 716 rei
1100 680 1268 726 publicae

182 736 292 761 causa
309 726 450 770 afuerit,
476 726 560 762 dum
576 737 648 763 non
668 727 922 762 detractandae
933 728 946 747 ⁵
969 725 1058 771 legis
1075 735 1186 761 causa
1202 726 1266 761 ab·

184 775 198 806 1
248 777 315 820 est.
350 772 429 807 Hoc
456 772 626 808 beneficio
652 773 758 808 etiam
780 773 818 807 in
841 782 923 807 reos
946 771 1083 817 recepti
1106 771 1159 806 uti
1182 781 1266 852 pos-

181 820 276 859 sunt,
301 816 332 852 si
356 817 549 853 abolitione
571 817 826 853 interveniente
842 816 956 861 repeti
979 826 1018 852 se
1041 827 1113 852 non
1137 816 1181 852 de
1208 826 1267 851 ere

181 861 415 905 contendant,
453 862 648 898 secundum
690 863 878 908 epistulam
917 861 988 897 divi
1018 861 1191 897 Hadriani
1220 861 1267 896 ad

181 909 201 941 2
249 907 477 943 Glabrionem
509 909 715 944 consulem⁰
747 908 927 952 scriptam.
975 907 1071 952 Lege
1093 907 1186 942 Iulia
1209 906 1264 941 iu·

180 951 355 987 diciorum
377 952 602 998 publicorum
626 957 782 994 cavetur,
807 962 852 987 ne
876 952 999 988 eodem
1016 956 1176 997 tempore
1200 951 1265 987 de⁷

180 996 321 1033 duobus
350 998 422 1034 reis
450 998 529 1043 quis
555 1002 762 1043 quereretur
792 997 861 1032 nisi
889 1007 1035 1033 suarum
1058 997 1267 1032 iniuriarum

181 1046 200 1077 3
249 1052 369 1078 causa.
418 1043 456 1078 Si
486 1053 610 1079 servus
639 1053 722 1078 reus
752 1043 1009 1087 postulabitur,
1048 1042 1171 1079 eadem
1203 1042 1266 1077 ob-

181 1087 359 1123 servanda
379 1092 478 1132 sunt,
511 1098 602 1134 quae
632 1088 663 1123 si
686 1088 776 1123 liber
800 1092 910 1130 esset,
944 1098 988 1123 ex
1012 1091 1156 1123 senatus
1181 1098 1266 1123 con-

179 1136 202 1168 4
248 1133 343 1169 sulto
383 1133 490 1169 Cotta
528 1138 563 1168 et
601 1133 759 1169 Messala
797 1133 1004 1169 consulibus
1013 1134 1038 1168 ⁸.
1094 1133 1266 1168 Omnibus

179 1181 299 1213 autem
323 1178 460 1224 legibus
493 1179 585 1214 servi
616 1179 668 1214 rei
700 1178 792 1213 fiunt
821 1183 972 1223 excepta
999 1179 1077 1223 lege
1107 1177 1200 1213 Iulia
1223 1177 1268 1212 de

177 1223 213 1258 vi
235 1223 386 1268 privata,
411 1224 494 1269 quia
517 1233 560 1258 ea
583 1224 659 1268 lege
683 1223 841 1259 damnati
864 1224 977 1269 partis
1002 1223 1131 1259 tertiae
1153 1223 1266 1258 bono-

178 1279 258 1304 rum
290 1269 533 1314 publicatione
564 1269 777 1314 puniuntur,
813 1279 905 1314 quae
927 1279 1044 1314 poena
1066 1268 1103 1303 in
1127 1278 1267 1304 servum

178 1324 252 1349 non
276 1314 383 1349 cadit.
430 1314 593 1359 idemque
616 1314 804 1349 dicendum
829 1318 884 1349 est
905 1314 942 1349 in
966 1314 1094 1349 ceteris
1116 1313 1265 1358 legibus,

181 1359 313 1403 quibus
336 1359 545 1404 pecuniaria
567 1369 683 1404 poena
712 1360 893 1404 irrogatur
915 1359 973 1394 vel
996 1359 1102 1395 etiam
1126 1358 1266 1404 capitis,

180 1414 272 1449 quae
304 1415 487 1440 servorum
524 1405 672 1450 poenis⁹
712 1415 784 1440 non
816 1405 998 1448 convenit,
1038 1403 1146 1440 sicuti
1175 1404 1266 1439 rele-

177 1450 285 1494 gatio.
331 1449 416 1485 item
447 1459 513 1484 nec
543 1449 602 1484 lex
612 1450 640 1471 ¹⁰
668 1449 839 1495 Pompeia
867 1449 1067 1495 parricidii,
1100 1449 1268 1494 quoniam

179 1499 289 1539 caput
311 1495 463 1539 primum
486 1504 547 1530 eos
566 1494 835 1539 adpraehendit,
860 1495 922 1540 qui
944 1498 1112 1540 parentes
1136 1504 1267 1539 cogna-

177 1543 278 1575 tosve
301 1545 365 1574 aut
387 1544 560 1585 patronos
581 1539 792 1575 occiderint:
818 1550 910 1585 quae
933 1540 971 1575 in
995 1550 1127 1582 servos,
1154 1550 1267 1585 quan-

178 1588 255 1619 tum
278 1584 325 1619 ad
348 1585 457 1620 verba
479 1585 644 1630 pertinet,
669 1596 742 1621 non
766 1586 918 1621 cadunt:
944 1585 1007 1621 sed
1032 1596 1112 1620 cum
1136 1587 1267 1620 natura

178 1630 373 1665 communis
408 1634 481 1671 est,
516 1630 678 1665 similiter
715 1634 752 1666 et
785 1631 823 1665 in
857 1641 919 1666 eos
954 1630 1265 1666 animadvertetur:

175 1675 261 1711 item
285 1675 450 1710 Cornelia
478 1675 688 1710 iniuriarum
720 1686 860 1711 servum
891 1686 964 1711 non
995 1675 1126 1711 debere
1155 1676 1267 1720 recipi

177 1730 277 1756 reum
297 1720 482 1756 Cornelius
495 1720 595 1755 Sulla
615 1725 743 1756 auctor
761 1720 847 1757 fuit:
874 1721 937 1757 sed
955 1721 1077 1756 durior
1097 1721 1131 1756 ei
1150 1731 1268 1766 poena

177 1769 280 1800 extra
302 1765 462 1801 ordinem
485 1765 691 1802 imminebit.

226 1808 276 1848 13
309 1810 547 1846 MARcIANUs
581 1811 672 1846 libro
702 1811 826 1857 primo
858 1811 902 1846 de
932 1812 1094 1857 publicis
1125 1811 1268 1847 iudiciis

176 1856 365 1891 Mulierem
394 1859 544 1901 propter
573 1856 755 1900 publicam
786 1856 977 1892 utilitatem
1009 1857 1056 1892 ad
1086 1867 1267 1892 annonam

203 1901 413 1936 ertinentem
443 1901 559 1936 audiri
591 1911 613 1936 a
643 1902 827 1946 praefecto
851 1912 1017 1938 annonae
1049 1901 1266 1937 deferentem

204 1946 278 1982 'vus
292 1948 319 1969 ¹¹
352 1946 502 1982 Severus
535 1950 571 1981 et
592 1947 797 1982 Antoninus
821 1948 1091 1992 rescripserunt.
1139 1946 1268 1982 famosi

177 2002 318 2036 quoque
341 1995 554 2027 accusantes
577 1991 654 2028 sine
677 1992 752 2027 ulla
775 1992 999 2028 dubitatione
1019 1992 1265 2028 admittuntur.

176 2036 306 2072 milites
330 2047 491 2083 quoque,
516 2036 578 2082 qui
600 2047 730 2073 causas
755 2037 889 2073 alienas
918 2037 1057 2073 deferre
1087 2048 1160 2073 non
1182 2048 1266 2083 pos-

176 2086 277 2125 sunt,
309 2083 370 2128 qui
383 2083 411 2103 ¹²
440 2092 506 2127 pro
536 2092 628 2127 pace
659 2082 858 2127 excubant,
888 2083 945 2119 vel
966 2083 1078 2128 magis
1103 2083 1150 2118 ad
1174 2083 1267 2118 hanc

176 2128 444 2163 accusationem
467 2127 678 2163 admittendi
697 2130 791 2163 sunt.
825 2127 918 2164 servi
941 2138 1082 2173 quoque
1106 2127 1266 2164 deferen-

176 2176 232 2208 tes
256 2172 463 2208 audiuntur.

226 2216 278 2255 14
301 2217 359 2253 ΡΑ
367 2227 462 2253 ULUS
490 2217 582 2254 libro
613 2218 772 2254 secundo
805 2218 850 2254 de
880 2218 1007 2264 officio
1031 2218 1268 2265 proconsulis

177 2260 331 2299 Senatus
363 2263 516 2307 censuit,
557 2273 603 2299 ne
633 2263 713 2309 quis
745 2264 792 2300 ob
821 2264 915 2300 idem
939 2263 1074 2300 crimen
1103 2264 1267 2309 pluribus

176 2309 315 2353 legibus
338 2318 421 2343 reus
444 2307 557 2344 fieret.

227 2353 276 2392 15
321 2353 515 2390 Urmms
558 2354 648 2390 libro
696 2354 1022 2401 qu1'nquaqensinzo
1068 2358 1177 2390 sexto
1219 2354 1269 2390 ad

178 2399 330 2436 ‹dictum
364 2398 407 2434 In
430 2409 522 2442 eum,
548 2399 650 2435 cuius
675 2399 756 2435 dolo
782 2399 876 2435 malo
901 2398 1105 2435 hominibus
1131 2399 1266 2435 coactis

177 2444 298 2479 damni
321 2443 406 2489 quid
430 2443 553 2479 datum
577 2454 655 2480 esse
674 2444 826 2487 dicatur,
850 2454 924 2479 non
942 2443 1049 2480 debet
1066 2444 1146 2489 cogi
1165 2448 1267 2480 actor

177 2489 309 2526 omissa
333 2489 474 2525 actione
499 2489 592 2525 civili
617 2490 751 2525 crimen
773 2490 969 2525 intendere.

226 2534 276 2572 16
301 2534 407 2570 loru
427 2535 518 2570 libro
541 2535 698 2571 secundo
723 2535 768 2570 de
787 2535 914 2581 officio
936 2534 1094 2570 consulis
1125 2534 1163 2570 Si
1185 2534 1266 2580 plu-

176 2590 234 2616 res
258 2580 429 2621 existant,
464 2580 525 2625 qui
549 2590 630 2615 eum
653 2580 690 2615 in
713 2580 866 2625 publicis
890 2579 1031 2615 iudiciis
1044 2580 1072 2601 ¹³
1096 2590 1268 2616 accusare

177 2626 315 2667 volunt,
347 2625 456 2660 iudex
484 2625 615 2670 eligere
641 2625 747 2661 debet
770 2635 851 2661 eum
875 2625 934 2670 qui
958 2628 1123 2668 accuset,
1157 2636 1267 2661 causa

177 2671 315 2706 scilicet
339 2671 481 2715 cognita
509 2670 704 2706 aestimatis
736 2674 987 2707 accusatorum
1017 2670 1180 2715 personis
1211 2671 1268 2706 vel

177 2716 222 2751 de
246 2715 434 2760 dignitate,
464 2715 521 2751 vel
543 2725 589 2751 ex
612 2726 654 2751 eo
679 2716 774 2761 quod
796 2715 960 2759 interest,
993 2715 1047 2751 vel
1071 2720 1189 2752 aetate
1211 2716 1266 2752 vel

178 2760 335 2797 moribus
359 2760 415 2796 vel
437 2760 508 2795 alia
530 2761 626 2796 iusta
648 2760 692 2797 de
716 2771 839 2796 causa.

227 2803 275 2843 17
302 2805 557 2842 Movesmos
578 2805 668 2842 libro
685 2811 791 2842 sexto
811 2806 1098 2852 differentiarum
1135 2806 1173 2841 Si
1191 2816 1264 2842 ser-

177 2862 258 2887 vum
282 2850 446 2886 dominus
468 2850 506 2885 in
525 2850 670 2886 crimine
694 2851 840 2896 capitali
863 2851 1043 2894 defendat,
1069 2851 1265 2887 sistendum

178 2895 352 2936 satisdato
376 2895 580 2940 promittere
604 2896 759 2932 iubetur.

227 2938 277 2979 18
301 2941 410 2976 [osu
429 2941 519 2976 libro
542 2942 693 2987 septimo
717 2942 854 2978 decimo
876 2951 1132 2988 responsorum
1176 2941 1265 2977 Cum

178 2987 275 3022 Titia
310 2989 562 3022 testamentum
595 2986 675 3021 Gaii
705 2987 827 3022 fratris
858 2986 915 3022 sui
953 2986 1084 3021 falsum
1115 2996 1266 3032 arguere

177 3032 373 3068 minaretur
404 3034 441 3067 et
475 3030 659 3066 sollemnia
687 3031 927 3067 accusationis
960 3042 1033 3067 non
1067 3031 1225 3076 implevit
1238 3033 1264 3053 ¹⁴

177 3078 272 3112 intra
295 3079 435 3121 tempus
459 3085 482 3111 a
503 3076 668 3122 praeside
691 3077 928 3121 praefinitum,
978 3086 1098 3112 raeses
1148 3077 1263 3112 rovin-

178 3123 254 3158 ciae
278 3123 406 3157 iterum
429 3121 673 3166 pronuntiavit
696 3132 768 3157 non
791 3132 898 3166 posse
924 3122 931 3129 ‘
962 3132 1018 3157 am
1042 3132 1124 3167 amp
1142 3121 1195 3158 ‘us
1221 3122 1265 3158 de

177 3167 270 3204 falso
308 3169 523 3202 testamento
562 3165 696 3202 dicere:
734 3166 904 3202 adversus
943 3177 1032 3213 quas
1069 3167 1264 3203 sententias

178 3213 273 3247 Titia
296 3222 368 3247 non
392 3211 612 3256 provocavit,
645 3211 708 3246 sed
733 3212 821 3246 dixit
844 3222 883 3248 se
905 3216 988 3257 post
1011 3211 1151 3247 finitum
1175 3216 1262 3247 tem-

177 3269 246 3303 pus
280 3258 323 3293 de
357 3257 459 3292 irrito
490 3259 703 3292 testamento
734 3256 863 3292 dicere.
911 3267 1060 3302 quaero,
1085 3267 1133 3292 an
1156 3257 1261 3301 Titia,

178 3313 270 3348 quae
299 3312 372 3337 non
400 3301 591 3353 appellavit
619 3301 789 3337 adversus
829 3303 1039 3338 sententiam
1075 3302 1262 3347 praesidis,

204 3348 292 3383 ossit
315 3347 361 3382 ad
382 3347 466 3382 fals1
490 3346 754 3383 accusationem
776 3351 904 3392 postca
926 3347 1066 3383 reverti.
1114 3356 1261 3393 respon-

203 3393 230 3428 't
251 3393 338 3428 nihil
362 3394 486 3438 aperte
509 3392 672 3437 proponi,
695 3395 843 3438 propter
866 3392 962 3435 quod
986 3392 1158 3428 adversus
1181 3402 1261 3429 sen·

176 3437 310 3473 tentiae
334 3437 583 3473 auctoritatem
607 3436 651 3473 de
673 3437 767 3474 falso
789 3447 898 3482 agens
923 3436 1101 3473 audienda
1125 3437 1180 3473 sit.

177 3552 217 3592 (ι)
241 3549 278 3584 id
297 3552 346 3584 est
364 3550 549 3594 praesidem
567 3550 761 3594 provinciae
781 3551 843 3584 del.
963 3552 1006 3590 (2)
1031 3548 1177 3583 Lentulo
1196 3563 1258 3584 ser.

177 3599 220 3637 ⁴³)
245 3609 331 3629 anno
339 3609 373 3640 p.
388 3597 462 3630 Chr.
474 3603 503 3630 3¹
520 3609 557 3629 m.
571 3597 627 3630 luL
640 3597 787 3640 —Sepe.
847 3596 890 3638 (4)
914 3595 1183 3638 proconsularem
1197 3608 1259 3629 ser.

178 3644 220 3681 (5)
245 3640 474 3674 retractandae
487 3641 521 3674 F
603 3644 647 3683 (6)
673 3653 759 3675 anno
766 3653 802 3685 p.
820 3641 894 3675 Ckr.
908 3647 959 3675 12⁴

177 3687 222 3724 (8)
248 3698 333 3718 anno
341 3699 376 3730 p.
395 3686 468 3720 Chr.
483 3694 520 3720 20
598 3688 642 3727 (s)
666 3696 759 3719 servo
770 3695 878 3729 poena
888 3698 949 3719 scr.

178 3732 233 3771 in)
257 3730 327 3763 divi
345 3744 406 3764 scr.
522 3734 582 3772 (12)
606 3731 686 3772 quia
704 3743 765 3763 scr.

178 3774 311 3808 iudiciis
331 3776 385 3808 dal
518 3782 575 3814 (¹⁴)
601 3776 802 3818 implevisset
821 3788 882 3808 scr.

1028 3687 1088 3725 (ιο)
1112 3683 1186 3728 lege
1197 3697 1260 3719 scr.

1010 3776 1071 3816 (15)
1096 3773 1165 3806 divi
1188 3777 1261 3808 edd.

1262 148 1349 198 792
1505 92 1564 171 Ὗ

1046 3644 1088 3681 (7)
1113 3639 1189 3682 plus
1200 3642 1260 3675 ins.
1329 3642 1362 3684 9,
1381 3647 1409 3676 ³.
1430 3648 1447 3675 4

882 3731 940 3771 (13)
966 3739 1041 3763 enm
1060 3729 1097 3762 in
1117 3729 1263 3772 publicis
1331 3735 1393 3770 (23)

1389 6 1412 14 .,
1481 20 1498 60 N

1493 61 1498 92 i

1618 160 1680 197 DE
1710 163 1932 197 cus'ronu
1960 164 2018 196 m·
2045 165 2198 197 Exmn.
2229 164 2414 197 nomm

1385 271 1436 311 19
1471 273 1756 312 eamq-unos
1790 275 1881 313 libro
1916 275 2042 323 quinto
2073 275 2118 311 de
2153 274 2417 322 monitionibus

1335 319 1417 354 Divi
1447 318 1578 355 fratres
1606 320 1866 367 rescripserunt
1895 332 1967 357 non
1998 320 2128 356 debere
2161 320 2239 365 cogi
2268 319 2417 355 heredes

1340 368 1353 398 1
1403 368 1654 400 accusatorum
1685 366 1812 412 exequi
1835 366 1994 401 crimina.
2041 366 2131 401 ltem
2155 376 2228 401 non
2250 369 2417 410 oportere

1336 409 1499 455 compelli
1531 415 1777 446 accusatorem
1806 411 1928 457 plures
1956 422 2037 447 reos
2068 411 2188 447 facere
2217 409 2320 446 divus
2343 409 2418 445 Ha·

1335 454 1481 490 driauus
1505 455 1698 500 rescripsit.

1382 497 1435 537 20
1465 499 1721 536 Mons-armos
1750 501 1841 537 libro
1863 501 2020 538 secundo
2044 501 2090 536 de
2105 502 2239 548 poenis
2283 500 2341 536 Ex
2364 500 2419 536 iu-

1336 544 1510 580 diciorum
1550 544 1775 591 publicorum
1814 545 1977 583 admissis
2007 557 2080 582 non
2111 547 2200 582 alias
2230 549 2420 582 transeunt

1337 589 1508 626 adversus
1527 589 1676 626 heredes
1695 601 1834 636 poenae
1851 592 2025 627 bonorum
2042 591 2288 637 ademptionis,
2313 600 2419 637 quam

1335 635 1366 670 si
1396 635 1440 670 lis
1473 639 1675 671 contestata
1706 639 1742 671 et
1773 636 2018 672 condemnatio
2050 636 2160 672 fuerit
2190 640 2333 678 secuta,
2357 646 2418 672 ex-

1336 684 1439 725 cepto
1464 680 1743 726 repetundarum
1762 685 1798 716 et
1816 682 2011 717 maiestatis
2031 681 2174 724 iudicio,
2201 691 2293 727 quae
2311 681 2419 717 etiam

1335 725 1482 761 mortuis
1518 725 1609 766 reis,
1643 736 1724 761 cum
1759 726 1887 772 quibus
1921 726 2009 761 nihil
2043 731 2164 762 actum
2193 730 2266 770 est,
2301 725 2420 761 adhuc

1336 770 1492 806 exerceri
1548 771 1676 814 lacuit,
1713 775 1753 806 ut
1781 772 1876 807 bona
1906 781 2030 806 eorum
2059 771 2148 808 fisco
2178 771 2419 807 vindicentur:

1337 815 1424 851 adeo
1449 820 1490 850 ut
1539 816 1655 852 ‘vus¹⁵
1678 816 1829 852 Severus
1849 817 2096 852 etAntoninus
2119 816 2368 862 rescripserint
2380 817 2419 859 ¹⁶,

1335 871 1381 896 ex
1434 871 1480 897 uo
1506 862 1583 906 quis
1606 861 1751 906 aliquod
1782 872 1827 897 ex
1849 861 1904 897 his
1929 861 2048 897 causis
2072 861 2207 897 crimen
2230 860 2420 904 contraxit,

1335 871 1423 941 nihil'
1400 905 1406 912 ‘
1452 916 1497 942 ex
1534 906 1637 942 bonis
1670 907 1744 942 suis
1777 907 1933 942 alienare
1970 910 2033 942 aut
2061 906 2308 942 manumittere
2339 916 2420 942 eum

1361 961 1442 986 osse
1456 953 1492 986 ¹⁷.
1541 962 1585 987 ex
1617 952 1745 987 ceteris
1775 962 1859 987 vero
1889 951 2028 987 delictis
2056 961 2174 997 poena
2194 951 2352 1005 incipere
2374 951 2420 986 ab

1362 996 1466 1031 erede
1490 997 1542 1031 ita
1566 997 1706 1032 demum
1729 1000 1859 1042 potest,
1884 996 1916 1032 si
1937 997 2016 1032 vivo
2039 1007 2102 1033 reo
2122 1000 2306 1033 accusatio
2324 1000 2422 1032 mota

1338 1046 1401 1083 est,
1426 1042 1510 1077 licet
1531 1053 1605 1077 non
1628 1042 1696 1077 fuit
1719 1042 1966 1078 condemnatio
1991 1044 2126 1078 secuta.

1383 1084 1432 1124 21
1461 1086 1707 1123 Papumws
1735 1088 1826 1123 libro
1850 1088 1975 1133 quinto
2005 1087 2142 1124 decimo
2163 1096 2420 1134 responsorum

1337 1132 1472 1177 Capitis
1502 1143 1585 1167 reus
1617 1143 1791 1178 suspenso
1824 1132 1970 1168 crimine
2000 1142 2147 1168 causam
2169 1131 2258 1168 fisco
2281 1130 2421 1168 deferre

1335 1187 1407 1213 non
1431 1177 1655 1222 prohibetur.

1381 1220 1435 1260 22
1459 1222 1567 1258 IDEM
1586 1223 1677 1259 libro
1696 1225 1801 1258 sexto
1822 1222 1958 1258 decimo
1976 1232 2234 1270 responsorum
2262 1221 2422 1258 Alterius

1335 1268 1540 1312 provinciae
1572 1278 1656 1303 reus
1691 1267 1790 1313 apud
1828 1277 1889 1303 eos
1921 1272 2116 1304 accusatur
2145 1270 2183 1303 et
2219 1267 2421 1309 damnatur,

1336 1313 1432 1359 apud
1451 1323 1542 1357 quos
1563 1313 1696 1349 crimen
1717 1316 1942 1348 contractum
1963 1312 2174 1349 ostenditur.
2199 1312 2295 1366 quod
2314 1312 2419 1348 etiam

1335 1358 1372 1393 in
1390 1358 1563 1394 militibus
1582 1369 1662 1394 esse
1681 1358 1942 1394 observandum
1961 1358 2085 1404 optimi
2107 1358 2288 1404 principes
2308 1357 2420 1394 nostri

1335 1404 1548 1449 generaliter
1571 1403 1847 1449 rescripserunt.

1822 1541 1933 1581 111¹⁸.

1403 1609 1466 1641 DE
1491 1607 1715 1642 OUSTODIA
1737 1608 1797 1642 ΕΤ
1820 1607 2134 1641 EXHIBITIONE
2156 1606 2357 1641 REoBuu.

1385 1672 1403 1710 1
1438 1673 1634 1710 ULPJANUS
1662 1674 1754 1710 libro
1783 1674 1941 1710 secundo
1964 1673 2009 1709 de
2037 1673 2164 1720 officio
2189 1673 2424 1720 proconsulis

1335 1719 1391 1754 De
1411 1719 1576 1755 custodia
1593 1730 1736 1755 reorum
1780 1719 1950 1755 roconsul
1967 1718 2157 1754 aestimare
2175 1718 2277 1763 solet,
2301 1722 2422 1754 utrum

1334 1764 1372 1799 in
1391 1774 1571 1800 carcerem
1589 1765 1748 1811 recipien
1774 1775 1797 1800 a
1822 1764 1869 1800 sit
1887 1774 2043 1810 persona
2062 1774 2110 1799 an
2125 1763 2229 1799 militi
2246 1763 2424 1799 tradenda

1335 1810 1391 1845 vel
1420 1809 1690 1846 fideiussoribus
1724 1809 1975 1845 committenda
2003 1809 2059 1845 vel
2089 1809 2197 1845 etiam
2227 1808 2306 1845 sibi.
2353 1809 2423 1845 hoc

1335 1858 1454 1890 autem
1485 1855 1541 1891 vel
1570 1866 1637 1900 pro
1667 1855 1823 1891 criminis
1855 1854 1951 1900 quod
1983 1854 2136 1890 obicitur
2164 1853 2336 1900 qualitate
2366 1854 2423 1890 vel

1335 1904 1481 1945 propter
1512 1901 1684 1936 honorem
1708 1905 1771 1936 aut
1800 1904 1949 1945 propter
1972 1899 2208 1945 amplissimas
2231 1899 2422 1935 facultates

1336 1945 1392 1980 vel
1420 1956 1487 1990 pro
1516 1946 1723 1982 innocentia
1750 1955 1926 1991 personae
1957 1945 2012 1981 vel
2042 1955 2109 1990 pro
2142 1944 2315 1990 dignitate
2345 1944 2421 1980 eius

1336 1990 1397 2036 qui
1420 1994 1611 2026 accusatur
1634 1991 1753 2026 facere
1777 1991 1878 2026 solet.

1382 2034 1407 2072 2
1432 2036 1678 2072 PAPJNIANUS
1700 2036 1791 2072 libro
1808 2037 1932 2083 primo
1951 2035 1996 2070 de
2018 2035 2207 2070 adulteria
2237 2034 2275 2070 Si
2298 2044 2423 2070 servus

1338 2081 1483 2127 capitali
1507 2081 1654 2117 crimine
1677 2081 1889 2127 postuletur,
1913 2081 1990 2160 lege
2013 2080 2240 2126 publicorum
2263 2083 2422 2123 cavetur,

1337 2132 1378 2161 ut
1400 2126 1596 2162 sistendum
1618 2127 1675 2162 vel
1698 2137 1721 2162 a
1745 2126 1887 2163 domino
1910 2136 1952 2162 ve
1979 2126 2006 2147 ¹⁹
2029 2126 2075 2161 ab
2100 2129 2222 2162 extero
2246 2124 2420 2161 satisdato

1336 2171 1584 2216 promittatur:
1625 2171 1721 2217 quod
1755 2171 1786 2207 si
1823 2182 1896 2207 non
1937 2170 2167 2214 defendatur,
2205 2171 2245 2206 in
2279 2170 2422 2206 vincula

1336 2217 1483 2262 publica
1513 2217 1603 2252 coici
1633 2217 1797 2260 iubetur,
1829 2220 1871 2252 ut
1893 2227 1938 2252 ex
1960 2216 2110 2252 vinculis
2142 2225 2289 2251 causam
2312 2215 2419 2251 dicat.

1341 2266 1353 2296 l
1404 2261 1504 2297 Solet
1532 2262 1582 2297 ita
1607 2272 1652 2297 ue
1680 2262 1849 2304 tractari,
1874 2272 1921 2297 an
1950 2266 2076 2307 postea
2104 2261 2247 2297 domino
2276 2260 2421 2306 permit-

1336 2307 1481 2342 tendum
1506 2307 1552 2342 sit
1575 2318 1597 2343 o
1625 2308 1699 2342 lata
1722 2307 1955 2344 satisdatione
1978 2316 2120 2343 servum
2142 2317 2247 2342 suum
2269 2306 2421 2342 vinculis

1335 2352 1498 2388 liberare.
1546 2352 1807 2388 dubitationem
1844 2356 1952 2397 auget
1990 2352 2146 2387 edictum
2176 2351 2371 2387 Domitiani
2379 2352 2421 2395 ²⁰,

1336 2408 1407 2443 quo
1432 2401 1578 2433 cautum
1602 2402 1658 2433 est
1681 2398 1893 2433 abolitiones
1917 2407 1962 2433 ex
1986 2402 2132 2433 senatus
2158 2396 2320 2432 consulto
2344 2395 2421 2431 fac-

1335 2448 1392 2478 tas
1415 2442 1463 2478 ad
1485 2442 1689 2478 huiusmodi
1720 2453 1842 2479 servos
1865 2453 1938 2478 non
1961 2442 2150 2487 pertinere.
2198 2451 2280 2476 nam
2303 2445 2340 2478 et
2362 2441 2421 2476 lex

1334 2488 1416 2533 ipsa
1437 2488 1606 2534 prohibet
1629 2498 1710 2523 eum
1732 2488 1919 2530 absolvi²¹,
1951 2487 2158 2533 priusquam
2187 2486 2232 2522 de
2262 2496 2306 2522 eo
2328 2485 2420 2521 iudi-

1337 2537 1449 2569 cetur.
1497 2533 1561 2569 sed
1592 2533 1683 2569 haee
1721 2532 1966 2578 interpretatio
1997 2532 2173 2578 perdura,
2209 2531 2420 2577 pernimium

1336 2588 1458 2615 severa
1491 2584 1547 2614 est
1581 2579 1618 2614 in
1651 2588 1712 2623 eo,
1755 2578 1858 2614 cuius
1893 2578 2056 2614 dominus
2090 2577 2221 2613 absens
2260 2575 2330 2612 fuit
2365 2576 2417 2614 vel

1336 2623 1469 2669 quod²²
1502 2634 1569 2677 per
1596 2623 1753 2669 inopiam
1776 2623 1837 2660 illo
1869 2627 2049 2659 momento
2073 2622 2243 2675 temporis
2266 2621 2419 2658 satisda-

1335 2670 1466 2706 tionem
1500 2680 1547 2704 ω]
1574 2669 1647 2705 lere
1677 2680 1751 2705 non
1780 2668 1915 2715 potuit:
1955 2677 2071 2713 neque
2099 2677 2192 2703 emm
2222 2677 2288 2712 pro
2318 2666 2419 2702 inde-

1335 2715 1437 2750 fenso
1469 2713 1553 2751 dere
1569 2714 1660 2750 'ctus
1693 2718 1790 2750 recte
1829 2714 1897 2749 dici
1956 2717 2063 2757 otest,
2102 2712 2164 2758 qui
2199 2711 2420 2748 dominum2³

1335 2764 1560 2805 praesentem
1579 2770 1652 2795 non
1671 2759 1799 2795 habuit
1818 2759 1873 2795 vel
1890 2759 1937 2794 ha
1964 2759 2017 2794 nit
2031 2762 2198 2804 paratum
2218 2756 2418 2799 defendere,

1335 2815 1530 2850 pauperem
1552 2809 1683 2840 tamen.
1737 2804 1833 2849 quod
1863 2805 1985 2850 utique
2016 2803 2157 2839 facilius
2187 2802 2327 2838 admitti
2354 2812 2420 2847 po-

1335 2851 1435 2892 terit,
1468 2850 1499 2886 si
1523 2861 1595 2886 non
1619 2854 1703 2896 post
1725 2850 1869 2896 longum
1892 2849 2062 2894 temporis
2087 2847 2243 2893 spatium
2264 2847 2334 2883 hoc
2357 2847 2419 2882 de-

1336 2899 1355 2931 2
1403 2894 1590 2931 sideretur.
1639 2895 1707 2940 Qui
1738 2894 1928 2930 exhibendi
1958 2893 2130 2939 postulati
2160 2896 2245 2928 sunt
2273 2897 2420 2938 propter

1335 2941 1442 2976 aliam
1464 2951 1621 2983 causam,
1645 2941 1794 2976 alterius
1815 2939 1984 2981 criminis,
2010 2938 2106 2984 quod
2123 2942 2207 2974 ante
2225 2937 2419 2973 admissum

1334 2991 1405 3029 cst,
1437 2986 1490 3021 rei
1513 2997 1585 3022 non
1615 2985 1839 3030 recipiuntur
1862 2995 1906 3020 ex
1930 2989 2076 3021 senatus
2100 2983 2275 3019 consulto.
2322 2982 2419 3028 quod

1333 3031 1370 3066 iu
1394 3030 1541 3076 privatis
1573 3041 1714 3077 quoque
1743 3030 1862 3066 causis
1891 3034 1928 3066 et
1958 3029 2160 3065 hominibus
2184 3027 2251 3064 sub
2270 3026 2418 3081 ‘fideius-

1334 3086 1415 3112 sore
1445 3076 1551 3112 factis
1582 3075 1810 3118 observatur,
1842 3075 1910 3111 nisi
1932 3085 1978 3111 ex
2000 3074 2070 3111 hoc
2093 3072 2299 3119 temporalis
2323 3077 2418 3108 aeno

1333 3123 1370 3156 in
1419 3121 1592 3157 ericulum
1615 3120 1732 3156 cadat.

1437 3166 1631 3203 [Inpurus
1660 3166 1750 3202 libro
1781 3166 1932 3212 septimo
1961 3164 2006 3200 de
2034 3163 2160 3211 officio
2188 3161 2419 3210 proconsulis

1332 3211 1445 3247 Divus
1467 3211 1554 3246 Pius
1586 3210 1633 3246 ad
1662 3211 1854 3256 epistulam
1877 3208 2171 3246 Antiochensium
2201 3207 2338 3243 Graece
2359 3218 2415 3243 re·

1333 3256 1476 3309 scripsit
1509 3266 1582 3292 non
1616 3265 1694 3292 esse
1727 3257 1763 3291 in
1798 3255 1941 3291 vincula
1971 3253 2190 3307 coiciendum
2222 3263 2320 3296 eum,
2356 3252 2417 3298 qui

1332 3301 1558 3337 fideiussores
1582 3300 1667 3336 dare
1691 3305 1838 3346 paratus
1863 3304 1933 3344 est,
1968 3299 2036 3335 nisi
2059 3309 2090 3335 s1
2113 3302 2187 3333 tam
2273 3307 2316 3334 ve
2338 3307 2416 3333 sce-

1332 3347 1388 3382 lus
1420 3346 1605 3382 admisisse
1635 3356 1718 3382 eum
1749 3349 1904 3388 constet,
1936 3349 1978 3380 ut
2007 3354 2121 3389 neque
2145 3342 2415 3379 fideiussoribus

1332 3401 1448 3437 neque
1470 3390 1641 3427 militibus
1666 3391 1837 3428 committi
1860 3390 2005 3432 debeat,
2037 3399 2160 3425 verum
2182 3389 2277 3424 hanc
2299 3387 2415 3434 ipsam

1332 3436 1486 3473 carceris
1508 3446 1660 3482 poenam
1684 3441 1768 3472 ante
1791 3435 2003 3482 supplicium
2027 3434 2216 3470 sustinere.

1329 3552 1388 3592 (ic)
1414 3549 1655 3593 rescripserunt
1674 3550 1709 3583 F
1795 3549 1853 3590 (ιτ)
1877 3550 1987 3591 posset
1999 3547 2060 3591 ff,
2075 3547 2181 3591 possit
2193 3546 2245 3582 Γ*
2261 3548 2314 3582 vel
2322 3547 2355 3591 s

1374 3600 1435 3636 (is)
1460 3596 1540 3629 Sab.
1563 3603 1664 3635 1...2o;
1688 3595 1754 3629 Ed.
1775 3601 1881 3629 timu.
1896 3612 1942 3619 —
1962 3594 2045 3627 Bas.
2062 3595 2116 3636 60,
2129 3600 2175 3628 85.
2191 3610 2239 3618 -
2263 3593 2314 3637 Os.
2335 3592 2411 3626 Cod.

1596 3643 1655 3683 (19)
1679 3651 1701 3674 a
1717 3639 1852 3673 domino
1870 3637 1924 3671 vel
1944 3640 2022 3672 add.
2044 3639 2215 3673 secundum
2235 3638 2280 3679 B,
2305 3649 2363 3671 om.
2385 3636 2419 3668 F

1329 3686 1394 3727 (πο)
1418 3697 1436 3719 e
1452 3710 1459 3717 .
1473 3685 1519 3719 D.
1534 3687 1589 3728 48,
1609 3691 1654 3726 w,
1671 3692 1705 3720 ιο
1821 3687 1880 3725 (21)
1904 3682 1990 3716 solvi
2006 3696 2070 3717 scr.
2182 3686 2244 3724 (22)
2269 3681 2329 3726 qui
2348 3692 2410 3714 scr.

1441 3730 1589 3763 omnium
1606 3731 1667 3773 Fa,
1686 3730 1834 3763 domium
1846 3727 1898 3762 F·
