2528 3918
130 152 188 182 DE
206 150 452 183 INSTRUCTO
475 152 561 182 VEL
581 151 789 183 INSTRUM.
809 152 990 183 LEGATO

128 271 230 316 pater
257 266 421 312 pluribus
450 264 536 300 filiis
567 263 758 300 heredibus
783 263 924 308 scriptis
950 263 1089 299 duobus
1114 273 1218 308 prae-

128 314 325 359 ceptionem
348 312 523 346 bonorum
547 310 647 345 aviae
671 312 815 354 praeter
838 312 959 353 partes
984 308 1218 344 hereditarias

128 358 301 400 dedisset,
337 367 402 402 pro
434 356 598 401 partibus
630 354 845 390 coheredum
879 354 996 389 viriles
1032 355 1218 390 habituros

131 408 143 439 1
194 403 383 448 legatarios
399 401 545 446 placuit.
586 400 697 435 Dotes
713 399 951 444 praediorum,
970 410 1061 444 quae
1079 399 1218 434 Graeco

127 448 299 484 vocabulo
323 447 478 489 ἐνθῆκαι
501 445 739 491 appellantur,
767 455 847 479 cum
872 455 943 479 non
967 445 1144 480 instructa
1168 445 1217 479 le-

127 498 265 539 gantur,
290 492 461 537 legatario
486 502 558 526 non
581 494 822 535 praestantur.

173 535 196 575 3
222 537 330 573 IDEM
360 538 451 573 libro
487 541 612 572 octavo
647 546 903 581 responsorum
962 534 1130 570 Fundum
1165 535 1217 569 in-

128 587 303 619 structum
325 582 461 618 libertis
485 586 658 626 patronus
682 584 896 616 testamento
921 580 1068 625 legavit:
1094 583 1219 625 postea

128 629 297 665 codicillis
322 629 423 673 petit,
447 631 489 662 ut
511 627 701 662 morientes
725 630 846 671 partes
870 636 954 660 suas
967 625 1070 660 fundi
1094 636 1219 671 super-

127 674 268 710 stitibus
292 673 532 713 restituerent,
565 682 631 708 nec
654 671 820 706 instructi
842 671 1058 707 mentionem
1080 670 1218 706 habuit.

126 720 233 755 talem
256 720 293 753 in
318 728 464 754 causam
488 717 749 753 fideicommissi
781 716 973 751 deductum
1008 716 1118 751 videri
1141 716 1218 761 pla-

127 765 210 807 cuit,
235 764 350 810 qualis
374 764 493 799 fuerat
516 763 671 808 legatus:
698 762 761 797 sed
775 765 784 782 ¹
809 762 915 797 medii
939 762 1107 807 temporis
1131 772 1218 806 aug-

126 814 244 845 menta
266 810 404 845 fetuum
427 813 464 844 et
486 813 673 854 partuum,
705 808 790 843 item
823 807 1034 843 detrimenta
1057 806 1220 842 fatalium

131 859 142 890 1
193 855 466 890 fideicommisso
491 853 677 889 contineri.
724 853 844 888 Minor
877 853 999 897 viginti
1031 853 1132 887 annis
1165 852 1218 886 in-

126 905 265 936 structa
287 900 435 946 praedia
454 900 689 935 consobrinae
713 908 799 934 suae
816 898 894 933 dari
917 898 1030 933 voluit
1053 902 1088 933 et
1111 908 1218 942 quos-

127 946 208 982 dam
231 956 352 981 servos
371 945 598 990 praediorum
615 945 713 979 vivus
731 943 947 978 manumisit.
995 954 1067 978 non
1084 943 1218 978 idcirco

127 992 218 1027 servi
242 991 473 1026 11131111111115812
495 990 794 1036 praestabuntur,
830 989 927 1034 quod
950 988 998 1024 ad
1020 989 1220 1024 libertatem

126 1037 308 1082 pervenire
333 1047 403 1072 non
427 1039 590 1081 possunt.
637 1035 731 1070 idem
753 1034 843 1070 iuris
868 1038 934 1078 est,
959 1044 1041 1070 cum
1065 1044 1108 1069 ex
1132 1044 1218 1079 qua-

127 1083 177 1117 vis
202 1082 273 1117 3113
297 1092 408 1117 causa
430 1082 578 1117 libertas
602 1091 675 1116 non
699 1080 879 1125 competit.

172 1126 198 1164 4
223 1127 269 1162 IA
279 1136 446 1162 VOLENUS
464 1126 555 1162 libro
568 1126 726 1162 secundo
740 1137 790 1161 ex
804 1125 1071 1172 posterioribus
1084 1123 1220 1160 Labeo-

128 1174 183 1208 nis
230 1172 319 1208 Cum
344 1173 486 1217 quidam
511 1173 600 1207 duos
624 1171 757 1206 fundos
780 1171 922 1206 iunctos
945 1171 1096 1205 haberet
1119 1173 1154 1204 et
1177 1180 1221 1204 ex

127 1219 239 1253 altero
265 1219 384 1260 boves,
410 1228 491 1252 cum
516 1228 606 1262 opus
631 1216 810 1259 fecissent,
834 1216 873 1251 in
891 1215 1042 1251 alterum
1066 1219 1219 1250 reverte-

128 1268 259 1306 rentur,
285 1268 474 1307 utrumque
497 1262 647 1296 fundum
673 1273 753 1296 cum
776 1262 1011 1296 instrumento
1029 1261 1219 1305 legaverat.

131 1310 249 1344 Labeo
275 1309 465 1343 Trebatius
491 1309 598 1342 boves
623 1308 654 1342 ei
679 1307 790 1341 fundo
815 1317 978 1342 cessuros
993 1310 1133 1351 putant,
1159 1306 1222 1341 ubi

128 1365 218 1399 opus
241 1354 428 1395 fecissent,
462 1364 534 1387 non
558 1352 621 1387 ubi
644 1362 788 1387 manere
813 1352 1098 1387 consuevissent:
1134 1351 1219 1387 Cas-

128 1399 249 1434 cellius
275 1403 410 1434 contra.
450 1399 628 1433 Labeonis
654 1397 865 1432 sententiam
888 1397 1014 1442 probo.

173 1444 197 1482 5
223 1444 355 1479 LABEO
378 1444 468 1479 libro
496 1444 618 1489 primo
650 1444 827 1477 πιθανῶν
858 1454 880 1477 α
903 1441 1022 1477 Paulo
1047 1443 1220 1487 epitoma-

128 1494 244 1524 torum
292 1490 328 1524 b'i
359 1489 418 1524 cui
447 1488 599 1524 fundum
633 1492 667 1523 et
690 1488 964 1523 instrumentum
996 1487 1071 1522 eius
1103 1487 1223 1532 legare

127 1536 190 1578 vis,
215 1535 303 1570 nihil
325 1535 490 1577 interest,
526 1533 701 1579 quomodo
734 1534 828 1578 leges
863 1532 1025 1567 ‘fundum
1058 1543 1139 1567 cum
1167 1533 1222 1567 in-

127 1580 347 1616 ‘strumento’
371 1590 418 1616 an
443 1580 604 1615 ‘fundum
628 1584 663 1614 et
684 1578 969 1614 instrumentum'
994 1588 1041 1613 an
1061 1578 1222 1613 ‘fundum

127 1626 376 1662 ‘instructum'.
426 1625 483 1660 ΡΑ
491 1635 534 1660 Ul.
542 1635 593 1660 os.
641 1625 747 1659 immo
774 1628 917 1659 contra:
950 1634 1033 1658 nam
1063 1624 1156 1659 inter
1180 1634 1223 1659 ea

127 1673 243 1717 legata
266 1672 335 1706 hoc
358 1671 517 1713 interest,
543 1670 657 1715 quod,
690 1670 721 1705 si
744 1669 857 1705 fundo
881 1669 1035 1704 alienato
1059 1673 1221 1705 mortuus

125 1717 235 1752 fuerit
259 1716 320 1762 qui
342 1717 394 1751 ita
416 1716 555 1761 legavit,
582 1726 624 1751 ex
647 1716 717 1750 hac
742 1715 922 1760 scriptura
955 1714 1116 1749 ‘fundum
1142 1726 1223 1750 cum

128 1763 385 1798 ‘instrumento'
410 1762 498 1796 nihil
522 1761 589 1796 erit
612 1762 778 1805 legatum,
803 1771 847 1796 ex
872 1761 998 1795 ceteris
1014 1760 1146 1806 poterit
1168 1761 1222 1795 in-

127 1812 361 1843 strumentum
386 1817 465 1843 esse
487 1807 654 1852 legatum.

173 1851 197 1890 6
223 1852 427 1889 SGAEVOLA
460 1853 551 1888 libro
582 1855 687 1887 seoeto
722 1851 858 1888 decimo
883 1851 1104 1897 clz'qestorum
1149 1850 1222 1886 Ne-

127 1899 203 1944 poti
226 1898 405 1943 legaverat
435 1908 527 1943 quae
560 1901 659 1933 certa
687 1897 831 1942 regione
862 1896 1011 1942 praedia
1046 1896 1224 1931 habuerat

128 1948 169 1978 ut
192 1944 368 1979 instructa
393 1947 487 1985 sunt,
514 1953 594 1977 cum
618 1943 700 1977 vino
718 1952 829 1986 grano
856 1941 1071 1984 calendario,
1098 1946 1134 1976 et
1158 1941 1221 1976 ad-

126 1990 259 2025 iecerat
282 1989 371 2024 haec
395 1990 519 2024 verba:
547 1988 729 2033 ‘quidquid
753 1988 820 2023 erit
844 1999 925 2022 cum
947 1987 1081 2022 moriar
1103 1987 1141 2022 in
1164 1987 1225 2022 illa

127 2035 292 2080 ‘regione,
327 2039 361 2070 et
385 2033 580 2080 quidquid³
614 2034 651 2068 in
683 2043 906 2078 quacumque
939 2032 1056 2078 specie
1089 2033 1156 2067 erit
1187 2033 1224 2067 in

127 2080 199 2115 ‘illa
222 2080 376 2125 regione,
400 2080 479 2115 vel⁴
511 2079 608 2124 quod
631 2089 749 2114 meum
774 2079 863 2113 erit'.
910 2078 989 2113 viva
1019 2078 1224 2113 testatrice⁵

127 2137 218 2162 unus
251 2136 295 2161 ex
326 2125 546 2161 debitoribus
580 2125 836 2159 condenmatus
871 2124 1010 2158 vivente
1040 2123 1224 2159 testatrice

129 2172 215 2206 satis
239 2182 312 2206 non
335 2171 435 2206 fecit:
472 2170 672 2215 quaesitum
697 2174 760 2212 est,
787 2180 834 2204 an
859 2168 954 2214 quod
979 2179 1022 2203 ex
1046 2170 1223 2204 sententia

129 2216 252 2252 iudicis
285 2216 475 2251 deberetur
505 2215 552 2250 ad
582 2226 626 2250 ne
653 2217 748 2250 otem
778 2215 984 2259 pertineret.
1039 2214 1224 2260 respondit

128 2262 214 2296 nihil
263 2261 401 2306 reponi,
428 2272 493 2297 cur
516 2271 590 2296 non
637 2260 813 2296 eberetur.

176 2305 198 2343 7
248 2317 330 2341 DEM
359 2307 450 2343 libro
483 2307 648 2342 vicesimo
679 2305 836 2342 secundo
873 2305 1094 2352 diqestorum
1151 2305 1221 2340 Ta-

129 2353 276 2388 bernam
300 2363 382 2388 cum
406 2351 601 2387 caenaculo
625 2350 830 2386 Pardulae⁶
860 2351 1077 2386 manumisso
1109 2354 1221 2386 testa-

130 2402 247 2434 mento
283 2397 463 2442 legaverat
500 2409 580 2433 cum
617 2396 797 2432 mercibus
833 2399 869 2431 et
903 2396 1149 2432 instrumentis
1185 2401 1222 2432 et

130 2443 368 2489 suppellectili
399 2453 490 2488 quae
521 2443 571 2477 ibi
595 2446 700 2485 esset,
732 2442 818 2477 item
845 2441 1014 2477 horreum
1045 2442 1220 2477 vinarium

129 2500 210 2524 cum
232 2490 314 2524 vino
340 2492 375 2524 et
398 2488 492 2524 vasis
517 2492 553 2523 et
568 2488 804 2523 instrumento
821 2491 856 2523 et
870 2488 1104 2530 institoribus,
1132 2498 1221 2533 quos

128 2545 249 2570 secum
272 2534 405 2570 habere
418 2538 663 2569 consueverat.
705 2533 907 2578 quaesitum
931 2536 986 2567 est
996 2534 1020 2575 ⁷,
1047 2544 1127 2568 cum
1142 2533 1220 2568 vivo

128 2583 303 2615 testatore
326 2579 455 2621 insula,
479 2579 518 2614 in
543 2589 613 2623 qua
639 2578 871 2613 caenaculum
901 2578 971 2612 fuit
994 2578 1090 2623 quod
1114 2579 1147 2614 ei
1170 2579 1219 2614 le-

127 2629 250 2670 gatum
276 2628 365 2666 erat,
391 2627 519 2659 exusta
544 2624 600 2666 sit,
626 2628 662 2659 et
685 2627 769 2668 post
791 2623 973 2658 biennium
996 2624 1122 2659 eodem
1139 2624 1219 2659 loco

130 2671 326 2706 constituta
358 2680 469 2712 nova,
502 2673 538 2704 et
572 2670 758 2710 horreum,
791 2668 887 2713 quod
919 2668 1033 2703 eidem
1064 2669 1221 2714 legatum

131 2719 219 2758 erat,
246 2725 268 2750 a
291 2719 464 2750 testatore
487 2714 653 2754 venierit,
685 2714 758 2749 vini
781 2717 901 2749 autem
924 2714 1080 2749 venditio
1110 2714 1220 2749 dilata

130 2761 187 2804 sit,
213 2765 254 2795 ut
276 2771 321 2796 ex
346 2771 386 2795 eo
412 2759 597 2795 commodo
621 2759 783 2794 venirent
793 2759 817 2801 ⁸,
843 2769 890 2794 an
914 2759 1080 2794 universa
1102 2760 1220 2804 legata

130 2806 311 2841 Pardula⁹
342 2806 511 2851 consequi
545 2805 669 2851 possit.
717 2804 901 2849 respondit
931 2814 990 2846 ea,
1022 2805 1058 2839 in
1091 2805 1220 2850 quibus

130 2852 295 2888 voluntas
319 2855 459 2886 mutata
482 2855 588 2892 esset,
614 2860 687 2886 non
711 2850 843 2885 deberi.

176 2894 200 2934 8
233 2896 427 2932 ULPJANUS
456 2896 546 2932 libro
579 2896 745 2931 vicesimo
778 2895 828 2930 ad
859 2894 1034 2931 Sabinum
1087 2894 1130 2930 In
1165 2896 1219 2931 in-

131 2945 329 2977 strumento
353 2941 457 2976 fundi
481 2952 523 2976 ea
548 2951 637 2983 esse,
663 2951 754 2986 quae
778 2940 917 2976 fructus
964 2940 1136 2976 uaerendi
1160 2952 1219 2977 co-

131 2987 236 3032 gendi
260 2987 493 3022 conservandi
516 2986 632 3031 gratia
655 2990 784 3031 parata
807 2989 910 3028 sunt,
970 2986 1098 3021 abinus
1122 2986 1220 3021 libris

132 3032 178 3067 ad
199 3032 380 3067 Vitellium
405 3032 584 3067 evidenter
617 3035 812 3067 enumerat.
867 3031 1080 3076 quaerendi,
1112 3032 1222 3067 veluti

132 3078 290 3113 homines
315 3078 375 3122 qui
399 3087 523 3130 agrum
549 3077 682 3119 colunt,
710 3081 746 3111 et
770 3077 830 3122 qui
854 3088 914 3112 eos
934 3081 1101 3112 exercent
1116 3088 1220 3122 prae-

132 3123 281 3167 positive
313 3126 397 3158 sunt
426 3133 477 3165 is,
520 3133 669 3167 quorum
699 3122 737 3157 in
768 3133 914 3158 numero
945 3126 1030 3158 sunt
1060 3122 1155 3157 vilici
1187 3126 1222 3157 et

132 3168 342 3203 monitores:
376 3172 563 3213 praeterea
595 3168 704 3203 boves
738 3167 880 3210 domiti,
917 3171 952 3203 et
975 3178 1108 3213 pecora
1132 3173 1220 3203 ster-

134 3213 281 3248 corandi
306 3223 416 3248 causa
439 3217 577 3258 parata,
610 3223 696 3248 vasa
721 3224 766 3248 ue
789 3213 893 3248 utilia
917 3213 1098 3255 culturae,
1130 3224 1222 3258 quae

133 3262 217 3292 sunt
239 3263 359 3293 aratra
382 3259 517 3302 ligones
543 3259 676 3294 sarculi
715 3258 811 3293 alces
831 3259 1035 3303 putatoriae
1058 3258 1220 3294 bidentes

133 3307 169 3337 et
192 3303 222 3337 si
246 3314 317 3347 qua
340 3304 467 3339 similia
491 3304 561 3339 dici
583 3307 746 3349 possunt.
796 3304 956 3348 cogendi,
992 3304 1219 3349 quemadmo-

135 3348 218 3382 dum
241 3349 435 3383 torcularia
460 3349 585 3384 corbes
608 3348 791 3394 falcesque
815 3350 1007 3385 messoriae
1031 3349 1142 3385 falces
1167 3349 1219 3385 fe-

135 3393 255 3427 nariae
287 3394 383 3437 quali
414 3394 674 3429 vindemiatorii
706 3395 988 3446 exceptoriique,
1021 3395 1058 3430 in
1090 3395 1220 3440 quibus

135 3448 224 3472 uvae
249 3442 527 3483 comportantur.
576 3439 828 3482 conservandi,
861 3440 962 3484 quasi
993 3440 1106 3483 dolia,
1137 3441 1221 3475 licet

140 3487 151 3516 1
204 3483 346 3517 defossa
368 3494 440 3518 non
464 3484 543 3526 sint,
568 3490 605 3519 et
629 3495 777 3530 cuppae.
826 3484 1046 3528 Quibusdam
1069 3486 1107 3521 in
1129 3486 1220 3530 regi-

137 3528 262 3563 onibus
288 3528 465 3563 accedunt
486 3529 732 3571 instrumento,
759 3531 789 3565 si
812 3530 894 3565 villa
918 3531 1049 3566 cultior
1071 3534 1137 3573 est,
1161 3541 1220 3566 ve-

138 3642 179 3683 (1)
204 3643 236 3674 et
248 3643 308 3675 ins.
385 3643 427 3683 (2)
454 3653 529 3674 cum
541 3644 684 3684 praediis
698 3655 737 3677 ex
749 3655 849 3677 causa
859 3643 1103 3677 fideicommissi
1117 3647 1178 3678 ins.
1193 3645 1221 3678 S

139 3688 180 3726 (3)
206 3688 238 3718 et
250 3686 414 3728 quidquid
427 3688 488 3720 del.
560 3689 601 3728 (4)
618 3688 654 3720 in
666 3688 726 3721 illa
737 3689 874 3732 regione
884 3689 938 3721 vel
952 3691 1013 3722 del.
1084 3691 1128 3728 (5)
1146 3690 1222 3722 viva

138 3732 302 3763 testati-icc
317 3733 379 3764 del.
449 3733 493 3773 (6)
517 3732 678 3766 Pardalae
692 3747 753 3767 scr.
830 3736 872 3776 (7)
898 3737 931 3766 et
944 3736 1003 3767 ins.
1016 3736 1049 3767 F
1114 3739 1157 3772 (8)
1184 3738 1222 3766 ut

139 3785 177 3806 cx
191 3777 359 3809 commodo
372 3777 500 3809 veniret
512 3790 572 3810 scr.
689 3780 734 3818 (9)
759 3778 902 3812 Pax-dala
913 3792 975 3812 scr.
1092 3781 1150 3821 (10)
1178 3781 1224 3812 ad

1206 137 1291 185 469

2135 140 2327 182 XXXIll
2360 143 2378 179 7

1289 263 1355 298 luti
1379 263 1554 298 atrienses
1571 262 1738 307 scoparii,
1764 263 1793 297 si
1814 263 1922 297 etiam
1936 263 2103 298 virdiaria
2123 264 2204 304 sint,
2230 263 2383 308 topiarii,

1290 309 1319 343 si
1343 309 1476 343 fundus
1501 308 1613 343 saltus
1638 308 1892 352 pastionesque
1916 309 2036 351 habet,
2066 319 2189 354 greges
2214 319 2383 354 pecorum

1288 358 1451 399 pastores
1477 352 1649 388 saltuarii.

1336 396 1360 436 9
1388 399 1547 434 mes
1576 398 1667 434 libro
1701 401 1831 443 quarto
1871 399 1920 433 ad
1952 399 2126 435 Sabinum
2192 400 2246 435 De
2277 410 2383 444 grege

1290 445 1407 479 ovium
1430 445 1481 479 ita
1506 443 1792 489 distinguendum
1817 447 1882 485 est,
1907 448 1958 486 ut,
1993 445 2023 480 si
2046 445 2125 481 ideo
2152 449 2381 490 comparatus

1289 490 1346 532 sit,
1373 494 1413 524 ut
1437 500 1480 525 ex
1506 499 1546 524 eo
1563 489 1704 524 fructus
1723 493 1923 534 caperetur,
1949 501 2020 525 non
2038 491 2227 526 debeatur:
2254 491 2284 526 si
2300 501 2381 526 vero

1287 535 1380 577 ideo,
1406 535 1490 580 quia
1513 545 1586 570 non
1610 534 1714 570 aliter
1737 544 1782 569 ex
1805 534 1900 569 saltu
1924 534 2062 571 fructus
2087 537 2183 580 perci
2211 536 2381 581 ipoterst,

1290 584 1417 615 contra
1441 581 1526 622 erit,
1561 580 1645 625 quia
1675 590 1740 625 per
1762 589 1886 624 greges
1911 579 2049 615 fructus
2081 591 2124 615 ex
2148 586 2244 616 satu
2267 582 2381 627 perci-

1288 626 1447 670 piuntur.

1338 669 1388 708 10
1421 670 1617 706 ULPIANUS
1645 670 1736 706 libro
1769 671 1935 706 vicesimo
1972 670 2022 705 ad
2045 670 2218 706 Sabinum
2266 670 2304 707 Si
2327 681 2382 706 re-

1289 716 1383 751 ditus
1406 716 1523 755 ,etiam
1554 727 1597 751 ex
1626 716 1729 751 melle
1762 719 1921 759 constat,
1960 716 2052 751 alvei
2082 726 2239 761 apesque
2272 717 2382 752 conti-

1288 765 1430 797 nentur.

1338 806 1385 844 11
1414 806 1460 842 IA
1470 817 1641 842 VOLENUS
1669 807 1759 842 libro
1793 807 1951 843 secundo
1984 817 2034 842 ex
2069 806 2190 842 Cassio
2246 807 2381 843 Eadem

1289 853 1379 887 ratio
1405 856 1460 888 est
1482 854 1520 887 in
1542 852 1680 895 avibus,
1706 863 1798 897 quae
1820 853 1857 887 in
1880 852 2006 887 insulis
2024 852 2208 887 maritimis
2225 853 2381 888 aluntur.

1338 895 1390 934 12
1420 899 1448 919 ¹⁰
1464 897 1660 934 ULPIANUS
1680 897 1770 933 libro
1795 898 1960 934 vicesimo
1986 897 2035 932 ad
2047 896 2220 933 Sabinum
2266 898 2381 942 Quae-

1289 944 1396 979 situm
1422 947 1486 987 est,
1512 955 1559 979 an
1582 943 1811 985 frumentum,
1837 943 1932 988 quod
1957 943 2100 978 cibariis
2126 944 2302 978 cultorum
2319 955 2382 988 pa-

1289 993 1409 1024 ratum
1432 989 1544 1031 foret,
1577 989 1814 1024 instrumento
1848 988 2002 1024 cederet.
2059 991 2095 1023 et
2125 988 2287 1033 plurimis
2312 1001 2382 1024 non

1290 1035 1418 1079 placet,
1446 1035 1529 1080 quia
1554 1038 1841 1069 consumeretur:
1869 1034 2000 1079 quippe
2032 1034 2306 1069 instrumentum
2332 1039 2383 1069 est

1291 1083 1487 1126 apparatus
1519 1090 1638 1115 rerum
1674 1080 1806 1115 diutius
1836 1089 2104 1121 mansurarum,
2146 1080 2222 1114 sine
2256 1080 2384 1123 quibus

1291 1126 1449 1161 exerceri
1473 1126 1636 1171 nequiret
1659 1126 1859 1171 possessio:
1885 1124 2026 1160 accedit
2049 1135 2102 1166 00,
2129 1125 2225 1169 quod
2250 1125 2384 1160 cibaria

1289 1172 1404 1206 victus
1428 1172 1541 1216 magis
1567 1181 1673 1216 quam
1692 1171 1831 1206 colendi
1848 1181 1959 1205 causa
1974 1175 2201 1215 pararentur.
2239 1170 2301 1205 sed
2321 1182 2383 1216 ego

1290 1222 1378 1261 puto
1404 1220 1440 1251 et
1462 1216 1681 1252 frumentum
1706 1220 1742 1251 et
1764 1217 1884 1251 vinum
1909 1216 1956 1251 ad
1981 1216 2117 1251 cibaria
2141 1220 2307 1259 paratum
2331 1217 2383 1250 in-

1291 1265 1490 1297 strumento
1517 1262 1709 1297 contineri:
1743 1265 1780 1297 et
1809 1262 1860 1296 ita
1885 1261 2044 1296 Servium
2068 1261 2296 1306 respondisse
2321 1272 2383 1296 au-

1292 1307 1424 1342 ditores
1450 1308 1526 1343 eius
1551 1307 1723 1343 referunt.
1770 1308 1854 1342 item
1878 1307 2057 1342 nonnullis
2088 1307 2202 1341 visum
2233 1310 2286 1341 est
2310 1307 2384 1342 fru-

1291 1357 1467 1395 mentum,
1500 1353 1597 1398 quod
1621 1352 1763 1388 serendi
1796 1363 1905 1388 causa
1930 1353 2124 1397 sepositum
2149 1355 2219 1396 est,
2251 1352 2384 1387 instru-

1291 1402 1410 1433 mento
1437 1399 1630 1441 contineri,
1662 1402 1749 1443 puto
1777 1399 1860 1443 quia
1891 1402 1928 1433 et
1958 1398 2073 1432 instar
2105 1397 2268 1432 culturae
2293 1402 2385 1433 esset

1292 1448 1327 1478 et
1338 1443 1390 1478 ita
1411 1445 1644 1486 consumitur,
1669 1447 1709 1478 ut
1724 1454 1864 1488 semper
1879 1447 2132 1488 reponeretur:
2157 1443 2220 1478 sed
2233 1444 2259 1464 ¹¹
2276 1454 2385 1478 causa

1296 1493 1307 1522 1
1360 1490 1503 1524 seminis
1528 1489 1617 1523 nihil
1641 1500 1663 1524 a
1688 1489 1830 1524 cibariis
1852 1489 1980 1524 differt.
2030 1488 2272 1524 Conservandi
2287 1488 2384 1524 fruc-

1290 1538 1349 1569 tus
1376 1545 1497 1577 causa,
1523 1535 1633 1570 veluti
1655 1536 1834 1580 granaria,
1860 1535 1944 1578 quia
1967 1534 2003 1569 in
2027 1535 2083 1569 his
2107 1533 2247 1569 fructus
2266 1539 2384 1569 custo-

1292 1579 1449 1623 diuntur,
1475 1591 1602 1615 urceos
1629 1580 1823 1625 capsellas,
1856 1580 1894 1614 in
1918 1580 2048 1624 quibus
2073 1580 2214 1614 fructus
2241 1590 2383 1625 compo-

1291 1628 1443 1660 nuntur:
1478 1625 1541 1661 sed
1572 1630 1609 1660 et
1641 1636 1701 1667 ea,
1741 1636 1833 1670 quae
1868 1624 2171 1670 exportandorum
2202 1624 2383 1662 fructuum

1293 1682 1403 1706 causa
1426 1675 1618 1717 parantur,
1648 1671 1876 1706 instrumenti
1901 1681 1978 1706 esse
2004 1674 2165 1711 constat,
2198 1670 2308 1705 veluti
2330 1671 2384 1706 iu·

1291 1721 1411 1752 menta
1446 1721 1481 1751 et
1527 1717 1692 1752 vehicula
1728 1721 1764 1751 et
1798 1727 1906 1751 naves
1943 1721 1978 1751 et
2017 1726 2156 1760 cuppae
2200 1719 2236 1750 et
2281 1716 2383 1751 culei.

1293 1765 1311 1796 2
1359 1761 1509 1797 Alfenus
1534 1766 1665 1804 autem,
1691 1762 1722 1797 si
1746 1762 1920 1807 quosdam
1945 1772 1990 1796 ex
2013 1761 2214 1797 hominibus
2232 1761 2310 1797 aliis
2333 1762 2383 1796 le-

1292 1807 1437 1851 gaverit,
1464 1812 1613 1850 ceteros,
1639 1808 1700 1852 qui
1722 1807 1759 1842 in
1783 1807 1895 1842 fundo
1922 1807 2077 1849 fuerunt,
2113 1817 2186 1842 non
2211 1807 2385 1842 contineri

1292 1853 1528 1888 instrumento
1554 1853 1615 1895 ait,
1650 1853 1733 1898 quia
1757 1853 1844 1887 nihil
1868 1852 2032 1887 animalis
2056 1852 2283 1887 instrumenti
2308 1863 2385 1888 esse

1294 1899 1526 1943 opinabatur:
1552 1898 1649 1943 quod
1674 1909 1746 1933 non
1771 1902 1826 1932 est
1850 1908 1988 1932 verum:
2024 1901 2166 1932 constat
2194 1898 2288 1932 enim
2313 1909 2385 1940 eos,

1294 1947 1312 1978 3
1351 1944 1412 1988 qui
1424 1944 1501 1988 agri
1512 1944 1628 1988 gratia
1640 1944 1688 1978 ibi
1700 1947 1794 1987 sunt,
1807 1944 2043 1978 instrumento
2059 1943 2242 1978 contineri.
2270 1943 2384 1987 Quae-

1292 1989 1394 2032 ritur,
1419 1999 1465 2024 an
1490 1999 1625 2031 servus,
1651 1989 1711 2033 qui
1736 1990 1838 2033 quasi
1864 1989 2012 2024 colonus
2035 1989 2072 2023 in
2097 1998 2183 2032 agro
2208 1994 2297 2032 erat,
2331 1990 2384 2023 in-

1293 2038 1490 2070 strumento
1514 2035 1631 2079 legato
1665 2035 1904 2069 contineatur.
1952 2038 1988 2068 et
2011 2034 2134 2068 Labeo
2168 2038 2204 2069 et
2227 2034 2385 2078 Pegasus

1291 2083 1391 2115 recte
1414 2083 1644 2124 negaverunt,
1671 2080 1755 2124 quia
1779 2091 1851 2115 non
1874 2090 1940 2124 pro
1956 2080 2192 2115 instrumento
2217 2080 2253 2114 in
2271 2079 2384 2114 fundo

1292 2125 1429 2168 fuerat,
1462 2126 1601 2160 etiamsi
1634 2125 1759 2160 solitus
1795 2125 1915 2160 fuerat
1947 2128 1983 2160 et
2011 2124 2168 2160 familiae
2198 2126 2245 2159 im
2274 2135 2384 2160 erare.

1292 2174 1312 2205 4
1361 2170 1579 2206 Saltuarium
1594 2174 1714 2206 autem
1729 2170 1851 2206 Labeo
1872 2170 2012 2215 quidem
2029 2174 2134 2215 putat
2149 2181 2230 2205 eum
2271 2181 2385 2205 emum

1292 2216 1476 2259 contineri,
1514 2216 1575 2261 qui
1598 2215 1782 2251 fructuum
1806 2216 2060 2251 servandorum
2091 2215 2207 2260 gratia
2237 2221 2385 2261 paratus

1292 2262 1349 2305 sit,
1375 2272 1455 2297 eum
1479 2273 1563 2304 non,
1589 2262 1648 2306 qui
1672 2261 1796 2296 finium
1821 2261 2133 2296 custodiendorum
2162 2271 2290 2296 causa:
2323 2262 2386 2296 sed

1290 2306 1461 2342 Neratius
1485 2307 1594 2343 etiam
1617 2307 1725 2349 hunc,
1761 2311 1795 2341 et
1817 2307 1887 2342 hoc
1911 2307 1989 2342 iure
2013 2307 2162 2350 utimur,
2199 2310 2240 2340 ut
2264 2317 2385 2341 omues

1291 2356 1310 2387 5
1359 2353 1521 2388 saltuarii
1552 2352 1813 2387 contineantur.
1868 2352 2059 2386 Trebatius
2092 2351 2244 2396 amplius
2277 2352 2383 2386 etiam

1291 2398 1461 2443 pistorem
1485 2402 1521 2433 et
1545 2402 1736 2441 tonsorem,
1764 2398 1824 2442 qui
1837 2397 1995 2432 familiae
2011 2397 2167 2432 rusticae
2193 2407 2302 2432 causa
2319 2408 2383 2442 pa-

1291 2444 1361 2478 rati
1385 2447 1479 2487 sunt,
1504 2446 1609 2488 putat
1634 2443 1818 2486 contineri,
1843 2443 1928 2477 item
1944 2442 2096 2484 fabrum,
2124 2442 2183 2486 qui
2202 2443 2306 2477 villae
2330 2454 2384 2477 re-

1290 2489 1465 2524 ficiendae
1490 2499 1601 2524 causa
1626 2493 1774 2533 paratus
1800 2489 1856 2530 sit,
1891 2492 1926 2522 et
1949 2487 2113 2522 mulieres
2139 2497 2231 2531 quac
2255 2498 2384 2533 panem

1292 2538 1449 2579 coquant
1473 2544 1636 2579 quaeque
1650 2534 1769 2569 villam
1787 2537 1946 2569 servent:
1972 2533 2054 2567 item
2073 2533 2266 2576 molitores,
2292 2534 2322 2568 si
2340 2533 2384 2568 ad

1290 2590 1395 2615 usum
1418 2580 1593 2614 rusticum
1617 2580 1735 2624 parati
1759 2582 1858 2614 sunt:
1884 2579 1969 2613 item
1993 2577 2166 2613 focariam
2183 2581 2219 2612 et
2233 2579 2383 2620 vilicam,

1290 2626 1321 2660 si
1344 2625 1450 2660 modo
1475 2625 1594 2670 aliquo
1620 2624 1739 2659 officio
1772 2625 1884 2659 virum
1917 2623 2074 2658 adiuvet:
2106 2623 2190 2657 item
2222 2624 2384 2659 lanificas

1291 2681 1383 2716 quae
1406 2670 1578 2705 familiam
1602 2670 1775 2704 rusticam
1790 2669 1957 2712 vestiunt,
1984 2673 2019 2704 et
2037 2679 2129 2713 quae
2146 2669 2386 2713 pulmentaria

1291 2720 1310 2751 6
1358 2716 1503 2751 rusticis
1522 2719 1689 2760 coquant.
1716 2714 1786 2750 Sed
1805 2725 1851 2749 an
1869 2714 2096 2749 instrumenti
2110 2714 2384 2750 instrumentum

1289 2762 1407 2806 legato
1433 2762 1669 2796 instrumento
1696 2761 1907 2803 continetur,
1933 2760 2135 2805 quaeritur:
2166 2759 2256 2795 11300
2281 2761 2384 2804 enim,

1291 2817 1382 2851 quae
1412 2807 1629 2841 rusticorum
1662 2815 1772 2841 causa
1802 2809 1994 2850 parantur,
2026 2805 2192 2840 lanificae
2224 2809 2260 2840 et
2282 2806 2385 2841 lanae

1290 2855 1327 2888 et
1357 2857 1520 2888 tonsores
1545 2855 1581 2886 et
1610 2851 1763 2886 fullones
1796 2854 1831 2885 et
1855 2850 2014 2885 focariae
2030 2851 2058 2872 12
2089 2861 2162 2885 non
2194 2851 2270 2895 agri
2302 2856 2385 2887 sunt

1290 2898 1577 2938 instrumentum,
1604 2896 1668 2931 sed
1681 2896 1919 2931 instrumenti.
1956 2900 2044 2941 puto
2069 2896 2175 2940 igitur
2200 2896 2306 2931 etiam
2329 2896 2383 2931 fo-

1292 2942 1423 2978 cariam
1450 2942 1643 2977 contineri:
1669 2941 1732 2976 sed
1748 2945 1784 2976 et
1798 2940 1958 2976 lanificas
1974 2946 2009 2976 et
2027 2945 2178 2984 ceteros,
2197 2942 2256 2986 qui
2275 2953 2384 2986 supra

1290 2988 1490 3023 enumerati
1513 2990 1615 3021 sunt:
1642 2989 1677 3022 et
1700 2987 1751 3021 ita
1776 2986 1934 3021 Servium
1958 2986 2186 3031 respondisse
2204 2987 2382 3021 auditores

1291 3036 1308 3067 7
1360 3033 1435 3068 eius
1459 3031 1633 3070 referunt.
1681 3031 1819 3067 Uxores
1845 3042 1985 3076 quoque
2011 3036 2046 3066 et
2069 3031 2224 3066 infantes
2250 3042 2381 3074 eorum,

1291 3078 1352 3123 qui
1374 3087 1486 3123 supra
1518 3077 1714 3112 enumerati
1738 3080 1839 3119 sunt,
1873 3077 2090 3112 credendum
2122 3081 2176 3112 est
2199 3077 2235 3111 in
2261 3077 2383 3111 eadem

1289 3123 1373 3159 villa
1411 3126 1558 3168 agentes
1602 3122 1755 3158 voluisse
1789 3126 1997 3157 testatorem
2032 3123 2150 3167 legato
2188 3122 2381 3157 contineri:

1290 3178 1406 3213 neque
1447 3168 1543 3203 enim
1584 3166 1709 3202 duram
1760 3168 2023 3212 separationem
2064 3167 2260 3202 iniunxisse
2307 3177 2381 3201 cre-

1292 3217 1311 3249 8
1361 3213 1500 3249 dendus
1536 3216 1600 3248 est.
1656 3212 1693 3248 Si
1736 3213 1856 3258 aliqua
1890 3218 1993 3258 part-e
2028 3213 2112 3248 anni
2125 3214 2152 3233 ¹³
2195 3213 2232 3246 in
2272 3211 2381 3245 fundo

1290 3262 1489 3304 pascantur
1523 3268 1665 3303 pecora,
1704 3258 1822 3303 aliqua
1860 3262 1964 3304 parte
2002 3258 2058 3293 his
2094 3258 2264 3302 pabulum
2297 3267 2381 3291 con-

1291 3305 1451 3346 ducitur,
1496 3304 1549 3339 vel
1589 3303 1698 3346 servi,
1740 3304 1770 3339 si
1805 3303 1924 3349 a’iqua
1959 3307 2061 3348 parte
2101 3303 2185 3337 anni
2218 3312 2283 3353 per
2322 3311 2381 3335 eos

1291 3360 1376 3394 ager
1409 3350 1558 3391 colitur,
1598 3349 1718 3394 aliqua
1747 3353 1851 3394 parte
1881 3350 1918 3385 in
1953 3348 2150 3384 mercedem
2182 3350 2381 3386 mittuntur,

1291 3399 1311 3429 9
1360 3394 1469 3430 nihilo
1486 3394 1603 3429 minus
1620 3394 1855 3430 instrumento
1874 3395 2101 3429 continentur
2153 3391 2381 3426 Cellararium

1292 3450 1450 3485 quoque,
1482 3439 1520 3474 id
1544 3443 1599 3474 est
1621 3439 1700 3474 ideo
1725 3440 1986 3485 praepositum,
2019 3442 2060 3472 ut
2083 3438 2239 3472 rationes
2263 3436 2382 3471 salvae

1291 3485 1381 3527 sint,
1414 3486 1498 3520 item
1536 3484 1721 3520 ostiarium
1752 3485 2012 3528 mulionemque
2043 3482 2268 3517 instrumenti
2304 3491 2381 3516 esse

1297 3534 1334 3564 10
1383 3534 1538 3565 constat.
1586 3529 1636 3564 Et
1659 3530 1770 3565 molas
1796 3533 1831 3564 et
1854 3529 2049 3570 machinas,
2074 3527 2195 3562 fenum
2218 3526 2380 3571 stipulas,

1293 3649 1308 3683 ξ
1325 3651 1360 3678 46
1376 3645 1417 3686 cs.
1431 3643 1477 3676 D.
1492 3645 1545 3686 33,
1563 3651 1607 3685 ιο,
1621 3651 1637 3678 9
1648 3657 1702 3687 pr.
1819 3645 1871 3683 (11)
1899 3644 1932 3674 ct
1944 3655 2018 3683 scr„
2031 3643 2062 3674 si
2073 3642 2198 3683 quidem
2213 3647 2308 3673 antea
2321 3651 2381 3682 ego

1289 3691 1372 3731 puto
1384 3702 1457 3722 vere
1468 3690 1513 3722 sic
1521 3690 1634 3733 posuit
1652 3689 1814 3731 Ulpianus
1951 3688 2008 3726 (12)
2034 3685 2184 3718 lanificae
2197 3687 2230 3718 et
2241 3685 2337 3718 lanae
2351 3688 2381 3718 et

1290 3737 1439 3767 tonsores
1452 3734 1558 3777 [immo
1571 3736 1604 3767 et
1614 3733 1712 3766 lanae
1723 3732 1883 3773 tonsores]
1897 3735 1929 3764 et
1949 3731 2092 3763 fullones
2110 3733 2142 3763 et
2162 3731 2304 3763 focariae
2318 3744 2379 3763 non

1291 3786 1367 3812 sunt
1384 3779 1525 3823 Ulpiani
1616 3780 1675 3820 (13)
1701 3788 1743 3809 an
1757 3779 1790 3809 F
