2528 3918
205 92 392 136 XXXVI
424 95 444 135 1

203 215 256 252 vis
279 217 426 253 senatus
456 214 502 250 de
523 214 580 250 his
603 214 806 252 actionibus
829 213 1087 252 transferendis
1109 214 1290 260 loquatur,

203 270 297 307 quae
324 260 403 296 iure
430 259 547 295 civili¹
583 260 710 296 heredi
741 265 780 296 et
807 260 846 296 in
875 260 1042 296 heredem
1073 263 1289 306 competunt,

204 312 322 341 tamen
344 305 558 340 honorariae
580 304 741 341 actiones
763 308 969 342 transeunt:
994 304 1095 340 nulla
1117 305 1211 340 enim
1234 315 1289 340 se·

204 351 344 395 paratio
368 353 440 385 est:
468 349 577 386 immo
600 352 638 386 et
660 360 772 386 causa
794 351 1012 386 naturalium
1036 349 1290 394 obligationum

209 399 220 429 1
270 394 410 430 transit.
463 393 626 431 Persona
660 399 779 431 autem
813 396 954 431 heredis
990 395 1168 430 instituti²
1202 395 1290 429 Tre-

205 440 356 476 belliano
388 440 609 476 continetur:
642 450 765 476 verum
794 441 864 476 hoc
893 440 971 476 iure
1000 440 1150 483 utimur,
1182 443 1224 475 ut
1254 443 1291 474 ct

203 495 392 520 successor
414 484 556 521 heredis
578 489 676 522 recte
702 496 745 520 ex
769 485 995 521 Trebelliano
1018 485 1202 527 restituat,
1231 495 1289 520 ve-

203 530 269 565 luti
291 530 395 566 heres
419 530 637 566 bonorumve
655 541 851 575 possessor,
876 530 932 565 vel
949 533 1055 574 pater
1071 530 1289 572 dominusve,

203 575 331 619 quibus
368 574 546 620 adquisita
579 579 633 611 est
670 575 869 611 hereditas:
908 584 1029 610 omnes
1065 575 1157 610 enim
1195 574 1290 619 quod

203 620 291 655 iuris
314 619 466 662 habent,
494 630 539 656 ex
563 620 790 656 Trebelliano
821 623 968 655 senatus
997 620 1162 655 consulto
1186 620 1289 655 resti-

201 669 302 700 tuere
332 664 480 709 debent‚
509 675 576 701 nec
606 666 772 708 interest,
804 665 835 700 is
866 665 927 710 qui
954 664 1142 700 institutus
1165 668 1220 699 est
1243 674 1290 699 an

202 714 221 744 2
269 712 374 754 pater
397 709 603 746 dominusve
627 714 772 755 rogatus
796 713 852 745 est
874 709 1074 746 restituere.
1112 709 1212 744 Nihil
1234 709 1288 744 in-

200 759 332 796 terest,
362 755 446 790 cui-‘³
475 759 599 791 nostro
623 756 764 791 nomine
787 755 986 790 restituitur
1008 758 1113 800 pater
1136 754 1288 790 familias

200 800 248 834 sit
270 810 318 835 an
338 799 372 835 is
395 800 457 845 qui
479 800 517 835 in
540 800 658 835 aliena
680 803 859 845 potestate
883 803 949 842 est,

246 843 301 882 42
331 843 412 888 (41)
442 844 601 881 Pactus
629 845 720 880 libro
749 845 906 880 secundo
932 845 1288 890 fideicommissorum

202 890 330 925 mulier
353 900 400 926 an
422 890 621 926 masculus:
653 894 690 925 et
712 889 791 925 ideo
816 899 919 925 servo
943 901 1086 935 quoque
1106 890 1289 926 voluntate

201 935 346 971 uostra⁴
368 936 425 970 vel
448 935 481 970 si
502 939 619 970 ratum
644 935 872 971 habuerimus
896 935 1037 970 restitui
1060 939 1190 980 potest,

246 979 299 1018 43
325 978 408 1022 (42)
433 980 489 1015 ΡΑ
498 990 592 1016 vsvs
612 980 704 1015 libro
724 982 914 1016 vicensimo
938 981 988 1015 act
1004 981 1158 1016 edictum
1205 981 1289 1025 quia

200 1025 453 1106 sitistis
476 1025 1287 1116 “iissgffiiiaemiiiriffltissssffieffituffle‘3331‘

199 1115 366 1151 heredem
388 1119 585 1151 remanent.

244 1159 299 1198 44
331 1159 414 1204 (43)
454 1160 649 1196 mmmm
683 1160 774 1196 libro
810 1160 1002 1196 vicensimo
1039 1161 1198 1197 secundo
1239 1161 1290 1197 ad

198 1205 353 1242 edictum
398 1205 619 1250 Papinianus
641 1208 792 1248 tractat,
817 1205 848 1240 si
871 1205 951 1250 quis
974 1205 1078 1242 heres
1101 1207 1288 1242 institutus

198 1260 244 1286 ex
277 1250 424 1286 semisse
460 1254 607 1295 rogatus
646 1250 718 1285 sit⁰
755 1250 946 1285 restituere
981 1250 1217 1287 hereditatem
1251 1255 1289 1288 et

198 1297 298 1331 eam'
319 1298 524 1340 suspectam
544 1295 666 1331 dicens
682 1295 888 1340 compulsus
896 1296 921 1317 ⁷¹
940 1295 1026 1338 adit,
1045 1296 1172 1331 deinde
1186 1296 1287 1333 fidei-

198 1340 462 1376 commissarius
632 1341 646 1361 ⁸
675 1340 746 1375 sit⁹
776 1339 979 1376 adcrevisse
1001 1341 1200 1386 portionem
1223 1342 1285 1378 he-

197 1385 360 1421 reditatis
390 1388 475 1430 post
503 1384 765 1421 restitutionem
789 1385 923 1430 scripto
946 1386 1087 1429 heredi,
1117 1397 1166 1422 an
1197 1398 1286 1433 opus

198 1431 244 1466 sit
267 1431 299 1466 ei
323 1429 396 1465 alia
418 1429 571 1466 actione.
619 1434 656 1465 et
686 1430 738 1465 ait
770 1440 936 1466 securum
968 1440 1048 1467 esse
1076 1441 1157 1467 eum
1180 1443 1287 1477 posse

197 1475 242 1511 de
263 1475 344 1511 illo:
376 1475 483 1521 plane
506 1475 551 1510 de
573 1475 643 1511 hoc
656 1476 684 1498 ¹⁰
706 1475 784 1510 solo
810 1475 1053 1520 quaerendum
1075 1477 1145 1519 ait,
1178 1488 1224 1513 an
1255 1478 1287 1512 ei

197 1531 289 1566 opus
320 1520 368 1556 sit
398 1530 492 1556 nova
514 1520 751 1563 restitutione,
774 1523 1010 1566 posteaquam
1032 1522 1151 1567 portio
1165 1523 1191 1544 ¹¹
1223 1523 1286 1557 ad-

195 1566 326 1601 crevit:
349 1566 415 1601 sed
436 1576 483 1600 ne
504 1565 601 1601 hanc
623 1565 767 1612 quidem
791 1566 1033 1602 necessariam
1056 1577 1142 1602 esse.

242 1609 296 1648 45
322 1637 698 1647 ................
733 1609 803 1653 Qui
830 1615 986 1658 rogatus
1015 1615 1070 1647 est
1098 1613 1288 1648 restituere

197 1655 297 1701 quod
317 1666 369 1691 ex
392 1656 495 1691 bonis
517 1655 673 1692 alicuius
696 1655 746 1691 ad
767 1666 847 1691 eum
862 1657 1044 1703 pervenit,
1068 1668 1112 1692 ea
1130 1658 1287 1693 restituit

197 1711 293 1747 quae
314 1711 365 1736 ex
387 1700 586 1768 {tzereditate
609 1700 735 1744 habet,
765 1711 840 1736 non
872 1711 968 1747 quae
998 1701 1107 1738 habet
1131 1713 1183 1738 ex
1198 1714 1287 1750 per-

196 1756 289 1781 sona
310 1756 379 1781 sua
421 1771 429 1780 .

240 1788 294 1829 46
327 1789 408 1834 (44)
439 1789 682 1827 Maecenas
701 1790 793 1827 libro
817 1791 944 1837 quinto
968 1791 1109 1828 decimo
1132 1791 1287 1839 diqesto-

195 1847 276 1871 rum
320 1835 533 1872 Postulante
553 1835 687 1879 Sticho,
712 1836 774 1882 qui
797 1836 921 1872 eodem
943 1839 1157 1873 testamento
1179 1838 1287 1874 liber·

195 1885 304 1917 tatem
320 1885 357 1917 et
368 1881 675 1917 fideicommissum
698 1880 933 1917 hereditatem
956 1886 1158 1928 acceperat,
1182 1883 1286 1919 heres

194 1929 400 1979 suspectam
421 1926 526 1962 adiit:
551 1937 635 1962 mox
649 1926 811 1970 Stichus,
837 1931 1027 1972 antequam
1050 1938 1187 1964 moram
1199 1928 1227 1950 ¹³
1249 1928 1288 1963 in

194 1971 401 2017 recipienda
423 1971 622 2007 hereditate
652 1971 806 2015 faceret,
830 1971 986 2008 decessit
1007 1972 1134 2009 relicto
1157 1973 1287 2009 herede

195 2017 303 2052 Titio.
351 2026 503 2061 quaero,
526 2026 574 2052 an
597 2017 635 2052 in
658 2016 811 2060 Titium,
836 2017 867 2053 si
890 2017 981 2053 nolit
1002 2018 1164 2064 recipere
1186 2018 1285 2054 fidei-

196 2061 422 2098 commissam
437 2061 683 2114 hereditatem,
706 2062 867 2115 actiones
883 2066 1098 2116 exsenatus
1123 2064 1286 2099 consulto

194 2106 1286 2196 {iffffi‘sssssfflfflffiiffiezisaltitem&

194 2197 353 2233 numisso
392 2197 580 2232 dumtaxat
618 2201 765 2232 senatus
797 2197 963 2234 consulto
992 2199 1287 2244 comprehensum

194 2245 250 2277 est
262 2252 330 2278 nec
344 2241 486 2278 heredis
503 2241 600 2277 facta
611 2245 667 2278 est
689 2242 832 2278 mentio.
867 2245 988 2288 potest
1003 2246 1124 2279 tamen
1135 2244 1285 2287 evenire,

193 2290 236 2322 ut
269 2287 530 2323 restitutionem
552 2286 730 2323 distulerit
751 2287 875 2330 heres,
905 2287 1015 2324 veluti
1044 2288 1076 2324 si
1098 2290 1286 2334 pecuniam

194 2332 227 2367 ei
258 2331 424 2368 debuerit
453 2331 664 2375 defunctus,
700 2339 806 2377 quam
836 2332 991 2369 retinere
1021 2333 1149 2369 maluit
1179 2344 1284 2379 quam

193 2380 327 2422 petere.
361 2381 520 2413 ceterum
535 2377 698 2413 existimo
720 2377 814 2413 idem
837 2377 876 2413 in
899 2377 1031 2414 herede
1053 2378 1130 2414 eius
1154 2380 1285 2415 consti-

193 2422 381 2466 tuendum,
419 2421 517 2467 quod
546 2422 585 2457 in
612 2422 674 2458 illo
710 2422 943 2458 constitutum
976 2427 1049 2459 est:
1090 2434 1157 2460 cur
1192 2425 1285 2460 enim

193 2471 387 2511 recusaret,
409 2477 515 2512 quam
534 2477 703 2503 recusare
722 2477 795 2503 non
818 2468 937 2513 potuit
955 2468 997 2512 is,
1021 2468 1124 2505 cuius
1146 2469 1284 2505 heredi-

193 2515 304 2548 tatem
324 2512 507 2558 suscepit?
555 2512 628 2548 uod
644 2512 676 2548 si
694 2511 788 2548 forte
805 2517 888 2548 ante
908 2512 1117 2550 hereditatis
1140 2515 1283 2550 restitu-

194 2557 328 2593 tionem
351 2557 429 2593 sine
451 2558 517 2592 her
564 2568 583 2593 e
606 2557 801 2593 decesserit
823 2557 993 2601 libertus,
1018 2559 1167 2604 perinde
1189 2560 1285 2595 bona

193 2602 270 2638 eius
302 2602 540 2638 creditoribus
570 2602 796 2638 hereditariis
826 2602 980 2638 vendere
1008 2604 1283 2649 permittendum

198 2651 210 2681 1
260 2650 334 2691 est,
372 2657 415 2683 ac
445 2647 476 2683 si
506 2647 674 2683 restituta
702 2647 903 2684 hereditate
933 2648 1097 2684 decessit.
1154 2649 1217 2685 Set
1246 2650 1284 2685 in

193 2692 396 2728 huiusmodi
412 2692 620 2737 quaestione
643 2702 730 2737 rogo
753 2693 983 2738 respondeas,
1011 2704 1057 2729 an
1081 2698 1179 2730 recte
1202 2705 1283 2731 sen-

193 2737 311 2773 serim.
346 2742 472 2782 rogata
494 2741 551 2773 est
571 2736 647 2772 filia
669 2747 714 2773 ex
737 2747 819 2773 asse
841 2738 945 2774 heres
969 2739 1158 2775 restituere
1180 2740 1282 2776 here·

195 2781 315 2818 ditatis
344 2786 486 2834 partem
518 2782 697 2818 dimidiam
727 2782 891 2819 deductis
922 2783 1048 2828 legatis
1072 2784 1224 2821 minimis
1247 2789 1285 2821 et

193 2836 277 2862 aere
306 2826 422 2863 aheno
451 2837 524 2863 non
545 2837 693 2873 magno,
724 2831 767 2863 ut
787 2828 858 2873 legi
879 2828 1064 2865 Falcidiae
1085 2829 1187 2866 locus
1210 2840 1282 2866 non

193 2871 256 2907 sit:
279 2881 381 2907 mora
393 2871 492 2907 facta
507 2882 581 2908 non
596 2876 652 2908 est
669 2873 888 2909 restitutioni
911 2873 1186 2911 fideicommissi.
1221 2875 1281 2911 de-

194 2915 315 2952 sidero
345 2917 454 2953 verbo
484 2921 589 2953 tenus
619 2917 706 2953 mihi
734 2918 875 2954 restitui
898 2919 1151 2964 hereditatem,
1174 2923 1215 2955 ut
1237 2930 1282 2956 ex

196 2961 423 2997 Trebelliano
447 2966 593 2998 senatus
618 2962 780 2999 consulto
805 2964 925 3008 agenti
937 2965 964 2986 ¹⁴
989 2968 1026 3000 et
1049 2974 1094 3000 ex
1117 2975 1160 3000 eo
1185 2975 1281 3001 com-

192 3006 396 3051 petentibus
412 3006 614 3043 actionibus
639 3008 746 3043 etiam
769 3019 900 3045 usuras
924 3009 1063 3045 debitas
1088 3020 1133 3045 ex
1157 3011 1280 3046 mortis

194 3050 252 3087 die
265 3052 292 3073 ¹⁸
306 3050 346 3086 in
356 3055 497 3096 tempus
512 3052 747 3088 restitutionis
762 3063 975 3099 persequar:
996 3054 1080 3090 item
1094 3065 1227 3099 quaero
1245 3059 1281 3091 et

193 3096 238 3132 de
252 3095 496 3142 pensionibus,
535 3097 594 3131 uia
609 3097 825 3134 locationum
843 3099 1012 3144 obligatio
1026 3099 1063 3134 in
1083 3100 1280 3136 hereditate

193 3141 273 3176 fuit.
307 3140 354 3177 ab
368 3141 499 3177 herede
576 3145 654 3178 ctus
671 3143 787 3178 nullos
810 3147 906 3196 peto,
930 3144 994 3180 sed
1017 3144 1079 3180 illa
1101 3144 1281 3181 desiderat

192 3185 381 3240 refundere
407 3195 465 3223 me
487 3190 553 3222 aut
575 3187 770 3223 concedere
793 3198 825 3223 e1
849 3189 1008 3225 actiones
1033 3200 1221 3244 usurarum
1245 3194 1281 3226 et

193 3241 539 3328 Pfflttlfffflxi,
558 3241 705 3321 ¹223&
725 3234 1279 3324 gggssfflrssgggggssffugffi

191 3286 287 3356 Bane
318 3320 582 3366 stipulationem
606 3328 795 3357 usurarum
818 3323 864 3358 ad
888 3334 944 3359 me
966 3324 1155 3369 pertinere.
1202 3335 1277 3361 res-

191 3364 319 3411 pondi:
344 3365 464 3401 omnia
486 3366 577 3403 haec
599 3366 806 3402 hereditatis
831 3369 1070 3414 appellatione
1093 3369 1277 3406 continen-

193 3479 233 3521 (1)
256 3478 336 3511 civil
349 3479 386 3513 F
479 3481 523 3519 (2)
547 3480 668 3514 institu
683 3481 719 3515 F
812 3483 855 3522 (3)
880 3482 938 3523 qui
951 3482 986 3515 F·
1060 3485 1103 3522 (4)
1127 3482 1284 3526 posti-al?

193 3525 237 3564 (ω
259 3523 579 3567 sepulohororumF
620 3530 664 3566 (c)
688 3526 733 3559 sit
745 3527 839 3560 bieF
881 3530 922 3565 (7)
949 3530 1015 3560 tam
1030 3529 1063 3561 F
1110 3530 1163 3567 (Τ)
1189 3538 1277 3561 com-

190 3568 308 3612 puism
320 3569 356 3602 F
403 3572 448 3611 (8)
465 3572 514 3604 n‘c
525 3570 689 3610 Quinctius,
701 3571 839 3614 ignarus
850 3571 885 3604 F
932 3573 977 3613 (⁹)
994 3573 1032 3606 fit
1043 3586 1107 3608 scr.
1160 3574 1222 3614 (10)
1237 3573 1277 3606 ds

191 3612 267 3656 hoo]
279 3612 400 3648 loooF
450 3615 507 3656 (11)
530 3616 750 3659 proportioF
798 3618 858 3657 (12)
884 3629 967 3659 quae
980 3619 1101 3651 dantur·
1112 3618 1278 3652 inclinatis
1345 3621 1410 3660 (2⁶)
1434 3620 1588 3653 seciusF

518 3660 582 3694 leta
600 3668 675 3695 eunt
693 3663 864 3695 secundum
882 3661 918 3695 B

536 3705 597 3748 (15)
621 3705 686 3749 die]
699 3706 740 3739 de
753 3706 815 3748 1⁵⁹¹,
829 3719 887 3740 om.
902 3706 953 3739 Γ*
1022 3710 1082 3747 (16)
1107 3708 1196 3749 quod
1211 3708 1275 3742 dcl.

193 3659 314 3693 omt'saa
332 3659 366 3692 n’n
385 3659 422 3693 F

193 3704 253 3743 (14)
275 3703 390 3746 agenti
402 3705 465 3739 dol.

1284 89 1368 138 528
1585 118 1592 125 κ
1604 132 1629 139 e

1515 0 1585 55 ‘fx

1574 56 1583 108 I
1861 107 1925 139 An
1953 107 2149 141 smnus
2177 108 2442 142 constm'mu

1358 216 1437 252 tux-2
1461 217 1635 261 quantum
1664 214 1758 253 enim
1781 216 1878 264 quod
1889 217 1918 239 ¹⁸
1941 216 1989 252 ad
2010 216 2080 254 hoc
2101 217 2225 261 refert,
2246 217 2340 255 inter
2354 218 2443 256 haec

1360 264 1550 306 ceteraque
1563 262 1601 305 ¹⁷,
1619 272 1713 307 quae
1729 263 1797 299 sub
1811 262 2021 299 condicione
2044 266 2128 299 sunt
2141 263 2317 309 promissa
2331 267 2395 300 aut
2406 265 2443 300 in

1359 314 1474 341 annos
1504 305 1662 351 singulos
1690 307 1748 343 vel
1776 317 1927 350 menses,
1951 307 2038 342 nihil
2059 308 2220 345 interest.
2267 318 2355 345 sane
2375 320 2443 355 pro

1359 349 1482 385 fructu
1503 350 1576 394 rei,
1633 361 1701 388 uae
1723 352 1921 388 hereditate
1944 353 2164 396 continetur,
2187 353 2277 390 haec
2300 354 2441 397 cedunt,

1359 404 1426 430 nec
1448 394 1589 431 fructus
1638 396 1975 433 deicommissarium
1999 398 2170 443 sequitur,
2193 398 2225 434 si
2247 408 2349 434 mora
2371 409 2443 435 non

1359 440 1574 476 intercessit.
1620 441 1685 477 sed
1715 443 1800 487 quia
1830 453 1903 478 non
1933 446 1974 478 ut
1996 443 2097 479 heres
2120 442 2441 485 fideicommissum,

1359 488 1400 519 ut
1416 484 1469 520 sic
1492 484 1650 528 dixerim,
1673 487 1839 532 suppleat
1860 488 2029 533 postulet,
2053 491 2109 523 set
2131 488 2247 533 qualis
2270 499 2365 524 nunc
2388 493 2444 524 est

1359 529 1550 574 hereditas,
1574 530 1752 567 desideret
1775 532 1915 568 restitui
1935 533 2014 574 sibi,
2038 543 2082 568 ne
2108 543 2263 585 uaquam
2277 533 2315 568 id
2337 533 2443 568 debet

1359 574 1463 626 heres
1487 585 1674 627 recusare:
1706 587 1790 612 nam
1817 581 1854 613 et
1876 544 2135 623 quodammotdo
2158 588 2196 613 m
2213 582 2356 630 partem
2379 579 2440 613 he-

1360 619 1522 655 reditatis
1553 624 1700 656 senatus
1730 621 1841 667 recipi
1869 623 1981 658 voluit
2010 622 2376 659 fideicommissarium
2408 627 2443 659 et

1358 664 1483 700 haberi
1506 665 1647 701 heredis
1670 666 1767 709 loco,
1794 677 1861 713 pro
1885 677 1957 712 qua
1979 672 2081 712 parte
2105 668 2137 703 ei
2161 668 2327 703 restituta
2350 672 2443 704 esset

1358 709 1551 745 hereditas.
1575 710 1638 746 sed
1653 721 1732 747 cum
1747 712 1979 748 hereditarios
1992 723 2155 749 nummos
2170 712 2366 749 faeneravit
2379 718 2443 748 aut

1358 764 1403 790 ex
1433 754 1554 791 fundis
1583 754 1723 792 fructus
1746 757 1915 802 percepit,
1940 757 2027 792 nihil
2051 767 2094 793 eo
2118 758 2259 793 nomine
2281 762 2443 802 praestat

1357 799 1407 842 ei,
1440 800 1499 835 cui
1528 800 1707 836 hereditas
1738 811 1804 846 per
1833 802 2141 838 fideicommissum
2165 802 2291 838 relicta
2314 805 2388 843 est,
2412 803 2443 838 si

1357 854 1430 879 non
1445 845 1647 880 intercessit
1661 856 1772 888 mora,
1797 847 1932 882 scilicet
1971 847 2071 882 uia¹⁸
2093 857 2159 883 suo
2208 847 2343 883 ericulo
2365 846 2442 883 fae-

1357 890 1496 924 neravit
1530 890 1723 926 colendove
1761 891 1873 926 fundo
1908 902 1951 926 ve
1999 893 2036 926 in
2068 902 2179 937 cogen
2204 893 2235 928 is
2265 892 2443 928 fructibus

1356 934 1548 1015 insili-'iffi
1578 945 1854 1017 οῗὲῗῃῗέωἳὲὲ
1862 937 2370 1018 “gilstffimifflfflisffi
2377 938 2443 1017 ιζ’

1550 1006 1559 1023 ⁹
2049 1009 2057 1016 ·
2428 1002 2442 1008 “

1356 1024 1526 1069 pendium
1540 1035 1583 1061 ve
1610 1036 1720 1070 opera
1731 1026 1919 1062 intercedit
1930 1026 2081 1069 heredis,
2098 1036 2179 1062 cum
2190 1026 2245 1062 his
2257 1027 2383 1070 modis,
2399 1026 2443 1062 de

1357 1069 1486 1115 quibus
1503 1073 1559 1105 est
1573 1071 1782 1116 quaesitum,
1807 1076 2035 1116 augmentum
2057 1071 2274 1107 hereditas'0
2295 1072 2440 1118 recepit.

1401 1112 1456 1151 47
1482 1113 1563 1157 (45)
1587 1115 1843 1152 Mons-snmus
1868 1116 1961 1152 libro
1984 1117 2167 1164 sinqutarn'
2187 1117 2233 1152 de
2254 1115 2443 1152 heurema-

1357 1159 1438 1196 ticis
1475 1159 1545 1204 Qui
1563 1163 1676 1196 totam
1699 1161 1933 1197 hereditatem
1955 1162 2145 1197 restituere
2167 1165 2314 1206 rogatus
2336 1171 2443 1207 quar-

1355 1208 1428 1240 tam
1447 1205 1601 1241 retinere
1615 1216 1689 1242 non
1711 1207 1787 1242 vult
1809 1206 2027 1252 fidumque²¹
2052 1206 2261 1251 obsequium
2284 1206 2444 1242 defuncti

1381 1250 1563 1286 recibus²²
1591 1251 1767 1303 praebere
1794 1251 1991 1294 desiderat,
2022 1261 2089 1288 sua
2109 1255 2239 1297 sponte
2260 1251 2359 1287 adire
2382 1252 2443 1287 de-

1382 1295 1455 1331 ebit
1477 1295 1723 1339 hered1tatem‚
1752 1297 1854 1342 quasi
1877 1306 1922 1332 ex
1945 1297 2171 1333 Trebelliano
2195 1306 2274 1332 eam
2297 1297 2441 1333 restitu-

1354 1344 1469 1376 turus.
1508 1341 1682 1377 suaserim
1695 1345 1826 1384 tamen,
1850 1346 2054 1387 suspectam
2077 1342 2197 1388 potius
2221 1341 2318 1378 dicat
2341 1342 2442 1378 here-

1355 1385 1502 1421 ditatem
1533 1390 1751 1432 coactusque
1781 1397 1804 1422 a
1834 1390 2000 1433 praetore
2030 1388 2215 1423 restituat:
2250 1387 2319 1423 hoc
2350 1387 2442 1423 enim

1356 1441 1444 1466 casu
1472 1441 1516 1466 ex
1537 1431 1617 1484 ipso
1641 1431 1867 1468 Trebelliano
1890 1433 2078 1468 restituere
2101 1432 2241 1468 videtur
2263 1432 2442 1478 exposito-

1379 1486 1425 1511 ue
1441 1476 1657 1513 hereditario
1672 1481 1771 1513 metu
1786 1478 1968 1514 universas
1984 1478 2142 1514 actiones
2158 1477 2195 1513 in
2219 1487 2300 1514 eum
2322 1480 2441 1513 trans-

1373 1525 1427 1556 ert
1436 1522 1479 1564 ²³,
1527 1522 1565 1557 ui
1587 1523 1724 1567 recepit
1746 1522 1989 1558 hereditatem.

1402 1563 1456 1618 48
1482 1532 1568 1608 (416)
1605 1567 1833 1603 ΙΑνοιΕΝυε
1861 1568 1952 1604 libro
1982 1567 2170 1604 undecimo
2206 1567 2441 1620 epistularum

1356 1610 1459 1647 Selus
1469 1613 1499 1634 ²⁴
1520 1611 1736 1648 Saturninus
1751 1612 2032 1658 archigubernus
2050 1623 2094 1648 ex
2110 1613 2226 1649 classe
2235 1613 2443 1648 Britannica

1356 1660 1568 1692 testamento
1598 1657 1824 1693 fiduciarium
1832 1659 1862 1680 ²⁵
1895 1658 2041 1703 reliquit
2072 1658 2239 1693 heredem
2262 1657 2443 1693 Valerium

1356 1701 1552 1737 Maximum
1575 1703 1822 1746 trierarchum,
1846 1713 1869 1738 a
1893 1714 1963 1748 quo
1986 1703 2086 1748 petit,
2110 1706 2152 1738 ut
2173 1702 2247 1738 filio
2271 1713 2337 1739 suo
2361 1703 2442 1738 Seio

1357 1747 1521 1790 Oceano,
1553 1757 1635 1783 cum
1665 1747 1712 1783 ad
1735 1757 1849 1784 annos
1872 1748 2028 1784 sedecim
2050 1749 2280 1793 pervenisset,
2304 1748 2442 1784 heredi-

1356 1795 1465 1827 tatem
1480 1792 1694 1828 restitueret.
1731 1793 1834 1829 Seius
1844 1794 1875 1814 ²⁶
1894 1794 2059 1829 Oceanus
2075 1796 2266 1839 antequam
2280 1792 2444 1838 impleret

1356 1847 1488 1879 annos,
1521 1837 1712 1873 defunctus
1743 1842 1815 1874 est:
1845 1849 1942 1874 nunc
1965 1838 2111 1874 Mallius
2135 1838 2287 1882 Seneca,
2320 1838 2381 1883 qui
2404 1848 2442 1873 se

1356 1882 1573 1918 avunculum
1613 1882 1685 1919 Seii
1721 1883 1855 1919 Oceani
1895 1883 1998 1926 dicit,
2033 1883 2271 1929 proximitatis
2299 1883 2442 1919 nomine

1355 1928 1446 1963 haec
1469 1928 1566 1964 bona
1586 1929 1695 1974 petit,
1723 1929 1901 1965 Maximus
1926 1932 2045 1964 autem
2067 1929 2285 1964 trierarchus
2309 1928 2377 1964 sibi
2398 1938 2443 1964 ea

1355 1973 1513 2008 vindicat
1533 1973 1633 2016 ideo,
1666 1973 1750 2019 quia
1781 1974 1971 2010 defunctus
1996 1977 2051 2010 est
2072 1973 2104 2010 is
2128 1974 2187 2010 cui
2195 1974 2226 1995 ²⁷
2255 1974 2443 2009 restituere

1356 2018 1475 2053 iussus
1498 2022 1586 2054 erat.
1622 2029 1757 2064 quaero
1780 2029 1875 2064 ergo,
1899 2022 2019 2055 utrum
2041 2019 2132 2055 haec
2155 2019 2251 2055 bona
2273 2018 2320 2054 ad
2336 2018 2442 2054 Vale-

1355 2062 1447 2098 rium
1460 2063 1656 2099 Maximum
1672 2065 1909 2100 trierarchum
1923 2063 2090 2100 heredem
2113 2063 2337 2100 fiduciarium
2359 2074 2441 2109 per-

1354 2108 1494 2144 tineant
1508 2119 1556 2144 an
1578 2109 1625 2144 ad
1640 2109 1802 2144 Mallium
1818 2109 2000 2153 Senecam,
2024 2109 2086 2154 qui
2101 2119 2140 2145 se
2154 2109 2259 2154 pueri
2282 2108 2442 2144 defuncti

1355 2154 1571 2189 avunculum
1600 2164 1680 2190 esse
1712 2154 1807 2190 dicit.
1855 2154 2042 2200 respondi:
2074 2154 2106 2190 si
2135 2153 2237 2190 Seius
2262 2153 2438 2196 Oceanus,

1356 2198 1415 2233 cui
1436 2198 1710 2236 fideicommissa
1731 2199 1910 2236 hereditas
1937 2209 1983 2235 ex
2004 2202 2217 2235 testamento
2241 2198 2313 2235 Seii
2321 2199 2353 2220 ²⁸
2376 2198 2441 2235 Sa-

1355 2244 1500 2288 turnini,
1516 2254 1598 2280 cum
1613 2255 1726 2281 annos
1741 2245 1894 2281 sedecim
1911 2245 2071 2287 haberet,
2087 2254 2111 2280 a
2123 2244 2267 2280 Valerio
2282 2243 2440 2279 Maximo

1354 2288 1540 2325 fiduciario
1564 2290 1694 2325 herede
1717 2290 1858 2326 restitui
1879 2289 2019 2333 debeat,
2043 2289 2250 2335 priusquam
2267 2289 2439 2342 praefini-

1355 2337 1431 2369 tum
1453 2338 1595 2380 tempus
1618 2335 1748 2370 aetatis
1770 2335 1950 2380 impleret,
1976 2335 2144 2377 decessit,
2168 2334 2355 2370 fiduciaria
2377 2334 2439 2370 he-

1354 2379 1488 2415 reditas
1505 2379 1552 2414 ad
1567 2389 1647 2415 eum
1661 2381 1827 2425 pertinet,
1850 2379 1897 2415 ad
1921 2390 2026 2424 quem
2049 2383 2170 2415 cetera
2192 2379 2287 2414 bona
2306 2378 2439 2415 Oceani

1355 2423 1601 2469 pertinuerint,
1626 2425 1792 2470 quoniam
1815 2424 1891 2460 dies
1914 2424 2176 2460 fideicommissi
2198 2423 2277 2460 vivo
2297 2424 2440 2460 Oceano

1354 2469 1478 2513 cessit,-
1493 2469 1629 2505 scilicet
1642 2469 1674 2505 si
1711 2470 1912 2523 rorogando
1927 2474 2069 2522 tempus
2085 2468 2273 2506 solutionis
2286 2469 2436 2505 tutelam

1354 2514 1467 2558 magis
1498 2514 1622 2550 heredi
1651 2480 1839 2550 fieluciano
1868 2515 2090 2560 permisisse,
2129 2524 2235 2559 quam
2264 2514 2439 2550 incertum

1354 2559 1446 2594 diem
1468 2558 1733 2596 fideicommissi
1756 2559 1985 2596 constituisse
2006 2560 2181 2596 videatur.

1398 2602 1453 2642 49
1469 2602 1552 2648 (47)
1567 2604 1797 2641 Poupomvs
1807 2605 1898 2641 libro
1905 2606 2030 2652 primo
2048 2606 2233 2641 variarum
2248 2603 2438 2641 lectionum

1353 2648 1391 2685 Si
1422 2649 1545 2685 heredi
1568 2649 1664 2694 eius,
1697 2649 1755 2686 cui
1775 2654 1907 2686 natura
1929 2649 2104 2693 debuerit,
2129 2650 2257 2695 aliquis
2280 2650 2437 2690 solverit,

1352 2695 1405 2775 Ξῖ,
1427 2694 1535 2775 dcui²⁹
1556 2694 1830 2731 fideicommissa
1857 2695 2036 2731 hereditas
2059 2694 2185 2731 relicta
2208 2695 2266 2737 sit,
2296 2694 2334 2730 id
2356 2695 2437 2730 red-

1381 2749 1425 2776 en
1452 2750 1523 2776 um.

1398 2784 1451 2823 50
1477 2781 1559 2829 (48)
1575 2785 1737 2821 ΡΑσισε
1752 2785 1844 2822 lt‘bro
1868 2788 2001 2832 quarto
2024 2785 2160 2822 decimo
2182 2795 2436 2840 responsorum

1946 2830 2037 2866 ortio
2059 2830 2267 2866 hereditatis
2290 2830 2438 2866 alicui’0

1351 2830 1486 2867 Paulus
1510 2830 1713 2876 respondit:
1743 2831 1775 2866 si
1798 2834 1898 2866 certa

1952 2875 2159 2911 ereditarias
2183 2875 2356 2921 quasdam
2378 2876 2435 2911 fu·

1350 2875 1477 2911 relicta
1498 2876 1713 2929 proponitur
1734 2879 1772 2911 et
1790 2876 1822 2912 is
1845 2886 1903 2912 res

1350 2924 1452 2956 ratus
1480 2924 1545 2963 s1t,
1575 2921 1614 2956 in
1642 2921 1699 2956 his
1726 2921 1854 2964 rebus,
1879 2930 1969 2966 quas
1992 2920 2189 2963 subtraxit,
2214 2920 2380 2965 denegari
2404 2921 2435 2956 ei

1349 2966 1556 3012 petitionem
1580 2969 1747 3010 oportere
1767 2969 1866 3002 recte
1887 2965 2136 3011 respondetur.

1396 3009 1446 3048 51
1493 3009 1573 3054 (49)
1616 3010 1863 3046 mmmmm
1899 3011 1992 3047 libro
2034 3011 2139 3046 tertio
2185 3011 2434 3056 quaestionum

1351 3055 1440 3091 Cum
1464 3055 1642 3091 hereditas
1667 3065 1711 3091 ex
1726 3055 1953 3091 Trebelliano
1977 3059 2122 3091 senatus
2145 3055 2309 3091 consulto
2332 3056 2434 3091 resti-

1348 3101 1471 3145 tuitur,
1495 3101 1526 3136 si
1540 3110 1597 3136 res
1708 3104 1766 3136 eat
1781 3105 1817 3136 et
1840 3104 1955 3137 metus
1979 3101 2056 3143 erit,
2079 3110 2125 3136 ne
2148 3110 2214 3145 per
2236 3101 2434 3136 absentiam

1348 3145 1442 3181 forte
1457 3145 1775 3181 fideicommissarii
1790 3145 1866 3182 dies
1883 3146 2032 3181 actionis
2047 3146 2201 3187 exeat³¹‚
2222 3145 2326 3181 heres
2341 3145 2433 3181 iudi-

1352 3194 1366 3226 1
1417 3190 1510 3226 cium
1535 3190 1715 3235 suscipere
1724 3191 1756 3213 ³²
1779 3191 1928 3235 cogitur.
1975 3190 2157 3235 Similique
2177 3190 2281 3226 modo
2300 3190 2374 3226 filio
2389 3191 2433 3226 de

1348 3235 1583 3315 P⁰⁸⁵⁶⁵';¹{⁰¹².‘{)
1600 3240 1725 3315 cotliltra
1738 3235 1889 3316 (plagulas
1913 3235 2132 3315 dehberpunlte
2154 3235 2310 3280 scriptus
2328 3235 2431 3272 heres

1347 3291 1371 3316 a
1393 3279 1490 3316 credi
1508 3290 1560 3316 on
1586 3291 1628 3316 us
1678 3290 1737 3316 ere
1814 3291 1876 3317 rus
1900 3290 2047 3316 conveni
2110 3307 2119 3315 .

1394 3322 1448 3362 52
1473 3323 1555 3367 (50)
1578 3324 1687 3361 Imm
1712 3326 1803 3362 libro
1835 3325 2023 3362 undecimo
2056 3325 2304 3371 quaestionum
2360 3324 2431 3360 Im-

1346 3374 1494 3416 perator
1515 3370 1737 3415 Hadrianus,
1773 3381 1853 3406 cum
1877 3370 1999 3406 Vivius
2011 3371 2041 3392 ³³
2074 3370 2227 3406 Cerealis
2258 3369 2332 3406 filio
2363 3380 2430 3406 suo

1348 3485 1406 3526 (1·1)
1431 3494 1496 3526 que
1508 3497 1566 3518 om.
1578 3484 1614 3519 F·
1655 3486 1714 3527 (18)
1731 3494 1798 3527 qua
1810 3485 1846 3518 F'
1883 3485 1942 3525 (19)
1960 3485 2089 3517 dixerix
2101 3486 2136 3518 F
2182 3486 2245 3525 (ιο)
2261 3483 2390 3518 heredis
2401 3485 2437 3518 P

1347 3532 1407 3570 (21)
1431 3529 1679 3572 fidumquemF
1763 3532 1824 3570 (22)
1848 3530 2083 3573 precipibusF
2165 3533 2225 3570 (23)
2249 3530 2429 3563 transfer-in

1347 3575 1426 3615 Fu,
1442 3575 1617 3609 transferri
1629 3576 1705 3609 Ρη·
1791 3577 1853 3615 (24)
1877 3574 1979 3608 sieius
1992 3576 2027 3609 F
2104 3576 2167 3617 (25)
2190 3574 2388 3608 fiduciarum
2399 3576 2435 3608 F

1672 3621 1735 3661 (ιτ)
1758 3620 1818 3662 qui
1832 3620 1866 3653 F·
1947 3622 2011 3661 (ιε)
2034 3619 2107 3653 sieii
2121 3620 2155 3652 F
2239 3622 2303 3661 (2⁹)
2327 3620 2434 3662 quiF

1021 3667 1080 3704 (13)
1103 3673 1227 3696 morsm
1248 3663 1283 3696 F
1346 3665 1408 3703 (³⁰)
1434 3663 1586 3706 aliquiF'
1626 3668 1684 3705 (81)
1708 3665 1852 3698 exeutF'
1892 3669 1953 3703 (32)
1977 3665 2189 3707 suscepiroF
2228 3666 2288 3706 (33)
2312 3665 2433 3698 viusF

2520 3524 2528 3568 ιιι-ιΔ
