2528 3918
102 111 163 143 DE
193 111 310 145 smG.
339 111 439 143 REB.
468 111 556 143 PER
583 109 749 143 mec.
779 109 878 141 REL.

103 223 246 260 casibus
267 221 446 269 captiosas
467 231 528 258 eas
549 220 655 256 homo
676 220 806 256 excelsi
826 220 956 266 ingenii
975 219 1194 267 Papinianus

103 269 320 351 ἓΡῆίῙὲῗέιῗ
342 267 445 348 ῗὲἓὲῗ
469 266 1194 358 adtritas?{033221233223221312333

454 338 462 355 ⁵

103 359 321 396 similitudini
346 368 388 394 us
432 367 538 403 quam
573 356 781 392 differentiis
824 357 1008 403 utriusque
1047 360 1193 393 senatus

103 405 257 441 consulti
286 403 422 449 placuit
453 403 598 448 exploso
623 406 769 438 senatus
795 403 958 439 consulto
982 402 1191 483 Pegsssianm

103 449 198 495 quod
221 453 347 495 postea
370 448 581 494 supervenit,
607 458 746 483 omnem
770 448 1020 484 auctoritatem
1077 447 1191 483 rebel-

101 496 196 531 liano
220 498 366 531 senatus
391 493 553 530 consulto
578 496 779 538 praestare,
812 496 853 528 ut
877 504 921 529 ex
945 504 986 529 eo
1010 492 1190 529 fideicom-

102 540 284 576 missariae
306 539 522 576 hereditates
546 538 803 581 restituantur,
836 539 909 574 sive
931 539 1065 574 habeat
1087 538 1191 573 heres

101 597 144 622 cx
168 585 350 622 voluntate
373 583 555 620 testatoris
579 587 745 629 quartam
769 584 843 619 sive
865 584 946 629 plus
971 584 1043 620 sive
1074 584 1190 619 minus

101 631 173 667 sive
196 631 338 677 penitus
362 630 467 673 nihil,
492 632 534 665 ut
557 633 663 672 tunc,
689 629 832 674 quando
857 630 912 665 vel
936 630 1024 665 nihil
1047 629 1102 665 vel
1125 628 1190 663 mi-

100 687 168 713 nus
192 679 322 722 quarta
344 675 441 721 apud
465 686 545 711 eum
569 678 772 717 remaneat,
804 674 913 710 liceat
944 675 975 711 ei
1005 674 1061 711 vel
1084 684 1190 720 quar-

100 727 174 758 tam
196 721 251 758 vel
274 721 371 768 quod
394 720 495 757 deest
518 731 562 756 ex
585 723 710 756 nostra
728 720 944 756 auctoritate
963 721 1115 756 retinere
1136 719 1191 755 vel

100 778 139 803 re
165 771 260 803 etere
283 767 457 809 solutum,
490 765 592 811 quasi
616 776 660 801 ex
684 765 909 802 Trebelliano
932 769 1079 802 senatus
1104 776 1188 801 con-

100 824 142 849 su
156 817 194 849 to
218 823 283 858 pro
315 815 396 848 rata
427 811 590 857 portione
620 811 822 847 actionibus
852 814 927 846 tam
956 812 994 847 in
1024 810 1190 847 heredem

100 869 207 904 quam
236 858 274 894 in
304 856 670 893 fideicommissariam
702 857 997 902 competentibus.
1043 857 1074 892 si
1106 866 1189 892 vero

99 907 211 940 totam
234 903 467 939 hereditatem
490 905 618 948 sponte
649 902 863 945 restituerit,
897 913 1019 938 omnes
1050 901 1189 937 heredi·

99 950 212 985 tariae
246 949 406 985 actiones
448 947 774 984 fideicommissario
819 951 855 983 et
897 948 1067 984 adversus
1110 958 1190 983 eum

100 998 317 1040 competunt.
356 993 418 1030 sed
438 994 544 1030 etiam
563 993 612 1036 id,
637 993 733 1038 quod
752 994 985 1039 praecipuum
1003 993 1190 1038 Pegasiani

99 1044 245 1077 senatus
269 1039 424 1076 consulti
446 1038 583 1082 fuerat,
618 1042 679 1082 ut,
704 1039 847 1084 quando
871 1039 1064 1074 recusabat
1087 1039 1190 1074 heres

99 1086 253 1132 scriptus
277 1085 346 1122 sibi
369 1084 491 1121 datam
513 1084 748 1120 hereditatem
779 1084 897 1127 adire,
930 1084 1126 1120 necessitas
1159 1084 1190 1119 ei

98 1132 340 1177 imponeretur
369 1133 483 1166 totam
512 1130 746 1166 hereditatem
777 1130 909 1166 volenti
940 1129 1188 1166 fideicommis-

99 1177 192 1213 sario
228 1177 415 1213 restituere
450 1179 486 1212 et
521 1186 644 1211 omnes
679 1175 726 1211 ad
761 1186 841 1211 eum
877 1179 913 1211 et
948 1179 1074 1211 contra
1109 1186 1189 1210 eum

98 1222 268 1258 transire¹
294 1222 468 1264 actiones,
494 1222 531 1255 et
563 1221 633 1257 hoc
664 1221 932 1266 transponimus
964 1221 1011 1257 ad
1042 1224 1189 1256 senatus

102 1268 305 1304 consultum
328 1267 615 1310 Trebellianum,
648 1270 688 1302 ut
712 1277 756 1303 ex
779 1267 848 1302 hoc
873 1267 950 1303 solo
976 1270 1012 1302 et
1033 1266 1188 1302 necessi-

97 1317 154 1349 tas
179 1313 299 1349 heredi
322 1312 537 1358 imponatur,
562 1312 592 1348 si
615 1312 694 1357 ipso
718 1311 862 1348 nolente
885 1312 985 1347 adire
1008 1311 1188 1347 fideicom-

98 1359 281 1395 missarius
316 1357 497 1394 desiderat
530 1357 669 1394 restitui
701 1357 768 1393 sibi
802 1357 1054 1400 hereditatem,
1091 1357 1188 1393 nullo

98 1415 163 1440 nec
196 1404 324 1440 damno
357 1414 424 1439 nec
456 1403 642 1439 commodo
678 1403 775 1449 apud
808 1403 974 1439 heredem
1009 1406 1186 1438 manente.

99 1453 118 1485 8
167 1449 298 1485 ²'Nihil
322 1452 441 1485 autem
465 1449 632 1491 interest,
658 1452 777 1484 utrum
802 1449 929 1494 aliquis
953 1459 997 1484 ex
1022 1458 1103 1484 asse
1126 1448 1187 1484 he-

99 1497 164 1531 'res
195 1495 381 1531 institutus
412 1498 476 1530 aut
506 1497 619 1530 totam
651 1494 884 1530 hereditatem
909 1498 973 1530 aut
996 1505 1061 1540 pro
1086 1498 1189 1539 parte

99 1541 295 1576 ‘restituere
325 1543 491 1586 rogatur,
524 1550 571 1575 an
595 1550 639 1576 ex
662 1543 767 1585 parte
789 1540 892 1576 heres
915 1540 1100 1576 institutus
1125 1543 1189 1575 aut

99 1587 219 1622 'totam
244 1587 342 1622 eam³
370 1589 509 1632 partem
534 1589 597 1621 aut
620 1585 732 1631 partis
756 1589 895 1631 partem
918 1585 1106 1622 restituere
1129 1596 1187 1621 ro-

99 1632 229 1677 'gaturz
262 1642 346 1667 nam
379 1634 415 1667 et
445 1631 514 1667 hoc
539 1632 634 1667 casu*
660 1630 783 1666 eadem
806 1631 988 1667 observari
1011 1631 1186 1676 praecipi-

98 1688 193 1720 mus,
226 1687 318 1723 quae
348 1676 384 1712 in
408 1676 519 1712 totius
544 1676 750 1712 hereditatis
774 1677 999 1712 restitutione
1023 1676 1186 1712 diximus.

98 1726 118 1759 9
165 1722 203 1759 Si
237 1723 316 1768 quis
351 1732 424 1758 una
459 1722 579 1768 aliqua
611 1733 651 1757 re
686 1721 842 1758 deducta
876 1722 949 1758 sive
983 1726 1188 1768 praecepta,

98 1778 190 1814 quae
213 1770 378 1814 quartam
402 1767 580 1810 continet,
611 1767 719 1803 veluti
749 1767 862 1803 fundo
895 1768 950 1803 vel
974 1767 1044 1803 alia
1067 1778 1107 1803 re
1129 1778 1187 1803 ro-

97 1817 201 1859 gatus
224 1813 271 1850 sit
293 1813 481 1850 restituere
504 1812 748 1856 hereditatem,
773 1813 876 1849 simili
899 1813 1005 1849 modo
1031 1824 1075 1849 ex
1100 1813 1188 1848 Treae

97 1859 251 1896 belliano
276 1863 423 1895 senatus
448 1859 611 1895 consulto
642 1859 819 1895 restitutio
851 1858 935 1902 fiat,
966 1859 1114 1905 perinde
1145 1870 1189 1894 ac

97 1905 128 1941 si
158 1908 287 1951 quarta
317 1907 420 1950 parte
442 1907 582 1940 retenta
604 1907 750 1985 rssfatus
775 1907 869 1940 esset
892 1904 1063 1950 reliquam
1087 1905 1188 1940 here-

98 1951 246 1987 ditatem
280 1950 479 1986 restituere.
528 1949 592 1985 sed
624 1950 631 1957 '
660 1949 709 1985 ud
739 1949 909 1993 interest,
944 1950 1040 1995 quod
1076 1950 1188 1986 altero

99 2007 205 2039 casu,
237 1995 275 2031 id
307 1998 362 2032 est
394 2006 475 2031 cum
508 1995 662 2031 deducta
694 1995 767 2031 sive
789 1999 984 2041 praecepta
1007 1995 1127 2041 aliqua
1150 2006 1190 2031 re

97 2041 297 2078 restituitur
320 2041 519 2084 hereditas,
550 2041 589 2076 in
620 2041 773 2077 solidum
798 2052 842 2076 ex
866 2050 907 2076 eo
932 2044 1078 2077 senatus
1103 2052 1187 2077 con-

98 2087 191 2123 sulto
234 2086 394 2123 actiones
430 2086 696 2122 transferuntur
736 2090 772 2122 et
810 2097 868 2122 res
902 2096 996 2132 quae
1029 2090 1190 2122 remanet

97 2132 195 2178 apud
227 2132 394 2168 heredem
417 2132 494 2168 sine
518 2132 590 2168 ullo
615 2142 723 2168 onere
746 2132 963 2168 hereditario
988 2132 1085 2178 apud
1109 2142 1188 2167 eum

98 2181 217 2214 manet
239 2178 343 2224 quasi
366 2188 411 2213 ex
434 2177 551 2223 legato
577 2177 608 2213 ei
632 2177 822 2223 adquisita,
847 2177 960 2214 altero
984 2188 1068 2214 vero
1089 2187 1188 2220 casu,

97 2224 134 2260 id
166 2227 220 2259 est
251 2234 332 2259 cum
365 2226 495 2269 quarta
525 2226 629 2268 parte
659 2226 799 2259 retenta
830 2226 976 2268 rogatus
1009 2226 1064 2259 est
1086 2224 1189 2259 heres

97 2269 282 2305 restituere
301 2268 533 2305 hereditatem
553 2271 589 2304 et
607 2268 772 2311 restituit,
798 2268 1007 2304 scindantur
1030 2268 1189 2304 actiones

98 2319 133 2350 et
156 2326 221 2361 pro
254 2314 428 2350 dodrante
460 2314 602 2359 quidem
632 2313 898 2350 transferantur
929 2314 975 2350 ad
1006 2314 1188 2350 fideicom-

97 2360 314 2402 missariam,
346 2370 411 2412 pro
436 2359 636 2412 quadrante
658 2363 867 2395 remaneant
890 2360 987 2405 apud
1010 2360 1187 2396 heredem.

98 2406 183 2452 quin
206 2406 311 2442 etiam
335 2405 419 2441 hcet
440 2416 477 2440 m
509 2415 582 2440 una
612 2415 670 2448 re,
703 2415 774 2451 qua
805 2405 961 2441 deducta
991 2409 1055 2441 aut
1084 2416 1188 2450 prae-

98 2454 204 2498 cepta
237 2450 426 2487 restituere
468 2450 594 2496 aliquis
637 2450 868 2486 hereditatem
930 2453 1079 2495 rogatus
1123 2452 1191 2492 est,

97 2497 252 2533 maxima
275 2506 359 2542 pars
383 2496 591 2532 hereditatis
616 2496 859 2538 contineatur,
892 2506 935 2532 ae
960 2506 1006 2531 ue
1035 2496 1072 2531 in
1105 2495 1188 2531 soli-

98 2542 182 2578 dum
204 2541 470 2578 transferuntur
493 2542 652 2577 actiones
678 2541 736 2577 et⁴
761 2551 882 2577 secum
906 2541 950 2577 de
966 2541 1103 2577 ‘berare
1127 2541 1186 2577 de-

98 2588 159 2624 bet
180 2588 224 2631 is,
249 2587 306 2623 cui
330 2586 530 2622 restituitur
552 2587 752 2629 hereditas,
779 2597 827 2622 an
850 2586 1018 2632 expediat
1041 2587 1108 2622 sibi
1132 2597 1188 2622 re-

97 2633 206 2669 stitui.
245 2632 367 2668 eadem
392 2632 528 2668 scilicet
551 2632 790 2668 interveniunt
813 2634 850 2668 et
869 2632 900 2667 si
918 2631 1057 2668 duabus
1076 2632 1188 2678 pluri-

99 2679 208 2715 busve
230 2678 338 2714 rebus
362 2677 523 2713 deductis
580 2677 801 2723 raeceptisve
831 2677 1018 2714 restituere
1048 2677 1188 2713 heredi-

99 2728 207 2760 tatem
238 2726 383 2769 rogatus
415 2723 472 2759 sit.
510 2689 579 2759 sed)
598 2724 656 2758 et⁵
680 2723 710 2759 si
735 2725 834 2758 certa
864 2733 1002 2758 summa
1033 2723 1189 2759 deducta

98 2773 361 2815 praeceptave‚-
382 2779 475 2814 quae
498 2772 663 2822 quartam
685 2768 740 2804 vel
764 2768 871 2804 etiam
893 2768 1082 2804 maximam
1105 2779 1188 2814 par-

92 2820 170 2851 tem
193 2814 400 2850 hereditatis
426 2817 602 2857 continet,
633 2816 779 2859 rogatus
812 2813 860 2850 sit
890 2813 1017 2859 aliquis
1048 2814 1188 2850 heredi-

98 2864 209 2896 tatem
231 2859 430 2903 restituere,
455 2859 548 2896 idem
572 2859 659 2895 iuris
685 2862 750 2895 est.
787 2869 879 2905 quae
903 2859 1054 2895 diximus
1080 2859 1123 2894 de
1147 2869 1188 2895 eo

99 2906 159 2952 qui
183 2916 227 2941 ex
251 2915 331 2941 asse
354 2905 456 2941 heres
479 2905 664 2941 institutus
689 2908 761 2948 est,
794 2904 918 2940 eadem
941 2905 1189 2940 transferimus

100 2955 135 2987 et
157 2951 204 2987 ad
228 2961 309 2987 eum
332 2950 394 2996 qui
417 2960 462 2987 ex
484 2953 588 2996 parte
610 2950 713 2986 heres
739 2950 893 2996 scriptus
918 2953 982 2985 est.

103 3000 143 3032 10
234 2996 427 3032 Praeterea
448 2995 665 3032 intestatus⁶
689 3006 831 3042 quoque
854 2995 1046 3031 moriturus
1069 2997 1191 3040 potest

99 3052 225 3087 rogare
249 3051 348 3085 eum,
373 3041 419 3077 ad
443 3052 547 3087 quem
570 3042 667 3077 bona
689 3051 757 3078 sua
779 3041 834 3077 vel
856 3041 1011 3086 legitimo
1035 3041 1112 3076 iure
1134 3040 1190 3075 vel

99 3087 291 3124 honorario
321 3087 500 3133 pertinere
530 3086 720 3132 intellegit,
750 3090 792 3122 ut
822 3086 1056 3122 hereditatem
1088 3096 1190 3121 suam

99 3136 212 3170 totam
235 3136 416 3179 partemve
437 3132 512 3168 eius
537 3136 601 3168 aut
622 3142 697 3169 rem
721 3132 887 3178 aliquam,
911 3132 1021 3168 veluti
1039 3131 1190 3167 fundum

100 3178 279 3215 hominem
312 3178 520 3223 pecuniam,
553 3177 662 3214 alicui
692 3178 876 3214 restituat:
914 3188 996 3213 cum
1031 3177 1189 3223 alioquin

103 3226 140 3259 11
189 3224 307 3270 legata
319 3223 386 3259 nisi
399 3233 443 3258 ex
462 3226 673 3259 testamento
692 3234 766 3259 non
784 3223 936 3259 valeant.
984 3222 1080 3258 Eum
1100 3232 1189 3268 quo-

101 3279 180 3315 que,
201 3269 259 3305 cui
278 3268 413 3314 aliquid
430 3268 641 3311 restituitur,
662 3271 781 3314 potest
792 3278 929 3314 rogare,
949 3271 990 3303 ut
1008 3267 1044 3303 id
1064 3278 1189 3303 rursus

101 3314 162 3350 alii
184 3317 300 3350 totum
324 3317 388 3350 aut
409 3324 475 3359 pro
499 3315 627 3367 parte⁷
650 3314 706 3350 vel
728 3314 835 3350 etiam
859 3313 956 3350 aliud
979 3313 1113 3359 aliquid
1133 3323 1188 3348 re-

104 3362 145 3395 12
191 3359 328 3396 stituat.
376 3359 427 3394 Et
457 3369 542 3405 quia
564 3359 680 3405 prima
701 3358 1054 3403 fideicommissorum
1079 3368 1189 3394 cuna-

101 3405 186 3441 bula
209 3415 232 3440 a
262 3404 331 3441 fide
361 3404 531 3441 heredum
561 3404 718 3450 pendent
749 3408 784 3440 et
814 3408 889 3440 tam
920 3414 1048 3440 nomen
1083 3414 1190 3449 quam

103 3450 338 3486 substantiam
369 3453 587 3495 acceperunt
619 3453 655 3486 et
684 3450 763 3487 ideo
796 3450 896 3486 divus
927 3450 1112 3495 Augustus
1144 3448 1191 3484 ad

102 3607 144 3649 (1)
164 3607 346 3645 transirent
357 3608 512 3642 Huschke
570 3609 616 3652 (2)
637 3607 714 3643 Gai.
729 3609 761 3650 2,
775 3615 830 3643 25⁹
889 3608 935 3651 (³)
956 3609 1040 3649 eam]
1056 3606 1107 3642 Tb
1119 3607 1191 3641 WE

108 3653 198 3693 Gai„
211 3665 270 3686 om.
283 3651 364 3696 Bo,
377 3653 441 3687 inc.
456 3653 504 3687 T·
584 3655 629 3696 (4)
654 3655 698 3694 et]
711 3653 768 3686 sed
780 3654 817 3687 B
896 3654 943 3696 (ι)
967 3652 1023 3686 sed
1036 3654 1081 3694 et]
1097 3651 1188 3693 1¹⁶0,

104 3698 160 3732 ned
172 3698 221 3739 B,
241 3699 274 3731 et
286 3697 335 3730 Τ(ι
403 3698 449 3740 (6)
472 3699 520 3732 sic
531 3698 579 3740 Β,
600 3698 759 3731 intestato
774 3698 837 3733 To
907 3699 953 3740 (7)
975 3699 1023 3731 sic
1035 3698 1113 3739 BC,
1132 3699 1191 3730 aut

106 3745 232 3783 partem
249 3742 309 3775 ΤΘ
363 3742 410 3784 (s)
436 3743 512 3776 cod.
527 3745 560 3783 6,
574 3749 620 3784 ⁴2,
633 3750 668 3776 ³2
722 3744 768 3785 (9)
788 3744 836 3776 sic
855 3743 921 3783 ΟΡ,
935 3742 1107 3776 observare
1119 3742 1194 3776 BT

1201 93 1257 140 2?

1939 93 2087 140 INST.
2116 97 2173 165 11,
2206 101 2273 142 23.
2294 101 2348 143 24

1264 218 1512 255 necessitatem
1535 218 1622 255 iuris
1647 229 1690 256 ea
1713 218 1888 256 detraxit:
1913 228 2030 266 nuper
2051 222 2089 256 et
2111 229 2177 256 nos
2202 219 2351 256 eundem

1262 264 1459 346 principem
1482 275 1653 310 superare
1677 265 1932 301 contendentes
1957 275 2001 301 ex
2023 264 2134 308 facto,
2159 265 2256 318 quod
2272 265 2352 301 Tri-

1289 310 1439 346 onianus
1462 310 1516 346 vir
1539 310 1701 346 excelsus
1726 314 1896 363 quaestor
1926 310 2021 347 sacri
2051 310 2178 356 palatii
2208 321 2351 357 sugges-

1262 356 1319 398 sit,
1346 355 1662 391 constitutionem⁸
1684 355 1847 399 fecimus,
1871 367 1935 402 per
1959 366 2066 402 quam
2090 356 2351 402 disposuimus:

1262 401 1292 437 si
1315 403 1467 436 testator
1489 400 1573 437 fidei
1594 400 1735 436 heredis
1759 401 1815 436 sui
1839 402 2032 445 commisit,
2064 405 2105 438 ut
2135 401 2190 438 vel
2213 401 2351 438 heredi-

1261 449 1372 482 tatem
1395 447 1451 482 vel
1475 446 1631 492 speciale
1649 445 1961 482 fideicommissum
1980 447 2156 490 restituat,
2180 450 2218 483 et
2237 457 2353 493 neque

1262 502 1306 528 ex
1329 491 1508 537 scriptura
1531 501 1647 537 neque
1670 502 1715 527 ex
1739 491 1894 537 quinque
1917 493 2062 529 testium
2093 503 2259 536 numero,
2291 492 2353 539 qui

1260 537 1297 572 in
1320 536 1600 573 fideicommissis
1624 537 1800 582 legitimus
1832 547 1910 573 esse
1942 538 2120 582 noscitur,
2152 549 2209 575 res
2239 538 2354 584 possit

1261 582 1491 625 manifestari,
1512 582 1575 618 sed
1590 583 1644 618 vel
1664 582 1853 628 pauciores
1873 593 1979 628 quam
1999 584 2154 630 quinque
2173 583 2230 620 vel
2247 594 2352 620 nemo

1260 628 1402 674 penitus
1435 628 1538 664 testis
1568 628 1814 671 intervenerit,
1851 630 1939 664 tunc
1971 628 2043 664 sive
2074 633 2179 675 pater
2209 629 2351 666 heredis

1259 673 1333 710 sive
1356 674 1446 710 alius
1470 674 1685 726 quicumque
1708 673 1772 715 sit,
1805 673 1867 718 qui
1898 672 2004 709 fidem
2028 675 2131 720 elegit
2152 674 2293 711 heredis
2318 678 2354 711 et

1260 720 1306 755 ab
1331 729 1373 755 eo
1397 719 1532 765 aliquid
1555 718 1695 755 restitui
1718 718 1886 761 voluerit,
1922 719 1953 754 si
1975 719 2077 755 heres
2101 720 2251 765 perfidia
2274 723 2351 756 ten-

1260 768 1319 801 tus
1351 764 1545 810 adimplere
1576 764 1684 800 fidem
1715 767 1861 800 recusat
1890 764 2052 810 negando
2086 776 2160 800 rem
2191 766 2242 801 ita
2274 776 2353 802 esse

1260 811 1507 853 subsecutam,
1543 810 1572 846 si
1595 809 1942 846 fideicommissarius
1965 810 2211 846 iusiurandum
2236 811 2267 847 ei
2291 811 2351 847 de-

1260 856 1394 898 tulerit,
1420 867 1500 891 cum
1526 856 1623 901 prius
1647 855 1724 901 ipse
1744 854 1787 890 de
1806 855 1984 891 calumnia
2003 855 2182 899 iuraverit,
2208 867 2353 892 necesse

1260 912 1341 937 eum
1364 901 1498 937 habere
1520 902 1575 937 vel
1598 900 1845 936 iusiurandum
1867 900 2006 943 subire,
2066 900 2138 936 uod
2170 902 2257 937 nihil
2281 903 2353 937 tale

1261 958 1282 982 a
1305 950 1478 983 testatore
1502 947 1657 989 audivit,
1689 946 1746 982 vel
1769 949 1996 982 recusantem
2021 957 2042 982 a
2090 945 2352 983 fideicommissi

1259 993 1315 1028 vel
1338 992 1578 1028 universitatis
1602 992 1846 1037 vel-specialis
1871 991 2085 1027 solutionem
2109 993 2283 1035 coartari,
2309 1004 2353 1028 ne

1260 1038 1431 1084 depereat
1453 1038 1579 1074 ultima
1602 1037 1767 1074 voluntas
1789 1037 1974 1073 testatoris
1994 1037 2076 1073 fidei
2096 1037 2236 1073 heredis
2257 1049 2351 1074 com-

1260 1084 1378 1120 missa.
1417 1083 1540 1119 eadem
1566 1083 1773 1119 observari⁹
1797 1083 1999 1119 censuimus
2025 1086 2060 1118 et
2083 1083 2113 1118 si
2137 1093 2160 1118 a
2183 1083 2351 1128 legatario

1259 1130 1315 1166 vel
1349 1129 1677 1166 fideicommissario
1714 1128 1848 1174 aliquid
1884 1128 2045 1167 similiter
2087 1128 2251 1164 relictum
2294 1129 2350 1164 sit.

1284 1175 1355 1211 uod
1380 1175 1410 1210 si
1433 1175 1483 1217 is,
1519 1186 1542 1210 a
1566 1185 1635 1219 quo
1660 1174 1822 1210 relictum
1846 1174 1994 1216 dicitur,
2029 1173 2244 1210 confiteatur
2275 1174 2351 1219 qui-

1284 1231 1338 1256 em
1363 1220 1497 1266 aliquid
1521 1231 1544 1256 a
1567 1230 1606 1256 se
1629 1219 1793 1255 relictum
1817 1229 1913 1262 esse,
1946 1219 2009 1255 sed
2033 1219 2078 1255 ad
2103 1219 2135 1255 le
2159 1220 2189 1255 is
2214 1220 2351 1265 suptili-

1259 1270 1368 1302 tatem
1393 1266 1571 1309 decurrat,
1596 1265 1798 1302 omnimodo
1823 1264 2003 1311 cogendus
2028 1268 2083 1301 est
2106 1276 2144 1301 so
2160 1276 2251 1301 vere.

1711 1405 1861 1444 XXIIII
1873 1404 1902 1426 ¹⁰

1294 1474 1354 1505 DE
1381 1472 1596 1505 SINGULIS
1621 1471 1783 1550 ΒΕΙΙΞῖΙῙἹζῗ
1786 1471 2309 1550 I123171331328FIDEIOOMMISSUM

1309 1585 1483 1620 ¹¹'Potest
1514 1587 1633 1620 autem
1665 1584 1745 1629 quis
1770 1584 1877 1620 etiam
1902 1583 2060 1629 singulas
2084 1594 2140 1620 res
2164 1594 2229 1630 per
2252 1584 2351 1620 fidei-

1259 1630 1497 1666 'commissum
1509 1630 1718 1675 relinquere,
1739 1630 1848 1666 veluti
1867 1629 2017 1665 fundum
2030 1629 2207 1665 hominem
2220 1633 2351 1666 vestem

1259 1677 1455 1722 'argentum
1479 1675 1668 1721 pecuniam
1692 1678 1932 1718 numeratam,
1965 1679 2001 1711 et
2032 1675 2087 1710 vel
2110 1675 2227 1720 ipsum
2250 1675 2351 1711 here-

1259 1722 1349 1758 'dem
1361 1732 1498 1767 rogare,
1510 1724 1553 1756 ut
1565 1721 1672 1756 alicui
1683 1721 1861 1764 restituat,
1881 1721 1981 1757 velle
2006 1720 2170 1764 atarium,
2192 1722 2352 1766 quamvis

1261 1770 1276 1802 1
1328 1767 1360 1803 *a
1382 1766 1554 1812 legatario
1578 1766 1688 1811 legari
1711 1777 1784 1802 non
1807 1766 1931 1812 possit.
2011 1769 2105 1802 otest
2136 1770 2256 1802 autem
2280 1777 2351 1803 non

1259 1813 1384 1849 *solum
1415 1812 1579 1858 proprias
1611 1815 1762 1848 testator
1791 1822 1849 1848 res
1873 1822 1938 1857 per
1961 1811 2271 1848 fideicommissum
2296 1823 2351 1848 re-

1260 1859 1447 1904 'linquere‚
1481 1857 1545 1894 sed
1578 1861 1613 1893 et
1644 1858 1785 1894 heredis
1810 1861 1874 1893 aut
1896 1857 2059 1903 legatarii
2083 1860 2146 1892 aut
2168 1857 2350 1893 fideicom-

1258 1904 1423 1940 'missarii
1445 1906 1510 1939 aut
1534 1903 1723 1940 cuiuslibet
1746 1903 1903 1939 alterius.
1939 1903 2061 1948 itaque
2094 1908 2128 1938 ct
2160 1903 2350 1949 legatarius

1259 1950 1305 1985 'et
1339 1949 1689 1985 fideicommissarius
1714 1960 1786 1985 non
1811 1948 1926 1985 solum
1950 1948 1995 1984 de
2018 1958 2061 1984 ea
2083 1959 2123 1984 re
2145 1949 2264 1994 rogari
2287 1960 2348 1994 po-

1259 1996 1350 2038 ’test,
1374 1998 1415 2031 ut
1439 2005 1517 2030 eam
1541 1995 1648 2030 alicui
1673 1995 1852 2037 restituat,
1878 2004 1970 2040 quae
1994 1994 2026 2030 ei
2049 1994 2175 2030 relicta
2199 1994 2264 2037 sit,
2290 1994 2348 2030 sed

1259 2041 1375 2077 'etiam
1399 2040 1443 2076 de
1467 2041 1548 2083 alia,
1573 2041 1646 2076 sive
1669 2040 1782 2086 ipsius
1808 2040 1881 2076 sive
1904 2040 2021 2075 aliena
2045 2040 2101 2076 sit.
2144 2040 2213 2076 hoc
2238 2040 2349 2076 solum

1259 2086 1531 2123 *observandum
1563 2089 1640 2129 est,
1674 2095 1719 2121 ne
1750 2086 1831 2132 plus
1864 2085 2052 2131 quisquam
2075 2089 2221 2130 rogetur
2244 2085 2350 2121 alicui

1259 2132 1476 2174 restituere,
1509 2142 1616 2177 quam
1646 2131 1724 2184 ipse
1756 2142 1800 2166 ex
1830 2134 2043 2167 testamento
2081 2131 2231 2176 ceperit:
2269 2141 2351 2166 nam

1259 2178 1363 2223 'quod
1390 2177 1540 2222 amplius
1565 2180 1637 2219 est,
1660 2177 1834 2212 inutiliter
1856 2177 2078 2222 relinquitur.
2117 2187 2198 2211 cum
2232 2180 2350 2212 autem

1259 2223 1385 2258 'aliena
1416 2233 1474 2258 res
1505 2232 1570 2268 per
1602 2222 1915 2258 fideicommissum
1946 2221 2173 2267 relinquitur,
2207 2232 2351 2257 necesse

1260 2270 1324 2304 'est
1336 2269 1368 2304 ei
1381 2268 1441 2313 qui
1460 2271 1606 2313 rogatus
1628 2271 1683 2304 est
1703 2271 1767 2303 aut
1786 2268 1901 2313 ipsam
1921 2267 2092 2303 redimere
2113 2270 2148 2303 et
2167 2270 2352 2312 praestare

1258 2317 1278 2350 2
1327 2314 1401 2349 'aut
1423 2313 1709 2350 aestimationem
1733 2313 1808 2349 eius
1833 2313 1980 2349 solvere.
2017 2313 2184 2349 Libertas
2208 2323 2350 2357 quoque

1259 2361 1370 2395 'servo
1390 2368 1456 2404 per
1468 2358 1784 2394 fideicommissum
1801 2358 1880 2392 dari
1898 2361 2028 2402 potest,
2044 2362 2084 2391 ut
2099 2357 2201 2392 heres
2215 2366 2296 2392 eum
2308 2357 2346 2378 ²¹⁸

1259 2406 1413 2450 *rogetur
1436 2404 1686 2439 manumittere
1708 2403 1763 2439 vel
1793 2402 1986 2448 legatarius
2018 2402 2073 2438 vel
2102 2402 2349 2439 fideicommis-

1258 2450 1395 2487 'sarius.
1440 2460 1507 2485 nec
1539 2449 1708 2491 interest,
1744 2452 1864 2484 utrum
1900 2448 1944 2484 de
1975 2458 2040 2484 suo
2072 2448 2217 2493 proprio
2249 2458 2350 2484 servo

1259 2497 1420 2532 ’testator
1442 2498 1553 2540 roget,
1579 2505 1625 2530 an
1649 2494 1694 2530 de
1718 2504 1759 2530 eo
1785 2494 1845 2539 qui
1868 2494 1980 2546 ipsius
2004 2493 2145 2529 heredis
2170 2496 2234 2528 aut
2253 2493 2349 2539 lega-

1259 2541 1351 2577 'tarii
1382 2541 1437 2576 vel
1469 2540 1576 2576 etiam
1601 2539 1763 2575 extranei
1786 2540 1842 2574 sit.
1879 2542 2000 2584 ltaque
2014 2539 2041 2560 ¹²
2065 2538 2203 2574 alienus
2227 2549 2350 2574 servus

1259 2586 1393 2623 'redimi
1425 2589 1461 2621 et
1490 2585 1692 2620 manumitti
1724 2584 1849 2620 debet:
1886 2584 1981 2629 quod
2012 2583 2043 2620 si
2074 2583 2238 2620 dominus
2270 2595 2350 2620 eum

1260 2633 1342 2668 'non
1372 2630 1524 2673 vendas,
1557 2630 1589 2666 si
1620 2630 1724 2666 modo
1748 2630 1836 2665 nihil
1860 2640 1904 2665 ex
1927 2629 2059 2666 iudicio
2084 2629 2160 2665 eius
2185 2629 2246 2675 qui
2268 2630 2349 2665 reli-

1258 2678 1335 2724 quit
1357 2677 1558 2713 libertatem
1581 2675 1752 2721 perce-pit,
1778 2686 1850 2711 non
1871 2674 1992 2710 statim
2013 2675 2231 2720 extinguitur
2248 2674 2349 2711 fidei-

1259 2722 1501 2759 commissaria
1523 2721 1691 2764 libertas,
1716 2720 1779 2756 sed
1803 2720 1982 2764 differtur,
2016 2720 2101 2766 quia
2123 2720 2238 2766 possit
2260 2724 2348 2757 tem-

1284 2779 1346 2804 ore
1368 2767 1602 2814 procedente,
1635 2766 1851 2812 ubicumque
1874 2766 2017 2802 occasio
2041 2766 2235 2802 redimendi
2259 2767 2350 2802 servi

1274 2814 1377 2857 uerit,
1401 2812 1577 2859 praestari
1596 2812 1756 2847 libertas.
1794 2812 1903 2857 ¹³'qui
1921 2815 2041 2847 autem
2061 2822 2106 2847 ex
2126 2822 2238 2847 causa
2248 2812 2348 2848 fidei-

1260 2858 1448 2895 ‘commissi
1481 2857 1762 2900 manumittitur,
1799 2868 1872 2893 non
1902 2857 2085 2893 testatoris
2116 2857 2159 2892 fit
2188 2857 2348 2901 libertus,

1259 2904 1407 2940 *etiamsi
1425 2902 1608 2939 testatoris
1629 2913 1750 2939 servus
1770 2902 1827 2947 sit,
1852 2902 1915 2939 sed
1935 2903 2011 2939 eius
2031 2903 2092 2948 qui
2111 2903 2347 2939 manumittit:

1259 2951 1307 2986 'at
1317 2950 1359 2993 is,
1385 2949 1445 2995 qui
1464 2949 1600 2984 directo
1618 2951 1832 2985 testamento
1852 2948 1942 2984 liber
1962 2958 2040 2984 esse
2057 2948 2212 2991 iubetur,
2235 2949 2348 2994 ipsius

1260 2995 1452 3031 'testatoris
1483 2994 1526 3029 fit
1548 2993 1719 3037 libertus⁴,
1750 2994 1811 3040 qui
1834 2994 1942 3030 etiam
1965 2994 2109 3030 orcinus
2134 2994 2346 3039 appellatur.

1259 3042 1335 3077 *nec
1359 3040 1450 3076 alius
1474 3039 1568 3075 ullus
1593 3039 1728 3076 directo
1754 3050 1798 3076 ex
1820 3042 2035 3076 testamento
2059 3039 2261 3075 libertatem
2283 3040 2348 3075 ha-

1259 3087 1353 3122 'bere
1383 3088 1520 3131 potest,
1557 3095 1665 3130 quam
1696 3085 1757 3131 qui
1787 3088 1940 3131 utroque
1970 3089 2132 3131 tempore
2165 3085 2348 3121 testatoris

1259 3131 1394 3173 'fuerit,
1427 3134 1465 3166 et
1496 3140 1566 3176 quo
1596 3129 1734 3167 faceret
1763 3133 2016 3167 testamentum
2039 3134 2075 3167 et
2121 3141 2169 3166 uo
2192 3141 2347 3167 morere-

1258 3178 1338 3213 tur.⁴
1374 3176 1508 3213 directo
1532 3179 1653 3212 autem
1675 3176 1824 3215 libertas
1847 3179 1935 3213 tunc
1966 3176 2044 3212 dari
2074 3176 2108 3212 vi
2134 3179 2232 3219 etur,
2267 3187 2348 3212 cum

1258 3234 1331 3259 non
1355 3223 1400 3258 ab
1426 3221 1497 3258 alio
1528 3232 1670 3258 servum
1699 3222 1901 3258 manumitti
1930 3225 2051 3268 rogat,
2084 3221 2147 3257 sed
2176 3222 2274 3258 velut
2304 3232 2348 3257 ex

1258 3272 1278 3328 {3
1316 3278 1391 3349 tsuo
1401 3270 1613 3348 teisgamento
1621 3267 1832 3348 libertateni1
1833 3267 1864 3304 ei
1874 3271 2076 3320 competere
2084 3267 2169 3320 vult.
2189 3267 2348 3346 ¹⁴*Vef1ba

1268 3324 1314 3349 au
1333 3324 1388 3349 em
1472 3323 1774 3349 eicommissorum
1834 3323 1898 3349 aec
1929 3323 2081 3350 maxime
2111 3323 2146 3348 in
2182 3323 2250 3347 usu
2307 3322 2345 3346 a-

1259 3359 1437 3395 'beanturz
1469 3362 1573 3404 peto,
1604 3369 1710 3405 rogo,
1734 3358 1835 3401 volo,
1860 3358 2010 3401 mando,
2033 3358 2118 3394 fidei
2141 3361 2225 3393 tuae
2249 3367 2344 3392 com-

1259 3404 1381 3440 'mitto.
1426 3414 1519 3450 quae
1549 3404 1698 3450 perinde
1728 3403 1867 3450 singula
1899 3403 2003 3439 firma
2034 3407 2137 3446 sunt,
2173 3405 2281 3447 atque
2315 3401 2345 3437 si

1258 3449 1387 3486 'omnia
1408 3449 1447 3486 in
1469 3460 1581 3486 unum
1604 3453 1774 3495 congesta
1798 3449 1938 3486 essent.⁴

1303 3606 1365 3648 (ιο)
1389 3607 1439 3650 Of.
1453 3606 1528 3640 Gai.
1542 3608 1572 3645 2,
1586 3614 1725 3641 monci
1750 3608 1827 3641 Cod.
1841 3609 1873 3648 6,
1887 3614 1922 3640 42

1259 3651 1436 3692 (12¹)heres
1449 3662 1523 3684 eum
1539 3653 1645 3693 BTC,
1659 3663 1734 3685 eum
1746 3653 1840 3685 heres
1852 3653 1893 3693 P,
1907 3650 1958 3684 vel
1972 3652 2067 3684 heres
2079 3650 2157 3684 Gai.
2204 3650 2264 3691 (12)
2278 3649 2341 3682 it·-

1258 3697 1335 3737 que]
1350 3697 1427 3730 libri
1438 3709 1505 3730 cum
1522 3698 1562 3736 θ,
1581 3697 1695 3738 itaque
1708 3699 1741 3730 et
1753 3698 1828 3731 dett.
1845 3709 1912 3730 cum
1930 3697 2014 3729 Gaio
2067 3696 2128 3738 (¹³)
2148 3694 2225 3730 Gai.
2240 3696 2271 3736 2,
2285 3701 2340 3730 266

1258 3743 1317 3783 (14)
1345 3742 1421 3775 Gai.
1436 3749 1464 3784 2,
1477 3749 1532 3775 24⁹
2055 3785 2075 3806 *
2344 3773 2347 3807 1

1988 3606 2045 3648 (ιι)
2069 3605 2145 3639 Gai.
2162 3606 2192 3645 2,
2207 3611 2342 3638 staats
