2528 3918
122 105 219 146 xxv
247 113 380 145 Aums
1217 92 1275 144 57

120 223 215 259 idem
247 222 314 258 erit
345 220 550 264 dicendum,
581 223 623 255 ut
646 223 682 255 et
705 219 899 255 marcellus
931 219 1023 255 libro
1057 218 1217 255 secundo

123 268 340 312 digestorum
363 266 495 303 scribit.
543 268 580 300 et
610 265 641 300 si
669 263 765 300 forte
795 264 910 300 libera
938 264 1072 310 peculii
1103 264 1216 300 admi-

123 313 286 348 nistratio
310 311 438 347 minori
460 320 561 346 servo
586 310 632 345 sit
665 319 838 345 concessa
851 310 873 353 ¹,
906 310 1021 346 maior
1052 309 1217 346 dominus

121 369 168 393 ex
193 359 262 393 hac
287 367 396 394 causa
419 366 492 391 non
514 355 734 391 restituetur.

170 402 195 439 4
219 403 447 438 Armaxa-vs
474 401 566 436 libro
597 401 748 446 septimo
798 399 1024 436 uaestz'onum
1070 399 1215 436 Etenim

122 448 301 493 quodcum
325 457 371 482 ue
395 456 517 482 servus
539 446 592 480 ita
609 445 711 490 gerit,
735 410 921 480 voiuntate
941 445 1075 481 domini
1092 455 1216 491 gerere

120 493 306 537 intellegen
331 502 373 527 us
399 495 463 527 est.
513 494 549 526 et
571 491 683 536 magis
706 490 777 526 hoc
802 490 1002 542 apparebit,
1027 490 1058 526 si
1081 494 1145 526 aut
1163 489 1216 543 ‘de

120 537 298 573 institoria
321 537 463 572 actione
487 539 691 581 quaeratur,
717 539 781 570 aut
804 546 835 570 Sl
857 539 1082 581 proponatur
1101 545 1214 571 ma10-

119 593 194 618 rem
217 582 321 618 annis
341 581 464 627 viginti
483 581 637 627 quinque
657 581 837 626 negotium
857 581 1002 626 aliquod
1022 581 1215 626 gerendum

119 627 248 662 minori
270 627 462 663 mandasse
485 630 521 662 et
542 627 643 661 illum
665 626 703 661 in
727 636 770 662 ea
792 636 834 662 re
857 626 1047 671 deceptum
1071 636 1160 663 esse.

167 671 191 709 5
225 672 421 708 ULPIANUS
441 672 532 708 libro
555 672 745 707 undecimo
769 671 820 707 ad
842 671 997 707 edictum
1044 671 1083 707 Si
1094 675 1214 707 tamen

117 718 148 754 is
172 728 294 753 servus
316 717 397 760 fuit,
423 717 481 752 cui
503 716 831 752 fideicommissario.
848 716 995 752 libertas
1016 717 1214 753 debebatur

142 773 299 806 raesens,
324 767 360 798 et
381 762 451 798 fuit
474 766 614 808 captus,
640 763 747 798 cum²
769 772 809 797 re
831 772 933 797 mora
953 762 985 797 ei
1005 762 1056 806 fit,
1081 762 1215 808 poterit

145 808 190 843 ‘ci
238 812 416 844 raetorem
440 808 472 843 ei
496 817 708 843 succurrere
731 810 907 852 oportere.

165 851 190 891 6
212 819 323 889 θυμω
342 853 434 889 libro
458 853 594 890 decimo
618 853 668 888 ad
687 852 843 889 edictum
877 852 1079 889 Minoribus
1091 852 1214 898 viginti

117 899 275 944 quinque
306 899 410 934 annis
434 898 646 934 subvenitur
667 908 733 943 per
755 898 794 933 in
816 898 993 943 integrum
1015 898 1212 934 restitutio-

92 954 198 979 ·nem
221 954 294 979 non
318 944 452 986 solum,
478 954 559 979 cum
583 943 627 978 de
650 943 755 979 bonis
780 953 903 979 eorum
928 943 1062 989 aliquid
1084 944 1212 978 minui-

114 993 187 1032 tur,
212 989 276 1025 sed
300 989 406 1024 etiam
430 1000 511 1024 cum
533 989 675 1024 intersit
696 989 858 1034 ipsorum
878 988 1001 1024 litibus
1015 993 1050 1024 et
1062 989 1211 1034 sumpti-

115 1034 184 1070 bus
208 1045 281 1070 non
303 1034 436 1070 vexari.

163 1077 187 1116 7
211 1079 321 1115 IDEM
348 1079 439 1115 libro
464 1079 658 1115 undecimo
680 1079 731 1114 ad
753 1078 907 1115 edictum
953 1079 1016 1114 Ait
1046 1082 1210 1124 praetor:

115 1128 266 1170 ‘gestum
291 1135 368 1160 esse
392 1124 553 1160 dicetur'.
585 1128 725 1169 gestum
745 1124 797 1159 sic
822 1124 900 1159 acci
926 1124 1018 1160 imus
1043 1124 1211 1169 qualiter-

114 1171 279 1216 qualiter,
305 1170 378 1205 sive
398 1170 631 1205 contractus3
650 1170 708 1212 sit,
734 1170 807 1205 sive
828 1169 888 1222 qui
933 1169 1031 1205 aliud
1053 1170 1210 1215 contigit.

118 1219 133 1250 1
181 1215 339 1251 Proinde
362 1215 393 1251 si
416 1216 501 1250 emit
523 1215 669 1260 aliquid,
695 1215 726 1250 si
749 1214 921 1258 vendldit,
948 1215 979 1250 si
1003 1215 1212 1251 societatem

115 1261 207 1304 coit,
233 1261 264 1296 si
286 1264 448 1296 mutuam
497 1260 660 1296 ecuniam
683 1260 841 1305 accepit,
868 1264 903 1296 et
928 1271 970 1296 ca
996 1263 1054 1296 tus
1080 1265 1154 1304 est,
1180 1261 1212 1295 ei

114 1309 135 1341 2
183 1310 424 1342 succurretur.
470 1272 543 1341 1S'ed
567 1309 603 1341 et
626 1306 657 1341 si
682 1306 714 1341 ei
736 1305 891 1351 pecunia
915 1316 937 1341 a
987 1306 1122 1341 ebitore
1144 1316 1210 1351 pa-

113 1355 216 1387 terno
241 1351 360 1387 soluta
384 1352 430 1387 sit
452 1351 507 1386 vel
530 1351 676 1396 proprio
702 1354 738 1386 et
761 1351 856 1386 hanc
879 1351 1054 1397 perdidit,
1089 1351 1209 1386 dicen-

114 1397 198 1432 dum
223 1400 278 1432 est
301 1397 334 1432 ei
358 1396 555 1439 subveniri,
589 1396 692 1441 quasi
723 1400 864 1441 gestum
894 1396 942 1432 sit
966 1407 1048 1432 cum
1072 1407 1126 1432 eo.
1175 1399 1211 1431 et

113 1442 193 1478 ideo
225 1442 256 1478 si
288 1442 405 1478 minor
436 1442 624 1478 conveniat
655 1441 871 1485 debitorem,
903 1441 1073 1477 adhibere
1104 1441 1211 1477 debet

113 1491 317 1530 curatores,
348 1491 390 1523 ut
420 1487 452 1522 ei
483 1487 641 1523 solvatur
698 1487 844 1522 ecunia:
882 1492 1040 1523 ceterum
1072 1497 1147 1523 non
1178 1487 1210 1522 ei

113 1533 346 1578 compelletur
357 1532 504 1568 solvere.
530 1532 592 1568 sed
615 1533 662 1568 ho
691 1532 722 1568 ‘e
746 1533 837 1568 solet
855 1532 1010 1578 pecunia
1026 1533 1064 1568 in
1086 1532 1210 1568 aedem

113 1578 255 1624 deponi,
280 1581 320 1613 ut
342 1577 562 1623 Pomponius
585 1578 678 1614 libro
702 1578 894 1614 vicensimo
920 1582 1048 1614 octavo
1073 1578 1209 1620 scribit,

112 1634 158 1659 ne
180 1624 236 1659 vel
260 1623 402 1659 debitor
425 1624 522 1658 ultra
545 1623 665 1658 usuris
678 1627 846 1659 oneretur
858 1623 914 1658 vel
928 1623 1083 1659 creditor
1095 1623 1211 1659 minor

111 1668 240 1714 perdat
262 1669 463 1714 pecuniam,
488 1673 553 1703 aut
577 1669 803 1704 curatoribus
827 1669 927 1712 solvi,
952 1669 983 1704 si
1007 1671 1101 1704 sunt.
1126 1678 1208 1721 per-

111 1714 265 1749 mittitur
308 1714 415 1750 etiam
451 1725 495 1749 ex
531 1714 787 1762 constitutione
844 1714 936 1749 rinci
962 1725 1023 1749 um
1057 1713 1210 1750 debitori

112 1759 323 1805 compellere
347 1759 611 1795 adulescentem
635 1759 682 1794 ad
704 1725 879 1805 petend'os
911 1760 943 1795 si
968 1759 981 1794 i
1013 1762 1207 1794 curatores.

112 1805 198 1850 quid
210 1808 349 1840 tamen:
375 1805 406 1840 si
428 1808 575 1850 praetor
599 1804 769 1840 decernat
791 1805 997 1840 solvendam
1020 1804 1210 1849 pecuniam

110 1850 239 1886 minori
261 1851 339 1886 sine
363 1850 590 1885 curatoribus
615 1853 651 1885 et
674 1850 830 1893 solverit,
856 1860 904 1885 an
923 1850 1040 1896 possit
1061 1859 1140 1885 esse
1153 1860 1207 1885 se-

112 1896 247 1931 curus?
283 1895 441 1931 dubitari
463 1899 601 1940 potest:
626 1899 715 1941 puto
741 1899 881 1938 autem,
906 1896 938 1931 si
961 1896 1119 1940 allegans
1143 1895 1208 1930 mi-

110 1951 233 1976 norem
257 1951 335 1976 esse
359 1941 564 1985 compulsus
589 1941 636 1975 sit
659 1941 706 1975 ad
730 1941 955 1983 solutionem,
980 1941 1069 1975 nihil
1093 1941 1126 1976 ei
1143 1940 1208 1975 im-

136 1986 330 2021 utandum:
364 1986 434 2021 nisi
456 1985 551 2021 forte
575 1986 678 2031 quasi
702 1986 872 2021 adversus
895 1986 1062 2021 iniuriam
1086 1986 1208 2031 appel-

124 2031 257 2067 andum
281 2031 360 2076 quis
385 2031 417 2066 ei
439 2034 553 2075 putet.
587 2031 651 2066 sed
676 2031 781 2066 credo
801 2035 1004 2076 praetorem
1023 2032 1121 2067 hunc
1143 2031 1208 2066 mi-

112 2087 236 2111 norem
267 2077 306 2111 in
335 2077 512 2121 integrum
543 2076 684 2111 restitui
705 2077 882 2112 volentem
906 2076 1112 2112 auditurum
1136 2087 1209 2112 non

111 2124 131 2156 3
180 2131 269 2157 esse.
306 2121 390 2156 Non
414 2122 530 2156 solum
553 2125 674 2156 autem
696 2121 734 2156 in
757 2122 813 2157 his
833 2122 866 2157 ei
885 2122 1119 2164 succurritur,
1145 2121 1209 2157 sed

113 2166 221 2201 etiam
243 2167 281 2201 in
304 2166 636 2209 interventionibus,
663 2170 704 2201 ut
726 2170 815 2211 puta
839 2167 870 2203 si
892 2166 1117 2203 fideiussorio
1143 2178 1207 2203 no-

110 2212 205 2246 mine
236 2221 275 2247 se
306 2212 362 2247 vel
392 2222 468 2247 rem
492 2222 593 2247 suam
618 2212 796 2257 obligavit.
844 2213 1063 2257 Pomponius
1089 2216 1208 2247 autem

110 2257 250 2292 videtur
274 2256 504 2302 adquiescere
527 2257 846 2302 distinguentibus:
880 2258 1017 2293 arbiter
1049 2257 1095 2293 ad
1119 2257 1206 2294 fide-

109 2303 266 2338 iussores
289 2302 497 2347 probandos
522 2303 740 2338 constitutus
765 2313 846 2338 eum
869 2303 1036 2348 probavit
1056 2313 1104 2338 an
1123 2314 1206 2339 vero

108 2348 187 2392 ipse
217 2347 467 2383 adversarius?
501 2347 588 2382 mihi
620 2351 741 2383 autem
764 2359 905 2393 semper
927 2348 1208 2384 succurrendum

108 2393 266 2435 videtur,
299 2392 330 2428 si
360 2393 478 2428 minor
509 2393 556 2428 sit
589 2396 625 2428 et
654 2403 693 2428 se
726 2393 1031 2429 circumventum⁴
1066 2394 1205 2429 doceat.

109 2441 131 2473 4
178 2437 249 2473 Sed
273 2441 309 2473 et
330 2437 368 2473 in
390 2437 531 2473 iudiciis
555 2438 782 2481 subvenitur,
815 2439 889 2474 sive
921 2439 1006 2474 dum
1038 2450 1060 2474 a
1086 2439 1112 2474 't
1135 2439 1208 2475 sive

109 2486 129 2518 5
178 2483 262 2518 dum
286 2483 496 2518 convenitur
521 2487 649 2528 captus
669 2484 727 2519 sit.
765 2483 836 2520 Sed
860 2488 896 2520 et
919 2485 949 2520 si
972 2485 1057 2520 h'ere
1085 2485 1207 2520 'tatem

109 2528 224 2564 minor
236 2528 324 2563 adiit
335 2528 453 2563 minus
465 2528 656 2571 lucrosam,
678 2530 903 2565 succurritur
923 2530 955 2565 ei
973 2533 1015 2564 ut
1034 2540 1073 2566 se
1093 2530 1208 2575 possit

109 2574 308 2609 abstinere:
337 2583 421 2608 nam
445 2578 480 2609 et
501 2574 561 2609 hic
586 2576 740 2619 captus5
763 2579 828 2610 est.
860 2574 956 2611 idem
974 2579 1010 2610 et
1031 2575 1069 2610 in
1093 2576 1206 2611 bono-

109 2630 188 2654 rum
237 2619 438 2655 ossessione
460 2619 515 2655 vel
539 2619 610 2654 alia
633 2620 871 2655 successione.
908 2631 982 2656 non
1005 2621 1121 2656 solum
1142 2631 1205 2656 au-

109 2667 182 2700 tem
245 2664 318 2707 ‘us,
344 2664 404 2709 qui
427 2675 467 2700 se
489 2665 633 2700 miscuit
655 2668 827 2710 paternae
850 2666 1058 2708 hereditati,
1084 2665 1148 2702 sed
1172 2669 1208 2702 et

109 2709 140 2744 si
163 2709 291 2754 aliquis
315 2710 363 2744 sit
386 2720 429 2745 ex
452 2710 666 2746 necessariis
690 2710 807 2746 minor
830 2711 945 2754 annis,
971 2711 1077 2746 simili
1099 2711 1205 2746 modo

109 2754 370 2790 restitutionem
407 2754 635 2800 impetrabit,
676 2756 787 2790 veluti
822 2756 853 2791 si
884 2766 1006 2792 servus
1041 2756 1089 2791 sit
1125 2767 1207 2792 cum

109 2800 274 2835 libertate
297 2799 502 2835 institutus:
537 2800 726 2837 dicendum
751 2801 845 2836 enim
869 2801 955 2844 erit,
988 2801 1019 2837 si
1051 2811 1090 2837 se
1120 2801 1204 2837 mis-

111 2845 203 2886 cuit,
233 2855 341 2890 posse
365 2845 396 2880 ei
420 2846 599 2881 subveniri
623 2846 751 2881 aetatis
774 2846 968 2889 beneficio,
1001 2850 1042 2881 ut
1073 2846 1207 2882 habeat

109 2890 286 2926 bonorum
309 2901 455 2926 suorum
480 2892 758 2935 separationem.
806 2892 914 2937 plane
939 2892 1000 2937 qui
1022 2895 1107 2936 post
1130 2892 1204 2927 adi-

31 2942 50 2969 ’,
109 2939 183 2970 tam
205 2935 439 2971 hereditatem
463 2936 683 2979 restituitur,
709 2936 815 2972 debet
837 2941 1042 2982 praestare,
1068 2937 1098 2972 si
1122 2937 1207 2982 quid

111 2990 155 3016 ex
177 2981 374 3016 hereditate
396 2981 433 3015 in
456 2992 531 3016 rem
554 2982 630 3017 eius
654 2982 814 3027 pervenit
837 2993 904 3018 nec
927 2982 1034 3027 periit
1056 2992 1121 3027 per
1145 2992 1205 3017 ae-

111 3028 132 3060 6
176 3026 262 3061 tatis
293 3026 571 3062 inbecillitatem.
618 3027 735 3063 Hodie
759 3030 856 3063 certo
880 3028 958 3063 iure
981 3028 1134 3070 utimur,
1165 3031 1206 3062 ut

111 3073 130 3104 7
179 3075 215 3106 et
248 3071 286 3106 in
322 3071 425 3106 lucro
460 3072 658 3108 minoribus
693 3077 936 3108 succurratur.
984 3073 1205 3118 Pomponius

111 3126 252 3161 quoque
274 3116 365 3152 libro
390 3117 582 3153 vicensimo
608 3120 734 3153 octavo
760 3118 886 3154 scribit
909 3121 945 3154 et
968 3118 999 3153 si
1022 3118 1099 3154 sine
1123 3118 1204 3154 dolo

112 3161 322 3206 cuiusquam
333 3162 490 3206 legatum
509 3162 759 3207 repudiaverit,
779 3163 836 3199 vel
853 3163 891 3198 in
911 3163 1067 3209 optionis
1086 3163 1204 3208 legato

113 3209 240 3251 captus
273 3207 320 3242 sit
353 3207 437 3242 dum
469 3207 574 3252 elegit
597 3208 810 3244 deteriorem
819 3209 844 3251 θ,
876 3209 931 3244 vel
963 3209 994 3244 si
1024 3209 1115 3244 duas
1147 3219 1204 3244 res

111 3251 314 3295 promiserit
346 3252 446 3287 illam
480 3256 545 3287 aut
578 3253 676 3288 illam
708 3257 744 3288 et
773 3254 1021 3299 pretiosiorem
1054 3254 1203 3297 dederit,

113 3297 133 3330 8
180 3296 310 3332 debere
333 3297 531 3332 subveniri:
565 3302 601 3333 et
631 3298 911 3334 subveniendum
942 3302 1007 3334 est.
1055 3298 1203 3343 Quaesi-

111 3343 267 3393 tum-est
290 3351 333 3377 ex
357 3352 411 3384 eo,
435 3342 532 3387 quod
554 3343 593 3378 in
614 3343 715 3379 lucro
740 3354 881 3396 quoque
900 3344 1098 3380 minoribus
1118 3345 1203 3380 sub-

111 3387 323 3421 vemendum
347 3386 496 3430 dicitur,
522 3387 552 3423 si
577 3398 632 3423 res
658 3389 733 3424 eius
757 3390 905 3425 venierit
929 3393 964 3425 et
990 3389 1120 3424 existat
1143 3389 1203 3435 qui

113 3430 193 3474 plus
216 3431 382 3474 liceatur,
414 3442 462 3467 an
491 3432 529 3468 in
558 3433 736 3478 integrum
767 3437 914 3479 propter
936 3435 1076 3469 lucrum
1099 3435 1202 3470 resti-

103 3475 267 3524 tuendus
300 3476 371 3511 sit?
407 3480 443 3512 et
466 3477 611 3513 cottidie
633 3483 817 3524 praetores
842 3490 903 3515 eos
926 3479 1137 3522 restituunt,
1162 3483 1203 3514 ut

112 3527 256 3555 rursum
278 3520 487 3557 admittatur
508 3523 669 3559 licitatio.
717 3524 811 3559 idem
840 3524 981 3560 faciunt
1012 3527 1048 3560 et
1077 3524 1116 3560 in
1146 3524 1201 3560 his

113 3564 241 3607 rebus,
275 3575 366 3610 quae
396 3568 529 3602 servari
553 3568 604 3604 eis
628 3568 768 3604 debent.
817 3570 913 3615 quod
945 3570 1202 3615 circumspecte

116 3677 155 3716 (ι)
181 3687 402 3711 conconcessa
413 3680 448 3712 F

556 3681 598 3722 (2)
624 3681 660 3713 in
673 3682 733 3716 ins.
746 3681 798 3714 1⁴⁷³

111 3721 202 3754 Hal.

358 3724 399 3764 (4)
425 3723 615 3757 ciruentum
627 3726 661 3758 F

923 3684 965 3723 (3)
991 3684 1201 3714 contractum

824 3728 866 3768 (5)
891 3728 940 3760 sic
951 3727 989 3769 S,
1003 3730 1161 3769 acceptus
1174 3727 1208 3759 F

2237 99 2383 143 ΠΠ4

1287 218 1354 254 erit
1376 218 1598 254 faciendum:
1625 222 1783 255 ceterum
1806 231 1909 257 nemo
1935 220 2084 257 accedet
2103 220 2150 256 ad
2171 222 2384 267 emptionem

1285 275 1405 299 rerum
1428 264 1669 310 pupiHarium,
1694 275 1761 300 nec
1786 266 1816 301 si
1839 266 1935 302 bona
1958 265 2029 302 fide
2053 266 2306 303 distrahantur.
2349 270 2385 302 et

1287 309 1457 345 destricte
1480 309 1706 355 probandum
1730 314 1785 345 est
1802 311 1840 345 in
1861 312 1981 354 rebus,
2007 322 2100 364 quae
2119 311 2278 347 fortuitis
2291 313 2383 348 casi-

1285 355 1351 390 bus
1375 354 1559 390 subiectae
1583 359 1678 397 sunt,
1703 366 1775 390 non
1799 366 1876 391 esse
1900 356 2027 392 minori
2050 356 2221 393 adversus
2246 361 2383 403 empto-

1285 410 1360 435 rem
1372 399 1665 443 succurrendum,
1690 400 1759 435 nisi
1783 404 1847 435 aut
1871 401 1994 437 sordes
2019 405 2083 437 aut
2101 402 2246 438 evidens
2266 403 2384 448 gratia

1285 447 1306 480 9
1352 448 1514 481 tutorum
1538 445 1611 480 sive
1635 449 1841 481 curatorum
1865 446 2047 482 doceatur.
2094 447 2298 484 Restitutus
2319 458 2383 483 au-

1284 494 1357 525 tem
1389 501 1470 525 cum
1503 500 1542 526 se
1571 490 1763 526 hereditati
1793 491 1943 526 misceat
1966 492 2021 527 vel
2046 503 2123 528 eam
2147 493 2253 529 adeat
2277 504 2384 539 quam

1283 535 1501 580 repudiavit,
1533 546 1658 571 rursus
1692 536 1833 572 restitui
1856 537 2007 582 poterit,
2040 541 2081 572 ut
2113 548 2151 574 se
2184 538 2382 575 abstineat:

1286 584 1328 616 10
1376 581 1434 616 et⁷
1464 581 1535 616 hoc
1568 584 1605 616 et
1634 581 1848 626 rescriptum
1880 585 1917 617 et
1947 592 2159 627 responsum
2191 587 2256 620 est.
2313 583 2385 620 Sed

1284 626 1381 671 quod
1403 626 1625 671 Papinianus
1649 627 1739 662 libro
1765 627 1923 663 secundo
1948 638 2204 672 responsorum
2236 629 2288 665 ait
2317 629 2383 664 mi·-

1283 672 1363 707 nori
1386 671 1621 707 substitutum
1645 682 1787 707 servum
1810 673 2052 708 necessarium
2071 674 2286 718 repudiante
2305 674 2383 721 qui-

1284 716 1363 752 dem
1386 717 1621 753 hereditatem
1644 717 1779 753 minore
1802 718 2044 753 necessarium
2063 717 2142 754 fore
2163 723 2208 762 et,
2234 720 2264 755 si
2275 719 2385 756 fuerit

1282 762 1470 798 restitutus
1495 762 1631 805 minor,
1667 763 1819 798 liberum
1843 763 1952 799 nihilo
1976 764 2094 799 minus
2117 775 2319 801 remanere:
2354 765 2385 801 si

1283 811 1405 843 autem
1427 807 1527 853 prius
1551 807 1668 843 minor
1691 808 1780 843 adiit
1803 809 2059 852 hereditatem,
2085 820 2169 845 mox
2194 810 2383 846 abstentus

1284 856 1356 896 est,
1389 853 1623 888 substitutum
1656 854 1792 899 pupillo
1825 864 1967 890 servum
2001 865 2083 890 cum
2115 855 2280 891 libertate
2310 867 2384 892 non

1282 909 1390 944 posse
1412 898 1580 934 heredem
1605 899 1758 935 existere
1781 910 1897 945 neque
1919 899 2071 935 liberum
2095 910 2190 936 esse:
2223 911 2296 936 non
2319 912 2384 946 per

1283 943 1403 980 omnia
1433 954 1559 979 verum
1592 948 1657 979 est.
1706 955 1791 979 nam
1814 945 1845 980 si
1867 956 1942 980 non
1967 950 2021 981 est
2046 945 2215 981 solvendo
2240 946 2382 982 heredi-

1282 992 1359 1031 tas,
1394 989 1598 1025 abstinente
1622 1000 1662 1025 se
1684 989 1815 1025 herede
1840 994 1876 1026 et
1900 990 2002 1026 divus
2025 991 2112 1027 Pius
2136 991 2324 1037 rescripsit
2349 995 2384 1027 et

1281 1034 1478 1080 imperator
1496 1038 1621 1071 noster
1640 1038 1676 1070 et
1696 1035 1839 1080 quidem
1862 1036 1899 1071 in
1920 1039 2090 1071 extraneo
2113 1037 2250 1082 pupillo
2263 1037 2383 1073 locum

1281 1079 1361 1115 fore
1384 1080 1588 1116 necessario
1622 1081 1828 1116 substituto.
1877 1085 1914 1116 et
1937 1081 2034 1127 quod
2057 1082 2108 1117 ait
2130 1082 2283 1118 liberum
2306 1093 2382 1117 ma-

1281 1135 1386 1168 nere,
1410 1126 1484 1160 tale
1508 1130 1580 1168 est,
1606 1126 1709 1171 quasi
1734 1137 1807 1162 non
1831 1129 1867 1161 et
1889 1127 1995 1162 heres
2019 1131 2183 1171 maneat,
2210 1138 2292 1163 cum
2315 1139 2382 1173 pu-

1281 1171 1389 1216 pillus
1421 1171 1590 1216 impetrat
1621 1171 1885 1207 restitutionem
1919 1176 2048 1218 postea
2073 1183 2158 1207 uam
2193 1173 2383 1209 abstentus

1283 1219 1355 1251 est:
1390 1227 1472 1252 cum
1505 1217 1597 1252 enim
1627 1217 1786 1262 pupillus
1818 1218 1923 1253 heres
1955 1228 2028 1253 non
2087 1221 2142 1261 at,
2179 1217 2242 1254 sed
2277 1218 2383 1254 utiles

1282 1261 1444 1297 actiones
1467 1262 1612 1305 habeat,
1638 1262 1715 1298 sine
1739 1262 1847 1298 dubio
1872 1263 1976 1299 heres
1996 1263 2166 1306 manebit,
2192 1263 2254 1309 qui
2273 1264 2383 1300 semel

1284 1310 1322 1342 11
1373 1308 1501 1343 extitit.
1549 1307 1639 1343 Item
1663 1307 1694 1343 si
1716 1318 1791 1343 non
1814 1309 2022 1353 provocavit
2044 1308 2141 1344 intra
2165 1309 2269 1352 diem,
2296 1310 2382 1345 sub-

1280 1352 1424 1388 venitur
1459 1356 1500 1388 ut
1543 1356 1731 1398 provocet:
1775 1352 1870 1398 finge
1912 1354 2006 1389 enim
2048 1354 2118 1390 hoc
2163 1354 2379 1390 desiderare.

1284 1400 1325 1432 12
1372 1398 1463 1433 Item
1500 1401 1535 1433 et
1570 1398 1608 1433 in
1640 1398 1864 1434 eremodiciis
1900 1399 1933 1434 ei
1967 1399 2188 1435 subvenitur.
2239 1403 2383 1436 constat

1281 1446 1403 1478 autem
1426 1444 1540 1479 omnis
1561 1444 1688 1479 aetatis
1708 1444 1913 1480 hominibus
1934 1445 2234 1481 restaurationem
2247 1456 2381 1481 eremo-

1281 1488 1364 1524 dicii
1413 1489 1584 1532 raestari,
1617 1489 1648 1525 si
1671 1499 1711 1524 se
1735 1489 1889 1525 doceant
1913 1500 1957 1525 ex
1979 1490 2077 1526 iusta
2101 1501 2212 1526 causa
2236 1490 2380 1527 afuisse.

1327 1531 1352 1571 8
1376 1500 1725 1570 Bssauoomvmws
1752 1535 1843 1570 libro
1869 1536 1994 1581 primo
2027 1537 2119 1571 iuris
2142 1537 2382 1582 epitomamcm

1279 1579 1401 1615 Minor
1425 1580 1533 1615 etiam
1557 1580 1588 1615 si
1612 1580 1715 1624 quasi
1740 1584 1936 1615 contumax
1961 1581 2221 1617 condemnatus
2246 1581 2311 1624 sit,
2344 1583 2382 1617 in

1279 1625 1459 1670 integrum
1482 1625 1719 1661 restitutionis
1743 1625 1916 1661 auxilium
1939 1626 2158 1671 implorabit.

1327 1667 1351 1707 9
1384 1670 1581 1706 ULPJANUS
1591 1671 1683 1706 libro
1697 1671 1886 1706 undecimo
1900 1671 1950 1706 ad
1960 1672 2115 1707 edictum
2162 1672 2199 1708 Si
2212 1682 2257 1708 ex
2270 1683 2382 1708 causa

1278 1715 1429 1751 iudicati
1451 1716 1602 1760 pignora
1625 1716 1771 1751 minoris
1797 1719 1905 1761 capta
1929 1716 2001 1752 sint
2025 1720 2061 1751 et
2085 1717 2271 1761 distracta,
2296 1729 2382 1754 mox

1279 1761 1469 1796 restitutus
1501 1761 1548 1796 sit
1579 1761 1750 1796 adversus
1776 1762 1991 1797 sententiam
2013 1763 2189 1807 praesidis
2213 1763 2271 1799 vel
2293 1774 2380 1809 pro-

1281 1806 1457 1842 curatoris
1472 1805 1649 1849 Caesaris,
1674 1806 1877 1849 videndum,
1902 1817 1949 1842 an
1969 1817 2011 1842 ea
2030 1807 2194 1844 revocari
2215 1807 2380 1851 debeant,

1280 1862 1372 1896 quae
1397 1851 1571 1887 distracta
1595 1855 1697 1887 sunt:
1731 1862 1816 1887 nam
1838 1852 1927 1887 illud
1951 1856 2088 1888 certum
2113 1857 2168 1889 est
2190 1854 2381 1899 pecuniam

1280 1907 1324 1932 ex
1348 1907 1460 1932 causa
1482 1897 1631 1932 iudicati
1662 1897 1817 1933 solutam
1850 1898 1882 1933 ei
1913 1898 2181 1934 restituendam.
2231 1899 2295 1935 sed
2324 1899 2379 1934 in-

1278 1945 1391 1978 terest
1412 1942 1526 1987 ipsius
1551 1953 1704 1987 corpora
1735 1943 1856 1988 potius
1888 1943 2043 1979 habere:
2082 1948 2117 1979 et
2147 1948 2236 1989 puto
2268 1944 2379 1980 inter-

1279 1987 1364 2022 dum
1383 1987 1674 2033 permittendum,
1699 1987 1736 2023 id
1761 1992 1815 2023 est
1838 1988 1869 2024 si
1891 1988 2028 2033 grande
2052 1989 2222 2025 damnum
2245 1990 2292 2026 sit
2315 1990 2380 2025 mi-

1281 2036 1297 2067 1
1347 2033 1456 2068 noris.
1504 2034 1548 2068 In
1580 2033 1673 2068 dotis
1698 2043 1841 2079 quoque
1865 2034 1972 2070 modo
1997 2034 2136 2070 mulieri
2159 2035 2381 2078 subvenitur,

1279 2078 1310 2113 si
1333 2078 1430 2114 ultra
1452 2078 1545 2114 vires
1569 2079 1775 2123 patrimonii
1798 2079 1855 2114 vel
1877 2083 1995 2115 totum
2018 2080 2276 2125 patrimonium
2312 2081 2379 2117 cir-

1279 2126 1299 2158 2
1348 2123 1568 2169 cumscripta
1589 2124 1628 2159 in
1653 2124 1773 2159 dotem
1797 2124 1904 2160 dedit.
1941 2125 2049 2160 Nunc
2061 2125 2251 2161 videndum
2265 2126 2378 2161 mino-

1277 2169 1377 2204 ribus
1410 2172 1531 2204 utrum
1564 2169 1601 2204 in
1627 2170 1871 2205 contractibus
1896 2170 2011 2215 captis
2037 2170 2226 2206 dumtaxat
2250 2172 2378 2207 subve-

1278 2215 1409 2257 niatur,
1435 2225 1482 2249 au
1507 2214 1613 2250 etiam
1637 2215 1944 2260 delinquentibus:
1969 2219 2011 2251 ut
2032 2219 2123 2261 puta
2142 2216 2224 2253 dolo
2246 2217 2293 2252 ali
2318 2217 2380 2251 uid

1278 2259 1393 2295 minor
1422 2259 1510 2295 fecit
1541 2260 1579 2295 in
1610 2271 1650 2296 re
1682 2260 1846 2305 deposita
1876 2261 1933 2296 vel
1957 2261 2186 2297 commodata
2208 2262 2265 2298 vel
2290 2273 2312 2297 a
2329 2262 2379 2297 'as

1277 2305 1315 2339 in
1340 2308 1542 2347 contractu,
1567 2316 1614 2340 an
1639 2306 1672 2341 ei
1695 2306 1938 2349 subveniatur,
1963 2307 1994 2341 si
2017 2307 2105 2342 nihil
2129 2307 2176 2342 ad
2197 2317 2278 2342 eum
2297 2318 2378 2352 per-

1277 2351 1401 2386 venit?
1436 2354 1472 2386 et
1494 2351 1614 2395 placet
1636 2351 1675 2386 in
1700 2351 1839 2387 delictis
1863 2351 2062 2387 minoribus
2087 2363 2160 2387 non
2184 2352 2376 2388 subveniri.

1278 2406 1343 2431 nec
1368 2395 1426 2431 hic
1450 2396 1573 2441 itaque
1597 2396 1838 2432 subvenietur.
1888 2407 1971 2432 nam
2004 2401 2040 2432 et
2070 2397 2100 2432 si
2131 2397 2268 2432 furtum
2291 2397 2378 2432 fecit

1277 2441 1333 2476 vel
1357 2441 1526 2476 damnum
1548 2441 1679 2477 iniuria
1703 2441 1810 2485 dedit,
1836 2452 1909 2477 non
1933 2442 1965 2477 ei
1986 2442 2225 2478 subvenietur.
2260 2443 2323 2478 sed
2336 2443 2376 2485 si,

1278 2497 1360 2521 cum
1392 2497 1437 2521 ex
1470 2486 1600 2522 damno
1626 2487 1711 2522 dato
1737 2486 1901 2523 confiteri
1949 2488 2039 2523 ossit
2062 2498 2108 2522 ne
2131 2487 2231 2533 dupli
2254 2491 2376 2523 tenea-

1276 2535 1355 2574 tur,
1387 2532 1515 2567 maluit
1545 2542 1696 2577 negare:
1729 2533 1766 2567 in
1789 2532 1860 2568 hoc
1885 2542 1924 2568 so
1941 2543 2001 2567 um
2023 2533 2269 2569 restituendus
2293 2533 2340 2569 sit
2351 2534 2375 2576 ⁸,

1277 2581 1318 2612 ut
1341 2588 1407 2621 pro
1433 2577 1598 2613 confesso
1621 2577 1810 2612 habeatur.
1847 2588 1929 2622 ergo
1955 2581 1990 2613 et
2014 2577 2044 2613 si
2067 2578 2186 2623 potuit
2208 2589 2274 2624 pro
2297 2578 2378 2614 fure

1277 2622 1447 2658 damnum
1488 2622 1652 2658 decidere
1691 2622 1803 2667 magis
1839 2633 1946 2667 quam
1978 2623 2156 2659 actionem
2190 2623 2290 2670 dupli
2322 2624 2378 2660 vel

1277 2670 1297 2702 3
1346 2667 1537 2712 quadrupli
1561 2668 1657 2712 pati,
1691 2667 1723 2702 ei
1756 2667 1995 2703 subvenietur.
2045 2668 2083 2703 Si
2113 2668 2259 2712 mulier,
2294 2680 2376 2705 cum

1277 2713 1385 2757 culpa
1410 2713 1629 2755 divertisset,
1653 2713 1738 2748 velit
1761 2713 1830 2748 sibi
1853 2713 2054 2757 subveniri,
2078 2714 2135 2750 vel
2158 2714 2189 2750 si
2212 2715 2376 2758 maritus,

1275 2761 1363 2803 puto
1387 2758 1650 2793 restitutionem
1673 2768 1746 2793 non
1766 2758 1990 2794 habendam:
2017 2762 2072 2795 est
2091 2759 2184 2795 enim
2207 2760 2376 2796 delictum

1276 2814 1348 2838 non
1360 2802 1549 2838 modicum.
1583 2813 1666 2838 nam
1691 2806 1727 2838 et
1750 2803 1781 2838 si
1804 2803 2022 2840 adulterium
2044 2805 2161 2840 minor
2186 2805 2375 2848 commisit,

1275 2851 1296 2883 4
1344 2848 1376 2883 ei
1399 2858 1470 2883 non
1495 2848 1715 2883 subvenitur.
1751 2848 1972 2894 Papinianus
1997 2850 2058 2892 ait,
2083 2850 2114 2886 si
2137 2850 2251 2886 maior
2271 2851 2375 2886 annis

1275 2893 1410 2938 viginti,
1435 2893 1552 2929 minor
1576 2893 1698 2938 viginti
1721 2893 1878 2940 quinque
1902 2905 1941 2930 se
1964 2895 2002 2930 in
2025 2895 2232 2931 servitutem
2254 2897 2377 2932 venire

1275 2938 1454 2983 patiatur,
1478 2938 1515 2973 id
1539 2942 1595 2974 est
1617 2939 1648 2974 si
1671 2939 1825 2984 pretium
1848 2941 2090 2985 participatus
2114 2945 2186 2984 est,
2218 2952 2291 2976 non
2315 2952 2373 2977 so-

1275 2984 1347 3019 lere
1369 2984 1531 3019 restitui:
1556 2983 1620 3019 sed
1643 2984 1713 3020 hoc
1736 2985 1883 3028 merito,
1909 2986 2078 3031 quoniam
2102 2997 2159 3022 res
2184 2997 2252 3022 nec
2277 2986 2374 3032 capit

1276 3031 1294 3063 5
1342 3029 1604 3064 restitutionem
1628 3039 1710 3064 cum
1733 3033 1866 3065 statum
1889 3034 2017 3066 mutat.
2067 3031 2105 3067 Si
2136 3031 2174 3066 in
2208 3032 2372 3067 commis-

1275 3084 1355 3109 sum
1378 3074 1547 3110 incidisse
1570 3075 1752 3120 vectigalis
1777 3075 1937 3119 dicatur,
1963 3077 2031 3112 erit
2053 3077 2091 3112 in
2115 3077 2292 3122 integrum
2316 3087 2372 3112 re-

1275 3119 1425 3155 stitutio.
1475 3119 1571 3165 quod
1606 3120 1658 3155 sic
1694 3120 1761 3156 erit
1793 3121 2059 3166 accipiendum,
2097 3122 2127 3157 si
2162 3133 2234 3157 non
2270 3122 2372 3158 dolus

1275 3168 1295 3199 6
1327 3164 1486 3209 ipsorum
1498 3165 1727 3201 interveniat:
1742 3170 1900 3202 ceterum
1915 3167 2070 3202 cessabit
2082 3167 2273 3203 restitutio.
2297 3167 2371 3201 Ad-

1274 3220 1397 3244 versus
1420 3210 1622 3246 libertatem
1645 3221 1787 3256 quoque
1810 3212 1937 3247 minori
1961 3223 1982 3247 a
2005 3217 2172 3257 praetore
2192 3212 2370 3248 subveniri

1273 3255 1320 3289 im
1348 3254 1492 3290 ossibile
1516 3259 1581 3297 est,

1321 3265 1373 3337 {O
1397 3299 1559 3335 PAULtss
1591 3300 1682 3337 libro
1714 3301 1903 3338 undecimo
1936 3302 1987 3338 ad
2019 3302 2174 3338 edictum
2221 3301 2290 3337 nisi
2325 3311 2370 3336 ex

1273 3355 1402 3389 magna
1427 3355 1537 3380 causa
1559 3345 1629 3381 hoc
1653 3356 1676 3381 a
1698 3347 1860 3392 principe
1883 3346 1993 3383 fuerit
2017 3351 2243 3383 consecutus

1322 3388 1369 3426 11
1406 3389 1601 3426 ULPJANUS
1620 3391 1710 3427 libro
1734 3392 1923 3428 undecimo
1953 3392 2004 3428 ad
2033 3393 2187 3428 edictum
2235 3392 2369 3426 Verum

1272 3435 1327 3470 vel
1361 3434 1405 3470 de
1437 3435 1519 3471 dolo
1550 3435 1607 3471 vel
1636 3436 1733 3472 utilis
1765 3437 1860 3472 actio
1888 3438 1955 3473 erit
1976 3438 2015 3472 in
2037 3437 2075 3472 id
2099 3437 2196 3482 quod
2220 3436 2368 3471 minoris

1270 3479 1432 3515 interfuit
1443 3491 1517 3516 non
1528 3482 1747 3517 manumitti:
1793 3482 1918 3518 roinde
1939 3482 2111 3527 quidquid
2132 3482 2192 3516 hic
2204 3481 2366 3523 haberet,

1272 3525 1302 3559 si
1325 3536 1398 3560 non
1421 3526 1704 3570 manumisisset,
1737 3527 1749 3562 i
1810 3527 1842 3562 ei
1874 3538 1969 3563 nunc
2000 3526 2254 3572 praestabitur.
2303 3525 2367 3561 sed

1272 3570 1332 3604 et⁹
1364 3571 1507 3606 nomine
1540 3581 1664 3607 earum
1698 3583 1836 3615 rerum,
1880 3583 1970 3617 quas
2013 3571 2206 3606 dominicas
2241 3581 2365 3606 servus

1274 3684 1318 3724 (6)
1344 3683 1541 3716 deteriorem
1554 3697 1624 3718 rem
1636 3687 1789 3718 Breuem.
1863 3685 1903 3725 (7)
1929 3684 1958 3715 si
1973 3685 2032 3716 ins.
2047 3684 2081 3715 F
2155 3684 2199 3725 (8)
2225 3687 2277 3716 est
2289 3685 2361 3718 edd.

1274 3730 1318 3768 (9)
1344 3728 1373 3761 si
1387 3730 1447 3762 ins.
1461 3729 1523 3769 F¹,
1538 3732 1600 3763 del.
1616 3730 1667 3763 F³

2069 3785 2088 3816 8
