2528 3918
167 109 409 153 xxmi

168 240 318 274 runtur'
361 236 465 272 nobis
501 244 573 270 non
605 234 721 270 solum
755 243 822 279 per
854 238 996 269 nosmet
1029 233 1148 277 ipsos,
1189 229 1255 268 sed

168 283 276 319 etiam
309 291 377 327 per
410 290 473 317 eos
507 289 597 325 quos
631 279 668 314 in
701 280 908 324 potestate²
939 278 1134 320 habemus,
1167 275 1255 312 item

168 328 258 374 pei-³
280 336 414 368 servos,
437 325 474 360 in
498 324 627 370 quibus
651 334 757 359 usum
778 323 937 359 tractum
960 322 1145 366 habemus,
1168 321 1254 356 item

193 383 234 408 er
261 371 422 407 homines
451 370 584 406 liberos
612 372 650 405 et
679 379 802 405 servos
841 368 995 409 alienos,
1035 377 1126 412 quos
1158 366 1255 401 bona

169 384 239 453 Ede
262 416 501 469 possidemus:
535 414 580 450 de
604 414 735 459 quibus
757 413 904 459 singulis
929 412 1154 457 diligentius⁴
1182 411 1254 446 dis-

174 467 185 497 ι
236 462 420 507 piciamus.
453 460 588 514 Ιςίίιιιι6
635 458 709 495 uod
726 459 820 495 servi
842 458 978 493 nostri⁰
1001 467 1046 493 ex
1063 456 1255 492 traditione

168 506 427 543 nanciscuntur
455 515 530 541 sive
558 505 619 550 qui
675 504 721 540 sti
747 504 893 539 ulentur
927 502 983 538 vel
1020 512 1065 537 ex
1094 501 1256 547 qualibet

169 553 263 588 alia⁷
300 561 411 587 causa
451 549 665 595 adquirunt,
706 549 718 584 i
776 549 880 583 nobis
916 547 1134 591 adquiritur:
1177 547 1188 581 i
1215 555 1255 582 se

169 598 281 640 enim,
306 596 367 641 qui
389 596 427 630 in
449 599 628 640 potestate
653 594 821 630 alterius⁸
844 597 916 634 est,
948 592 1037 627 nihil
1061 602 1166 627 suum
1215 601 1254 626 a-

169 644 253 679 bere
284 645 413 687 potest.
461 639 542 676 ideo
567 641 636 676 ue⁹
668 640 700 675 si
730 639 835 674 heres
866 637 1051 672 institutus
1084 637 1147 680 sit,
1186 636 1255 671 nisi

169 693 293 723 nostro
324 686 426 722 iussu
456 685 541 721 here
569 685 690 720 ‘tatem
728 683 827 718 adire
860 693 934 717 non
973 686 1110 727 potest,
1150 684 1187 717 et
1225 681 1256 716 si

170 732 374 768 iubentibus
404 731 509 767 nobis
533 730 682 770 adierit,
715 728 893 763 hereditas
917 727 1021 762 nobis
1046 726 1255 772 adquiritur,

169 777 317 823 perinde
331 778 358 798 ¹⁰
381 780 489 821 atque
512 776 543 811 si
562 786 628 810 nos
652 773 721 819 ipsi
743 773 892 808 heredes
915 772 1071 808 instituti
1083 782 1254 808 essemus.

169 827 206 858 et
239 822 335 857 his¹¹
378 820 629 857 convenienter
670 818 806 854 scilicet
847 818 1004 862 legatum
1045 817 1150 853 nobis
1191 827 1257 861 per

170 872 188 902 2
237 866 388 903 eundem
400 867 429 888 ¹²
459 865 661 910 adquiritur
672 865 710 897 ¹³.
760 862 844 899 Non
876 863 991 899 solum
1021 866 1141 898 autem
1172 872 1255 907 pro-

170 912 306 958 prietas
327 922 393 964 per
417 922 490 953 eos,
515 921 605 956 quos
629 910 666 944 in
688 912 866 954 potestate
888 908 1074 950 habemus,
1098 907 1256 953 adquiri-

169 964 229 993 tur
251 957 367 1000 nobis,
391 956 456 992 sed
479 956 584 991 etiam
607 953 805 1000 possessio:
839 954 1096 998 cuiuscumque
1107 954 1133 974 ¹⁴
1163 952 1257 988 enim

168 1003 220 1038 rei
248 1001 511 1048 possessionem
550 999 671 1044 adepti
708 999 859 1041 fuerint,
895 998 933 1033 id
969 1008 1036 1034 nos
1070 998 1257 1043 possidere

169 1048 339 1083 videmur.
387 1047 484 1082 unde
513 1045 620 1081 etiam
650 1054 716 1090 per
739 1053 862 1079 eorum
892 1044 1035 1088 longam
1085 1042 1256 1079 ossessio-

169 1098 189 1128 3
235 1103 316 1128 nem
342 1092 536 1127 dominium
559 1090 662 1126 nobis
686 1088 936 1134 adquiritur-¹⁵.
979 1088 1034 1123 De
1056 1055 1113 1124 Eis
1137 1092 1258 1123 autem

169 1138 297 1181 servis,
335 1138 372 1172 in
409 1137 540 1182 quibus
576 1139 717 1170 tantum
746 1144 852 1170 usum
882 1133 1039 1169 fructum
1071 1134 1255 1175 habemus,

170 1184 221 1219 ita
242 1182 397 1229 placuit,
433 1187 474 1216 ut
504 1179 677 1226 quidquid
706 1190 751 1215 ex
773 1190 813 1214 re
835 1183 961 1215 nostra
983 1179 1038 1215 vel
1062 1189 1106 1214 ex
1136 1178 1256 1224 operis

169 1229 244 1264 suis
268 1227 459 1272 adquirant
473 1228 511 1268 ¹⁶,
535 1226 573 1261 id
594 1225 699 1260 nobis
723 1224 944 1270 adquiratur,
969 1224 999 1259 si
1047 1223 1109 1259 uid
1123 1225 1148 1245 ¹⁷
1172 1234 1255 1259 vero

170 1278 272 1309 extra
302 1283 364 1308 eas
404 1282 533 1307 causas
564 1270 745 1316 persecuti
775 1269 898 1313 sint¹⁸,
935 1269 972 1304 id
1004 1279 1026 1303 a
1075 1268 1256 1304 dominum

170 1318 398 1372 proprietatis
427 1316 633 1363 pertinet¹⁹.
680 1316 801 1360 itaque
833 1314 864 1350 si
894 1314 966 1350 is²⁰
997 1324 1120 1350 servus
1152 1314 1256 1349 heres

170 1366 353 1399 institutus
375 1363 420 1398 sit
439 1362 473 1397 le
519 1366 639 1397 tumve
661 1360 747 1406 quid
766 1363 831 1395 aut
849 1359 882 1395 ei
903 1359 1113 1395 donatum²¹
1137 1359 1255 1401 fuerit,

172 1414 188 1443 4
238 1419 310 1443 non
323 1408 417 1450 mihi,
437 1418 475 1443 se
513 1406 657 1442 domino
677 1405 908 1450 proprietatis
922 1404 1132 1449 adquiritur.
1157 1404 1256 1439 Idem

194 1454 289 1489 lacet
311 1453 355 1488 de
380 1463 441 1494 eo,
462 1452 528 1497 'qui
537 1452 569 1473 2²
591 1451 697 1487 nobis
721 1451 817 1485 bona
840 1449 910 1486 fide
934 1449 1158 1495 possidetur,
1183 1449 1257 1484 sive

171 1465 261 1534 fiber
291 1498 339 1534 sit
368 1497 442 1534 sive
474 1497 612 1539 alienus
637 1506 779 1531 servus:
815 1495 912 1540 quod
935 1494 1028 1530 enim
1051 1494 1190 1539 placuit
1212 1494 1257 1529 de

171 1543 457 1584 usufructuario,
488 1542 584 1577 idem
614 1541 790 1587 probatur
817 1540 927 1575 etiam
958 1540 1002 1575 de
1026 1540 1142 1575 bonae
1173 1539 1259 1574 fidei

170 1598 390 1635 possessore.
429 1587 551 1633 itaque
575 1586 671 1631 quod
696 1590 798 1621 extra
821 1585 912 1621 duas
921 1585 952 1606 2³
976 1595 1106 1620 causas
1130 1585 1256 1629 adqui-

169 1635 280 1676 ritur,
302 1633 341 1669 id
364 1633 420 1669 vel
443 1633 489 1668 ad
511 1632 525 1667 i
551 1643 630 1668 sum
654 1631 828 1676 pertinet,
860 1630 891 1666 si
913 1630 1005 1665 liber
1029 1634 1101 1672 est,
1132 1630 1188 1665 vel
1212 1629 1260 1664 ad

170 1684 190 1714 5
238 1679 421 1715 dominum
444 1679 521 1714 eius
546 1678 572 1721 ⁴,
597 1677 628 1712 si
651 1687 775 1712 servus
800 1677 906 1711 est²⁵.
942 1675 1014 1711 Sed
1036 1675 1153 1710 bonae
1176 1674 1260 1710 fidei

170 1734 359 1770 possessor
390 1734 471 1759 cum
507 1722 714 1767 usuceperit
752 1731 912 1763 servum,
952 1720 1037 1766 quia
1074 1730 1117 1756 eo
1151 1720 1259 1756 modo

171 1769 336 1805 dominus
358 1768 418 1811 fit,
450 1778 495 1805 ex
519 1768 684 1803 omnibus
717 1766 835 1802 causis
845 1767 876 1788 2⁶
907 1776 973 1811 per
996 1776 1078 1800 eum
1102 1766 1170 1801 sibi
1194 1765 1258 1800 ad-

171 1815 313 1860 quirere
342 1817 479 1859 potest:
515 1812 807 1849 usufructuarius
837 1821 921 1847 vero
953 1820 1154 1864 usucapere
1185 1821 1259 1846 ser-

171 1871 252 1895 vum
262 1860 292 1882 ²¹¹
316 1870 388 1895 non
416 1862 554 1905 potest,
585 1858 739 1904 primum
770 1857 853 1902 quia
884 1867 957 1892 non
986 1856 1165 1901 posmdet,
1198 1855 1262 1891 sed

171 1906 281 1941 habet
308 1905 365 1940 ius
393 1904 517 1940 utendi
527 1904 558 1925 2⁸
591 1902 752 1945 fruendi,
793 1902 920 1938 deinde
953 1901 1119 1947 quoniam
1129 1902 1162 1923 ²⁹
1191 1901 1261 1937 scit

171 1961 311 1987 servum
335 1949 489 1986 alienum
498 1950 528 1970 ³⁰
551 1959 641 1984 esse.

219 1994 268 2033 11
295 1994 533 2031 Maronites
551 1994 643 2029 libro
664 1993 769 2028 tertio
788 1993 1053 2027 institutionum
1096 1991 1260 2036 Pupillus

172 2044 345 2087 quantum
369 2039 417 2075 ad
439 2038 699 2084 adquirendum
721 2048 795 2073 non
818 2037 952 2082 indiget
979 2036 1109 2072 tutoris
1134 2041 1259 2072 aucto-

172 2086 292 2122 ritate:
317 2085 475 2121 alienare
494 2094 579 2120 vero
598 2084 733 2118 nullam
749 2093 825 2118 rem
844 2086 964 2128 potest
983 2082 1053 2117 nisi
1072 2085 1262 2127 praesente

172 2135 291 2167 tutore
315 2135 474 2173 auctore,
498 2134 535 2165 et
558 2139 603 2164 ne
627 2128 768 2173 quidem
791 2128 1066 2173 possessionem,
1091 2137 1183 2172 quae
1206 2131 1263 2162 est

174 2176 365 2220 naturalis,
400 2179 442 2211 ut
471 2174 674 2210 Sabinianis
706 2174 820 2209 visum
852 2177 924 2209 est:
961 2182 1054 2218 quae
1084 2173 1262 2207 sententia

173 2232 256 2258 vera
280 2225 345 2256 est.

220 2263 273 2304 12
301 2265 589 2302 Camsmsws
605 2264 697 2301 libro
716 2262 875 2299 secundo
887 2263 1153 2298 institutionum
1188 2262 1260 2297 La-

173 2323 237 2348 cus
260 2315 299 2348 et
320 2315 449 2356 stagna
471 2310 557 2346 licet
578 2309 758 2345 interdum
770 2312 947 2351 crescant,
971 2307 1151 2343 interdum
1175 2318 1259 2343 exa-

172 2359 325 2400 rescant,
349 2366 434 2392 suos
459 2359 579 2391 tamen
601 2355 773 2391 terminos
796 2353 952 2389 retinent
974 2353 1126 2398 ideoque
1148 2353 1187 2388 in
1204 2353 1260 2389 his

177 2407 187 2437 ι
239 2403 297 2437 ius
320 2401 509 2437 alluvionis
545 2411 618 2436 non
650 2398 893 2445 adgnoscitur.
941 2398 981 2435 Si
1009 2408 1091 2434 aere
1122 2408 1200 2434 meo
1227 2402 1262 2433 et

173 2450 320 2501 argento
350 2450 413 2482 tuo
445 2445 600 2482 conflato
631 2445 754 2491 aliqua
786 2444 924 2489 species
954 2443 1054 2479 facta
1085 2443 1149 2486 sit,
1188 2454 1261 2479 non

173 2497 241 2529 erit
260 2502 304 2528 ea
321 2496 446 2527 nostra
466 2491 683 2532 communis,
729 2489 807 2532 uia,
827 2499 908 2524 cum
921 2489 1079 2525 diversae
1091 2489 1262 2524 materiae

172 2549 235 2574 aes
258 2541 367 2582 atque
390 2540 576 2582 argentum
599 2536 663 2578 sit,
688 2546 710 2570 a
759 2534 957 2570 artificibus
981 2534 1142 2579 separari
1166 2537 1202 2569 et
1224 2534 1262 2569 in

172 2582 361 2629 pristinam
382 2582 568 2617 materiam
591 2580 716 2616 reduci
738 2580 840 2616 solet.

222 2624 272 2666 13
299 2627 506 2662 Nsaesrws
533 2627 625 2662 libro
656 2629 761 2662 sexto
791 2625 1003 2671 reqularum
1058 2624 1097 2660 Si
1127 2634 1260 2669 procu-

174 2677 274 2708 rator
303 2683 377 2708 rem
412 2672 498 2707 mihi
527 2671 652 2708 emerit
683 2681 728 2706 ex
766 2669 935 2705 mandato
965 2680 1046 2706 meo
1079 2670 1183 2715 eique
1215 2670 1262 2705 sit

173 2718 306 2753 tradita
329 2727 407 2753 meo
431 2717 592 2759 nomine,
616 2715 810 2752 dominium
833 2715 937 2759 mihi,
960 2715 998 2750 id
1021 2719 1077 2750 est
1098 2714 1260 2760 proprie-

180 2767 191 2798 ι
242 2767 298 2798 tas
333 2762 533 2806 adquiritur
564 2762 672 2797 etiam
703 2760 893 2806 ignoranti.
940 2760 992 2795 Et
1013 2764 1111 2796 tutor
1135 2759 1261 2804 pupilli

175 2819 223 2854 pu
249 2808 331 2843 illae
362 2807 523 2842 similiter
547 2812 588 2842 ut
609 2810 824 2852 procurator
856 2805 1004 2841 emendo
1027 2805 1170 2841 nomine
1193 2815 1260 2850 pu-

173 2854 209 2899 p'
240 2853 249 2862 '
271 2852 432 2933 lpupillae
455 2853 711 2898 proprietatem
744 2851 814 2886 illis
849 2849 1006 2896 adquirit
1028 2850 1137 2885 etiam
1160 2850 1260 2895 igno-

174 2898 270 2934 ranti
297 2908 349 2933 us.

177 3014 217 3054 (1)
241 3011 434 3053 adquiritur
452 3012 564 3043 autem
588 3010 712 3051 Gaius,
732 3008 923 3051 adquiritur
940 3009 1023 3042 Inst.

177 3056 387 3100 mancipiove
410 3056 470 3089 ins.
488 3055 566 3089 Gai.
666 3056 708 3098 (3)
734 3065 788 3088 eos
805 3056 866 3088 ins.
882 3054 959 3089 Gai.
1062 3056 1105 3095 (4)
1121 3055 1265 3096 firmant

180 3105 269 3144 lust,
288 3101 469 3144 diligenter
491 3099 569 3135 Gai.
702 3102 744 3140 (5)
770 3099 861 3142 quod
878 3098 978 3132 liberi
998 3099 1105 3132 nostri
1125 3110 1208 3141 quos
1226 3099 1263 3131 in

177 3150 338 3191 potestate
357 3145 527 3187 habemus,
546 3144 627 3178 item
648 3147 706 3178 ins.
725 3145 800 3179 Gai.
918 3146 962 3184 (6)
986 3145 1155 3187 mancipio
1176 3144 1263 3177 acci-

178 3194 278 3236 piunt
289 3191 342 3225 vel
353 3193 414 3226 ins.
433 3191 509 3224 Gai.
574 3194 616 3231 Π)
641 3199 681 3222 ex
692 3189 890 3231 aliqualibet
905 3189 982 3223 Gai.
1043 3191 1087 3231 (8)
1112 3188 1262 3232 alterius]

171 3239 312 3279 firmant
323 3237 419 3278 last,
430 3238 544 3269 nostra
559 3235 635 3270 Gai.
726 3237 770 3274 (9)
795 3237 828 3267 et
838 3234 914 3268 ideo
931 3234 1007 3269 Gai.
1101 3236 1163 3277 (10)
1185 3244 1262 3278 pro-

179 3282 256 3316 inde
272 3282 348 3316 Gai.
450 3282 505 3323 (ιι)
530 3280 583 3313 his
602 3292 660 3313 om.
681 3279 758 3314 Gai.
771 3280 850 3312 Inst.
953 3281 1011 3320 (12)
1036 3278 1184 3322 legatum
1203 3289 1264 3322 per

179 3338 234 3361 cos
251 3327 348 3361 nobis
370 3326 458 3366 Gai„
479 3325 576 3359 nobis
591 3324 739 3367 legatum
759 3334 819 3367 per
839 3335 893 3357 eos
914 3325 994 3358 Inst.
1099 3329 1156 3362 (13)
1182 3324 1263 3357 dum

179 3377 290 3406 tamen
306 3372 460 3413 sciamus,
480 3371 508 3403 si
528 3370 667 3404 alterius
685 3369 722 3402 in
742 3368 838 3401 bonis
857 3370 901 3401 sit
919 3379 1045 3411 servus,
1064 3368 1203 3402 alterius
1223 3379 1263 3402 ex

179 3418 252 3451 iure
265 3416 461 3458 Quiritium,
481 3426 522 3449 ex
540 3414 694 3448 omnibns
711 3413 820 3446 causis
838 3414 870 3447 ei
885 3413 947 3447 soli
958 3425 1018 3457 per
1031 3425 1106 3447 eum
1118 3414 1262 3456 adquiri,

179 3462 276 3495 cuius
287 3462 325 3495 in
335 3461 433 3495 bonis
446 3463 494 3494 est
507 3462 567 3495 ins.
585 3460 660 3494 Gai.
740 3460 799 3500 (1⁴)
815 3460 957 3500 firmant
967 3460 1060 3499 Insa,
1073 3459 1170 3492 ouius
1184 3459 1261 3494 Gai.

181 3515 456 3595 assessi:
476 3503 1131 3594 unimammas&
1112 3503 1264 3582 22033323

180 3597 308 3630 zmedit
325 3597 434 3637 Insa),
458 3597 515 3629 ubi
530 3602 707 3640 sequuntur
726 3594 826 3627 haec:
848 3603 909 3636 per
926 3603 979 3625 eas
998 3603 1075 3626 vero
1094 3603 1262 3636 personas,

180 3652 262 3683 quas
272 3642 309 3674 in
321 3651 424 3674 manu
435 3641 643 3684 manoipiove
658 3638 826 3681 babemus,
843 3638 1030 3681 proprietas
1050 3638 1184 3680 quidem
1204 3638 1262 3671 ad-

180 3686 328 3728 quiritur
339 3685 436 3719 nobis
448 3695 487 3717 ex
501 3684 655 3718 omnibus
667 3683 785 3725 causis,
804 3683 892 3716 aient
907 3692 968 3725 per
988 3693 1053 3723 eos,
1072 3683 1132 3724 qui
1149 3683 1185 3715 in
1202 3693 1262 3725 po·

180 3734 297 3764 testate
309 3734 422 3763 nostra
433 3735 529 3763 sunt:
553 3740 597 3763 an
616 3732 727 3762 autam
746 3727 906 3771 possessio
916 3727 1124 3770 adquiratur,
1145 3727 1261 3769 quaeri

1093 3010 1136 3051 (2)
1161 3019 1263 3042 manu

1244 106 1329 155 646

1503 0 1510 42 ἰ

1512 38 1610 148 Ὗ,

2017 122 2079 152 nn
2106 120 2402 161 Anqumnnno

1372 229 1424 282 ¹45
1448 229 1687 266 Nsuuvsv
1711 231 1804 267 libro
1827 231 1954 277 quinto
1977 230 2266 266 membranarum
2301 228 2405 282 Quod

1322 275 1360 310 in
1396 276 1500 310 litore
1534 275 1614 320 quis
1644 275 1900 318 aedificaverit,
1943 275 2020 311 eius
2056 275 2141 310 erit:
2184 284 2267 310 nam
2300 274 2408 310 litora

1324 319 1470 365 publica
1493 319 1635 356 nonita
1658 324 1752 362 sunt,
1778 325 1883 361 ntea,
1907 330 2000 366 quae
2022 320 2061 355 in
2084 319 2298 365 patrimonio
2322 323 2407 355 sunt

1324 364 1465 410 populi,
1493 363 1565 415 ‚sed
1593 369 1636 399 ut
1665 375 1727 409 ea,
1762 376 1855 411 quae
1886 366 2036 411 primum
2061 375 2083 400 a
2113 369 2244 400 natura
2265 363 2407 410 prodita

1324 414 1410 445 sunt
1432 414 1469 444 et
1491 419 1528 444 ιιι
1547 409 1682 445 nullius
1704 410 1823 446 adhuc
1846 411 2041 446 dominium
2063 414 2316 455 pervenerunt:
2341 419 2407 444 nec

1325 453 1504 490 dissimilis
1528 454 1690 490 condicio
1714 466 1839 491 eorum
1868 462 1924 491 est
1947 460 2055 500 atque
2078 454 2232 500 piscium
2255 459 2292 489 et
2313 453 2406 489 fera-

1323 510 1414 541 rum,
1438 509 1530 551 quae
1553 499 1659 534 simul
1681 503 1789 545 atque
1812 500 2057 546 adprehensae
2079 503 2173 543 sunt,
2198 500 2276 535 sine
2298 499 2407 534 dubio

1326 544 1415 586 eius,
1439 554 1477 579 m
1501 544 1603 579 cuius
1653 548 1839 581 otestatem
1861 549 2110 590 pervenerunt,
2135 544 2282 580 dominii
2303 543 2407 579 fiunt.

1331 594 1346 641 ι.
1391 588 1485 624 Illud
1516 555 1704 641 uidendum
1737 594 1809 633 est,
1845 591 1988 626 sublato
2023 590 2203 633 aedificio,
2241 588 2337 635 quod
2371 589 2408 623 in

1324 635 1427 669 litore
1459 638 1617 679 positum
1649 638 1745 677 erat,
1782 635 1884 671 cuius
1915 635 2134 671 condicionis
2166 635 2198 670 is
2227 634 2328 670 locus
2351 634 2408 676 sit,

1325 680 1394 714 hoc
1421 684 1477 714 est
1499 683 1619 714 utrum
1642 685 1786 715 maneat
1807 680 1884 716 eius
1909 681 2010 716 cuius
2033 680 2102 715 fuit
2125 679 2338 721 aedificium,
2363 689 2410 713 an

1325 734 1450 777 rursus
1474 724 1511 759 in
1534 724 1721 769 pristinam
1753 735 1899 761 causam
1927 725 2077 761 reccidit
2103 724 2319 778 perindeque
2341 735 2408 769 pu-

1326 769 1442 805 bhcus
1464 773 1530 811 sit,
1555 779 1598 804 ac
1622 769 1654 805 si
1676 780 1870 814 numquam
1893 771 1930 805 in
1953 780 1995 806 eo
2019 770 2247 805 aedificatum
2268 769 2407 804 fuisset.

1327 814 1434 866 quod·
1459 814 1608 867 propius
1643 819 1716 857 est,
1750 820 1790 850 ut
1826 815 2021 851 existimari
2055 815 2203 858 debeat,
2237 815 2270 851 si
2303 814 2410 849 modo

1325 869 1399 895 reci
1437 863 1453 893 t
1474 860 1663 905 pristinam
1686 860 1801 895 litoris
1824 860 1990 906 speciem.

1347 950 1354 956 ·
1376 870 1426 941 1g
1451 903 1564 957 loqu·
1585 905 1676 940 libro
1708 906 1834 951 quinto
1864 905 2075 951 reqularum
2126 905 2195 949 Qui
2226 909 2345 940 autem
2375 904 2411 938 in

1324 960 1406 995 ripa
1427 948 1585 985 fluminis
1609 950 1790 992 aedificat,
1814 960 1886 986 non
1909 960 2014 986 suum
2037 950 2137 985 facit.

1377 993 1426 1032 16
1466 995 1743 1031 onsfflvrmvs
1777 995 1868 1031 libro
1907 999 2013 1030 sexto
2052 995 2315 1030 institutionum
2369 993 2410 1028 In

1327 1040 1422 1085 agris
1445 1039 1603 1075 limitatis
1626 1040 1683 1075 ius
1713 1040 1901 1076 alluvionis
1925 1040 2043 1075 locum
2073 1051 2146 1075 non
2167 1039 2300 1074 habere
2325 1049 2409 1074 con·

1326 1090 1415 1121 stat:
1446 1085 1551 1130 idque
1576 1089 1612 1120 et
1634 1085 1736 1121 divus
1760 1085 1846 1120 Pius
1878 1085 2064 1121 constituit
2086 1089 2123 1120 et
2146 1084 2338 1120 Trebatius
2362 1084 2413 1118 ait

1326 1141 1462 1175 agrum,
1487 1130 1549 1175 qui
1571 1131 1736 1166 hostibus
1760 1130 1906 1166 devictis
1930 1140 1975 1166 ea
1992 1130 2199 1166 condicione
2218 1139 2411 1165 concessus

1326 1177 1388 1218 sit,
1414 1180 1455 1210 ut
1477 1175 1514 1210 in
1539 1175 1715 1211 civitatem
1739 1175 1875 1211 veniret
1885 1177 1925 1219 ³²,
1958 1175 2092 1211 habere
2116 1174 2327 1210 alluvionem
2351 1184 2412 1209 ne-

1327 1231 1396 1266 que
1411 1230 1490 1256 esse
1513 1220 1718 1256 limitatum:
1744 1231 1868 1265 agrum
1891 1225 2012 1255 autem
2027 1231 2137 1255 manu
2155 1224 2299 1265 captum
2322 1219 2412 1254 limi-

1327 1270 1440 1301 tatum
1464 1265 1595 1308 fuisse,
1628 1270 1669 1301 ut
1692 1267 1862 1310 sciretur,
1895 1266 1979 1311 quid
2002 1266 2130 1311 cuique
2161 1265 2283 1300 datum
2307 1270 2413 1307 esset,

1327 1311 1412 1356 quid
1434 1311 1599 1353 venisset,
1624 1311 1709 1356 quid
1731 1311 1769 1346 in
1792 1311 1937 1356 publico
1961 1311 2125 1347 relictum
2149 1314 2255 1346 esset.

1377 1353 1426 1392 17
1459 1355 1653 1392 Urfflws
1681 1357 1772 1392 libro
1804 1358 1929 1402 primo
1965 1356 2015 1391 ad
2043 1355 2218 1392 Sabinum
2272 1354 2311 1390 Si
2341 1354 2407 1390 du«

1328 1401 1460 1482 dssmifi
1477 1411 1579 1437 servo
1597 1401 1775 1436 communi
1790 1412 1865 1437 rem
1881 1401 2069 1437 tradiderit
2078 1402 2119 1445 ³³,
2138 1400 2295 1445 adquirit
2310 1399 2415 1435 alteri

1327 1458 1350 1481 a
1398 1457 1420 1481 a
1435 1452 1524 1481 tero.

1379 1489 1429 1529 18
1460 1491 1568 1527 loru
1593 1491 1685 1527 libro
1717 1496 1849 1538 quarto
1879 1492 1930 1527 ad
1958 1491 2132 1527 Sabinum
2179 1490 2249 1526 Per
2276 1489 2409 1526 heredi·

1326 1537 1458 1572 tarium
1489 1547 1630 1572 servum
1659 1536 1756 1582 quod
1786 1542 1842 1572 est
1871 1536 2031 1572 eiusdem
2062 1535 2269 1572 hereditatis
2292 1535 2415 1571 heredi

1327 1582 1470 1665 adquiri
1492 1592 1566 1618 non
1588 1586 1709 1627 potest
1733 1586 1770 1617 et
1791 1582 1944 1617 maxime
1966 1582 2048 1627 ipsa
2071 1581 2262 1617 hereditas.

1402 1625 1428 1665 9
1458 1626 1688 1662 Poupomes
1721 1627 1812 1663 libro
1851 1628 1956 1662 tertio
1993 1627 2043 1662 ad
2079 1626 2254 1662 Sabinum
2307 1626 2416 1661 Liber

1328 1674 1445 1716 homo,
1472 1672 1533 1716 qui
1555 1672 1652 1707 bona
1674 1672 1744 1708 fide
1767 1672 1854 1707 mihi
1877 1673 1994 1716 servit,
2018 1672 2094 1707 id³⁴
2118 1671 2213 1718 quod
2235 1681 2281 1706 ex
2297 1671 2416 1716 operis

1330 1718 1403 1754 suis
1435 1721 1500 1753 aut
1528 1727 1574 1752 ex
1604 1727 1644 1752 re
1675 1727 1755 1753 mea
1786 1722 1948 1762 pararet,
1989 1717 2036 1752 ad
2058 1727 2116 1752 me
2138 1716 2316 1762 pertinere
2340 1716 2416 1752 sine

1331 1763 1440 1799 dubio
1452 1762 1576 1798 Aristo
1600 1762 1668 1797 ait:
1693 1762 1790 1807 quod
1812 1772 1894 1798 vero
1919 1763 1998 1808 quis
2023 1763 2055 1798 ei
2078 1762 2263 1798 donaverit
2285 1767 2349 1796 aut
2371 1771 2415 1796 ex

1331 1808 1471 1853 negotio
1503 1811 1603 1852 gesto
1634 1807 1859 1853 adquisierit,
1893 1809 1940 1843 ad
1970 1808 2088 1854 ipsum
2116 1806 2305 1853 pertinere.
2353 1806 2417 1842 sed

1331 1853 1566 1890 hereditatem
1603 1853 1802 1897 legatumve
1837 1863 1909 1888 non
1941 1853 2081 1898 adquiri
2110 1851 2197 1887 mihi
2231 1861 2298 1897 per
2325 1861 2415 1895 eum,

1331 1899 1415 1945 quia
1437 1908 1552 1943 neque
1576 1907 1622 1933 ex
1644 1908 1683 1933 re
1706 1908 1786 1934 mea
1809 1908 1925 1943 neque
1948 1908 1994 1934 ex
2025 1898 2142 1944 operis
2167 1897 2242 1933 suis
2251 1898 2281 1919 ³⁵
2310 1896 2348 1931 id
2370 1897 2418 1932 sit

1332 1955 1399 1980 nec
1427 1944 1502 1979 ulla
1531 1943 1611 1979 eius
1642 1953 1754 1988 opera
1785 1949 1880 1979 esset
1916 1944 1952 1978 in
1980 1944 2116 1988 legato,
2152 1943 2189 1978 in
2218 1941 2415 1978 hereditate

1332 1990 1574 2035 aliquatenus,
1618 1989 1703 2033 quia
1739 1998 1805 2034 per
1840 1989 1957 2034 ipsum
1997 1989 2156 2024 adiretur
2194 1987 2304 2033 (quod
2313 1988 2344 2008 ²⁵⁶
2382 1992 2418 2022 et

1331 2035 1480 2070 Varium
1502 2034 1731 2068 Lucullum-‘¹⁷
1755 2033 1948 2078 aliquando
1972 2033 2183 2076 dubitasse),
2212 2032 2277 2068 sed
2299 2033 2416 2068 verius

1331 2090 1411 2116 esse
1441 2090 1515 2114 non
1546 2079 1704 2123 adquiri,
1738 2079 1876 2114 etiamsi
1908 2083 2060 2114 testator
2091 2078 2138 2114 ad
2168 2088 2225 2112 me
2247 2077 2418 2113 voluisset

1331 2125 1509 2170 pertinere
1517 2125 1559 2159 ³⁸.
1596 2124 1659 2159 sed
1681 2124 1768 2159 licet
1791 2124 1864 2160 ei³⁹
1886 2124 2031 2160 minime
2054 2123 2222 2169 adquirit,
2247 2127 2415 2165 attamen,

1331 2171 1361 2206 si
1384 2171 1550 2206 voluntas
1574 2169 1718 2205 evidens
1741 2170 1924 2205 testatoris
1948 2180 1971 2205 a
1995 2173 2137 2214 pareat,
2162 2167 2417 2204 restituendam

1331 2226 1410 2251 esse
1439 2215 1473 2250 ei
1503 2214 1751 2250 hereditatem.
1799 2214 1863 2250 sed
1895 2215 1966 2250 Tre
1992 2215 2103 2256 atius,
2135 2214 2168 2250 si
2197 2213 2286 2248 liber
2310 2214 2416 2249 homo

1331 2262 1425 2296 bona
1447 2259 1519 2296 fide
1542 2260 1699 2295 serviens
1721 2260 1823 2295 iussu
1847 2260 1924 2296 eius
1949 2260 2008 2295 cui
2031 2259 2161 2295 serviet
2183 2258 2417 2294 hereditatem

1330 2306 1481 2347 adisset,
1506 2305 1674 2340 heredem
1696 2305 1814 2350 ipsum
1836 2305 1915 2341 fieri
1936 2315 2003 2341 nec
2027 2305 2202 2341 interesse
2226 2303 2312 2349 quid
2335 2314 2415 2339 sen-

1330 2351 1426 2393 serit,
1452 2350 1516 2386 sed
1539 2350 1625 2394 quid
1647 2350 1822 2386 fecerit⁴⁰.
1858 2350 1982 2385 Labeo
2007 2354 2143 2391 contra,
2170 2349 2201 2385 si
2225 2358 2269 2383 ex
2291 2359 2415 2384 neces·

1331 2397 1436 2431 sitate
1457 2395 1496 2430 id
1518 2395 1679 2431 fecisset:
1713 2395 1808 2441 quod
1831 2396 1863 2431 si
1885 2396 1954 2439 ita,
1987 2399 2026 2430 ut
2049 2399 2086 2430 et
2108 2395 2186 2440 ipse
2208 2394 2329 2437 vellet,
2361 2394 2414 2439 ip-

1331 2452 1409 2477 sum
1432 2441 1510 2475 fieri
1532 2440 1710 2476 heredem.

1377 2484 1431 2523 20
1464 2486 1660 2522 Urpmws
1688 2486 1780 2521 libro
1810 2486 2000 2521 vicensimo
2031 2495 2127 2520 nono
2161 2484 2210 2519 ad
2242 2483 2416 2519 Sabinum

1332 2531 1494 2567 Traditio
1517 2530 1606 2566 nihil
1630 2531 1783 2576 amplius
1806 2530 2002 2566 transferre
2024 2530 2132 2565 debet
2150 2529 2206 2565 vel
2228 2533 2349 2574 potest
2372 2529 2418 2564 ad

1331 2587 1411 2612 eum
1436 2576 1497 2621 qui
1520 2576 1667 2621 accipit,
1700 2586 1806 2620 quam
1830 2580 1886 2611 est
1909 2586 1932 2611 a
1957 2576 2005 2612 ud
2030 2585 2110 2610 eum
2134 2575 2196 2620 qui
2218 2574 2340 2610 tradit.
2386 2574 2418 2611 si

1331 2622 1439 2668 igitur
1461 2621 1541 2667 quis
1573 2620 1767 2657 dominium
1797 2621 1836 2656 in
1864 2622 1931 2656 fun
1956 2631 1977 2657 o
2008 2620 2151 2662 habuit,
2182 2619 2220 2654 id
2243 2619 2416 2656 tradendo

1332 2667 1520 2708 transfert,
1552 2666 1583 2701 si
1612 2677 1684 2702 non
1715 2666 1860 2709 habuit,
1891 2666 1939 2701 ad
1972 2676 2054 2702 eum
2084 2665 2146 2719 qui
2176 2665 2307 2710 accipit
2329 2665 2417 2700 nihil

1336 2717 1347 2747 1
1399 2712 1583 2747 transfert.
1631 2711 1804 2755 Quotiens
1827 2715 1947 2747 autem
1972 2711 2166 2747 domimum
2189 2710 2416 2751 transfertur,

1331 2757 1377 2793 ad
1401 2768 1482 2793 eum
1506 2756 1567 2802 qui
1590 2757 1723 2801 accipit
1745 2757 1819 2792 tale
1841 2756 2074 2798 transfertur,
2100 2755 2204 2801 quale
2227 2754 2297 2790 fuit
2319 2755 2416 2801 apud

1332 2814 1412 2838 eum
1436 2803 1497 2848 qui
1520 2801 1647 2837 tradit:
1672 2801 1703 2837 si
1726 2812 1850 2838 servus
1873 2802 1943 2837 fuit
1964 2801 2110 2843 fundus,
2135 2810 2215 2835 cum
2239 2801 2415 2836 servituti-

1331 2849 1400 2884 bus
1423 2848 1572 2891 transit,
1604 2847 1635 2882 si
1657 2846 1767 2889 liber,
1799 2848 1852 2882 uti
1875 2847 1962 2883 fuit:
1994 2852 2032 2882 et
2054 2847 2085 2882 si
2113 2846 2206 2881 forte
2230 2846 2417 2881 servitutes

1331 2893 1556 2929 debebantur
1585 2891 1699 2928 fundo
1733 2892 1795 2938 qui
1817 2892 1972 2928 traditus
1996 2896 2066 2934 est,
2102 2901 2182 2926 cum
2206 2891 2284 2926 iure
2307 2891 2416 2926 servi-

1331 3007 1425 3050 solet,
1446 3007 1527 3050 quia
1542 3005 1630 3050 ipsas
1641 3015 1710 3039 non
1720 3003 1925 3048 possidemus
2017 3008 2076 3046 (ιο)
2091 3006 2234 3047 finnant
2244 3004 2337 3048 Insa,
2359 3005 2416 3038 ad-

1332 3053 1474 3095 quirunt
1489 3052 1565 3087 Gai.
1655 3051 1714 3092 (17)
1739 3049 1769 3082 si
1781 3049 1875 3092 quid]
1889 3050 1979 3092 quod
1993 3051 2071 3086 Gai.
2083 3050 2165 3083 Inst.
2257 3052 2317 3091 (18)
2341 3060 2416 3093 per-

1330 3098 1437 3131 secuti
1447 3099 1528 3130 sunt
1539 3097 1632 3136 Insa,
1647 3108 1707 3129 om.
1725 3094 1802 3129 Gai.
1863 3096 1924 3137 (ιο)
1973 3096 2115 3129 ertineat
2130 3094 2207 3129 Gai.
2268 3095 2332 3135 (2ο)
2348 3095 2416 3137 fir-

1331 3151 1421 3177 mant
1431 3143 1525 3182 Insa,
1545 3141 1608 3174 iste
1624 3141 1702 3175 Gai.
1795 3141 1854 3182 (21)
1879 3140 1939 3182 qui
1978 3143 2039 3174 aut
2058 3140 2089 3173 ei
2106 3139 2278 3183 donatum]
2292 3139 2375 3182 quid
2386 3140 2416 3173 ei

1330 3191 1390 3221 aut
1402 3187 1564 3222 donatum
1576 3187 1669 3225 Insa,
1691 3184 1782 3228 quod
1798 3185 1829 3218 ei
1841 3184 1955 3219 datum
1971 3185 2048 3220 Gai.
2142 3187 2205 3226 (22)
2228 3195 2250 3218 a
2261 3187 2321 3219 ins.
2338 3184 2415 3219 Gai.

1331 3234 1412 3268 Inst-
1517 3233 1580 3274 (2³)
1605 3232 1685 3265 istas
1704 3232 1766 3265 ins.
1788 3229 1865 3265 Gai.
1884 3231 1965 3265 Inst-
2077 3232 2138 3271 (24)
2163 3230 2236 3264 eius
2254 3243 2313 3264 om.
2337 3229 2415 3264 Gai.

1333 3280 1395 3319 (25)
1410 3278 1557 3320 firmant
1569 3276 1661 3317 Insa,
1675 3276 1720 3309 sit
1734 3275 1812 3310 Gai.
1905 3278 1968 3318 (26)
1991 3277 2039 3310 sic
2051 3276 2146 3309 etiam
2158 3275 2252 3318 Insa,
2273 3285 2314 3308 ex
2325 3275 2416 3308 omni

1331 3333 1430 3357 eausa
1446 3322 1478 3357 G
1482 3324 1526 3356 αι’.
1612 3325 1673 3363 (2·1)
1698 3331 1829 3355 servum
1842 3332 1902 3353 om.
1917 3321 1996 3356 Gai.
2010 3321 2091 3354 Inst.
2172 3321 2203 3362 (2
2227 3323 2236 3357 )
2259 3321 2309 3354 eie
2321 3321 2417 3354 ετίαηι

1331 3369 1424 3409 lust„
1445 3370 1482 3401 et
1494 3369 1555 3401 im.
1572 3366 1649 3401 Gai.
1731 3367 1795 3408 (29)
1819 3365 1900 3408 quia
1915 3365 1992 3400 Gai.
2006 3366 2086 3399 Inst.
2170 3368 2199 3406 (8
2220 3366 2234 3408 )
2256 3366 2306 3399 eie
2321 3366 2416 3399 etiam

1330 3414 1424 3456 Insa,
1437 3411 1587 3446 alienum
1599 3422 1732 3444 servum
1748 3410 1825 3445 Gai.
1914 3413 1971 3453 (31)
1996 3410 2083 3444 idem
2098 3410 2148 3444 F²
2237 3411 2298 3451 (32)
2322 3409 2414 3443 veni-

1331 3461 1408 3492 rent
1417 3470 1483 3492 scr.
1576 3458 1638 3499 (33)
1662 3456 1691 3490 si
1711 3456 1778 3490 duo
1795 3454 1922 3488 domini
1942 3456 2042 3499 [servi
2061 3455 2110 3489 rei
2122 3454 2265 3488 alieuius
2277 3455 2415 3498 emptio-

1332 3514 1406 3536 nem
1418 3503 1511 3536 inter
1522 3513 1555 3535 se
1568 3501 1711 3535 fecerint
1722 3504 1755 3534 et
1768 3500 1827 3543 qui
1839 3500 1964 3543 vendit]
1980 3511 2074 3534 servo
2086 3500 2255 3534 communi
2266 3510 2336 3533 rem
2347 3502 2415 3532 tra-

1331 3547 1455 3581 diderit
1465 3560 1531 3581 ter.
1614 3548 1677 3589 (34)
1701 3545 1738 3579 id
1749 3545 1812 3579 del.
1893 3547 1955 3587 (35)
1980 3555 2089 3588 neque
2101 3555 2141 3578 ex
2152 3545 2261 3589 operis
2271 3545 2340 3577 suis
2352 3545 2414 3578 del.

1330 3593 1451 3637 Menye
1527 3594 1590 3633 (aa)
1615 3601 1683 3633 quo
1695 3590 1735 3624 de
1743 3603 1807 3624 scr.
1877 3592 1940 3634 (37)
1963 3590 2147 3624 Varronem
2158 3589 2340 3623 Lucullum
2351 3601 2414 3623 sa·-

1329 3639 1393 3715 (38)
1416 3635 1605 3680 pertineret
1616 3637 1652 3669 F
1737 3635 1801 3678 (⁸⁹)
1823 3634 1881 3667 oui
1892 3636 2014 3669 serviet
2025 3637 2086 3669 im.
2179 3637 2242 3676 (4ο)
2265 3634 2323 3667 sed
2334 3633 2414 3676 qaid

1343 3681 1446 3716 soor-it
1457 3683 1521 3716 del.

2449 0 2482 22 ,ᾖ

2488 54 2504 82 's

2511 140 2514 147 ι

2524 3516 2528 3517 ,
2506 3393 2528 3494 ἈΡ-,ὓῖᾏᾶ
2511 3342 2528 3370 1³⁷³
2518 3292 2528 3308 y
2517 3254 2528 3284 .‘).
2512 3214 2528 3243 '5³1
