2528 3918
163 156 221 187 ET
250 155 467 188 POSTUMIS

166 264 305 301 Maevia
329 265 536 306 masculum,
561 275 608 299 an
631 263 807 299 institutio
831 264 972 299 heredis
997 265 1131 307 valeat,
1165 275 1257 307 cum,

165 320 235 356 quo
258 313 416 354 tempore
429 309 645 344 scriberetur
655 312 920 351 testamentum,
944 309 1015 344 iam
1029 310 1143 345 editus
1165 313 1260 345 esset

164 358 300 400 partus.
355 353 489 389 Paulus
521 354 705 399 respondit
736 355 846 390 verba
877 354 1020 399 quidem
1055 354 1259 390 testamenti

164 400 211 435 ad
235 409 315 434 eum
327 403 559 444 pronepotem
582 399 718 434 directa
736 398 859 441 vid'eri,
885 399 945 443 qui
969 403 1051 444 post
1063 404 1256 435 testamen-

163 449 239 480 tum
262 442 396 478 factum
420 447 646 479 nasceretur:
672 443 735 479 sed
760 443 801 486 si,
826 447 867 479 ut
885 445 1108 488 proponitur,
1135 445 1258 480 eadem

164 489 220 525 die
244 498 315 534 qua
338 491 589 524 testamentum
612 488 749 524 factum
766 492 820 524 est
843 489 960 533 neptis
984 491 1168 526 testatoris
1193 501 1256 525 an-

162 538 305 579 tequam
340 537 591 569 testamentum
633 534 851 569 scriberetur
886 535 991 569 enixa
1027 539 1138 575 esset,
1174 535 1258 570 licet

159 581 344 624 ignorante
368 583 557 615 testatore,
595 582 715 614 tamen
738 579 997 614 institutionem
1022 581 1100 616 iure
1122 580 1256 616 factam

163 623 273 660 videri
295 627 394 659 recte
417 624 632 669 responderi.

208 666 261 706 26
285 668 342 704 ΡΑ
351 678 446 704 (aas
465 670 556 705 libro
582 670 685 704 tertio
709 670 968 704 sententiarum
1015 670 1128 705 Filius
1153 670 1255 705 fami-

161 715 226 750 lias
251 714 281 749 si
293 714 429 755 militet,
455 718 495 749 ut
506 725 669 759 paganus
682 714 926 749 nominatima
949 719 1053 759 patre
1077 718 1139 750 aut
1152 715 1255 750 heres

161 759 269 795 scribi
293 762 355 794 aut
380 759 587 794 exheredari
611 759 737 802 debet,
768 760 839 795 iam
863 760 1004 795 sublato
1038 760 1153 796 edicto
1186 760 1255 795 divi

160 804 330 885 Axtilgust}
363 814 433 850 quo
459 808 604 839 cautum
627 804 747 840 fuerat
769 815 814 840 ne
837 809 941 850 pater
974 805 1087 840 filium
1109 805 1255 840 militem

160 860 180 885 e
231 859 290 884 ere
317 852 360 884 et.

206 892 257 930 27
274 894 381 929 IDEM
388 894 480 930 libro
495 895 598 930 tertio
612 895 662 930 ad
672 894 861 930 Neratium
886 895 1097 930 Postumum
1111 905 1154 930 ex
1166 905 1254 940 qua-

159 940 246 975 libet
268 939 376 974 vidua
400 943 523 974 natum
536 940 604 974 sibi
615 939 726 975 filium
745 940 911 975 heredem
923 941 1110 976 instituere
1121 944 1252 985 potest.

206 982 258 1022 28
286 984 564 1020 TRYPHONJNUS
600 985 690 1020 libro
733 986 924 1021 vicensimo
968 986 1253 1032 disputationum

159 1029 272 1065 Filius
297 1040 319 1064 a
341 1033 454 1074 patre,
481 1030 582 1065 cuius
594 1030 631 1064 in
655 1033 834 1075 potestate
858 1034 922 1072 est,
949 1031 1014 1066 sub
1029 1030 1252 1072 condicione,

159 1085 251 1120 quae
276 1085 348 1109 non
372 1078 427 1110 est
449 1075 486 1110 in
511 1075 621 1120 ipsius
645 1078 843 1120 potestate,
875 1076 977 1111 heres
1008 1076 1193 1111 institutus
1218 1079 1254 1110 et

157 1120 194 1155 in
219 1119 398 1155 defectum
411 1120 632 1155 condicionis
646 1121 882 1155 exheredatus
897 1121 1051 1156 decessit
1074 1121 1253 1166 pendente

159 1165 265 1201 etiam
288 1169 376 1200 tunc
402 1165 611 1201 condicione
641 1169 716 1200 tam
738 1166 973 1201 institutionis
1006 1176 1113 1211 quam
1144 1166 1251 1202 exhe-

156 1210 363 1246 redationis.
410 1211 483 1245 dixi
506 1211 673 1246 heredem
705 1221 784 1246 eum
809 1212 854 1246 ab
878 1212 1049 1247 intestato
1074 1215 1252 1247 mortuum

158 1266 246 1298 esse,
273 1255 356 1301 quia
369 1255 451 1290 dum
477 1256 568 1298 vivit,
594 1266 707 1301 neque
731 1267 774 1292 ex
786 1259 1000 1292 testamento
1020 1257 1124 1292 heres
1138 1267 1181 1291 ne
1207 1266 1252 1291 ue

158 1300 394 1336 exheredatus
418 1301 495 1335 fuit.
542 1301 674 1337 herede
697 1305 817 1336 autem
837 1302 971 1346 scripto
997 1313 1041 1337 ex
1064 1305 1167 1347 parte
1216 1302 1250 1336 io

160 1350 175 1381 1
227 1346 372 1381 coheres
404 1350 488 1391 post
517 1350 667 1381 mortem
697 1346 761 1381 filii
791 1347 930 1382 institui
960 1351 1088 1392 potest.
1136 1347 1251 1382 Filius

156 1390 308 1426 familias
333 1391 432 1426 miles
457 1391 501 1426 de
526 1392 700 1426 castrensi
723 1392 863 1437 peculio
889 1391 974 1428 fecit
997 1396 1251 1428 testamentum

155 1436 292 1470 habens
327 1436 438 1471 filium
472 1437 510 1471 in
545 1436 702 1472 eiusdem
736 1440 921 1482 potestate.
983 1448 1064 1473 cum
1098 1437 1251 1473 militare

156 1481 317 1523 desisset,
342 1484 445 1525 patre
470 1481 662 1527 eodemque
686 1492 752 1517 avo
777 1482 947 1518 defuncto
961 1483 1161 1528 quaesitum
1186 1486 1250 1524 est,

155 1536 203 1560 an
225 1530 411 1571 rumpetur
443 1526 517 1561 eius
548 1530 811 1562 testamentum.
860 1538 934 1563 non
965 1528 1107 1573 quidem
1139 1528 1249 1573 adop-

154 1571 244 1606 tavit
267 1581 333 1606 nec
358 1571 464 1606 hodie
488 1572 520 1606 ei
542 1576 648 1607 natus
662 1576 716 1607 est
739 1572 832 1607 filius
845 1583 911 1608 nec
928 1574 1047 1618 priore
1071 1573 1249 1608 subducto

155 1615 199 1651 de
221 1620 400 1661 potestate
424 1627 488 1652 suo
502 1617 633 1652 herede
645 1618 794 1652 ulterior
817 1619 990 1654 successit
1001 1618 1039 1653 in
1050 1619 1251 1663 proximum

153 1661 290 1696 locum:
325 1661 388 1696 sed
419 1665 539 1697 tamen
570 1663 607 1697 in
639 1666 818 1707 potestate
856 1673 923 1698 sua
953 1664 1087 1699 habere
1119 1665 1249 1708 coepit,

154 1717 260 1752 quem
291 1717 364 1742 non
394 1707 574 1742 habebat¹
609 1707 782 1753 simulque
812 1712 915 1753 pater
945 1708 1100 1744 familias
1131 1709 1250 1744 factus

155 1755 208 1786 est
233 1754 269 1786 et
282 1751 376 1787 filius
402 1752 468 1787 sub
495 1752 569 1788 eius
581 1753 729 1788 reccidit
745 1757 942 1805 potestate:
968 1758 1155 1799 rumpetur
1167 1765 1249 1798 ergo

152 1800 413 1832 testamentum.
462 1797 526 1832 sed
549 1798 579 1832 si
602 1798 706 1833 heres
731 1802 777 1833 sit
805 1799 991 1834 institutus
1023 1800 1079 1834 vel
1103 1799 1249 1835 exhere-

154 1842 259 1877 datus
283 1842 351 1877 iste
375 1842 450 1877 eius
474 1842 579 1885 filius,
604 1854 677 1878 non
701 1843 890 1888 rumpitur,
924 1845 1008 1889 quia
1031 1844 1127 1880 nullo
1154 1845 1251 1880 circa

153 1897 233 1922 eum
256 1897 347 1923 novo
371 1887 481 1929 facto,
517 1888 580 1923 sed
605 1888 728 1924 ordine
752 1889 906 1934 quodam
941 1890 1097 1924 naturali
1120 1894 1249 1925 nactus

153 1935 173 1967 2
222 1937 275 1967 est
306 1936 531 1977 potestatem.
588 1933 625 1968 Si
663 1934 740 1978 quis
773 1944 817 1969 ex
853 1938 952 1970 certa
983 1946 1096 1970 uxore
1126 1939 1250 1970 natum

152 1977 276 2013 scribit
298 1978 475 2020 heredem,
507 1978 544 2012 in
566 1978 763 2023 periculum
786 1980 973 2025 rumpendi
997 1984 1249 2016 testamentum

153 2026 172 2057 3
221 2022 363 2058 deducit
388 2034 431 2058 ex
455 2023 526 2058 alia
550 2024 725 2068 susceptis
749 2024 879 2059 liberis.
928 2025 967 2060 Si
990 2025 1068 2070 quis
1094 2036 1135 2061 eo
1160 2029 1248 2060 tem-

151 2078 248 2113 pore,
276 2079 346 2112 quo
371 2068 529 2103 nondum
561 2069 637 2104 eius
669 2079 760 2104 uxor
793 2080 869 2105 esse
899 2074 1041 2115 posset,
1075 2072 1250 2106 testator²

151 2115 298 2148 natum³
323 2123 367 2148 ex
391 2123 433 2148 ea
457 2114 599 2158 scripsit
623 2114 808 2157 heredem,
841 2125 887 2149 an
910 2119 1037 2160 postea
1062 2120 1247 2151 contracto

150 2158 248 2193 licito
262 2159 485 2194 matrimonio
499 2162 605 2194 natus
618 2160 722 2194 heres
743 2170 787 2195 ex
798 2163 1012 2196 testamento
1031 2171 1109 2196 esse
1122 2162 1247 2206 possit,

151 2203 350 2248 quaeritur:
383 2204 495 2238 ueluti
528 2204 560 2239 si
592 2205 728 2239 scribas
759 2205 866 2240 hodie
889 2205 1067 2248 heredem,
1101 2207 1160 2251 qui
1184 2207 1249 2242 tibi

151 2258 195 2283 ex
219 2248 316 2283 Titia
339 2253 445 2284 natus
470 2249 546 2291 erit,
581 2249 723 2294 quando
749 2250 845 2285 Titia
877 2251 1031 2286 ancilla⁴
1055 2252 1110 2286 vel
1134 2252 1249 2287 minor

150 2294 253 2328 annis
277 2293 399 2339 viginti
417 2294 571 2339 quinque
588 2305 641 2337 ea,
667 2295 768 2330 cuius
784 2299 887 2340 pater
910 2300 994 2331 tuus
1012 2297 1160 2332 tutelam
1184 2297 1246 2332 ad-

150 2339 360 2373 ministravit
385 2343 447 2374 aut
471 2343 569 2374 tutor
592 2344 632 2374 tu
655 2340 731 2384 ipse
754 2340 865 2383 fuisti,
890 2346 1017 2385 postea
1038 2342 1133 2377 Titia
1157 2353 1248 2378 uxor

149 2383 244 2419 iusta
267 2384 333 2419 tibi
361 2384 470 2419 fuerit
493 2385 548 2420 vel
577 2385 778 2420 libertatem
811 2386 942 2431 adepta
966 2388 1053 2422 aut-'²
1088 2390 1248 2432 tempore

149 2439 325 2464 annorum
356 2430 478 2475 viginti
510 2430 665 2475 quinque
698 2433 733 2465 et
756 2431 852 2466 utilis
888 2433 973 2467 anni
1005 2435 1040 2467 et
1069 2433 1247 2468 rationum

150 2474 378 2526 allegat-ione,
411 2485 457 2509 an
488 2480 595 2510 natus
620 2476 722 2510 heres
747 2485 825 2511 esse
848 2477 988 2521 possit?
1019 2488 1122 2513 nemo
1148 2482 1245 2513 certo

150 2519 328 2554 dubitabit
351 2530 395 2554 ex
408 2520 514 2562 Titia,
540 2531 632 2565 quae
648 2524 735 2555 tunc
751 2526 899 2566 propter
910 2524 1095 2557 tenorem‘³
1119 2524 1246 2559 aetatis

152 2574 240 2599 uxor
272 2565 355 2599 duci
385 2576 458 2600 non
488 2566 624 2610 potuit,
662 2566 802 2610 quando
840 2570 1093 2603 testamentum
1124 2568 1245 2611 fiebat,

149 2613 271 2644 natum
294 2614 422 2654 postea
446 2620 488 2645 ea
512 2621 623 2645 uxore
640 2610 749 2645 ducta
765 2611 932 2647 heredem
951 2623 1028 2647 esse
1051 2623 1170 2658 posse.
1211 2617 1247 2649 et

148 2655 359 2698 generaliter
393 2659 478 2690 nato
513 2659 597 2700 post
634 2659 888 2691 testamentum
922 2657 1067 2692 heredi⁷
1110 2659 1244 2704 scripto

149 2699 265 2734 aditus
292 2704 346 2735 est
369 2700 416 2734 ad
439 2701 683 2743 hereditatem,
707 2701 745 2735 in
769 2702 1020 2747 qualicumque
1052 2707 1149 2738 statu
1172 2707 1244 2739 tes-

149 2745 294 2780 tamenti
324 2744 480 2781 faciendi
510 2749 670 2791 tempore
701 2745 770 2780 fuit
794 2757 885 2790 quae
908 2751 1035 2792 postea
1058 2749 1245 2784 testatori⁸

149 2792 169 2823 4
218 2790 365 2825 civiliter
396 2794 509 2835 nupta
541 2796 606 2826 est.
663 2791 756 2835 Quid
788 2795 926 2834 autem,
959 2793 989 2828 si
1020 2793 1132 2829 filium
1162 2798 1245 2839 post

148 2838 400 2870 testamentum
424 2839 548 2871 natum
573 2847 617 2871 ex
639 2836 754 2879 besse,
779 2836 889 2872 filiam
921 2841 1041 2873 autem
1064 2842 1149 2883 post
1171 2842 1243 2874 tes-

148 2882 344 2915 tamentum
364 2885 485 2916 natam
510 2892 554 2916 ex
574 2881 702 2916 triente
719 2882 862 2926 scripsit
877 2883 1043 2918 heredem
1054 2894 1120 2919 nec
1132 2884 1244 2919 ullum

150 2925 358 2960 coheredem
383 2926 480 2962 dedit
503 2937 569 2961 nec
594 2927 779 2961 substituit
793 2927 943 2963 invicem
967 2928 1126 2964 alium⁹?
1149 2939 1242 2965 unus

149 2974 254 3004 natus
279 2971 375 3006 solus
402 2982 445 3006 ex
468 2975 681 3007 testamento
706 2972 747 3006 fit
770 2972 884 3007 heres.

194 3013 247 3052 29
272 3015 476 3051 SGAEVOLA
501 3017 591 3052 libro
615 3020 720 3052 sexto
745 3018 995 3063 quaestionum
1043 3018 1167 3053 Gallus
1191 3019 1243 3054 sic

148 3070 253 3104 posse
283 3061 422 3096 institui
453 3066 639 3106 postumos
679 3065 828 3107 nepotes
869 3062 1027 3098 induxit:
1070 3063 1120 3098 ‘Si
1148 3063 1242 3099 filius

149 3108 259 3141 ‘meus
276 3106 353 3141 vivo
372 3117 428 3141 me
444 3107 626 3149 morietur,
651 3110 738 3142 tunc
755 3107 785 3142 si
809 3107 887 3152 quis
908 3108 993 3143 mihi
1010 3119 1054 3144 ex
1071 3119 1112 3144 eo
1130 3119 1243 3154 nepos

150 3150 232 3185 ‘sive
257 3161 348 3195 quae
371 3152 487 3195 neptis
511 3155 594 3196 post
617 3155 767 3187 mortem
797 3163 913 3188 meam
936 3154 974 3188 in
998 3154 1120 3189 decem
1144 3164 1242 3189 men-

150 3195 258 3230 ‘sibus
290 3197 478 3240 proximis,
504 3197 633 3242 quibus
656 3197 750 3232 filius
778 3207 878 3233 meus
902 3202 1111 3242 moreretur,
1135 3202 1243 3234 natus

154 3242 165 3273 1
217 3243 314 3275 ‘nata
338 3242 415 3283 erit,
439 3242 589 3277 heredes
621 3243 751 3277 sunto'.
811 3242 961 3287 Quidam
992 3247 1090 3297 recte
1114 3244 1242 3279 admit-

148 3284 293 3320 tendum
318 3287 478 3329 credunt,
505 3287 644 3322 etiamsi
667 3298 739 3322 non
764 3288 940 3332 exprimat
963 3289 1008 3324 de
1030 3293 1144 3325 morte
1167 3289 1241 3332 filii,

151 3447 186 3482 (1)
213 3441 335 3473 habeat
346 3443 381 3475 F

490 3446 534 3485 (2)
559 3445 588 3477 si
602 3446 661 3488 qui
674 3457 713 3478 eo
772 3450 918 3479 testatur
932 3459 997 3481 scr.

151 3488 203 3517 tus
217 3486 253 3519 F

365 3489 406 3528 (4)
432 3489 478 3521 sit
490 3491 549 3522 ins.
674 3493 716 3533 (5)
741 3494 877 3535 peracto
891 3492 951 3526 imi.

150 3530 204 3562 uel
224 3531 388 3563 rationem
408 3534 469 3567 ins.
608 3536 650 3576 (¹1)
674 3536 795 3569 herede
817 3537 853 3570 F'
982 3538 1026 3579 (S)
1051 3539 1192 3570 testator
1212 3537 1247 3569 F

150 3576 195 3615 (9)
219 3575 364 3608 aliumve
375 3589 437 3610 scr.
567 3580 626 3622 (10)
652 3582 785 3622 possint
798 3583 834 3614 F
948 3586 1002 3618 (11)
1028 3585 1150 3624 nepote
1165 3584 1239 3615 dett.

150 3620 208 3671 (12)
234 3622 428 3663 conciperet
446 3635 509 3657 scr.
636 3627 694 3667 (13)
718 3625 959 3659 interdictione
979 3627 1016 3660 F
1121 3628 1178 3668 (14)
1203 3627 1240 3659 hi

150 3674 239 3696 emm
253 3676 349 3697 casus
410 3666 609 3700 admittendi
623 3669 694 3702 sint
709 3683 772 3704 non
784 3678 859 3704 sunt
872 3671 1052 3704 Scaevolae
1181 3674 1239 3713 (15)

150 3712 246 3741 antea
262 3710 352 3742 filius
365 3722 463 3753 quam
476 3725 537 3745 scr.
680 3719 738 3752 (16)
765 3716 816 3748 vel
829 3716 930 3748 etiam
950 3716 1059 3748 adhuc
1072 3716 1141 3749 illis
1154 3717 1242 3749 vivis

150 3753 331 3787 Scaevolae
343 3766 406 3788 non
418 3764 493 3789 sunt
573 3760 630 3796 (17)
657 3759 775 3792 melius
798 3761 859 3798 F¹‚
871 3763 905 3793 et
915 3760 1039 3793 mulius
1052 3763 1103 3793 1³²
1181 3764 1239 3799 (18)

1113 3449 1156 3489 (3)
1181 3458 1240 3479 na-

1086 3494 1131 3534 (6)
1155 3493 1240 3524 iuris

1249 138 1335 188 375

2180 142 2369 184 XXVIII
2401 145 2424 182 2

1328 264 1391 299 sed
1415 264 1621 317 simpliciter
1651 263 1833 305 instituat,
1865 268 1906 299 ut
1942 275 1982 299 eo
2008 275 2096 300 casu
2120 264 2258 306 valeat,
2296 265 2356 309 qui
2381 274 2422 302 ex

1329 311 1348 343 2
1396 310 1512 344 verbis
1525 308 1666 353 concipi
1677 308 1842 353 possitw.
1879 309 1977 344 Idem
1991 309 2206 345 credendum
2218 313 2274 344 est
2284 309 2424 344 Gallum

1328 354 1550 390 existimasse
1574 358 1610 390 et
1633 353 1678 389 de
1726 357 1909 398 ronepote,
1936 359 1974 389 ut
1990 355 2086 390 dicat
2104 358 2274 390 testator:
2301 354 2353 389 ‘Si
2369 366 2425 389 me

1328 399 1416 435 ‘vivo
1450 409 1562 445 nepos
1599 398 1685 434 dece
1712 403 1767 440 at,
1800 403 1887 433 tunc
1920 400 1980 443 qui
2012 410 2055 434 ex
2088 411 2129 435 eo
2161 400 2352 445 pronepos'
2390 405 2425 434 et

1328 447 1347 479 3
1397 449 1526 480 cetera.
1572 444 1643 479 Sed
1659 447 1695 479 et
1711 444 1741 479 si
1752 443 1830 479 vivo
1847 444 1919 479 filio
1932 444 2003 478 iam
2020 449 2158 480 mortuo
2172 449 2370 490 pronepote
2386 446 2424 487 ¹¹,

1328 490 1428 525 cuius
1444 500 1535 525 uxor
1550 499 1727 535 praegnas
1744 492 1847 531 esset,
1864 492 2118 524 testamentum
2134 490 2279 531 faceret,
2305 494 2425 535 potest

1327 534 1462 570 dicere:
1489 535 1540 570 ‘Si
1555 545 1611 569 me
1626 535 1703 569 vivo
1724 533 1817 569 filius
1838 534 1998 576 decedat,
2023 539 2109 570 tunc
2137 536 2197 580 qui
2222 535 2422 580 pronepos‘.

1326 583 1347 614 4
1394 580 1489 614 Num
1513 580 1544 615 si
1561 584 1596 615 et
1618 579 1712 614 filius
1730 584 1765 614 et
1788 590 1899 624 nepos
1919 580 2024 621 vivat,
2051 581 2239 624 concipere
2252 582 2280 602 ¹²
2304 581 2423 615 ‘utris-

1327 628 1408 669 ‘que
1431 626 1581 660 mortuis
1605 625 1683 660 vivo
1708 634 1757 666 se,
1783 628 1868 659 tunc
1893 624 1954 669 qui
1972 635 2152 669 pronepos
2176 626 2424 661 nasceretur'?

1326 670 1422 715 quod
1446 670 1606 705 similiter
1622 669 1882 704 admittendum
1898 673 1963 710 est,
1987 669 2039 704 ita
2062 680 2160 712 sane,
2186 671 2216 705 si
2236 671 2336 716 prius
2361 681 2423 706 ne-

1325 725 1403 759 pos,
1429 715 1554 750 deinde
1578 715 1671 750 filius
1697 714 1894 757 decederet,
1919 725 1964 749 ne
1981 715 2207 751 successione
2231 720 2422 751 testamen-

1325 764 1344 794 5
1394 765 1469 795 tum
1500 763 1736 805 rumperetur.
1792 760 1843 794 Et
1875 759 1959 804 quid
1991 760 2022 795 si
2055 763 2196 795 tantum
2231 761 2268 795 in
2299 761 2423 797 mortis

1324 805 1387 839 filii
1400 815 1522 840 casum
1540 805 1770 850 conciperet?
1789 805 1875 850 quid
1885 805 1976 840 enim
1993 805 2024 840 si
2034 815 2148 850 aquae
2159 809 2193 840 et
2208 806 2297 851 ignis
2313 807 2422 841 inter-

1324 850 1516 885 dictionem
1531 851 1558 871 ¹³
1574 851 1784 895 pateretur?
1811 850 1896 895 quid
1913 850 1943 885 si
1959 860 2083 895 nepos,
2104 860 2147 885 ex
2159 862 2229 895 quo
2243 862 2422 896 pronepos

1323 895 1588 937 institueretur,
1620 899 1661 930 ut
1692 895 1932 937 ostendimus,
1958 896 2203 940 emancipatus
2237 898 2354 931 esset?
2387 897 2423 931 hi

1324 940 1418 975 enim
1433 951 1538 976 casus
1552 944 1587 976 et
1599 951 1734 982 omnes,
1760 951 1804 976 ex
1821 941 1949 985 quibus
1962 951 2048 975 suus
2065 941 2166 976 heres
2179 945 2262 985 post
2274 946 2422 977 mortem

1324 986 1461 1021 scilicet
1484 986 1541 1021 avi
1563 990 1792 1027 nasceretur,
1824 996 1897 1021 non
1921 986 2101 1030 pertinent
2134 986 2180 1020 ad
2204 986 2315 1031 Iegem
2340 987 2421 1023 Vel-

1321 1031 1454 1066 laeam:
1480 1031 1543 1066 sed
1567 1041 1611 1066 ex
1635 1031 1811 1066 sententia
1834 1031 1920 1075 legis
1939 1031 2107 1066 Vellaeae
2132 1034 2167 1066 et
2190 1032 2279 1066 haec
2304 1034 2423 1067 omnia

1323 1076 1545 1111 admittenda
1577 1079 1679 1117 sunt,
1712 1080 1753 1110 ut
1784 1076 1830 1110 ad
1862 1076 2124 1111 similitudinem
2157 1076 2281 1111 mortis
2315 1079 2423 1113 ceteri

1324 1124 1344 1156 6
1393 1132 1499 1157 casus
1524 1121 1733 1156 admittendi
1758 1120 1879 1156 sint¹⁴.
1929 1121 2021 1165 Quid
2053 1122 2084 1156 si
2107 1122 2167 1166 qui
2191 1122 2302 1157 filium
2326 1124 2422 1168 apud

1321 1167 1444 1202 hostes
1460 1167 1619 1202 habebat
1635 1167 1855 1201 testaretur?
1880 1177 1991 1211 quare
2010 1177 2083 1202 nou
2107 1167 2291 1209 induxere,
2317 1173 2368 1210 ut,
2393 1170 2422 1203 si

1322 1215 1429 1247 antea
1453 1223 1560 1257 quam
1584 1212 1678 1246 filius
1692 1213 1720 1233 ¹⁵
1744 1212 1788 1246 ab
1814 1211 1977 1246 hostibus
2002 1212 2135 1247 rediret
2156 1212 2316 1257 quamvis
2339 1218 2423 1258 post

1321 1262 1471 1292 mortem
1494 1257 1607 1302 patris
1626 1256 1825 1299 decederet,
1850 1261 1937 1292 tunc
1950 1257 2076 1292 deinde
2100 1268 2211 1302 nepos
2236 1258 2292 1293 vel
2317 1258 2421 1294 etiam

1322 1303 1440 1338 adhuc
1465 1302 1533 1338 illis
1557 1302 1642 1337 vivis
1657 1303 1684 1323 ¹⁰
1707 1306 1790 1347 post
1806 1306 1956 1338 mortem
1974 1303 2110 1337 scilicet
2127 1303 2183 1337 avi
2202 1307 2421 1346 nasceretur,

1322 1359 1394 1383 non
1417 1348 1623 1393 rumperet?
1646 1357 1729 1382 nam
1753 1348 1812 1382 hic
1831 1358 1936 1383 casus
1954 1347 2000 1382 ad
2025 1348 2135 1392 legem
2151 1347 2333 1383 Vellaeam
2350 1360 2421 1384 non

1321 1393 1485 1438 pertinet.
1532 1393 1659 1428 melius
1672 1394 1699 1414 ¹⁷
1724 1403 1805 1437 ergo
1831 1397 1904 1435 est,
1936 1397 1977 1428 ut
2007 1392 2044 1427 in
2073 1393 2245 1428 eiusmodi
2270 1394 2423 1429 utilitate

1320 1438 1531 1484 praesertim
1580 1441 1637 1473 ost
1655 1438 1766 1482 legem
1783 1437 1976 1481 Vellaeam,
1995 1449 2087 1482 quae
2111 1442 2147 1473 et
2167 1439 2297 1474 multos
2315 1450 2421 1475 casus

1320 1483 1508 1529 rumpendi
1532 1450 1697 1525 abstulit,
1730 1483 1975 1528 interpretatio
2002 1483 2211 1519 admittatur
2224 1485 2269 1526 ¹⁸,
2303 1489 2344 1519 ut
2367 1485 2420 1519 in-

1321 1530 1473 1564 stituens
1500 1532 1685 1574 nepotem,
1721 1529 1781 1573 qui
1805 1529 1873 1564 sibi
1896 1532 1978 1574 post
2002 1533 2151 1564 mortem
2183 1529 2274 1564 suus'
2293 1540 2419 1565 nasce-

1320 1578 1428 1616 retur,
1454 1578 1553 1609 recte
1567 1573 1765 1609 instituisse
1780 1574 1955 1616 videatur,
1976 1574 2259 1619 quibuscumque
2278 1575 2420 1611 casibus

1320 1630 1431 1664 nepos
1466 1623 1551 1671 post
1585 1622 1734 1654 mortem
1769 1623 1876 1655 natus
1917 1630 2003 1655 suus
2041 1623 2135 1654 esset
2169 1623 2420 1665 rumperetque

1320 1668 1554 1728 praetentus:
1581 1668 1689 1708 atque
1714 1664 1820 1716 etiam
1843 1665 1874 1700 si
1896 1664 2118 1725 generaliter,
2145 1665 2328 1717 ‘quidquid
2351 1666 2420 1701 sibi

1331 1710 1525 1745 liberorum
1549 1713 1673 1744 natum
1706 1713 1772 1744 er1t
1807 1712 1891 1754 post
1914 1714 2063 1745 mortem
2106 1714 2169 1745 aut
2194 1713 2420 1756 ‘quicumque

1321 1758 1339 1789 7
1389 1758 1507 1790 ‘natus
1521 1754 1638 1789 fuerit’
1653 1755 1700 1790 sit
1711 1755 1906 1798 institutus,
1933 1755 1999 1790 ¹⁹si
2019 1765 2105 1790 suus
2118 1759 2335 1790 nasceretur.
2383 1756 2420 1792 Si

1321 1800 1416 1843 eius,
1448 1800 1509 1845 qui
1531 1800 1644 1834 filium
1674 1800 1808 1835 habeat
1843 1804 1878 1835 et
1911 1804 2076 1845 nepotem
2101 1811 2145 1835 ex
2177 1811 2218 1835 eo
2243 1800 2419 1844 instituat,

1320 1856 1432 1880 nurus
1456 1855 1634 1890 praegnas
1660 1845 1705 1880 ab
1730 1845 1894 1881 hostibus
1915 1849 2023 1890 capta
2046 1846 2093 1880 sit
2115 1845 2234 1890 ibique
2250 1846 2328 1881 vivo
2353 1857 2418 1891 pa-

1319 1891 1399 1933 riat,
1425 1901 1509 1925 mox
1532 1891 1592 1925 ille
1615 1893 1699 1934 post
1721 1894 1871 1925 mortem
1922 1891 2010 1925 atris
2035 1894 2142 1935 atque
2163 1891 2219 1925 avi
2242 1891 2366 1926 redeat
2377 1893 2418 1934 ²⁰,

1319 1940 1439 1971 utrum
1471 1936 1529 1971 hic
1562 1945 1667 1970 casus
1692 1935 1738 1970 ad
1768 1936 1880 1980 legem
1938 1936 2086 1971 ellaeam
2110 1936 2280 1980 respiciat
2303 1946 2349 1971 an
2374 1937 2420 1971 ad

1318 1981 1374 2016 ius
1400 1981 1586 2026 antiquum
1610 1981 1790 2025 aptandus
1815 1981 1861 2015 sit
1884 1981 2067 2026 possitque
2090 1981 2202 2016 velex
2225 1981 2303 2017 iure
2327 1982 2418 2016 anti-

1320 2037 1389 2071 quo
1414 2027 1469 2061 vel
1494 2036 1537 2061 ex
1562 2026 1707 2060 Vellaea
1737 2026 1922 2061 institutus
1955 2036 2028 2061 non
2059 2027 2250 2070 rumpere?
2282 2027 2378 2072 quod
2389 2028 2418 2049 2¹

1320 2070 1563 2116 quaerendum
1587 2074 1651 2113 est,
1685 2071 1716 2106 si
1738 2071 1810 2105 iam
1834 2075 1975 2107 mortuo
2011 2071 2084 2106 filio
2108 2075 2341 2116 pronepotem
2365 2073 2417 2106 in-

1319 2117 1446 2151 stituat
1469 2116 1663 2160 redeatque
1694 2120 1844 2152 mortuo.
1894 2117 1957 2152 sed
1991 2127 2071 2152 cum
2095 2120 2347 2152 testamentum
2372 2114 2419 2153 aB

1320 2171 1361 2197 eo
1386 2172 1459 2197 non
1482 2161 1670 2206 rumpitur,
1695 2162 1782 2196 nihil
1806 2161 1926 2204 refert,
1959 2165 2079 2196 utrum
2103 2172 2146 2196 ex
2171 2162 2247 2196 iure
2271 2163 2417 2207 antiquo

1320 2209 1338 2241 8
1387 2217 1434 2242 an
1470 2216 1515 2241 ex
1545 2207 1622 2251 lege
1654 2206 1800 2242 Vellaea
1834 2207 2047 2242 excludatur
2058 2207 2097 2242 ²2.
2153 2207 2322 2242 Forsitan
2353 2208 2416 2243 ad-

1319 2252 1458 2287 dubitet
1482 2252 1572 2297 quis,
1598 2262 1645 2286 an
1668 2252 1746 2287 istis
1772 2252 1915 2288 casibus
1933 2253 1963 2287 si
1987 2262 2031 2287 ne
2058 2263 2097 2287 os
2118 2256 2202 2297 post
2224 2256 2416 2288 testamen-

1318 2301 1394 2332 tum
1418 2301 1590 2332 nascatur
1612 2297 1690 2332 vivo
1715 2301 1818 2341 patre
1843 2308 1919 2340 suo,
1946 2297 2026 2333 dein
2054 2308 2072 2332 e
2102 2307 2145 2332 ex
2169 2308 2210 2332 eo
2237 2298 2416 2343 concipia-

1317 2346 1387 2385 tur,
1412 2342 1514 2387 isque
1537 2343 1615 2377 vivo
1636 2346 1742 2394 patre
1775 2342 1903 2378 deinde
1927 2353 1992 2378 avo
2003 2343 2034 2363 ²³
2066 2346 2247 2384 nascatur,
2273 2352 2321 2377 an
2344 2354 2417 2378 non

1316 2388 1475 2433 potuerit
1497 2387 1600 2422 heres
1633 2387 1789 2429 institui,
1824 2388 1907 2432 quia
1938 2392 2041 2433 pater
2070 2387 2182 2432 ipsius
2214 2398 2287 2422 non
2318 2392 2417 2424 recte

1316 2433 1500 2468 institutus
1533 2436 1638 2468 esset.
1698 2433 1794 2477 quod
1827 2433 1969 2468 minime
2004 2436 2059 2467 est
2090 2433 2414 2477 expavescendum:

1315 2478 1374 2514 hic
1400 2478 1493 2512 enim
1518 2488 1603 2513 suus
1620 2478 1723 2513 heres
1740 2478 1903 2513 nascitur
1920 2482 1955 2513 et
1978 2482 2061 2522 post
2077 2481 2226 2512 mortem
2243 2479 2414 2514 nascitur.

1316 2526 1337 2558 9
1384 2523 1480 2568 Ergo
1507 2527 1541 2558 et
1565 2523 1596 2558 si
1606 2523 1636 2544 ²⁴
1668 2534 1780 2568 prone
1808 2534 1848 2558 os
1880 2523 2097 2564 admittetur,
2133 2523 2193 2567 qui
2216 2527 2323 2558 natus
2350 2523 2416 2559 erit

1316 2578 1360 2603 ex
1383 2579 1428 2603 ne
1456 2571 1515 2603 ote
1530 2572 1658 2613 postea
1675 2568 1752 2603 vivo
1797 2569 1856 2610 lio,
1881 2572 1988 2612 atque
2012 2568 2041 2602 si
2066 2578 2109 2602 ex
2126 2577 2167 2603 eo
2184 2571 2292 2603 natus
2310 2572 2415 2612 esset,

1318 2617 1358 2648 10
1393 2623 1414 2648 a
1441 2617 1588 2658 optatur
1597 2614 1639 2648 ²⁵.
1668 2614 1711 2647 In
1724 2614 1887 2648 omnibus
1900 2614 1955 2648 his
1969 2613 2157 2657 speciebus
2169 2612 2258 2647 illud
2269 2623 2413 2649 servan-

1315 2658 1400 2693 dum
1423 2662 1489 2701 est,
1522 2662 1564 2693 ut
1573 2659 1605 2680 ²⁶
1628 2658 1721 2693 filius
1747 2658 1956 2700 dumtaxat,
1993 2658 2054 2703 qui
2086 2662 2141 2692 est
2163 2658 2200 2692 in
2223 2662 2413 2703 potestate,

1315 2714 1360 2739 ex
1383 2704 1503 2748 aliqua
1526 2707 1629 2749 parte
1653 2704 1699 2738 sit
1720 2704 1824 2738 heres
1848 2704 2052 2738 institutus:
2085 2713 2169 2738 nam
2192 2703 2328 2739 frustra
2353 2715 2413 2740 ex-

1313 2749 1544 2784 heredabitur
1582 2752 1667 2793 post
1701 2752 1851 2783 mortem
1890 2759 2011 2783 suam:
2055 2748 2152 2793 quod
2162 2749 2191 2769 2⁷
2226 2759 2301 2784 non
2336 2760 2415 2785 esse

1313 2794 1517 2829 necessario
1540 2793 1579 2828 in
1603 2803 1644 2828 eo
1668 2793 1754 2836 filio,
1787 2794 1847 2838 qui
1871 2793 1968 2838 apud
1990 2794 2112 2829 hostes
2137 2796 2200 2835 est,
2226 2794 2256 2829 si
2278 2794 2329 2829 ibi
2353 2795 2413 2830 de-

1314 2839 1420 2874 cedat
1444 2843 1479 2873 et
1494 2838 1531 2873 in
1552 2842 1682 2882 nepote
1701 2842 1796 2874 certe
1814 2842 1850 2873 et
1867 2842 2074 2884 pronepote,
2100 2849 2250 2883 quorum
2267 2841 2298 2874 si
2312 2839 2414 2875 liberi

1312 2883 1461 2919 heredes
1473 2883 1719 2925 instituantur,
1744 2883 2002 2919 institutionem
2014 2894 2209 2929 numquam
2222 2884 2412 2928 exigemus,

1318 2932 1353 2963 11
1412 2929 1496 2973 quia
1526 2932 1680 2973 possunt
1709 2929 1906 2973 praeteriri.
1953 2929 2060 2965 Nunc
2084 2929 2129 2964 de
2159 2929 2236 2974 lege
2266 2929 2412 2965 Vellaea

1312 2973 1504 3008 videamus.
1538 2973 1649 3008 voluit
1661 2973 1745 3008 vivis
1758 2974 1862 3009 nobis
1874 2977 1979 3009 natos
1992 2974 2153 3009 similiter
2164 2985 2237 3009 non
2249 2984 2412 3019 rumpere

1316 3021 1356 3053 12
1404 3021 1667 3053 testamentum.
1701 3020 1749 3053 Et
1764 3019 1902 3054 videtur
1925 3020 2078 3064 primum
2095 3024 2204 3064 caput
2228 3030 2288 3055 eos
2309 3030 2411 3065 spec-

1311 3067 1401 3106 tare,
1438 3063 1509 3108 qui,
1537 3074 1617 3098 cum
1633 3068 1878 3107 nascerentur,
1904 3065 1959 3099 sui
1979 3065 2128 3100 heredes
2151 3065 2264 3099 futuri
2281 3068 2409 3099 essent.

1313 3111 1348 3144 et
1371 3118 1469 3153 rogo,
1495 3108 1526 3143 si
1548 3108 1660 3143 filium
1683 3108 1818 3144 habeas
1851 3113 1886 3144 et
1910 3114 2075 3155 nepotem
2106 3110 2264 3144 nondum
2287 3113 2410 3144 natum

1311 3157 1452 3188 tantum
1477 3163 1521 3188 ex
1545 3163 1586 3188 eo
1611 3153 1778 3189 heredem
1801 3154 1979 3197 instituas,
2004 3155 2098 3189 filius
2125 3154 2294 3195 decedat,
2327 3164 2409 3188 mox

1311 3198 1389 3234 vivo
1414 3201 1450 3233 te
1474 3208 1586 3243 nepos
1610 3200 1806 3234 nascatur?
1839 3210 1882 3235 ex
1905 3200 2021 3235 verbis
2047 3199 2233 3235 dicendum
2259 3202 2312 3233 est
2337 3208 2409 3249 non

1310 3243 1428 3288 rumpi
1451 3246 1713 3286 testamentum,
1745 3248 1786 3279 ut
1809 3255 1881 3280 non
1905 3246 2018 3280 solum
2042 3245 2130 3280 illud
2153 3244 2266 3288 primo
2292 3246 2409 3287 caplte

1311 3288 1500 3331 notaverit,
1534 3288 1565 3323 si
1588 3299 1712 3333 nepos,
1745 3290 1805 3335 qui
1830 3300 1870 3325 eo
1895 3294 2054 3335 tempore
2085 3290 2303 3329 instituatur,
2337 3297 2407 3332 quo

1311 3446 1512 3479 admittetur
1530 3447 1565 3479 F
1699 3454 1757 3488 (19)
1790 3452 1882 3481 recte
1906 3449 1955 3480 ita
1975 3448 2127 3479 videatur
2146 3446 2323 3478 institutus
2345 3446 2402 3478 ins.

1311 3492 1375 3532 (20)
1394 3489 1511 3532 ibique
1523 3492 1600 3524 vivo
1611 3502 1672 3525 avo
1681 3493 1792 3536 pariat
1805 3497 1881 3536 post
1890 3496 2028 3524 mortem
2042 3492 2161 3534 patris,
2174 3501 2250 3522 mox
2262 3490 2320 3522 ille
2329 3493 2406 3533 post

1311 3536 1365 3568 avi
1379 3535 1493 3568 redeat
1504 3549 1568 3571 scr.
1686 3540 1745 3580 (21)
1771 3538 1851 3570 item
1866 3539 1924 3571 ins.
2043 3539 2104 3577 (22)
2131 3535 2327 3567 excludatur
2340 3535 2403 3568 del.

1311 3586 1373 3620 (23)
1399 3581 1475 3613 vivo
1488 3586 1583 3624 patre
1604 3582 1724 3615 deinde
1737 3584 1811 3624 avo]
1827 3584 1899 3615 vivo
1912 3585 2004 3625 patre
2026 3581 2183 3613 defuncto
2197 3591 2269 3618 avo,
2283 3579 2405 3611 deinde

1309 3629 1416 3669 patre,
1431 3626 1549 3659 deinde
1562 3638 1685 3670 proavo
1698 3641 1760 3662 scr.
2009 3628 2069 3666 (24)
2095 3627 2124 3657 is
2146 3625 2402 3658 Asuelzlenbruch

1311 3671 1559 3749 (²5)d¹²<(11⁰{}²8t0
1573 3673 1721 3706 stancke
1792 3675 1853 3713 (26)
1880 3679 1913 3704 et
1927 3675 1986 3705 ins.
2001 3671 2053 3703 F²
2123 3673 2184 3710 (27)
2211 3680 2276 3712 quo
2289 3669 2324 3701 id
2338 3669 2405 3710 F¹‚

1311 3726 1376 3757 quo
1414 3727 1423 3746 1
