2528 3918
120 107 183 165 im
210 132 431 164 notionum
458 132 655 165 Possnss.

120 247 186 282 est.
221 243 284 280 sed
301 243 422 280 sinon
447 246 625 287 caveatur,
650 243 819 280 adversus
844 242 1040 288 municipes
1065 243 1206 289 quidem

120 300 193 327 non
216 288 452 325 dubitavimus
483 300 528 326 ex
555 290 625 325 hoc
656 288 772 324 edicto
803 288 848 323 iri
878 288 915 323 in
945 289 1207 334 possessionem

120 343 244 381 posse:
282 334 381 380 ipsos
411 345 495 370 vero
525 334 739 380 municipes,
772 333 804 370 si
834 333 891 369 his
920 344 993 369 non
1026 338 1205 377 caveatur,

120 390 194 416 non
215 378 332 415 idem¹
356 379 610 417 adsecuturos:
642 379 707 416 sed
735 378 1018 415 extraordinario
1049 379 1205 416 remedio

120 435 211 471 opus
235 424 313 468 erit,
341 425 506 461 videlicet
526 428 568 461 ut
589 425 733 461 decreto
755 426 933 471 praetoris
958 429 1060 461 actor
1083 435 1207 461 eorum

119 471 156 507 in
205 470 442 506 ossessionem
464 470 638 506 mittatur.

194 513 218 553 3
265 515 549 552 Oazzlsrmrvs
588 515 680 552 libro
722 515 827 550 tertio
870 514 980 551 edicti
1023 515 1209 551 monitorii

119 561 286 606 Quamvis
315 560 463 596 minima
490 570 548 597 res
576 561 694 606 legata
722 560 770 596 sit
791 559 847 595 vel
870 569 934 605 per
956 559 1205 597 fideicommis-

119 617 198 642 sum
227 606 370 650 relicta,
403 610 540 650 tamen,
571 605 604 643 si
634 617 708 642 nou
739 605 899 642 solvatur
928 606 974 641 ab
998 606 1129 643 herede
1151 606 1207 642 vel

119 662 162 687 eo
185 652 328 687 nomine
353 655 532 695 caveatur,
557 662 639 687 cum
663 651 782 687 caveri
805 653 982 696 oporteat,
1007 652 1044 686 in
1061 661 1205 697 posses-

118 698 254 733 sionem
263 698 278 719 2
297 697 454 732 omnium
468 697 656 740 bonorum,
674 706 766 741 quae
782 706 827 732 ex
841 706 885 732 ea
899 697 1096 733 hereditate
1111 700 1206 739 sunt,

117 742 328 788 legatarium
350 743 425 779 sive
447 742 814 779 fideicommissariam
837 745 985 787 praetor
1009 743 1208 788 legatorum

117 787 372 824 servandorum
396 798 508 824 causa
529 788 649 824 mittit.

167 832 218 870 14
241 833 375 869 LABEO
402 833 494 870 libro
516 834 674 870 secundo
692 834 939 880 posteriorum
964 834 1012 868 a³
1034 832 1207 868 Iavoleno

117 880 391 925 epitomatorum
428 878 528 924 Quae
547 879 746 924 legatorum
767 878 1021 915 servandorum
1040 888 1152 914 causa
1170 878 1209 913 in

117 924 221 961 bonis
245 928 311 967 est,
341 924 379 960 in
403 934 515 960 causa
536 924 703 961 vescendi
726 924 916 967 deminuet,
940 924 972 960 si
994 923 1068 959 filia
1090 924 1208 969 neptis

116 969 301 1016 proneptis
324 980 459 1006 uxorve
483 973 578 1007 esset
600 980 667 1006 nec
691 973 806 1016 nupta
829 970 877 1005 sit
898 979 965 1005 nec
985 980 1090 1005 suum
1109 968 1207 1015 quic-

117 1025 225 1061 quam
246 1015 389 1051 habeat.

166 1059 217 1098 15
259 1059 428 1097 VALENs⁴
468 1060 560 1096 libro
597 1061 748 1110 septimo
786 1061 967 1096 actionum
1024 1059 1208 1096 Interdum

1195 115 1282 179 543

2099 119 2309 163 XXXVII
2340 123 2359 163 1

1273 242 1359 278 licet
1382 241 1464 277 dolo
1487 240 1581 276 malo
1606 240 1732 276 fecerit
1754 242 1867 286 heres,
1893 252 1963 287 quo
1984 242 2100 279 minus
2117 251 2176 278 res
2195 242 2235 278 in
2253 252 2365 278 causa

1273 287 1491 323 hereditaria
1520 290 1705 329 maneant,
1745 298 1818 322 non
1848 288 2006 333 poterit⁵
2033 288 2071 323 in
2101 287 2362 334 possessionem

1275 343 1398 369 earum
1427 332 1622 378 legatarius
1646 332 1754 375 mitti,
1786 333 1896 368 veluti
1927 333 1983 369 si⁶
2010 333 2131 369 locum
2159 333 2364 379 religiosum

1274 378 1401 414 fecerit
1424 381 1488 414 aut
1510 376 1595 423 quid
1618 377 1760 422 publice
1785 378 2047 414 consecraverit
2094 379 2269 415 ermissu⁷
2293 379 2362 414 sci-

1273 424 1359 460 licet
1387 422 1614 468 imperatoris
1641 426 1705 458 aut
1727 423 1882 468 aliquem
1906 434 1978 458 non
2000 425 2038 459 in
2077 424 2225 459 raudem
2249 423 2362 460 credi—

1273 469 1363 505 toris
1386 468 1632 504 manumiserit
1641 469 1666 503 ⁸.

1323 512 1375 552 16
1401 539 2033 550 ...........................
2069 514 2138 549 *Si
2154 514 2270 550 Titius
2290 524 2364 550 ser-

1274 561 1388 595 *vum
1417 558 1558 595 Maevio
1587 559 1684 604 legat
1715 558 1782 594 sub
1814 558 2024 594 condicione
2055 563 2092 594 et
2120 559 2233 595 eidem
2264 569 2365 595 servo

1274 604 1536 651 *Sempronius
1561 604 1628 640 sub
1653 603 1864 639 condicione
1891 604 2005 648 legat,
2037 604 2214 649 pendente
2244 604 2364 641 condi-

1274 651 1408 686 *cione
1431 654 1585 694 utraque
1609 649 1655 685 ab
1679 649 1811 685 herede
1834 648 2034 694 Sempronii
2056 653 2130 684 tam
2154 650 2239 685 Titii
2262 651 2365 686 heres

1275 697 1412 742 *quam
1434 695 1597 731 Maevius
1620 695 1698 731 iure
1721 694 1992 730 satisdationem
2015 695 2211 739 postulant.

1324 740 1483 779 17....
1910 767 2038 776 ......
2074 740 2365 786 *Sifilioquiin

1276 788 1486 866 :potestatg
1516 789 1631 866 est-ad.
1655 788 1761 839 patre
1789 785 1920 821 herede
1948 785 2113 865 ἱιιεὲὶἑιιὺο
2142 786 2272 866 legatfii
2283 786 2367 820 data

1276 834 2366 919 ===⁸¹3¹&ssseiastismfflfflffii'ssffit?cur5t0ss⁰33>i12t1tu¹231¹3

1276 924 1296 946 *
1330 934 1373 959 us
1398 925 1453 958 est
1474 932 1595 958 rerum
1618 921 1692 958 filio
1711 922 1918 957 relictarum
1936 921 1998 966 ita,
2022 925 2064 956 ut
2085 921 2222 957 reditus
2247 932 2367 956 earum

1275 968 1447 1014 *utrique
1469 970 1649 1013 praestet:
1675 971 1740 1002 aut
1763 967 1794 1003 si
1817 967 1993 1013 pecuniae
2010 977 2150 1003 summa
2166 966 2283 1012 legata
2303 970 2367 1009 est,

1276 1013 1472 1060 *princeps
1497 1012 1684 1048 adeundus
1708 1016 1774 1049 est.

788 1655 968 1706 LIBER
998 1653 1358 1705 TRIGESIMUS
1389 1654 1694 1706 SEPTIMUS.

631 1785 687 1825 1⁹.

305 1853 369 1886 DE
392 1851 615 1886 BONORUM
636 1850 1019 1886 POSSESSIONIBUS.

166 1918 185 1957 1
220 1918 416 1956 Urmivvs
435 1919 526 1955 libro
551 1919 734 1965 triqesimo
757 1928 854 1954 nono
878 1917 929 1953 ad
949 1917 1104 1953 edictum
1135 1917 1207 1952 Bo-

117 1976 244 2001 norum
278 1964 458 2010 possessio
494 1963 651 2000 admissa
686 1963 873 2000 commoda
911 1966 948 1999 et
983 1962 1210 1998 incommoda

116 2009 332 2047 hereditaria
367 2010 523 2063 itemque
561 2009 755 2045 dominium
791 2019 930 2052 rerum,
965 2018 1058 2054 quae
1085 2008 1124 2043 in
1153 2007 1209 2043 his

116 2056 220 2092 bonis
244 2058 339 2099 sunt,
364 2055 508 2092 tribmt:
533 2065 618 2090 nam
636 2055 727 2091 haec
747 2055 868 2091 omnia
886 2054 991 2090 bonis
1015 2056 1100 2090 sunt
1122 2063 1208 2089 con-

116 2102 251 2138 iuncta.

163 2145 188 2184 2
213 2148 317 2182 IDEM
346 2146 438 2183 libro
470 2148 602 2192 quarto
626 2145 762 2182 decimo
786 2145 836 2181 ad
858 2145 1014 2181 edictum
1060 2145 1103 2180 In
1133 2155 1208 2180 om-

117 2193 222 2275 ssibus
252 2191 345 2227 enim
373 2191 450 2228 vice
482 2190 653 2227 heredum
683 2191 862 2227 bonorum
892 2200 1120 2237 possessores
1143 2190 1208 2225 ha-

144 2242 258 2273 entur.

163 2281 187 2322 3
219 2283 327 2319 Imm
352 2282 444 2318 libro
475 2282 659 2328 triqesimo
691 2292 787 2317 nono
819 2282 870 2317 ad
900 2281 1055 2318 edictum
1106 2281 1211 2316 Bona

117 2333 236 2365 autem
258 2328 336 2370 hic,
360 2329 441 2362 ut²⁰
463 2327 672 2381 plerumque
694 2327 850 2364 solemus
873 2326 1009 2369 dicere,
1037 2327 1091 2361 ita
1114 2326 1210 2362 acci-

116 2374 247 2420 pienda
263 2374 383 2409 sunt¹¹
398 2373 640 2409 universitatis
657 2373 830 2427 cuiusque
847 2373 1122 2415 successionem,
1138 2382 1211 2417 qua

116 2419 322 2456 succeditur
336 2419 374 2454 in
387 2418 444 2454 ius
461 2418 638 2454 demortui
655 2418 921 2471 suscipiturque
944 2418 1020 2454 eius
1043 2417 1096 2453 rei
1111 2427 1207 2453 com-

116 2466 262 2502 modum
275 2468 312 2500 et
332 2463 616 2500 incommodum:
640 2474 725 2500 nam
738 2474 811 2500 sive
827 2463 995 2500 solvendo
1010 2466 1095 2499 sunt
1112 2463 1210 2498 bona

117 2511 190 2547 sive
206 2522 279 2546 non
292 2513 378 2546 sunt
389 2509 428 2554 ¹2,
453 2509 527 2545 sive
543 2509 712 2545 damnum
726 2509 863 2545 habent
879 2509 952 2545 sive
965 2509 1116 2551 lucrum,
1136 2508 1209 2544 sive

116 2556 154 2592 in
184 2556 395 2602 corporibus
425 2558 511 2590 sunt
542 2555 615 2590 sive
643 2555 681 2590 in
711 2555 933 2597 actionibus,
965 2555 1004 2590 in
1034 2554 1104 2590 hoc
1127 2553 1206 2589 loco

119 2606 135 2638 1
184 2602 330 2648 proprie
359 2601 457 2636 bona
491 2600 779 2653 appellabuntur.
832 2599 1051 2636 Hereditatis
1089 2602 1208 2634 autem

116 2648 335 2683 bonorumve
346 2647 376 2668 ¹³
398 2655 597 2691 possessio,
629 2648 671 2681 ut
692 2645 816 2681 Labeo
840 2645 984 2688 scribit,
1011 2655 1086 2681 non
1113 2644 1168 2680 uti
1182 2645 1208 2665 ¹⁴

117 2703 237 2728 rerum
253 2692 433 2738 possessio
455 2690 666 2736 accipienda
689 2695 763 2727 est:
789 2694 844 2727 est
866 2691 960 2727 enim
983 2690 1071 2726 iuris
1095 2690 1207 2735 magis

118 2748 224 2784 quam
241 2737 402 2783 corporis
417 2736 608 2783 possessio.
645 2736 797 2781 denique
821 2736 888 2772 etsi
910 2736 999 2771 nihil
1022 2735 1208 2781 corporale

118 2787 173 2820 est
182 2784 211 2805 ¹⁸
232 2783 271 2818 in
292 2782 501 2825 hereditate,
526 2784 684 2817 attamen
705 2785 804 2817 recte
827 2781 902 2817 eius
925 2781 1100 2817 bonorum
1123 2791 1206 2826 pos-

120 2832 140 2865 2
187 2829 380 2864 sessionem
413 2827 594 2873 adgnitam
625 2827 750 2863 Labeo
778 2827 840 2863 ait.
887 2826 1071 2863 Bonorum
1100 2826 1208 2871 igitur

117 2873 379 2920 possessionem
409 2873 463 2909 ita
497 2876 596 2908 recte
632 2871 840 2909 definiemus
876 2872 932 2908 ius
971 2871 1208 2924 persequendi

118 2918 366 2964 retinendique
388 2918 595 2964 patrimonii
618 2917 691 2954 sive
714 2918 785 2962 rei,
811 2928 904 2964 quae
927 2927 1100 2963 cmusque
1124 2927 1206 2952 cum

119 2968 138 3001 3
185 2964 336 3000 moritur
358 2963 438 2999 fuit.
485 2963 599 2999 Invito
624 2967 745 2999 autem
767 2964 901 3000 nemini
923 2963 1100 2999 bonorum
1122 2972 1205 3014 pos-

119 3014 141 3045 4
187 3010 299 3046 sessio
330 3009 542 3055 adquiritur.
588 3009 622 3044 A
651 3009 889 3055 municipibus
914 3012 950 3045 et
974 3008 1207 3044 societatibus

106 3059 156 3102 ‘et
170 3055 325 3091 decuriis
341 3059 377 3091 et
398 3054 608 3100 corporibus
632 3054 808 3090 bonorum
830 3054 1012 3100 possessio
1037 3052 1207 3098 adgnosci

119 3104 249 3145 potest.
295 3100 445 3146 proinde
476 3100 549 3136 sive
580 3103 683 3135 actor
711 3110 835 3136 eorum
867 3099 1007 3135 nomine
1043 3098 1208 3134 admittat

120 3146 193 3181 sive
222 3146 301 3191 quis
333 3146 444 3188 alius,
475 3148 574 3181 recte
604 3148 783 3190 competet
805 3145 982 3181 bonorum
1004 3144 1204 3189 possessio:

121 3191 185 3226 sed
201 3194 237 3226 et
255 3191 285 3226 si
307 3201 411 3227 nemo
434 3194 534 3236 petat
556 3190 612 3225 vel
635 3190 843 3235 adgnoverit
865 3191 1042 3226 bonorum
1064 3199 1206 3235 posses-

121 3236 256 3272 sionem
266 3236 406 3272 nomine
418 3234 611 3280 municipii,
627 3235 776 3272 habebit
787 3235 1019 3281 municipium
1030 3235 1207 3271 bonorum

123 3285 141 3316 5
188 3281 449 3326 possessionem
473 3281 650 3327 praetoris
675 3280 804 3317 edicto.
839 3280 930 3316 Dari
953 3284 1071 3317 autem
1093 3281 1207 3316 bono-

121 3337 201 3361 rum
228 3326 406 3371 possessio
438 3329 559 3372 potest
590 3329 665 3361 tam
719 3326 806 3362 atris
835 3325 989 3362 familias
1014 3336 1122 3371 quam
1144 3325 1207 3360 filii

122 3370 286 3414 familias,
309 3371 341 3406 si
353 3371 459 3407 modo
482 3371 538 3408 ius
562 3337 718 3407 testandi
741 3371 869 3407 habuit
892 3371 937 3407 de
961 3371 1103 3416 peculio
1128 3380 1206 3406 cas-

123 3421 143 3452 6
188 3416 301 3451 trensi
322 3416 378 3452 vel
399 3417 502 3461 quasi
524 3417 710 3453 castrensi.
756 3415 829 3453 Sed
851 3419 888 3451 et
910 3417 1003 3460 eius,
1028 3417 1089 3462 qui
1112 3416 1209 3462 apud

123 3463 242 3497 hostes
267 3460 430 3504 decessit,
453 3461 628 3498 bonorum
646 3462 908 3508 possessionem
927 3461 1067 3497 admitti
1089 3472 1207 3507 posse,

124 3577 163 3617 (1)
188 3575 316 3607 videam
330 3575 394 3616 ΙΝ,
405 3573 514 3608 videm
526 3575 576 3609 ΙΨο
638 3579 680 3617 (2)
704 3575 909 3619 possessione
923 3576 959 3608 F
1011 3576 1055 3618 (3)
1078 3586 1099 3608 a
1111 3588 1170 3609 om.
1182 3576 1217 3608 F

125 3625 164 3660 (4)
190 3619 374 3654 Venuleius
383 3620 532 3664 Krueqer
586 3623 628 3663 (5)
653 3621 823 3664 pateritF
869 3624 912 3664 (6)
936 3620 1017 3653 inF
1065 3622 1109 3663 (7)
1132 3631 1207 3664 per-

123 3666 258 3698 missum
271 3665 307 3699 F
390 3665 433 3706 (8)
458 3666 658 3699 manumerit
673 3668 719 3700 F.-
745 3668 764 3701 l.
779 3674 826 3701 1⁶.
837 3673 870 3702 1‘1
886 3667 1024 3700 omissae
1039 3667 1072 3700 in
1086 3667 1122 3700 F
1131 3679 1206 3710 sup-

122 3711 252 3755 plentur
262 3710 433 3744 secundum
449 3710 483 3743 Β

169 3757 216 3795 ‹4›
240 3755 320 3788 Sal».
335 3763 411 3790 1...3.
426 3763 503 3790 5...7.
519 3763 623 3796 9...13;
649 3757 733 3802 Pap.
747 3764 866 3797 14...16;
892 3756 958 3789 Ed.
971 3763 998 3790 4.
1013 3763 1100 3791 8.-
1121 3756 1204 3789 Bas.

1277 1781 1438 1827 quamvis
1477 1782 1515 1818 in
1549 1781 1719 1818 servitute
1758 1781 1927 1825 decedat,
1965 1782 2065 1818 nulla
2096 1782 2271 1819 dubitatio
2305 1787 2370 1819 est.

1278 1830 1296 1861 7
1345 1827 1545 1873 Adquirere
1576 1827 1655 1873 quis
1687 1828 1863 1864 bonorum
1888 1827 2151 1873 possessionem
2174 1832 2295 1874 potest
2316 1829 2371 1866 vel

1276 1883 1342 1953 ger
1365 1873 1594 1919 semetipsum
1616 1873 1671 1909 vel
1695 1883 1761 1919 per
1781 1872 1902 1908 alium.
1937 1873 2034 1919 quod
2052 1873 2084 1909 si
2101 1883 2159 1909 me
2177 1884 2251 1910 non
2269 1884 2371 1910 man-

1303 1921 1387 1954 ante
1408 1918 1587 1955 bonorum
1609 1918 1790 1964 possessio
1814 1918 1902 1954 mihi
1923 1918 2038 1965 petita
2065 1918 2128 1963 sit,
2157 1922 2245 1955 tunc
2274 1930 2371 1956 com-

1277 1966 1387 2009 petet,
1408 1974 1490 1999 cum
1508 1967 1627 2000 ratum
1641 1964 1801 2000 habuero
1815 1963 1853 1999 id
1867 1963 1964 2009 quod
1979 1967 2099 2000 actum
2118 1967 2183 2000 est.
2219 1964 2372 2010 denique

1278 2009 1309 2044 si
1327 2012 1411 2045 ante
1430 2008 1617 2046 decessero
1634 2020 1743 2055 quam
1758 2013 1877 2045 ratum
1891 2010 2056 2053 habeam,
2077 2010 2179 2046 nulla
2195 2009 2371 2047 dubitatio

1278 2056 1333 2090 est
1356 2054 1442 2100 quin
1464 2065 1538 2090 non
1561 2065 1641 2091 com
1667 2058 1740 2091 etet
1763 2055 1850 2090 mihi
1872 2055 2049 2092 bonorum
2071 2056 2264 2101 possessio,
2288 2056 2372 2102 quia

1277 2109 1394 2145 neque
1418 2110 1484 2145 ego
1507 2103 1626 2136 ratum
1641 2066 1760 2136 {abui
1783 2110 1899 2146 neque
1921 2101 2026 2137 heres
2049 2111 2151 2137 meus
2169 2104 2288 2137 ratum
2307 2102 2371 2137 ha-

1276 2145 1364 2182 bere
1386 2149 1523 2191 potest,
1556 2156 1638 2181 cum
1661 2145 1709 2181 ad
1732 2156 1813 2182 eum
1836 2157 1910 2182 non
1932 2150 2096 2182 transeat
2116 2147 2173 2182 ius
2196 2147 2372 2183 bonorum

1279 2193 1298 2226 8
1346 2191 1598 2236 possessionis.
1639 2191 1677 2227 Si
1697 2201 1809 2227 causa
1828 2191 1973 2237 cognita
1991 2192 2167 2228 bonorum
2190 2193 2371 2238 possessio

1279 2235 1403 2280 detur,
1432 2247 1506 2272 non
1536 2237 1623 2273 alibi
1654 2236 1800 2273 dabitur
1830 2247 1939 2283 quam
1969 2248 2035 2283 pro
2059 2237 2251 2281 tribunali,
2288 2239 2371 2284 quia

1277 2292 1393 2327 neque
1411 2282 1595 2318 decretum
1618 2282 1662 2318 de
1685 2282 1793 2328 plano
1817 2282 1997 2329 interponi
2019 2292 2135 2328 neque
2160 2293 2271 2319 causa
2288 2294 2370 2328 cog-

1277 2328 1354 2363 nita
1368 2327 1547 2364 bonorum
1561 2328 1743 2374 possessio
1767 2328 1854 2364 alibi
1878 2339 1985 2374 quam
2008 2339 2075 2374 pro
2098 2328 2272 2364 tribunali
2293 2328 2370 2364 dari

1278 2376 1298 2408 9
1345 2377 1476 2419 potest.
1520 2374 1563 2409 In
1586 2374 1762 2410 bonorum
1811 2373 2012 2410 ossessione
2036 2373 2220 2409 sciendum
2244 2377 2300 2410 est
2313 2374 2370 2409 ius

1278 2428 1357 2454 esse
1386 2418 1637 2455 adcrescendi:
1669 2419 1774 2465 proin
1801 2429 1820 2455 e
1844 2419 1875 2455 si
1897 2420 2019 2464 plures
2044 2419 2126 2462 sint,
2152 2419 2281 2464 quibus
2305 2420 2369 2455 bo-

1277 2474 1405 2500 norum
1428 2464 1608 2510 possessio
1635 2465 1820 2511 competit,
1845 2475 1996 2510 quorum
2019 2474 2113 2500 unus
2137 2464 2282 2500 admisit
2304 2465 2368 2500 bo-

1276 2520 1405 2545 norum
1427 2510 1702 2555 possessionem,
1728 2510 1838 2546 ceteri
1860 2521 1934 2545 non
1956 2509 2190 2553 admiserunt,

1323 2553 1350 2592 4
1377 2555 1501 2591 Gaas
1520 2556 1612 2592 libro
1637 2560 1763 2592 octavo
1787 2555 1838 2591 ad
1858 2556 1972 2601 leqem
1996 2554 2130 2590 Iuliam
2155 2559 2190 2590 et
2212 2554 2370 2602 Papiam

1275 2600 1386 2636 veluti
1402 2600 1499 2645 quod
1512 2604 1724 2647 spreverunt
1738 2601 1794 2636 ius
1809 2610 1914 2636 suum
1928 2603 1992 2635 aut
2008 2604 2170 2645 tempore
2193 2601 2369 2636 bonorum

1276 2646 1513 2691 possessionis
1536 2646 1638 2682 finito
1665 2646 1800 2682 exclusi
1824 2649 1909 2681 sunt
1931 2649 1996 2681 aut
2018 2649 2103 2681 ante
2128 2646 2261 2682 mortui
2285 2650 2370 2682 sunt

1276 2701 1383 2736 quam
1407 2691 1589 2736 petierunt
1611 2692 1789 2727 bonorum
1812 2691 2088 2737 possessionem,

1322 2735 1346 2774 5
1380 2736 1576 2773 ULPJANUS
1596 2737 1686 2773 libro
1711 2738 1895 2783 trigesimo
1919 2747 2016 2772 nono
2049 2736 2100 2772 ad
2121 2736 2276 2773 edictum
2324 2737 2368 2779 ei,

1276 2782 1337 2827 qui
1361 2782 1520 2825 admisit,
1552 2782 1802 2818 adcrescentffl
1826 2782 1934 2817 etiam
1955 2781 2026 2818 hae
2047 2782 2247 2828 portiones,
2278 2793 2369 2828 quae

1275 2827 1403 2881 ceteris
1439 2831 1700 2873 competerent,
1740 2827 1771 2864 si
1806 2827 1981 2873 petissent
2014 2828 2191 2863 bonorum
2225 2838 2367 2874 posses-

1273 2883 1420 2909 sionem.

1320 2915 1346 2955 6
1371 2917 1531 2953 Panes
1557 2918 1648 2954 libro

1275 2963 1345 2998 Sed
1358 2973 1439 2998 cum
1450 2966 1604 3008 patrono
1620 2928 1762 3008 quidem
1775 2966 1902 2999 contra
1915 2963 2060 2999 tabulas
2076 2967 2198 3000 certae
2208 2964 2236 2986 ¹⁷
2254 2964 2366 3009 partis

1274 3009 1451 3044 bonorum
1482 3009 1746 3053 possessionem
1780 3011 1927 3053 praetor
1987 3008 2191 3052 efficeatur,
2232 3009 2366 3054 scripto

1275 3057 1396 3089 autem
1415 3053 1539 3089 heredi
1562 3053 1759 3089 secundum
1781 3053 1926 3090 tabulas
1950 3064 1972 3089 a
1986 3054 2099 3089 terius
2123 3054 2255 3099 partis:
2280 3064 2365 3088 con-

1274 3098 1372 3134 venit
1401 3108 1475 3133 non
1506 3109 1584 3134 esse
1615 3098 1672 3134 ius
1704 3098 1949 3135 adcrescendi.
1995 3100 2104 3144 igitur
2127 3110 2200 3134 non
2223 3102 2366 3144 petente

1276 3145 1410 3189 scripto
1441 3143 1638 3179 secundum
1662 3144 1805 3180 tabulas
1829 3145 1977 3180 alterius
2002 3155 2142 3189 quoque
2163 3144 2278 3189 partis
2301 3154 2364 3179 no-

1274 3189 1437 3224 minatim
1476 3192 1603 3225 atrono
1653 3189 1889 3226 ossessionem
1911 3190 2112 3235 pollicetur,
2139 3200 2218 3224 cum
2243 3189 2363 3231 ceteri,

1276 3235 1405 3280 quibus
1420 3245 1442 3269 a
1468 3200 1652 3270 crescendi
1665 3235 1722 3270 ius
1739 3238 1805 3278 est,
1831 3235 1939 3271 semel
1954 3235 2085 3271 debent
2099 3235 2125 3255 ¹⁸
2148 3234 2362 3278 adgnoscere

1278 3284 1294 3315 1
1343 3281 1519 3316 bonorum
1562 3280 1809 3316 ossessionem.
1845 3280 2029 3316 Bonorum
2045 3279 2281 3325 possessionis
2301 3279 2364 3314 be-

1275 3325 1442 3361 neficium
1466 3336 1501 3360 m
1540 3325 1652 3370 tiplex
1675 3328 1746 3362 est:
1778 3336 1863 3362 nam
1886 3325 2059 3371 quaedam
2081 3325 2256 3360 bonorum
2305 3334 2363 3359 os-

1276 3371 1452 3407 sessiones
1493 3374 1700 3416 competunt
1738 3375 1865 3407 contra
1902 3371 2119 3406 voluntatem
2132 3396 2141 3412 ‚
2190 3378 2281 3414 quae
2306 3379 2363 3404 am

1276 3415 1473 3452 secundum
1504 3415 1725 3452 voluntatem
1756 3416 2020 3457 defunctorum,
2050 3424 2117 3450 nec
2140 3424 2213 3450 non
2237 3415 2283 3449 ab
2306 3414 2362 3449 in-

1275 3464 1408 3497 testato
1431 3460 1645 3498 habentibus
1668 3461 1725 3498 ius
1748 3462 1939 3507 legitimum
1962 3461 2019 3496 vel
2045 3470 2118 3495 non
2148 3459 2362 3495 habentibus

1704 2917 1961 2964 uadraqesimo
1984 2919 2110 2964 primo
2142 2918 2192 2954 ad
2213 2918 2366 2954 edictum

1277 3576 1332 3616 40,
1344 3582 1369 3617 1,
1381 3581 1475 3608 1...1o.
1486 3593 1533 3598 —
1549 3575 1599 3619 Os:
1612 3575 1694 3610 Insa.
1710 3578 1741 3618 3,
1756 3583 1772 3610 9
1871 3575 1929 3615 (ιο)
1955 3575 1995 3606 ut
2007 3574 2068 3606 del.
2169 3574 2223 3614 (ιι)
2247 3573 2296 3605 ita
2309 3583 2362 3605 ac-

1277 3619 1431 3662 cipienda
1441 3622 1521 3653 sunt
1533 3622 1594 3654 del.
1693 3623 1751 3663 (12)
1776 3620 1843 3652 sive
1856 3618 2013 3652 solvendo
2024 3620 2104 3650 sunt
2114 3617 2201 3650 bona
2212 3618 2281 3650 sive
2292 3628 2361 3651 non

1276 3666 1355 3697 sunt
1367 3666 1427 3698 del.
1530 3671 1587 3705 (13)
1613 3676 1652 3699 ve
1665 3667 1725 3699 del.
1827 3666 1884 3705 (14)
1910 3663 2026 3705 utique
2040 3663 2068 3695 S
2168 3664 2226 3706 (15)
2250 3662 2295 3695 sit
2307 3663 2341 3695 F
2346 3663 2361 3683 ²

1278 3712 1336 3751 (16)
1361 3709 1556 3744 adcrescunt
1569 3712 1650 3745 F*m
1749 3711 1808 3749 (17)
1822 3710 1895 3751 ficit
1905 3708 2043 3741 alterius
2139 3709 2201 3751 (18)
2224 3707 2320 3747 debet
2332 3707 2365 3742 F
