2528 3918
118 118 193 165 'na
222 133 326 164 11100
356 130 697 164 comcrnnomm

132 242 204 279 cilli
226 241 356 278 totiens
378 240 506 283 valent,
531 240 695 286 quotiens
712 240 791 285 quis
807 243 1057 276 testamentum
1073 249 1214 286 quoque

131 287 249 323 facere
271 286 397 331 possit.
444 296 517 321 non
547 289 667 321 tamen
695 285 765 321 hoc
795 285 849 320 ita
877 285 1139 330 intellegemus,
1175 288 1215 320 ut

177 331 186 340 '
211 341 310 367 amus
333 330 495 376 potuisse
518 340 599 366 eum
623 340 665 366 eo
697 334 868 376 tempore,
901 341 972 375 quo
1006 330 1130 366 scribit
1152 340 1213 366 eos

129 341 331 419 fficium,
362 379 614 411 testamentum
637 374 775 411 faeere:
808 375 894 421 quid
924 375 1028 418 enim,
1060 376 1091 411 si
1114 373 1213 411 suffi-

130 420 298 456 cientium
316 421 462 456 testium
477 419 685 456 facultatem
707 430 780 456 non
802 420 953 456 habuit?
976 420 1062 456 sed¹
1086 420 1118 456 si
1136 419 1214 455 iure

129 468 150 501 3
196 465 399 502 testamenti
421 464 613 501 factionem
636 465 772 501 habuit.
819 465 858 501 Si
878 469 963 511 post
982 465 1117 501 factum
1140 468 1212 501 tes-

128 511 350 546 10111001111112
382 509 565 546 codicillos
598 510 677 556 quis
702 510 974 552 confirmaverit,
999 510 1126 546 deinde
1149 509 1212 544 ad-

126 555 324 600 rogandum
348 566 386 592 00
409 554 613 601 praebuerit
626 559 663 591 et
684 555 735 591 ibi
758 555 941 591 codicillos
958 555 1083 591 1000111
1106 558 1213 636 0111-1111181

126 601 179 636 ita
188 600 431 646 emancipatus
456 600 657 643 decesserit,
682 601 877 646 quaeritur,
902 611 949 635 an
972 611 1016 636 ex
1041 600 1142 636 codic

126 645 245 690 legata
267 645 482 682 debeantur:
503 655 586 680 nam
605 649 642 681 et
663 649 915 681 testamentum
930 646 1034 688 valet,
1058 645 1146 681 sed³
1169 655 1212 681 eo

127 694 287 736 tempore
309 700 371 727 eos
395 689 491 731 fecit,
515 701 586 735 quo
609 690 813 727 testamenti
836 690 1029 726 factionem
1051 701 1125 727 non
1146 689 1211 725 ha-

126 735 216 771 buit.
263 745 330 771 nec
353 735 476 772 similis
500 739 555 772 est
578 739 687 777 muto,
713 735 774 781 qui
796 740 894 772 recte
919 736 1101 772 codicillos
1127 745 1211 770 con-

126 779 337 818 firmaverit:
359 780 444 816 licet
467 780 559 816 enim
581 780 612 816 is
627 784 881 816 testamentum
897 781 1016 817 facere
1031 791 1104 816 non
1154 790 1211 816 os-

126 824 183 866 sit‚
207 828 327 861 tamen
349 829 598 861 testamentum
622 826 718 872 quod
741 829 823 862 ante
846 825 1005 862 10001014
1026 825 1065 862 111
1087 836 1130 862 00
1156 835 1212 861 0111

126 873 223 906 010111
247 874 312 913 001,
349 870 455 907 huius
479 874 598 906 autem
620 874 872 907 testamentum
894 872 1075 908 sublatum
1098 874 1154 907 cst
1176 873 1213 906 et

126 914 171 950 de
194 915 318 951 alienis
343 915 601 961 quodammodo
625 916 732 952 rebus
755 919 918 952 testatur.
966 916 1030 953 sed
1052 916 1210 952 dicemus

126 959 310 996 codicillos
334 961 469 997 valere:
504 971 588 996 nam
611 965 648 997 et
671 961 702 997 si
725 965 913 1014 postumus
936 965 1042 998 natus
1075 960 1213 1014 ruperit

124 1008 374 1042 testamentum
398 1009 434 1042 et
457 1006 667 1049 decesserit,
699 1006 808 1042 nihilo
832 1006 948 1043 minus
974 1006 1128 1043 0011101111
1150 1015 1210 1041 va-

125 1053 147 1086 4
192 1050 277 1086 lent.
326 1050 365 1086 Si
388 1051 488 1087 miles
507 1055 759 1087 testamentum
782 1051 924 1097 quidem
942 1056 1025 1088 ante
1040 1050 1210 1093 militiam,

125 1094 190 1131 0011
213 1095 394 1132 codicillos
417 1096 456 1131 in
479 1096 604 1132 militia
633 1096 777 1139 fecerit,
809 1107 856 1132 an
884 1097 963 1133 iure
988 1096 1131 1132 militari
1153 1105 1209 1131 va-

124 1140 222 1176 leant
245 1140 409 1184 codicilli,
435 1142 634 1187 quaeritur,
670 1142 835 1195 quoniam
859 1145 1110 1178 testamentum
1133 1141 1211 1176 iure

126 1186 307 1221 communi
327 1186 432 1230 valet,
467 1186 537 1223 nisi
560 1187 591 1223 si
613 1187 759 1222 mihtiae
789 1190 951 1233 tempore
982 1187 1133 1232 signavit
1155 1185 1211 1222 vel

150 1229 300 1266 uaedam
324 1231 503 1268 adiecerit.
560 1238 655 1268 certe
688 1232 840 1268 codicilli
871 1232 1016 1268 militiae
1051 1237 1211 1285 tempore

141 1275 213 1312 acti
234 1286 307 1312 non
339 1276 469 1313 (1011001
498 1277 625 1313 1010111
656 1277 703 1312 011
735 1281 1005 1320 10010100011101,
1040 1276 1103 1313 0011
1132 1286 1210 1312 11110

124 1323 145 1355 5
191 1321 334 1356 1111111011
356 1322 484 1357 valent.
541 1322 578 1357 Si
600 1322 634 1358 ei
657 1333 769 1364 servo,
819 1323 855 1358 ui
878 1326 1090 1358 testamento
1113 1321 1209 1366 lega-

122 1369 200 1401 tum
223 1366 412 1412 acceperit,
436 1366 582 1403 libertas
606 1367 779 1404 codicillis
827 1373 918 1409 etur,
947 1368 1033 1403 utile
1055 1367 1210 1412 legatum

123 1421 203 1447 esse
236 1410 414 1454 dicemus,
450 1412 552 1457 quasi
582 1413 629 1448 ab
663 1413 765 1449 initio
806 1413 1005 1449 constiterit
1041 1412 1208 1457 legatum.

123 1459 145 1492 6
192 1455 230 1491 Si
253 1457 333 1501 quis
358 1456 446 1492 certi
468 1457 607 1501 generis
628 1457 809 1494 codicillos
827 1457 1097 1500 confirmaverit,
1121 1459 1211 1503 puta

125 1504 227 1554 ‘quos
250 1501 459 1538 novissimos
484 1503 627 1545 fecero',
652 1514 724 1539 non
748 1503 871 1548 utique
895 1503 1016 1539 statim
1033 1513 1124 1548 quae
1148 1513 1209 1538 co-

123 1544 252 1582 111011110
284 1546 415 1582 dantur
447 1547 642 1584 consistere
676 1547 908 1587 videbuntur,
950 1547 1118 1594 quamdiu
1149 1547 1210 1583 alii

123 1600 265 1637 quoque
286 1591 366 1627 fieri
380 1592 529 1637 possint,
554 1596 591 1629 et
604 1592 685 1629 ideo
703 1593 735 1629 si
751 1593 811 1628 alii
826 1598 954 1640 postea
969 1593 1068 1636 fiant,
1092 1593 1211 1638 legata

121 1636 160 1672 in
207 1636 361 1672 rioribus
385 1636 469 1672 data
491 1648 564 1672 11011
586 1638 766 1674 valebunt.

219 1681 459 1717 Manomws
487 1682 578 1718 libro
614 1694 710 1719 nono
735 1683 955 1730 diqestorum
1001 1683 1124 1719 Aristo
1147 1694 1208 1720 ne-

120 1727 218 1772 gavit
239 1727 356 1762 valere
381 1727 562 1763 codicillos
581 1728 628 1763 ab
645 1738 688 1764 00
706 1728 834 1772 100100,
860 1729 921 1774 qui
936 1731 1041 1774 pater
1057 1728 1210 1766 familias

120 1782 188 1808 nec
211 1782 257 1808 ne
280 1776 386 1814 esset,
409 1772 619 1817 ignorasset.
671 1773 866 1810 ULPJANUS
884 1778 1006 1809 notat:
1029 1774 1098 1810 nisi
1114 1778 1208 1810 vete-

120 1828 229 1853 ranus
253 1816 339 1852 fuit:
364 1821 450 1853 tunc
473 1818 566 1853 enim
589 1821 626 1854 et
647 1821 899 1855 testamentum
921 1819 1060 1855 valebit.

171 1861 221 1900 10
247 1862 494 1898 PAPINJANUS
523 1862 614 1899 libro
639 1864 766 1909 quinto
799 1864 935 1899 decimo
960 1865 1210 1910 quaestionum

121 1907 225 1953 Quod
246 1917 313 1953 per
335 1917 462 1943 manus
485 1908 656 1944 traditum
686 1912 743 1945 est
774 1909 945 1945 codicillis
977 1909 1210 1945 hereditatem

121 1953 199 1988 dari
222 1963 294 1988 non
304 1963 410 1998 posse
427 1952 600 1989 rationem
615 1953 713 1988 illam
728 1953 848 1997 habet,
872 1965 918 1990 ne
934 1964 1000 2000 per
1016 1954 1208 1997 codicillos,

121 1998 182 2043 qui
205 2008 250 2034 ex
271 2000 485 2034 testamento
500 1998 669 2041 valerent,
693 1999 706 2033 i
731 2010 809 2035 sum
826 2003 1088 2042 testamentum,
1115 1999 1210 2045 quod

120 2043 212 2079 vires
235 2053 301 2083 ner
330 2041 589 2079 institutionem
618 2044 703 2079 here
730 2055 789 2079 um
822 2045 972 2091 accipit,
1007 2044 1210 2081 confirmari

120 2090 311 2124 videretur.

169 2131 217 2170 11
244 2132 351 2168 IDEM
364 2133 454 2169 libro
471 2144 566 2169 nono
583 2134 719 2170 decimo
737 2142 986 2180 quaestzonum
1027 2135 1096 2180 Qui
1110 2136 1211 2181 gravi

121 2182 224 2214 utero
247 2188 393 2214 uxorem
407 2188 486 2214 esse
497 2178 696 2223 ignorabat,
723 2180 895 2216 codicillis
908 2181 955 2216 ad
966 2180 1077 2216 filium
1095 2181 1208 2235 scrip-

120 2223 167 2260 tis
190 2223 375 2259 libertates
399 2222 507 2258 dedit.
562 2228 648 2259 nata
678 2227 763 2270 post
793 2229 944 2262 mortem
977 2227 1092 2272 patris
1123 2226 1208 2269 filia,

122 2279 203 2305 cum
227 2267 270 2304 de
294 2278 339 2304 ea
360 2267 449 2303 nihil
505 2271 617 2305 atrem
640 2270 794 2306 sensisse
819 2271 1050 2312 constitisset,
1073 2272 1210 2317 placuit

120 2313 303 2350 libertates
327 2323 350 2348 a
372 2313 449 2349 solo
472 2279 546 2349 tl'flo
570 2315 791 2359 praestariz⁵
813 2327 921 2362 posse

170 2356 221 2396 12
244 2357 353 2394 IDEM
394 2358 486 2394 libro
524 2360 714 2395 vicensimo
760 2361 919 2398 secundo
959 2363 1208 2408 quaestionum

120 2403 242 2441 redem
268 2403 315 2439 tis
340 2413 362 2438 a
384 2413 509 2440 sorore
531 2405 708 2450 partibus.

169 2446 219 2487 13
242 2414 353 2484 insu
379 2448 470 2501 libro
502 2460 597 2485 nono
632 2450 769 2486 decimo
809 2452 1060 2497 quaestionum
1115 2452 1208 2488 Illud

119 2493 214 2530 0111111
238 2493 337 2530 “sine
361 2492 468 2529 (1111110
493 2493 565 2529 dici
586 2505 659 2530 non
681 2498 802 2541 potest
824 2496 931 2531 etiam
953 2496 1062 2532 filiam
1082 2508 1207 2533 manu-

120 2539 261 2576 mittere
286 2537 491 2584 cogendam,
528 2550 609 2574 cum
633 2540 678 2576 ab
702 2551 746 2576 ea
768 2540 855 2576 nihil
879 2545 982 2586 pater
1032 2542 1150 2578 etierit
1172 2546 1209 2579 et

122 2587 138 2619 1
188 2584 266 2621 iure
289 2594 355 2620 0110
386 2583 491 2620 110100
524 2584 710 2620 exstiterit.
767 2586 932 2621 Tractari
963 2597 1002 2622 so
1018 2591 1054 2624 et
1084 2587 1127 2623 de
1152 2598 1206 2631 eo,

120 2629 192 2675 qui,
217 2640 299 2665 cum
328 2628 470 2665 tabulas
502 2630 706 2665 testamenti
736 2641 808 2666 non
837 2630 1000 2674 fecisset,
1034 2633 1206 2668 codicillis

118 2674 171 2710 ita
194 2674 355 2720 scripsit:
381 2673 527 2710 ‘Titium
549 2674 715 2711 heredem
731 2686 809 2711 esse
825 2676 930 2712 volo'.
977 2677 1041 2713 sed
1056 2678 1207 2713 multum

118 2719 279 2762 interest,
303 2722 424 2754 utrum
439 2718 802 2756 fideicommissariam
826 2721 1059 2758 hereditatem
1075 2733 1097 2758 a
1120 2723 1206 2768 legi-

118 2764 206 2800 timo
229 2774 295 2810 per
317 2764 411 2800 hanc
435 2764 661 2810 scripturam,
693 2776 799 2811 quam
824 2766 1070 2803 codicillorum
1093 2767 1207 2804 instar

119 2809 254 2846 habere
277 2809 399 2853 voluit,
426 2809 610 2854 reliquerit
633 2821 679 2846 an
701 2821 786 2847 vero
810 2815 1064 2847 testamentum
1085 2812 1205 2849 facere

120 2864 159 2890 se
182 2853 453 2891 existimaverit:
486 2865 569 2890 nam
592 2855 661 2891 hoc
686 2866 772 2892 casu
795 2856 884 2891 nihil
906 2867 929 2892 a
951 2857 1108 2902 legitimo
1131 2858 1206 2904 peti

119 2899 263 2945 poterit.
310 2899 503 2936 voluntatis
520 2903 639 2936 autem
657 2901 818 2946 quaestio
843 2912 887 2937 ex
904 2912 946 2938 eo
971 2902 1105 2948 scripto
1129 2903 1204 2948 ple-

119 2954 270 2989 rumque
294 2943 551 2980 declarabitur:
575 2955 657 2981 nam
680 2946 712 2982 si
734 2945 828 2982 forte
852 2957 874 2982 a
891 2946 984 2983 Titio
1008 2948 1126 2992 legata
1148 2959 1204 2985 re-

120 2987 234 3041 liquit,
259 2988 492 3027 substitutum
507 2990 708 3036 adscripsit,
732 2991 836 3028 heres
853 2991 885 3028 si
907 3003 980 3028 non
999 2993 1205 3037 exstitisset,

122 3043 196 3069 01110
227 3033 335 3070 dubio
366 3045 439 3070 non
469 3035 670 3079 codicillos,
705 3036 770 3072 sed
802 3040 1055 3073 testamentum
1085 3038 1205 3075 facere

121 3077 274 3115 voluisse
296 3079 532 3124 intellegetur.

170 3120 220 3159 14
245 3122 447 3160 8001170114
472 3125 564 3161 libro
600 3129 725 3162 octavo
757 3128 1007 3172 quaestionum
1055 3127 1205 3171 Quidam

121 3166 291 3209 referunt,
338 3173 486 3206 uantum
508 3174 632 3216 repeto
664 3171 761 3216 apud
784 3171 990 3215 Vivianum,
1024 3172 1147 3208 Sabini
1170 3177 1206 3209 et

123 3210 238 3247 Cassii
259 3216 296 3248 et
348 3214 463 3251 1001111
486 3215 683 3261 expositam
700 3226 777 3252 esse
796 3217 834 3251 in
851 3218 1057 3262 quaestione
1080 3218 1204 3254 huius-

121 3256 217 3292 modi
241 3259 533 3295 controversiam:
559 3270 606 3295 an
624 3260 752 3314 legata,
778 3272 869 3307 quae
888 3266 1126 3315 posteaquam
1149 3263 1203 3299 in-

122 3300 238 3337 stituti
253 3306 402 3356 mortem
418 3304 582 3340 obierunt
595 3305 766 3342 codlcillis
779 3306 962 3352 01100111110
972 3308 1029 3343 vel
1040 3308 1207 3354 adempta

122 3350 216 3388 sunt,
242 3356 263 3381 a
286 3347 486 3385 substitutis
511 3349 718 3393 debeantur,
741 3351 778 3386 id
795 3355 851 3387 est
874 3362 920 3387 an
942 3353 1090 3397 perinde
1108 3353 1205 3389 datio

121 3395 158 3426 01
181 3391 358 3436 ademptio
383 3392 488 3428 etiam
511 3394 579 3430 hoc
596 3399 755 3440 tempore
781 3396 952 3432 codicillis
977 3397 1075 3433 facta
1090 3399 1204 3434 valeat

121 3446 165 3471 ac
189 3436 220 3471 si
243 3440 453 3473 testamento
477 3438 574 3474 facta
597 3445 701 3476 esset.
751 3441 846 3486 quod
870 3441 1041 3478 Sabinum
1065 3447 1102 3479 01
1118 3444 1203 3479 Oas-

121 3481 212 3516 sium
235 3481 464 3526 respondisse
495 3483 595 3519 aiunt
624 3485 779 3521 Proculo
810 3486 1050 3523 dissentiente.
1103 3488 1205 3524 nimi-

121 3536 200 3561 rum
223 3530 340 3561 autem
365 3526 487 3562 Sabini
517 3532 554 3563 01
578 3529 692 3566 Cassii
723 3531 905 3574 collectio,
941 3543 1046 3577 quam
1077 3536 1114 3569 et
1135 3532 1204 3579 ipsi

123 3618 162 3655 (1)
197 3617 254 3651 sed
276 3617 339 3651 del.
518 3619 561 3659 (2)
594 3620 624 3652 si
646 3624 723 3662 post
754 3625 990 3655 testamentum
1010 3623 1116 3657 factos
1138 3637 1201 3658 ser.

123 3663 166 3704 (3)
198 3672 275 3694 nam
294 3673 355 3694 nec
377 3665 612 3695 testamentum
632 3665 722 3697 valet
734 3668 768 3698 et
791 3667 873 3700 Hal.

123 3709 164 3749 (5)
188 3711 358 3749 praestare
371 3709 431 3741 ins.
536 3709 578 3745 (6)
604 3709 692 3741 enim
710 3711 771 3743 del.
787 3711 840 3743 F2

1208 113 1290 161 415

968 3669 1010 3709 (⁴)
1035 3668 1162 3702 facerat
1179 3668 1213 3701 F
1270 3682 1334 3703 scr.

956 3714 998 3753 (7)
1022 3713 1162 3746 institue
1176 3713 1210 3745 F
1236 3746 1240 3755 ,
1272 3715 1331 3746 ins.
1347 3714 1428 3748 Hal.

2103 118 2311 162 XXVIIII
2342 123 2364 163 7

1247 242 1252 251 “
1282 237 1446 281 reddunt,
1470 239 1532 274 illa
1553 242 1619 280 est,
1644 239 1739 292 quod
1764 240 1917 275 codicilli
1940 251 2006 285 pro
2039 245 2141 286 parte
2165 242 2367 280 testamenti

1283 283 1460 319 habentur
1484 284 1834 329 observationemque
1866 290 1902 320 et
1924 286 2037 330 legem
2059 286 2148 322 iuris
2179 286 2262 323 inde
2292 290 2367 324 tra-

1283 327 1391 363 ditam
1415 333 1565 365 servent.
1613 339 1679 373 ego
1703 333 1823 364 autem
1847 331 1962 366 ausim
1986 332 2198 367 sententiam
2221 332 2366 369 Proculi

1281 373 1499 410 verissimam
1512 373 1641 410 dicere.
1688 374 1820 410 nullius
1832 375 1925 410 enim
1941 377 2108 412 momenti
2123 382 2178 412 est
2200 378 2367 423 legatum,

1282 418 1378 462 quod
1401 418 1524 454 datum
1541 423 1597 455 est
1611 419 1655 462 ei,
1681 419 1742 464 qui
1759 423 1919 464 tempore
1940 420 2182 457 codicillorum
2198 422 2236 458 in
2258 424 2367 460 rebus

1280 463 1446 500 humanis
1469 475 1542 500 non
1572 467 1637 507 est,
1669 464 1755 500 licet
1776 465 1979 500 testamenti
2003 465 2127 502 fuerit:
2163 478 2242 504 esse
2274 468 2367 505 enim

1281 508 1387 544 debet
1412 509 1471 544 cui
1494 509 1609 552 detur,
1634 509 1760 545 deinde
1784 511 1837 545 sic
1861 510 1996 555 quaeri,
2021 521 2066 545 an
2084 512 2205 547 datum
2231 514 2366 549 consis-

1280 556 1344 596 tat,
1370 557 1410 588 ut
1432 565 1504 589 non
1527 558 1609 591 0010
1632 554 1721 590 iuris
1742 554 1835 590 ratio
1860 565 1966 600 quam
1987 566 2141 601 persona
2165 559 2368 603 quaerenda

1281 597 1336 633 sit.
1385 604 1421 634 et
1443 599 1481 634 in
1504 599 1690 645 proposito
1713 599 1823 645 igitur
1846 600 1943 645 quod
1966 605 2050 645 post
2074 602 2209 638 obitum
2225 604 2366 640 heredis

1281 643 1452 680 codicillis
1476 644 1631 689 legatum
1655 645 1710 680 vel
1733 644 1937 690 ademptum
1961 649 2026 687 est,
2051 646 2181 683 nullius
2199 649 2368 685 momenti

1280 692 1346 730 est,
1371 689 1455 733 quia
1470 689 1586 732 heres,
1611 689 1659 725 ad
1675 701 1779 735 quem
1795 700 1994 726 sermonem
2012 691 2182 732 conferat,
2207 693 2243 728 in
2259 695 2367 730 rebus

1280 733 1444 769 humanis
1468 745 1541 770 non
1564 738 1621 771 est
1643 745 1754 781 eaque
1778 734 1957 781 ademptio
1981 740 2017 771 et
2041 735 2137 771 datio
2162 749 2257 774 nunc
2277 749 2369 774 vana

1279 777 1466 814 efficietur.
1513 779 1603 815 haec
1627 780 1666 815 in
1688 791 1730 817 οο
1754 779 1895 822 herede,
1921 781 1981 825 qui
1996 792 2041 816 ex
2065 791 2144 817 asse
2159 782 2368 820 institutus⁷

1280 822 1349 858 erit
1372 823 1456 859 dato
1481 825 1688 868 substituto,
1712 825 1764 861 ita
1787 830 1828 861 ut
1850 826 1896 861 ab
1919 826 2082 862 instituto
2105 827 2259 863 codicilli
2283 840 2367 864 con-

1283 872 1296 902 1
1347 867 1585 905 firmarentur.
1633 870 1736 914 Quod
1760 871 1791 907 si
1814 870 1884 906 duo
1908 871 2062 907 instituti
2077 872 2150 907 sint
2164 874 2368 910 substitutis

1279 913 1371 949 datis
1395 924 1560 959 unusque
1572 925 1696 951 eorum
1708 915 1912 959 decesserit,
1938 916 2040 952 utilia
2056 917 2221 952 videntur
2231 919 2366 964 legata:

1280 958 1343 994 sed
1367 958 1465 994 circa
1488 960 1698 996 coheredem
1730 961 1799 997 erit
1829 965 2026 1004 tractatus,
2058 963 2231 1016 numquid
2254 968 2368 999 totum

1278 1003 1435 1056 legatum
1459 1004 1598 1048 debeat,
1624 1005 1655 1041 si
1680 1005 1852 1059 ‘quisquis
1875 1006 1961 1041 mihi
1984 1007 2087 1043 heres
2112 1008 2190 1043 erit'
2214 1008 2369 1053 legatum

1278 1052 1357 1089 erit,
1383 1059 1429 1084 an
1451 1059 1535 1086 vero
1559 1061 1641 1092 non,
1668 1051 1751 1096 quia
1767 1056 1813 1087 011
1828 1051 2043 1087 substitutus
2060 1053 2175 1095 heres,
2201 1054 2263 1098 qui
2285 1065 2368 1099 par-

1278 1097 1350 1128 tem
1374 1093 1495 1137 faciat,
1520 1095 1604 1131 licet
1626 1096 1703 1141 ipse
1726 1107 1799 1132 non
1823 1096 1962 1132 debeat.
2009 1097 2103 1132 idem
2126 1098 2234 1134 etiam
2249 1103 2370 1144 potest

1280 1139 1376 1174 circa
1388 1140 1532 1175 1101111110
1547 1151 1718 1186 expressa
1732 1141 1893 1178 tractari.
1929 1143 2112 1187 multoque
2127 1144 2239 1188 magis
2255 1145 2370 1180 solum

1280 1184 1490 1220 coheredem
1514 1189 1630 1221 totum
1654 1186 1785 1222 debere
1808 1191 1908 1232 puto,
1934 1188 2017 1232 quia
2039 1187 2070 1223 is
2096 1188 2286 1225 adiunctus
2312 1190 2368 1232 sit,

1280 1229 1341 1274 qui
1365 1230 1470 1309 0110111
1494 1234 1581 1266 tunc
1614 1242 1695 1267 01110
1719 1232 1980 1277 adiungebatur
2011 1233 2049 1268 in
2071 1234 2180 1270 rebus
2203 1234 2369 1270 humanis

1278 1285 1351 1309 non
1375 1285 1437 1310 era
1456 1302 1464 1310 .

1328 1319 1378 1357 15
1403 1321 1630 1357 AFRICANUS
1665 1321 1757 1358 libro
1796 1322 1954 1358 seeundo
1994 1324 2244 1369 quaestionum
2300 1324 2371 1359 Sed

1280 1376 1361 1400 cum
1385 1376 1429 1401 ea
1451 1367 1634 1402 testatoris
1659 1367 1823 1403 voluntas
1848 1367 1966 1410 fuerit,
1993 1372 2034 1403 ut
2056 1378 2101 1404 ex
2123 1368 2292 1405 universa
2303 1370 2366 1404 he·

1278 1410 1430 1446 reditate
1453 1411 1573 1456 legata
1596 1416 1847 1457 erogarentur,
1881 1413 2068 1449 dicendum
2100 1413 2171 1449 scri
2196 1414 2242 1449 tis
2266 1414 2367 1450 here-

1280 1455 1385 1491 dibus
1408 1455 1636 1501 profuturam
1661 1457 1733 1492 doli
1755 1458 2013 1504 exceptionem,
2039 1459 2069 1494 si
2093 1469 2174 1504 amp
2189 1459 2245 1494 ius
2263 1470 2369 1504 quam

1278 1500 1495 1536 hereditaria
1516 1502 1636 1547 portio
1659 1506 1816 1547 petatur.

1327 1544 1378 1584 16
1403 1545 1563 1582 PAULUS
1584 1547 1673 1582 libro
1697 1549 1863 1584 vicesimo
1882 1549 2003 1594 primo
2028 1550 2277 1594 quaestionum
2312 1550 2370 1586 Ab

1277 1591 1448 1627 intestato
1472 1591 1578 1627 factis
1615 1592 1787 1629 codicillis
1810 1594 1938 1629 relicta
1968 1593 2075 1629 etiam
2105 1598 2233 1639 postea
2263 1598 2369 1631 natus

1278 1636 1438 1672 intestati
1460 1647 1649 1672 successor
1680 1637 1841 1674 debebit:
1875 1639 2018 1683 quicum
2043 1649 2089 1674 ue
2121 1640 2214 1675 enim
2245 1640 2290 1676 ab
2314 1640 2368 1676 in-

1279 1685 1410 1718 testato
1428 1682 1672 1722 successserit,
1691 1683 1809 1718 locum
1825 1684 1962 1719 habent
1980 1694 2022 1719 co
2051 1684 2151 1719 ‘cilliz
2176 1695 2259 1720 nam
2275 1696 2369 1721 unus

1280 1737 1385 1762 casus
1410 1730 1465 1762 est
1487 1737 1554 1763 nec
1570 1727 1720 1763 interest
1743 1729 1804 1773 qui
1822 1728 1983 1764 succedit
2000 1728 2083 1764 dum
2100 1729 2268 1766 intestato
2286 1741 2368 1766 0110-

1280 1772 1395 1807 cedat.
1443 1771 1491 1807 ad
1505 1776 1757 1808 testamentum
1773 1777 1893 1809 autem
1906 1774 1919 1795 ⁸
1943 1773 2039 1819 quod
2054 1785 2196 1819 quoquo
2208 1779 2370 1821 tempore

1278 1816 1434 1859 fecisset,
1458 1817 1640 1862 pertinent
1663 1818 1829 1854 codicilli.
1876 1822 1913 1855 et
1937 1823 1976 1854 ut
1998 1819 2222 1856 manifestius
2240 1820 2368 1864 dicam,

1278 1862 1447 1898 intestato
1470 1866 1576 1907 patre
1598 1862 1750 1899 familias
1774 1867 1914 1900 mortuo
1939 1863 2027 1899 nihil
2043 1863 2247 1901 desiderant
2271 1865 2368 1901 codi-

1280 1907 1360 1950 cilli,
1386 1907 1449 1943 sed
1463 1907 1575 1943 vicem
1589 1909 1792 1944 testamenti
1809 1909 1994 1949 exhibent3
2019 1912 2232 1946 testamento
2249 1915 2368 1946 autem

1279 1952 1376 1987 facto
1401 1952 1456 1988 ius
1482 1963 1520 1989 se
1546 1957 1680 1989 uuntur
1704 1954 1791 1990 eius.
2373 1987 2376 1990 .

1328 1995 1379 2034 17
1403 1997 1511 2032 IDEM
1533 2000 1610 2034 ibro
1632 2000 1736 2034 tertio
1752 2001 2010 2035 sententiarum
2048 2000 2219 2043 Litterae,
2238 2000 2368 2046 quibus

1279 2042 1458 2079 hereditas
1469 2043 1692 2088 promittitur
1702 2044 1758 2080 vel
1767 2045 1875 2080 animi
1891 2044 2040 2081 affectus
2059 2045 2280 2091 exprimitur,
2299 2046 2369 2082 vim

1279 2087 1524 2124 codicillorum
1548 2099 1619 2124 non
1643 2090 1814 2135 optinent.

1327 2130 1378 2170 18
1407 2133 1552 2169 CELsos
1588 2134 1679 2170 libro
1719 2136 1884 2170 vicesimo
1927 2135 2149 2181 diqestorum
2203 2135 2370 2172 Plotiana

1279 2177 1382 2214 Celso
1406 2189 1472 2214 suo
1489 2179 1653 2215 salutem.
1692 2179 1828 2216 Lucius
1842 2180 1957 2217 Titius
1975 2181 2029 2216 his
2054 2181 2171 2216 verbis
2187 2181 2239 2216 ita
2255 2182 2366 2217 cavit:

1278 2223 1321 2259 ‘si
1344 2223 1430 2268 quid
1452 2224 1585 2262 tabulis
1602 2224 1716 2260 aliove
1739 2236 1809 2270 quo
1850 2236 1955 2262 enere
1971 2225 2018 2261 ad
2032 2226 2102 2261 hoc
2117 2230 2368 2262 testamentum

1278 2272 1288 2288 ‘
1315 2268 1471 2305 ertinens
1495 2269 1685 2315 reliquero,
1708 2269 1764 2305 ita
1785 2281 1807 2306 v
1845 2281 1903 2306 ere
1918 2271 2024 2306 volo’.
2072 2281 2218 2316 quaero,
2244 2282 2290 2306 an
2307 2283 2367 2307 co-

1278 2280 1397 2356 11101111,
1422 2314 1483 2359 qul
1506 2319 1588 2350 ante
1611 2315 1681 2350 hoc
1696 2318 1948 2352 testamentum
1959 2316 2085 2362 scripti
2095 2320 2190 2359 sunt,
2215 2316 2368 2352 debeant

1276 2358 1347 2394 rati
1370 2369 1460 2395 esse.
1508 2359 1689 2396 Iuventius
1709 2360 1834 2397 Celsus
1858 2361 2042 2397 Plotianae
2058 2361 2221 2397 salutem.
2268 2362 2367 2398 Haec

1277 2404 1404 2440 verba:
1439 2404 1480 2440 ‘si
1505 2404 1590 2450 quid
1620 2405 1666 2440 ad
1689 2406 1759 2441 hoc
1788 2409 2039 2442 testamentum
2070 2407 2253 2451 pertinens
2283 2407 2365 2442 reli-

1277 2454 1412 2495 ι(10010,
1436 2450 1555 2486 valere
1579 2451 1681 2492 volo',
1706 2451 1812 2487 etiam
1836 2461 1890 2494 ea,
1916 2461 2006 2496 quae
2020 2456 2103 2487 ante
2114 2455 2366 2488 testamentum

1277 2495 1348 2531 scri
1374 2499 1413 2530 ta
1436 2503 1531 2538 011111,
1557 2496 1869 2541 comprehendere.

1325 2504 1375 2579 lg
1401 2539 1642 2576 MARCELLUS
1677 2541 1768 2577 libro
1805 2545 1936 2587 quarto
1972 2541 2107 2576 decimo
2144 2541 2365 2588 diqestorum

1275 2585 1311 2621 Is
1336 2585 1396 2632 qui
1419 2596 1530 2621 unum
1553 2585 1665 2621 filium
1688 2586 1863 2628 habebat,
1896 2596 1976 2621 cum
2001 2586 2182 2622 codicillos
2215 2586 2261 2622 ad
2285 2597 2365 2623 eum

1275 2631 1490 2677 scripsisset,
1508 2630 1663 2667 decessit
1673 2631 1863 2667 intestatus
1874 2630 2006 2666 herede
2019 2641 2060 2666 eo
2073 2634 2110 2667 01
2122 2642 2227 2676 quem
2238 2635 2366 2677 postea

1300 2675 1486 2712 rocreavit.
1534 2675 1746 2721 adgnatione
1770 2676 1827 2712 sui
1849 2675 1989 2711 heredis
2014 2686 2116 2712 nemo
2151 2676 2281 2712 dixerit
2304 2688 2364 2714 co-

1299 2722 1413 2758 10111οο
1444 2721 1650 2757 evanuisse:
1689 2722 1799 2766 igitur
1830 2721 1861 2757 si
1890 2721 1977 2756 nihil
2008 2725 2082 2757 tum
2115 2721 2158 2757 de
2189 2722 2365 2768 postumis

1275 2768 1448 2813 speravit,
1485 2770 1521 2802 et
1544 2766 1698 2802 codicilli
1721 2777 1794 2802 non
1816 2770 2030 2802 evanescent
2066 2770 2102 2802 et
2125 2777 2216 2812 quae
2238 2767 2365 2803 relicta

1274 2816 1369 2855 sunt,
1393 2822 1460 2858 pro
1483 2815 1588 2857 parte
1611 2811 1755 2846 dimidia
1769 2812 1784 2833 ⁹
1813 2811 1926 2854 filius,
1959 2811 2006 2847 ad
2037 2822 2143 2857 quem
2179 2812 2364 2848 codicillus

1274 2857 1394 2892 factus
1418 2859 1483 2898 est,
1508 2857 1645 2892 solvere
1669 2867 1747 2892 com
1776 2856 1903 2899 ellitur,
1935 2867 2009 2892 non
2033 2857 2139 2893 etiam
2161 2861 2362 2903 postumus.

1275 2902 1338 2938 sed
1370 2906 1406 2937 et
1436 2901 1466 2937 si
1498 2901 1679 2937 codicillos
1710 2912 1749 2937 re
1764 2901 1914 2946 iquisset
1937 2902 2077 2938 duobus
2109 2903 2363 2948 superstitibus

1274 2947 1355 2983 filiis
1380 2946 1566 2989 decedens,
1594 2957 1674 2981 cum
1696 2950 1841 2992 putaret
1863 2947 2014 2983 alterum
2039 2958 2082 2983 ex
2105 2948 2161 2983 his
2210 2947 2285 2984 rius
2302 2948 2362 2983 110-

1275 2992 1436 3034 00001000,
1462 2991 1567 3027 01111111
1583 2991 1687 3027 modo
1712 2991 1784 3027 dici
1799 2995 1918 3037 potest
1935 2993 2053 3028 01111110
2067 2993 2172 3038 perin
2197 3003 2217 3028 e
2234 2993 2363 3029 debere

1273 3037 1395 3077 filium,
1420 3036 1466 3072 ad
1491 3047 1594 3081 quem
1618 3036 1743 3082 scripti
1767 3041 1851 3073 sunt
1874 3037 2047 3080 codicilli,
2080 3042 2187 3084 atque
2211 3038 2242 3074 si
2266 3038 2361 3073 solus

1273 3082 1377 3118 heres
1417 3081 1614 3117 exstitisset
1651 3082 1758 3127 patri.
1818 3082 1958 3118 ιο1111100
2000 3083 2186 3118 dumtaxat
2223 3087 2362 3128 partem

1275 3127 1397 3163 debet:
1435 3137 1556 3162 eorum
1586 3131 1716 3170 tamen,
1749 3137 1839 3173 quae
1863 3139 1929 3174 pro
1980 3132 2057 3164 arte
2089 3128 2267 3174 praestari
2289 3138 2362 3162 11011

1274 3176 1437 3218 possunt,
1461 3171 1550 3206 nihil
1573 3173 1736 3207 eorum¹¹
1769 3177 1939 3219 praestan
1964 3184 2035 3213 um,
2072 3173 2238 3218 quoniam
2268 3172 2362 3207 i11i¹2

1274 3228 1346 3253 non
1376 3217 1484 3252 fuerit
1514 3217 1588 3252 filio
1620 3217 1824 3260 ablaturus,
1855 3218 1926 3255 11101
1957 3219 2071 3254 00111111
2103 3221 2248 3263 putaret
2277 3227 2360 3253 suc-

1276 3273 1454 3298 cessorem
1477 3261 1546 3297 sibi
1568 3261 1739 3297 futurum.

1321 3306 1373 3345 20
1399 3306 1559 3342 Panes
1587 3307 1678 3343 libro
1714 3309 1839 3353 quinto
1863 3308 1914 3343 ad
1936 3308 2050 3355 leqem
2072 3307 2206 3343 Iuliam
2231 3310 2265 3341 et
2288 3305 2361 3341 Pa-

1267 3354 1372 3398 piam
1421 3352 1458 3387 Si
1480 3351 1599 3397 palam
1622 3352 1725 3388 heres
1750 3363 1870 3388 nuncu
1897 3357 1976 3388 atus
2002 3353 2065 3392 sit,
2100 3353 2218 3396 legata
2241 3354 2360 3386 autem

1274 3399 1311 3433 in
1334 3397 1466 3433 tabulis
1492 3397 1623 3432 collata
1652 3397 1796 3440 fuerint,
1829 3398 1871 3433 Iu
1888 3398 1987 3433 'anus
2012 3397 2062 3432 ait
2085 3397 2225 3432 tabulas
2248 3398 2359 3430 testa-

1274 3443 1382 3478 menti
1413 3452 1486 3477 non
1508 3442 1683 3487 intellegi,
1722 3443 1849 3488 quibus
1875 3443 1978 3478 heres
2011 3442 2165 3486 scriptus
2198 3451 2270 3475 non
2293 3444 2358 3482 est,

1275 3492 1310 3523 et
1323 3489 1350 3510 ¹³
1374 3487 1484 3532 magis
1510 3487 1665 3523 codicilli
1689 3498 1795 3533 quam
1830 3491 2079 3523 testamentum
2105 3484 2359 3521 existimandae

1274 3534 1364 3569 sint:
1390 3535 1427 3568 et
1449 3532 1519 3568 hoc
1541 3536 1629 3578 puto
1653 3533 1786 3568 rectius
1812 3532 1892 3567 dici.

1271 3625 1317 3665 (8)
1342 3623 1383 3656 ad
1397 3626 1633 3656 testamentum
1646 3626 1768 3664 autem]
1791 3624 1904 3655 testati
1926 3625 2036 3654 autem
2058 3622 2099 3654 ad
2120 3624 2358 3654 testamentum

1415 3669 1462 3711 (9)
1486 3679 1548 3711 pro
1565 3674 1660 3710 parte
1674 3669 1815 3701 dimidia
1828 3669 1889 3701 del.
1978 3669 2036 3707 (ιο)
2063 3667 2359 3753 ΠιΡιῖἒῗζῗῖξὶ

1507 3715 1561 3755 (11)
1588 3724 1704 3746 eorum
1720 3714 1781 3747 del.
1859 3714 1917 3753 (12)
1932 3711 1992 3744 illa
2004 3724 2066 3745 scr.
