2528 3918
151 111 400 156 XXXXI4

152 234 295 280 negotia
318 233 451 270 domini
471 243 598 279 gerens
621 233 816 278 ignorantis
840 233 965 270 emerit
968 237 1136 313 ,ἔξειπε
1154 243 1239 269 ean-

158 283 196 313 ιυ
243 278 324 315 dem
347 278 547 314 utilitatem.
583 278 622 314 Si
645 289 769 315 servus
791 282 876 315 tuus
899 289 966 324 pec
1042 289 1074 313 ri
1097 278 1240 314 nomine

153 327 248 360 emat
263 334 349 367 rem,
373 333 480 370 quam
497 323 566 359 scit
583 323 747 367 alienam,
770 323 856 360 licet
874 328 914 358 tu
933 323 1075 367 ignores
1088 323 1241 358 alienam

156 373 190 403 ιι
244 378 342 410 esse,
373 373 492 404 tamen
515 379 583 405 usu
608 379 680 405 non
703 368 836 414 capies.
884 367 1007 404 Uelsus
1031 367 1176 410 scribit,
1209 367 1241 403 si

152 423 276 449 servus
295 423 396 449 meus
415 413 590 459 peculiari
602 413 743 450 nomine
763 414 947 459 apiscatur
965 412 1239 457 possessionem,

151 458 189 493 id
211 458 319 494 etiam
341 458 564 503 ignorantem
588 468 644 494 me
666 468 879 503 usucapere:
908 457 1004 501 quod
1026 457 1059 493 si
1082 468 1154 493 non
1167 468 1239 509 ‘pe-

152 503 281 539 culiari
304 502 465 546 nomine,
498 513 571 539 non
601 503 672 539 nisi
695 503 865 539 scientem
888 513 960 537 me:
995 506 1030 537 et
1053 502 1083 537 si
1115 503 1239 538 vitiose

153 548 311 594 coeperit
329 547 524 593 possidere,
548 558 663 584 meam
683 548 846 583 vitiosam
870 557 948 583 esse
965 546 1239 592 possessionem.

158 595 196 628 12
243 592 462 637 Pomponius
492 604 634 647 quoque
657 594 694 628 in
718 593 793 634 his,
826 602 918 637 quae
941 592 1084 627 nomine
1107 591 1241 628 domini

152 637 420 682 possideantur,
453 637 587 674 domini
617 638 736 683 potius
769 647 876 682 quam
905 636 999 672 servi
1020 637 1239 672 voluntatem

151 682 386 727 spectandam
403 682 470 718 ait:
496 682 593 728 quod
611 683 642 718 si
662 682 844 728 peculiari,
869 685 956 717 tunc
974 685 1128 718 mentem
1146 682 1241 717 servi

152 726 404 772 quaerendam.
457 731 495 764 et
525 728 556 763 si
587 738 708 763 servus
741 727 835 762 mala
865 726 935 762 fide
961 726 1148 779 possideat
1179 737 1238 762 ea-

151 771 431 863 ἓὲἓιὲρῖἓωὲῗιὲ
451 777 608 863 3355?
628 773 1018 853 {zanffuffzsmfffflff
1054 771 1240 852 33ὲῖᾒὲ

593 844 602 859 9
891 843 900 859 2

151 862 199 897 sit
220 862 457 907 possessionis
481 867 518 898 et
540 862 619 898 ideo
644 861 817 906 usucapio
848 862 882 897 ei
912 872 986 897 non
1011 862 1126 906 magis
1154 873 1238 907 pro-

157 909 197 941 13
245 906 361 942 cedat.
409 907 448 942 Si
470 917 593 943 servus
617 907 713 942 bona
737 906 808 941 fide
831 907 956 942 emerit
1002 906 1151 942 eculiari
1174 918 1239 942 no-

151 951 263 995 mine,
295 962 361 996 ego
384 952 447 987 ubi
470 953 620 998 primum
644 962 687 987 co
737 951 794 987 ovi
817 950 927 987 sciam
950 962 973 987 a
1001 962 1122 994 enam,
1153 963 1238 997 pro-

151 1006 334 1032 cessuram
381 997 638 1042 usucapionem
709 996 805 1033 elsus
850 996 916 1032 ait:
964 996 1104 1032 initium
1147 997 1240 1032 enim

151 1041 388 1087 possessionis
419 1041 495 1077 sine
523 1042 608 1077 vitio
638 1040 768 1077 fuisse:
807 1041 871 1077 sed
908 1039 939 1076 si
977 1042 1043 1077 eo²
1079 1045 1240 1087 tempore

151 1097 222 1132 quo
246 1087 346 1129 emit,
378 1097 592 1132 quamquam
621 1085 660 1122 id
690 1086 785 1121 bona
807 1085 878 1121 fide
901 1085 1030 1130 faciat,
1063 1097 1128 1131 ego
1152 1087 1238 1122 alie-

153 1135 194 1166 14
240 1142 325 1167 nam
347 1142 421 1167 rem
438 1142 516 1168 esse
540 1131 663 1174 sciam,
687 1141 757 1166 usu
780 1141 836 1166 me
859 1142 933 1167 non
956 1135 1155 1176 capturum.
1191 1132 1242 1166 Et

150 1176 183 1212 si
205 1176 302 1221 quod
329 1187 402 1211 non
424 1177 521 1212 bona
543 1176 614 1212 fide
643 1186 768 1212 servus
790 1186 891 1211 meus
917 1176 1058 1218 emerit,
1089 1177 1128 1212 in
1151 1187 1239 1222 pac-

149 1221 283 1258 tionem
313 1221 490 1257 libertatis
518 1221 605 1256 milii
635 1220 790 1263 dederit,
828 1231 901 1256 non
931 1220 1012 1257 ideo
1043 1232 1100 1257 me
1128 1221 1240 1266 magis

150 1270 428 1319 usucapturum:
461 1266 591 1301 durare
621 1266 715 1302 enim
770 1266 895 1300 rimam
919 1276 1066 1302 causam
1096 1277 1239 1312 posses·

156 1315 194 1346 15
240 1311 350 1347 sionis
373 1310 468 1347 idem
491 1311 617 1347 Celsus
640 1311 702 1346 ait.
776 1311 788 1345 i
812 1321 835 1346 a
857 1311 993 1356 pupillo
1020 1322 1138 1347 emero
1164 1311 1241 1347 sine

150 1356 280 1392 tutoris
304 1356 536 1399 auctoritate,
561 1366 666 1401 quem
689 1356 862 1401 puberem
885 1366 965 1391 esse
987 1360 1127 1409 putem,
1152 1356 1239 1392 dici·

149 1412 229 1437 mus
244 1401 503 1446 usucapionem
527 1401 638 1446 sequi,
663 1408 705 1436 ut
727 1400 787 1436 hic
810 1401 891 1446 plus
916 1401 963 1436 sit
984 1412 1023 1436 in
1046 1412 1086 1437 re
1109 1402 1240 1446 quam³

149 1448 187 1481 in
209 1446 488 1482 existimatione:
520 1445 617 1491 quod
640 1446 671 1481 si
694 1445 790 1481 scias
813 1445 989 1491 pupillum
1013 1456 1110 1490 esse,
1134 1451 1241 1491 putes

150 1496 270 1527 tamen
292 1490 437 1537 pupillis
459 1491 570 1527 licere
592 1501 651 1527 res
674 1501 759 1526 suas
784 1490 861 1526 sine
883 1491 1013 1527 tutoris
1025 1491 1241 1527 auctoritate

149 1535 418 1579 administrare,
442 1547 515 1572 non
540 1536 660 1581 capies
683 1546 769 1579 usu,
801 1535 888 1581 quia
916 1536 1006 1571 iuris
1030 1547 1131 1572 error
1152 1535 1242 1572 nulli

153 1584 194 1617 16
245 1580 404 1626 prodest.
452 1580 490 1616 Si
513 1591 536 1616 a
558 1580 710 1624 furioso,
736 1591 841 1626 quem
863 1584 987 1626 putem
1010 1591 1121 1617 sanae
1143 1591 1242 1617 men-

149 1626 215 1668 tis,
240 1635 376 1668 emero,
408 1625 571 1662 constitit
600 1627 825 1671 usucapere⁴
855 1626 1020 1661 utilitatis
1050 1637 1162 1662 causa
1184 1637 1242 1661 me

150 1681 275 1717 posse,
306 1671 466 1716 quamvis
496 1671 596 1707 nulla
620 1675 715 1707 esset
739 1670 869 1716 emptio
895 1675 931 1706 et
953 1671 1033 1707 ideo
1058 1682 1173 1716 neque
1198 1671 1242 1707 de

151 1715 325 1752 evictione
343 1715 438 1752 actio
463 1716 624 1752 nascitur
646 1715 733 1751 mihi
756 1725 823 1751 nec
834 1715 1047 1752 Publiciana
1070 1716 1243 1762 competit

154 1764 191 1796 17
240 1771 307 1797 nec
339 1761 499 1797 accessio
530 1761 779 1806 possessionis.
827 1760 867 1796 Si
895 1771 975 1796 eam
1005 1771 1101 1804 rem,
1134 1772 1241 1807 quam

150 1817 217 1851 pro
242 1810 400 1851 emptore
424 1806 681 1851 usucapiebas‚
713 1805 841 1842 scienti
869 1805 957 1841 mihi
985 1806 1138 1842 alienam
1162 1816 1241 1842 esse

153 1854 194 1886 18
240 1850 459 1895 vendideris,
483 1862 558 1887 non
580 1851 720 1903 capiam
742 1861 824 1886 usu.
858 1850 980 1886 Etiam
1002 1851 1126 1887 heredi
1148 1852 1239 1887 ulte-

150 1895 237 1932 riori
272 1895 435 1932 defuncti
473 1906 654 1941 possessio
689 1895 867 1941 proderit,
908 1896 1068 1941 quamvis
1102 1896 1240 1933 medius

153 1944 194 1976 19
240 1941 344 1976 heres
366 1941 629 1986 possessionem
653 1941 729 1977 eius
749 1945 903 1976 nanctus
927 1951 999 1976 non
1023 1941 1079 1976 sit.
1116 1941 1155 1977 Si
1178 1941 1239 1977 de-

150 1986 297 2021 functus
321 1986 417 2022 bona
439 1985 511 2022 fide
534 1986 659 2022 emerit
668 1987 694 2029 ⁵,
717 1986 953 2030 usucapietur
977 1996 1053 2030 res,
1078 1986 1240 2031 quamvis

149 2031 254 2066 heres
285 2031 355 2066 scit
382 2030 537 2067 alienam
566 2041 654 2067 esse.
710 2030 780 2066 hoc
811 2035 848 2066 et
877 2031 916 2066 in
946 2031 1124 2067 bonorum
1152 2042 1237 2083 pos-

150 2086 291 2112 sessore
308 2079 346 2112 et
366 2075 406 2111 in
427 2075 772 2120 fideicommissariis,
797 2075 926 2121 quibus
947 2086 992 2111 ex
1012 2075 1238 2112 Trebelliano

149 2120 352 2157 restituitur
374 2120 563 2165 hereditas,
588 2121 787 2166 ceterisque
809 2120 999 2165 praetoriis
1020 2121 1239 2157 successori-

151 2169 195 2201 20
241 2165 309 2201 bus
334 2166 560 2202 observatum
583 2170 647 2202 est.
690 2165 856 2210 Emptori
877 2169 1019 2211 tempus
1042 2166 1237 2202 venditoris

150 2214 192 2246 21
241 2210 289 2246 ad
305 2211 562 2256 usucapionem
586 2210 760 2256 procedit.
796 2210 834 2246 Si
853 2221 928 2246 rem
948 2210 1103 2246 alienam
1118 2221 1238 2247 emero

150 2260 204 2298 et,
239 2266 321 2291 cum
349 2266 603 2309 usucaperem,
641 2255 791 2291 eandem
826 2266 902 2290 rem
933 2255 1097 2291 dominus
1128 2266 1152 2291 a
1183 2266 1239 2291 me

150 2300 314 2346 petierit,
348 2311 422 2336 non
456 2300 680 2353 interpellari
719 2300 975 2345 usucapionem
1015 2311 1131 2336 meam
1164 2300 1238 2336 litis

152 2345 423 2382 contestatione.
459 2345 523 2382 sed
540 2356 572 2381 si
590 2346 664 2381 litis
683 2345 967 2381 aestimationem
990 2345 1139 2381 sufferre
1162 2356 1238 2381 ma-

151 2390 299 2432 luerim,
331 2391 383 2426 ait
404 2390 565 2426 Iulianus
589 2401 736 2426 causam
767 2390 1003 2435 possessionis
1031 2390 1164 2426 mutari
1193 2390 1237 2432 ei,

151 2435 214 2516 gui
241 2435 314 2471 litis
344 2435 627 2471 aestimationem
655 2435 857 2478 sustulerit,
887 2435 982 2471 idem
1006 2446 1052 2471 ue
1080 2445 1177 2480 esse,
1207 2436 1239 2471 si

178 2480 341 2517 omlnus⁶
372 2481 420 2523 ei,
455 2481 518 2526 qui
546 2491 622 2516 rem
645 2481 789 2517 emisset
819 2490 842 2516 a
872 2490 946 2516 non
1001 2481 1138 2523 omino,
1173 2480 1237 2516 do-

152 2530 293 2562 nasset:
318 2535 431 2571 eaque
455 2525 632 2561 sententia
654 2535 740 2561 vera
763 2529 828 2561 est.

199 2567 223 2608 3
256 2569 450 2607 Ulmanus
478 2571 570 2607 libro
601 2571 891 2623 septuaqensimo
921 2571 1047 2615 quinto
1072 2570 1122 2606 ad
1144 2570 1238 2607 edio-

153 2618 227 2650 tum
273 2615 364 2651 Litis
387 2615 588 2651 aestimatio
613 2615 737 2651 similis
762 2619 817 2651 est
838 2625 895 2651 em
920 2615 1021 2650 tioni.

199 2658 225 2697 4
248 2659 295 2695 IA
304 2670 474 2696 vozfflws
501 2661 592 2697 libro
623 2659 782 2696 secundo
813 2671 863 2696 ex
892 2625 1039 2695 {lautia
1085 2659 1239 2705 Emptor

152 2704 257 2740 fundi
286 2710 425 2750 partem
455 2705 532 2741 eius
561 2705 712 2741 alienam
744 2715 824 2741 esse
859 2706 953 2740 non⁷
993 2704 1237 2749 ignoraverat:

152 2760 366 2794 responsum
394 2755 450 2785 est
473 2750 562 2785 nihil
585 2761 666 2786 eum
697 2760 740 2785 ex
764 2760 806 2785 eo
830 2749 942 2785 fundo
965 2750 1072 2801 longa
1094 2760 1238 2794 posses·

153 2794 253 2830 sione
277 2799 477 2839 capturum.
525 2794 622 2840 quod
649 2795 701 2830 ita
732 2805 858 2830 verum
882 2804 960 2830 esse
983 2794 1165 2837 existimo,
1195 2794 1237 2838 si,

153 2849 245 2885 quae
275 2849 360 2884 pars
391 2839 508 2875 aliena
531 2844 626 2876 esset
647 2840 686 2875 in
709 2850 752 2875 eo
775 2839 906 2882 fundo,
931 2844 1071 2884 emptor
1093 2839 1237 2884 ignora-

152 2887 270 2920 verat:
329 2884 401 2920 uod
433 2884 465 2920 si
495 2889 631 2920 certum
660 2885 778 2920 locum
808 2895 888 2921 esse
916 2884 1046 2926 sciret,
1082 2884 1238 2929 reliquas

152 2932 274 2975 partes
329 2939 421 2973 onga
457 2929 682 2974 possessione
721 2930 802 2975 capi
845 2939 951 2975 posse
989 2940 1062 2965 non
1101 2929 1237 2965 dubito.

158 2978 171 3010 l
220 2972 320 3009 Idem
341 2973 430 3009 iuris
455 2978 525 3016 est,
556 2974 587 3010 si
609 2975 659 3018 is,
692 2974 753 3019 qui
776 2978 891 3010 totum
914 2973 1064 3009 fundum
1087 2975 1238 3016 emebat,

153 3028 220 3064 pro
243 3017 394 3054 indiviso
423 3023 562 3063 partem
585 3020 741 3072 aliquam
763 3019 914 3055 alienam
938 3029 1017 3055 esse
1040 3019 1126 3055 scit:
1159 3029 1239 3055 eam

153 3063 248 3100 enim
270 3062 458 3099 dumtaxat
486 3074 560 3099 non
583 3068 719 3109 capiet,
749 3069 948 3099 ceterarum
978 3064 1135 3109 partium
1166 3075 1239 3100 non

153 3109 203 3144 im
228 3108 367 3144 odietur
388 3108 495 3153 longa
516 3109 743 3189 {ossessione
767 3109 881 3154 capio.

201 3119 226 3191 ἕ
245 3152 500 3189 Μουιεπιῐσε
541 3154 611 3188 'bro
635 3154 771 3189 decimo
788 3153 1055 3199 pandectarum
1091 3153 1130 3188 Si
1152 3164 1237 3198 rem,

155 3208 263 3279 guam
286 3198 353 3234 tibi
370 3197 574 3250 pigneravi‚
608 3198 819 3243 subripuero
853 3208 1002 3251 eamque
1026 3198 1236 3242 distraxere,

179 3253 199 3279 e
230 3252 450 3288 usucapione
481 3242 683 3278 dubitatum
714 3247 786 3279 est:
820 3247 857 3279 et
884 3253 1003 3279 verius
1026 3247 1082 3279 est
1104 3243 1239 3279 utiliter

156 3287 281 3324 cedere
302 3292 466 3333 tempora
487 3287 728 3333 usucapionis.

201 3330 226 3370 6
251 3332 480 3368 Poupomvs
511 3332 603 3369 libro
631 3333 837 3378 triqensimo
868 3332 1025 3369 secundo
1056 3332 1107 3368 ad
1133 3332 1237 3369 Sabi-

155 3388 240 3412 num
286 3377 374 3422 Qui,
406 3387 486 3413 cum
508 3387 574 3423 pro
597 3376 728 3413 herede
750 3377 804 3412 vel
833 3388 900 3421 pro
924 3381 1082 3423 emptore
1105 3388 1236 3413 usuca-

154 3426 271 3467 peret,
303 3422 467 3467 precario
490 3422 645 3468 rogavit,
676 3431 874 3466 usucapere
897 3433 969 3457 non
993 3426 1126 3475 potest:
1152 3423 1238 3476 quid

154 3477 263 3513 porro
291 3467 385 3503 inter
415 3476 477 3503 eas
499 3477 557 3503 res
581 3467 748 3509 interest,
778 3476 860 3501 cum
883 3467 1075 3513 utrubique
1098 3467 1238 3503 desinat

1231 109 1317 158 662

1484 3 1554 70 *a

1543 72 1548 108 l

2065 129 2154 162 PRO
2184 131 2394 166 Emonia

1309 244 1356 270 ex
1403 234 1494 286 rima
1516 245 1627 272 causa
1649 236 1845 282 possidere,
1870 238 1931 282 qui
1953 239 2116 283 precario
2138 240 2215 275 vult
2236 240 2393 277 habere?

1313 282 1329 314 1
1406 290 1418 314 1
1442 289 1487 314 ex
1508 279 1630 316 decem
1652 281 1779 325 servis,
1812 293 1901 328 quos
1926 284 2080 327 emerim,
2112 284 2250 330 aliquos
2272 289 2392 331 putem

1310 323 1447 377 alienos
1471 327 1509 359 et
1531 325 1592 370 qui
1615 326 1687 378 sint
1709 326 1838 370 sciam,
1861 327 2018 373 reliquos
2042 329 2269 375 usucapiam:
2299 331 2392 376 quod

1310 379 1343 404 si
1365 379 1541 413 ignorem,
1566 380 1627 415 qui
1649 375 1722 406 sint
1744 372 1870 415 alieni,
1894 374 2068 410 neminem
2090 385 2287 419 usucapere
2309 386 2392 420 pos-

1311 416 1331 448 2
1379 423 1470 449 sum.
1516 413 1606 450 Post
1635 420 1786 452 mortem
1824 418 1920 459 eius,
1961 418 2021 462 qui
2051 419 2227 454 hominem
2258 420 2393 463 emerit,

1310 458 1453 510 expleto
1491 462 1671 504 tempore,
1711 461 1807 506 quod
1837 462 2009 498 defuisset
2045 463 2092 498 ad
2128 465 2392 509 usucapionem,

1312 513 1472 555 quamvis
1507 514 1588 538 eum
1628 504 1805 542 hominem
1845 507 1948 543 heres
1990 508 2172 553 possidere
2204 520 2278 544 non
2313 519 2393 545 coe-

1308 548 1540 629 pissetdisfiett
1568 552 1690 585 tamen
1719 550 1814 587 eius:
1851 552 1915 588 sed
1937 553 1988 588 ita
2011 554 2097 596 hoc,
2128 553 2159 589 si
2187 564 2290 590 nemo
2313 564 2393 590 eum

1335 604 1416 628 osse
1473 603 1512 629 se
1531 620 1538 628 .

1308 604 1332 639 p
1356 635 1380 674 7
1405 637 1599 690 largimus
1626 638 1718 675 libro
1748 641 2052 688 quadraqensimo
2086 646 2216 689 quarto
2240 643 2394 690 diqesto-

1308 693 1397 734 rum·
1425 682 1494 726 Qui
1517 682 1667 718 fundum
1690 695 1756 731 pro
1781 690 1940 731 emptore
1962 688 2179 733 possidebat,
2203 691 2394 733 antequam

1310 728 1483 780 diutinam
1505 729 1767 782 possessionem
1798 730 1979 776 impleret,
2005 732 2173 769 decessit:
2199 733 2309 775 servi,
2334 733 2395 785 qui

1308 784 1347 808 in
1379 783 1643 825 possessionem
1671 774 1788 811 relicti
1816 775 1977 819 fuerant,
2013 777 2253 813 discesserunt
2286 777 2393 813 relin-

1311 817 1473 869 quendae
1497 828 1574 853 eius
1597 819 1729 863 gratia:
1755 821 1955 865 quaesitum
1977 826 2048 864 est,
2072 833 2120 857 an
2142 823 2253 858 nihilo
2278 822 2394 859 minus

1309 862 1431 898 heredi
1461 866 1602 908 tempus
1625 863 1753 910 longae
1782 866 2018 910 possessionis
2041 867 2234 911 procedere
2264 872 2393 912 potest.

1310 907 1518 952 respondit⁸
1555 908 1663 943 etiam
1697 909 1961 946 discedentibus
1996 912 2106 947 servis
2145 912 2215 947 hoc
2253 916 2394 957 tempus

1313 955 1328 987 1
1377 951 1502 987 heredi
1528 953 1732 997 procedere.
1788 955 1826 990 Si
1861 955 2012 991 fundum
2044 956 2292 992 Cornelianum
2327 967 2393 1002 pro

1309 1001 1470 1050 emptore
1499 997 1607 1043 longa
1633 998 1861 1043 possessione
1893 1000 2032 1046 capiam
2055 1005 2092 1037 et
2113 1006 2252 1046 partem
2276 1011 2320 1037 ex
2342 1002 2393 1037 vi-

1310 1042 1382 1095 cini
1409 1041 1523 1078 fundo
1555 1042 1588 1078 ei
1619 1043 1789 1087 adiciam,
1825 1048 1946 1081 utrum
1975 1055 2056 1081 eam
2085 1057 2227 1099 quoque
2257 1050 2395 1091 partein

1309 1087 1446 1132 rehquo
1469 1091 1630 1132 tempore
1652 1099 1719 1133 pro
1743 1099 1798 1125 em
1824 1093 1903 1125 tore
1927 1091 2066 1135 capiam
2089 1101 2135 1126 an
2157 1095 2295 1136 integro
2320 1094 2393 1127 sta·

1309 1136 1387 1168 tuto
1423 1133 1609 1177 tempore?
1662 1143 1794 1178 respon
1821 1134 1847 1170 ἰ
1890 1140 2030 1180 partes,
2071 1146 2162 1180 quae
2201 1136 2395 1181 emptioni⁹

1309 1175 1414 1212 fundi
1430 1177 1645 1220 adiciuntur,
1663 1179 1847 1224 propriam
1866 1190 1910 1215 ao
1931 1184 2135 1225 separatam
2152 1181 2393 1217 condicionem

1309 1222 1460 1274 habent,
1492 1226 1528 1275 et
1551 1222 1631 1258 ideo
1654 1224 1916 1268 possessionem
1940 1236 2081 1271 quoque
2104 1236 2226 1261 earum
2249 1236 2392 1271 separa-

1309 1271 1375 1302 tim
1397 1268 1560 1303 nancisci
1583 1273 1748 1314 oportere
1767 1273 1804 1304 et
1827 1269 1970 1314 longam
2019 1271 2255 1306 ossessionem
2272 1281 2395 1306 earum

1310 1315 1330 1347 2
1377 1312 1514 1357 integro
1554 1316 1689 1349 statuto
1727 1317 1798 1349 tem
1825 1325 1887 1351 ore
1922 1315 1994 1359 imp
2011 1315 2072 1350 eri.
2129 1315 2259 1351 Servus
2295 1326 2394 1351 meus

1313 1356 1408 1393 Titio
1432 1357 1629 1402 mandavit,
1662 1362 1702 1393 ut
1725 1325 1875 1394 fund'um
1907 1359 1941 1395 ei
1964 1363 2113 1405 emeret,
2144 1360 2247 1405 eique
2268 1371 2393 1396 manu-

1309 1402 1419 1438 misso
1430 1403 1459 1424 ¹⁰
1482 1402 1598 1439 Titius
1621 1403 1883 1448 possessionem
1906 1404 2069 1440 tradidit:
2106 1405 2306 1457 quaesitum
2328 1409 2394 1447 est,

1309 1458 1357 1482 an
1379 1447 1487 1492 longa
1508 1448 1735 1493 possessione
1759 1453 1913 1494 caperet.
1962 1450 2146 1495 respondit
2154 1450 2179 1492 ⁸,
2211 1450 2242 1485 si
2273 1460 2395 1486 servus

1308 1502 1410 1528 meus
1433 1492 1656 1528 mandaverit
1677 1493 1783 1538 Titio,
1808 1498 1848 1530 ut
1870 1494 2020 1530 fundum
2043 1499 2186 1537 emeret,
2211 1499 2248 1531 et
2269 1505 2393 1530 manu-

1308 1537 1418 1573 misso
1454 1537 1487 1573 ei
1517 1537 1633 1573 Titius
1671 1538 1822 1574 fundum
1853 1539 2057 1583 tradiderit,
2097 1550 2179 1576 cum
2208 1544 2354 1593 putaret
2367 1541 2394 1563 ¹¹

1309 1582 1491 1627 peculium
1513 1582 1546 1618 ei
1569 1593 1780 1618 concessum
1802 1594 1881 1620 esse
1903 1585 1960 1620 vel
1982 1585 2089 1620 etiam
2109 1595 2190 1620 cum
2212 1588 2396 1629 ignoraret

1335 1627 1487 1663 eculium
1504 1638 1713 1663 concessum
1735 1639 1809 1664 non
1833 1639 1922 1671 esse,
1946 1629 2055 1665 nihilo
2075 1629 2191 1665 minus
2203 1631 2232 1651 ¹²
2255 1640 2395 1665 servum

1336 1672 1448 1707 'utina
1470 1673 1698 1717 possessione
1721 1683 1868 1718 capere,
1901 1674 1985 1719 quia
2008 1678 2072 1709 aut
2094 1675 2164 1710 scit
2186 1685 2309 1710 servus
2331 1685 2394 1720 pe-

1310 1717 1443 1753 culium
1471 1716 1542 1752 sibi
1571 1728 1781 1754 concessum
1812 1729 1884 1754 non
1913 1729 1992 1755 esse
2022 1723 2086 1754 aut
2108 1719 2200 1755 scire
2230 1719 2337 1755 debet
2358 1723 2395 1755 et

1336 1772 1376 1797 er
1398 1762 1468 1797 hoc
1491 1762 1616 1798 similis
1641 1767 1696 1798 est
1717 1763 1767 1805 ei,
1802 1763 1863 1808 qui
1885 1774 1925 1800 se
1949 1764 2161 1800 creditorem
2183 1774 2262 1800 esse
2285 1764 2393 1801 simu-

1322 1810 1370 1842 at.
1408 1806 1504 1852 quod
1528 1807 1559 1843 si
1582 1807 1703 1843 scierit
1725 1807 1840 1844 Titius
1864 1809 2043 1854 peculium
2066 1809 2284 1845 manumisso
2308 1820 2386 1845 con⁴

1310 1862 1451 1888 cessum
1482 1863 1555 1888 non
1588 1863 1685 1895 esse,
1723 1852 1858 1889 donare
1892 1853 2014 1899 potius
2051 1864 2159 1899 quam
2196 1854 2394 1890 indebitum

1309 1900 1330 1933 3
1376 1896 1528 1932 fundum
1561 1897 1697 1933 solvere
1724 1898 1981 1951 intellegendus
2014 1903 2079 1934 est.
2128 1898 2168 1934 Si
2197 1903 2296 1935 tutor
2318 1909 2393 1935 rem

1309 1942 1437 1987 pupilli
1461 1942 1679 1988 subripuerit
1701 1947 1737 1978 et
1759 1943 1974 1986 vendiderit,
2006 1943 2180 1989 usucapio
2211 1955 2284 1980 non
2308 1954 2393 1980 con·

1307 1987 1429 2032 tingit,
1464 1987 1675 2033 priusquam
1703 1998 1762 2024 res
1791 1987 1830 2023 in
1857 1992 2073 2033 potestatem
2103 1988 2230 2034 pupilli
2252 1988 2391 2025 redeat:

1307 2042 1392 2067 nam
1427 2035 1526 2067 tutor
1554 2032 1593 2068 iii
1620 2043 1660 2068 re
1687 2032 1816 2078 pupilli
1845 2038 1931 2069 tunc
1962 2033 2095 2069 domini
2124 2034 2204 2070 loco
2228 2034 2392 2076 habetur,

1308 2087 1389 2112 cum
1412 2077 1562 2112 tutelam
1585 2077 1826 2121 administrat,
1851 2088 1923 2113 non
1946 2088 2028 2114 cum
2050 2078 2226 2124 pupillum
2250 2079 2390 2124 spoliat.

1308 2125 1330 2156 4
1376 2121 1446 2167 Qui
1468 2122 1564 2157 bona
1586 2121 1657 2158 fide
1680 2122 1835 2158 alienum
1857 2122 2008 2158 fundum
2031 2123 2117 2159 emit
2139 2128 2176 2159 et
2221 2124 2391 2160 ossessio-

1307 2176 1388 2202 nem
1412 2167 1487 2202 eius
1511 2167 1648 2209 amisit,
1681 2167 1807 2203 deinde
1830 2177 1873 2204 eo
1896 2171 2056 2213 tempore
2087 2168 2199 2214 adpre
2225 2168 2392 2211 endisset,

1307 2222 1379 2257 quo
1411 2212 1480 2248 scit
1507 2222 1583 2247 rem
1611 2212 1764 2248 alienam
1796 2223 1890 2256 esse,
1926 2223 2000 2248 non
2033 2213 2151 2265 capiet
2174 2214 2279 2258 longo
2303 2217 2392 2249 tem*

1306 2267 1413 2302 pore,
1446 2257 1530 2302 quia
1559 2257 1699 2292 initium
1727 2258 1906 2293 secundae
1935 2258 2171 2303 possessionis
2202 2258 2287 2294 vitio
2319 2269 2393 2294 non

1308 2301 1461 2344 carebit,
1490 2312 1557 2337 nec
1588 2302 1710 2338 similis
1723 2302 1751 2324 ¹³
1782 2306 1839 2338 est
1860 2303 1910 2345 ei,
1950 2303 2011 2348 qui
2034 2303 2222 2348 emptionis
2252 2303 2393 2348 quidem

1306 2350 1468 2392 tempore
1488 2350 1594 2391 putat
1615 2346 1766 2382 fundum
1788 2347 1973 2383 vendentis
1998 2357 2094 2390 esse,
2127 2347 2191 2383 sed
2214 2358 2295 2384 cum
2317 2352 2392 2383 tra-

1307 2390 1421 2434 ditur,
1459 2392 1528 2427 scit
1557 2392 1709 2427 alienum
1741 2402 1838 2427 esse:
1880 2402 1961 2427 cum
1991 2392 2085 2427 enim
2123 2393 2231 2428 semel
2261 2392 2393 2429 amissa

1307 2435 1417 2471 fuerit
1444 2436 1643 2482 possessio,
1678 2436 1819 2472 initium
1849 2447 1975 2472 rursus
2007 2437 2228 2483 reciperatae
2249 2448 2392 2483 posses·

1307 2481 1417 2517 sionis
1446 2481 1601 2527 spectari
1639 2485 1792 2527 oportet.
1840 2491 1949 2526 quare
1980 2481 2012 2517 si
2045 2492 2088 2518 eo
2123 2486 2283 2528 tempore
2310 2482 2390 2518 red-

1307 2526 1474 2561 hibeatur
1496 2527 1620 2570 homo,
1653 2537 1723 2571 quo
1747 2531 1886 2572 emptor
1909 2526 1980 2562 scit
2002 2526 2156 2562 alienum
2180 2537 2274 2570 esse,
2306 2538 2391 2564 usu-

1307 2570 1411 2616 capio
1436 2581 1509 2606 non
1533 2571 1722 2616 contingit,
1747 2571 1905 2617 quamvis
1929 2575 2122 2616 antequam
2144 2572 2329 2615 venderet,
2353 2572 2390 2607 in

1306 2626 1351 2651 ea
1374 2626 1484 2651 causa
1506 2615 1624 2659 fuerit,
1648 2621 1690 2651 ut
1711 2620 1935 2662 usucaperet.
1971 2616 2065 2651 idem
2087 2617 2174 2652 iuris
2198 2621 2254 2653 est
2275 2617 2313 2652 in
2337 2627 2391 2661 eo,

1307 2660 1368 2706 qui
1398 2660 1443 2696 de
1466 2661 1578 2696 fundo
1603 2661 1761 2697 deiectus
1792 2661 2053 2706 possessionem
2075 2671 2141 2707 per
2163 2661 2391 2698 interdictum

1307 2709 1326 2740 5
1374 2705 1448 2741 reci
1474 2706 1602 2749 eravit,
1636 2706 1752 2742 sciens
1775 2706 1846 2742 iam
1869 2706 2023 2741 alienum
2047 2716 2136 2742 esse.
2183 2706 2252 2752 Qui
2274 2707 2390 2743 sciens

1308 2750 1393 2785 emit
1421 2761 1443 2785 a
1497 2761 1558 2792 eo,
1599 2761 1703 2795 quem
1740 2755 1885 2796 praetor
1913 2755 1954 2786 ut
1984 2755 2190 2797 suspectum
2224 2751 2391 2788 heredem

1309 2799 1330 2831 6
1378 2795 1581 2831 deminuere
1611 2796 1741 2838 vetuit,
1782 2807 1852 2831 usu
1883 2806 1955 2831 non
1992 2796 2119 2841 capiet.
2172 2796 2392 2832 Procurator

1306 2844 1391 2876 tuus
1415 2840 1447 2876 si
1469 2840 1637 2883 fimdnm,
1673 2851 1777 2893 quem
1801 2845 1944 2876 centum
1973 2841 2090 2876 aureis
2114 2841 2265 2877 vendere
2287 2846 2390 2886 pote-

1306 2889 1383 2928 rat,
1414 2885 1591 2921 addixerit
1618 2885 1765 2930 triginta
1795 2886 1914 2922 aureis
1950 2885 1987 2921 in
2018 2886 2088 2921 hoc
2119 2886 2251 2928 solum,
2284 2890 2325 2922 ut
2354 2890 2390 2922 te

1307 2930 1439 2966 damno
1469 2929 1655 2972 adficeret,
1692 2930 1879 2975 ignorante
1912 2934 2087 2976 emptore,
2129 2930 2285 2966 dubitari
2317 2942 2390 2967 non

1307 2978 1468 3020 oportet,
1497 2976 1582 3020 quin
1613 2979 1752 3020 emptor
1774 2976 1879 3020 longo
1902 2979 2063 3020 tempore
2086 2985 2128 3011 ca
2153 2975 2222 3012 iat:
2248 2986 2331 3012 nam
2353 2980 2390 3012 et

1308 3031 1390 3055 cum
1412 3020 1528 3056 sciens
1561 3020 1640 3065 quis
1663 3020 1818 3055 alienum
1841 3020 1991 3056 fundum
2019 3019 2122 3056 vendi
2148 3020 2175 3055 't
2196 3020 2388 3073 ignoranti,

1307 3076 1380 3101 non
1402 3065 1649 3110 interpellatur
1660 3066 1687 3086 ¹⁴
1711 3065 1818 3110 longa
1840 3065 2030 3111 possessio.
2078 3065 2174 3110 quod
2197 3076 2228 3101 si
2251 3071 2389 3119 emptor

1308 3121 1389 3146 cum
1410 3115 1645 3155 procuratore
1669 3109 1812 3146 collusit
1836 3114 1872 3146 et
1894 3120 1975 3145 eum
2022 3109 2156 3146 raemio
2181 3114 2340 3156 corrupit
2350 3112 2387 3162 ¹⁶,

1307 3165 1377 3199 quo
1408 3155 1511 3191 vilius
1541 3159 1779 3197 mercaretur,
1809 3165 1882 3190 non
1908 3155 1962 3190 int
2008 3159 2131 3199 egetur
2161 3155 2277 3191 bonae
2306 3154 2389 3190 fidei

1307 3203 1448 3245 emptor
1475 3209 1541 3235 nec
1581 3200 1685 3244 longo
1716 3205 1875 3245 tempore
1914 3199 2048 3244 capiet:
2088 3204 2124 3235 et
2155 3199 2186 3235 si
2218 3200 2387 3236 adversus

1333 3248 1487 3280 etentem
1511 3244 1690 3280 dominum
1713 3245 1767 3280 uti
1789 3244 1947 3290 coeperit
1968 3253 2054 3279 exce
2081 3244 2177 3280 tione
2190 3245 2219 3266 ¹⁶
2248 3244 2300 3281 rei
2325 3255 2385 3280 vo-

1320 3293 1444 3324 untate
1461 3288 1540 3325 eius
1561 3289 1735 3332 venditae,
1758 3288 2025 3335 replicationem
2073 3288 2121 3324 oli
2142 3288 2264 3325 utilem
2287 3288 2385 3325 futu-

1306 3337 1324 3368 7
1373 3343 1451 3369 ram
1474 3343 1561 3369 esse.
1608 3334 1757 3370 Furtiva
1781 3344 1839 3370 res
1861 3344 1935 3369 non
1956 3333 2172 3378 intellegitur
2193 3334 2326 3371 redisse
2348 3333 2386 3369 iii

1305 3378 1438 3414 domini
1459 3382 1686 3424 potestatem,
1711 3378 1870 3424 quamvis
1892 3378 2091 3423 possideret
2114 3388 2203 3422 eam,
2227 3378 2259 3414 si
2281 3378 2386 3415 modo

1304 3423 1518 3475 ignoraverit
1537 3424 1745 3469 subreptam
1764 3423 1832 3460 sibi
1850 3433 1947 3459 esse:
1972 3423 2003 3459 si
2025 3422 2132 3468 igitur
2152 3433 2301 3466 servum,
2326 3423 2386 3468 qui

1304 3468 1369 3504 tibi
1392 3468 1585 3514 subreptus
1608 3472 1704 3511 erat,
1733 3468 1909 3514 ignoranti
1932 3467 1999 3503 tibi
2020 3472 2122 3503 tuum
2143 3478 2222 3504 esse
2243 3468 2385 3514 pignori

155 3582 196 3620 (ι)
220 3580 403 3623 eamque?
489 3582 534 3621 (2)
556 3580 627 3623 ipso
647 3581 709 3614 ine.
723 3578 775 3613 Ρ
865 3580 907 3619 (a)
930 3579 1008 3623 plus
1024 3590 1124 3622 quam
1142 3581 1180 3613 in
1201 3590 1237 3614 re
1305 3580 1396 3614 milio
1406 3591 1475 3614 non
1487 3591 1640 3615 concesso
1652 3582 1711 3615 ins.
1817 3582 1873 3622 (ιι)
1896 3582 2050 3624 putareet
2061 3581 2122 3623 1⁵³¹,
2139 3583 2275 3625 putaret
2286 3583 2320 3615 et
2333 3581 2386 3614 [θ’

155 3624 200 3658 sit
220 3626 373 3659 Cuiaei‘uc
498 3626 542 3666 (4)
565 3625 767 3658 constitutus
786 3634 902 3668 capere
921 3625 984 3666 F¹,
1012 3625 1164 3658 constitit
1183 3635 1237 3658 us-
1306 3627 1365 3665 (12)
1389 3626 1484 3659 nullo
1502 3626 1600 3659 modo
1619 3639 1680 3661 scr.
1775 3627 1832 3666 (ιε)
1857 3636 1918 3659 neo
1937 3625 2105 3660 dissimilis
2124 3626 2155 3660 S
2243 3631 2300 3667 (u)
2323 3626 2386 3659 im-

156 3669 426 3712 oapere(1ic)F²
495 3672 538 3711 (5)
563 3670 706 3703 emitF²
775 3674 819 3709 (e)
844 3669 1041 3703 dominosF
1102 3677 1144 3706 (7)
1169 3680 1237 3702 non
1305 3670 1440 3712 peditur
1451 3684 1512 3704 scr.
1609 3672 1668 3712 (ιδ)
1692 3671 1879 3713 corruperit
1890 3671 1942 3704 F²
2038 3674 2096 3713 (iu)
2122 3670 2344 3713 exceptionem
2360 3670 2390 3703 F

160 3724 222 3745 *ue
237 3715 272 3747 Γ
319 3718 364 3755 (s)
389 3715 543 3756 respondi
558 3727 620 3747 scr.
674 3716 720 3751 (9)
744 3717 852 3754 empto
867 3714 965 3745 vicini
982 3727 1041 3745 ser.
1098 3717 1158 3748 (ιο)
1181 3725 1236 3754 pe-

2500 0 2524 193 ι
