2528 3918
105 117 402 160 nxmsnnnnm

101 251 240 278 vacare.
299 238 423 275 roinde
446 239 482 273 et
504 236 535 272 si
558 245 581 271 a
607 234 655 271 ud
678 233 837 271 officium
866 233 976 270 fuerit
1006 233 1189 280 depositus

102 286 256 322 exbiben
281 294 342 328 us,
376 282 510 319 cibaria
540 281 585 316 de
611 280 683 316 ebit
706 279 923 325 adgnoscere
947 280 1008 325 qui
1031 278 1190 316 exhiberi

104 330 325 372 desideravit,
350 329 381 365 si
402 338 476 364 non
495 326 636 363 solebat
653 335 841 371 possessor
860 335 1000 360 servum
1020 334 1187 371 pascere:

101 387 184 413 nam
215 377 245 412 si
275 374 431 416 solebat,
462 372 570 409 sicuti
597 371 737 417 pascit,
770 370 822 406 ita
853 374 889 406 et
913 370 1048 406 cibaria
1097 373 1190 406 otest

102 423 197 458 non¹
228 429 404 457 recusare.
448 417 626 454 interdum
659 420 780 451 tamen
815 425 856 451 eo
892 415 962 451 loci
999 416 1079 451 exhi
1106 415 1189 451 ere2

101 468 206 503 debet
237 466 310 502 suis
343 475 420 500 sum
446 463 559 506 tibus,
594 463 624 498 si
646 461 742 497 forte
763 471 945 506 proponas
970 461 1056 497 data
1079 470 1190 506 opera

101 523 180 548 eum
202 511 239 547 in
260 510 379 546 locum
403 474 564 544 abditum
586 517 645 543 res
670 507 881 550 contulisse,
913 510 954 542 ut
987 506 1103 543 actori
1132 506 1187 542 in-

101 555 315 594 commodior
338 558 433 590 esset
457 553 644 590 exhibitio:
678 562 762 588 nam
783 552 822 587 in
845 552 942 587 hunc
966 562 1089 588 casum
1113 552 1187 588 suis

100 601 298 649 sumptibus
322 603 358 635 et
379 599 538 646 periculo
561 598 705 634 debebit
725 597 892 633 exhibere
910 598 948 632 in
969 608 1050 633 eum
1068 598 1187 633 locum

100 652 119 684 2
165 647 228 683 ubi
251 649 387 692 agatur,
410 655 456 680 ne
480 645 512 680 ei
537 644 713 680 calliditas
738 653 804 679 sua
826 643 951 688 prosit.
1001 643 1095 679 Side
1106 643 1185 688 plu-

98 694 195 729 ribus
219 692 326 727 rebus
351 690 430 736 quis
455 690 690 726 conveniatur
709 692 744 724 et
762 687 835 724 litis
856 692 1078 724 contestatae
1096 693 1184 723 tem-

97 748 183 785 pore
205 747 328 774 omnes
351 736 530 782 possedit,
563 735 648 771 licet
677 738 805 780 postea
859 733 1010 769 uasdam
1042 734 1187 770 desierit

98 782 254 830 quamvis
278 781 355 818 sine
379 781 461 817 dolo
484 781 578 818 malo
601 780 806 827 possidere,
856 780 1092 823 amandum,
1117 779 1185 815 nisi

98 829 266 865 exhibeat
289 838 349 864 eas
374 837 463 874 quas
486 830 617 873 potest.

144 871 194 911 12
219 873 378 909 ΡΑσισε
398 872 489 909 libro
513 873 704 909 vicensimo
727 874 833 907 seaeto
858 871 907 906 ad
930 870 1083 906 edictum
1130 870 1185 906 De

97 930 138 956 eo
160 918 372 962 exhibendo,
397 928 501 971 quem
521 918 600 964 quis
618 918 655 952 in
675 917 876 952 libertatem
896 916 1078 951 vindicare
1088 916 1183 959 velit,

98 968 112 1000 1
162 964 247 1000 huic
279 964 413 1000 actioni
436 963 537 999 locus
562 973 640 999 esse
662 965 792 1008 potest.
841 961 892 996 Et
915 961 1008 996 filius
1031 961 1184 997 familias

95 1021 138 1046 ea
160 1009 302 1046 actione
324 1013 485 1052 tenetur,
510 1009 541 1045 si
563 1008 774 1044 facultatem
797 1008 849 1043 rei
873 1006 1095 1042 exhibendae
1118 1007 1182 1042 ha-

95 1058 115 1091 2
161 1055 232 1092 bet.
282 1054 431 1100 Saepius
455 1054 502 1090 ad
525 1054 764 1090 exhibendum
789 1053 918 1098 agenti,
943 1053 974 1088 si
998 1062 1043 1087 ex
1062 1052 1185 1088 eadem

95 1111 205 1137 causa
243 1104 344 1146 agat,
381 1101 604 1136 obstaturam
640 1099 884 1152 exceptionem
919 1098 1078 1133 Iulianus
1115 1098 1182 1133 ait:

93 1156 221 1183 novam
245 1150 365 1182 autem
396 1156 543 1181 causam
573 1146 803 1187 intervenire,
836 1144 866 1179 si
896 1144 946 1185 is,
979 1144 1039 1188 qui
1070 1143 1183 1179 vindi-

94 1192 199 1228 candi
229 1192 345 1237 gratia
377 1191 521 1236 egisset,
553 1195 638 1237 post
669 1193 857 1235 acceptum
888 1189 1058 1225 iudicium
1083 1190 1185 1224 eam³

94 1238 139 1274 ab
164 1237 282 1290 aliquo
307 1237 465 1283 accepit,
499 1241 535 1273 et
566 1237 645 1272 ideo
681 1235 926 1280 exceptionem
951 1235 983 1269 ei
1007 1246 1078 1270 non
1103 1234 1182 1270 offi-

94 1293 185 1319 cere.
221 1286 307 1319 1tem
338 1283 368 1318 si
401 1282 451 1326 ei,
485 1283 546 1328 qui
575 1281 663 1318 furti
696 1285 843 1316 acturus
875 1280 922 1316 ad
947 1280 1183 1315 exhibendum

93 1329 232 1374 egisset,
242 1328 370 1364 iterum
378 1327 513 1363 furtum
521 1327 658 1363 factum
667 1327 723 1362 sit.
750 1326 832 1362 deni
858 1336 902 1361 ue
911 1326 941 1361 si
950 1326 1028 1371 quis
1037 1325 1185 1370 optandi

92 1374 207 1420 gratia
227 1374 274 1410 ad
295 1373 534 1409 exhibendum
554 1373 683 1418 egisset
695 1376 824 1418 etpost
861 1375 932 1407 tem
946 1375 1183 1406 contestatam

93 1419 239 1455 alterius
271 1422 483 1455 testamento
517 1419 614 1465 optio
648 1419 733 1454 data
765 1418 830 1460 sit,
863 1416 911 1452 ad
943 1416 1183 1452 exhibendum

93 1468 112 1501 3
160 1475 265 1511 agere
284 1468 414 1511 potest.
462 1464 501 1500 Si
537 1465 591 1500 uis
614 1475 658 1500 ex
677 1464 754 1500 uvis
774 1463 861 1498 meis
881 1466 1038 1498 mustum
1057 1462 1184 1497 fecerit

92 1510 146 1546 vel
167 1521 211 1546 ex
230 1510 330 1546 olivis
351 1510 468 1546 oleum
487 1521 529 1546 ve
562 1521 605 1546 ex
625 1510 709 1545 lana
726 1509 948 1551 vestimenta,
975 1518 1056 1543 cum
1076 1508 1184 1543 sciret

91 1556 181 1592 haec
206 1556 323 1591 aliena
347 1556 459 1599 esse⁴,
491 1555 679 1602 utriusque
709 1555 852 1591 nomine
876 1553 923 1589 ad
946 1553 1184 1589 exhibendum

92 1602 233 1638 actione
255 1602 445 1644 tenebitur,
470 1602 554 1647 quia
578 1601 674 1647 quod
694 1611 738 1636 ex
757 1611 797 1636 re
816 1603 940 1635 nostra
958 1599 1000 1634 fit
1019 1602 1182 1635 nostrum

91 1650 112 1683 4
160 1658 238 1683 esse
260 1647 378 1683 verius
404 1651 468 1683 est.
516 1646 554 1682 Si
572 1651 657 1693 post
675 1645 847 1682 iudicium
866 1649 1056 1690 acceptum
1074 1645 1181 1680 homo

91 1696 252 1733 mortuus
284 1693 349 1734 sit,
381 1692 541 1739 quamvis
574 1693 650 1728 sine
682 1692 763 1727 dolo
788 1691 882 1726 malo
907 1694 944 1726 et
968 1690 1075 1736 culpa
1097 1700 1181 1736 pos-

91 1739 251 1782 sessoris,
275 1742 394 1774 tamen
413 1738 592 1774 interdum
612 1738 706 1773 tanti
725 1736 949 1773 damnandus
972 1739 1036 1779 est,
1058 1735 1183 1781 quanti

91 1784 222 1820 actoris
246 1783 447 1819 interfuerit
470 1794 535 1830 per
559 1793 640 1819 eum
663 1794 735 1819 non
760 1782 944 1824 effectum,
994 1792 1040 1816 uo
1066 1781 1181 1816 minus

91 1833 177 1865 tunc
214 1840 295 1865 cum
328 1829 499 1865 iudicium
534 1829 757 1875 acciperetur
791 1828 897 1863 homo
934 1837 978 1862 ex
1004 1827 1180 1862 iberetur:

91 1879 190 1911 tanto
215 1875 326 1920 magis
351 1875 381 1911 si
406 1875 594 1920 apparebit
617 1885 658 1910 eo
684 1885 771 1910 casu
795 1878 975 1909 mortuum
1000 1883 1097 1915 esse,
1123 1872 1182 1917 qui

92 1923 110 1956 5
158 1931 231 1956 non
253 1920 456 1964 incidisset,
481 1920 512 1956 si
535 1923 612 1955 tum
636 1920 814 1956 exhibitus
837 1919 976 1954 fuisset.
1026 1918 1063 1954 Si
1085 1918 1182 1953 iusta

92 1976 135 2001 ex
159 1976 269 2002 causa
294 1966 415 2002 statim
440 1966 599 2001 exhiberi
621 1976 679 2001 res
703 1976 777 2001 non
799 1965 933 2011 possit,
966 1964 1066 1999 iussu
1089 1963 1180 1998 iudi-

92 2014 111 2047 6
159 2012 209 2047 cis
235 2022 361 2047 cavere
386 2011 528 2047 debebit
552 2022 591 2047 se
613 2011 672 2046 illo
699 2011 755 2046 die
779 2010 1030 2046 exhibiturum.
1067 2010 1180 2045 Heres

90 2067 161 2093 non
194 2057 295 2103 quasi
326 2057 449 2100 heres,
486 2056 550 2092 sed
581 2067 645 2093 suo
678 2057 820 2092 nomine
853 2056 923 2091 hac
955 2055 1097 2091 actione
1128 2055 1181 2089 uti

91 2107 228 2154 potest:
260 2103 345 2139 item
375 2103 478 2138 heres
510 2102 728 2149 possessoris
762 2113 827 2138 suo
851 2101 995 2136 nomine
1017 2104 1178 2136 tenetur:

90 2159 102 2183 1
125 2148 196 2183 ‘tur
219 2159 291 2184 non
314 2148 478 2194 procedit
501 2157 693 2194 quaerere,
726 2158 774 2183 an
805 2146 928 2182 heredi
960 2150 996 2182 et
1017 2146 1055 2181 in
1079 2146 1179 2181 here-

117 2203 170 2229 em
195 2193 314 2229 danda
337 2194 394 2229 sit.
430 2194 538 2239 plane
562 2203 606 2228 ex
630 2193 711 2229 dolo
737 2192 897 2228 defuncti
921 2191 1040 2226 danda
1065 2195 1120 2226 est
1143 2191 1181 2226 in

91 2239 253 2275 heredem
277 2239 367 2275 haec
391 2239 504 2282 actio,
537 2239 568 2274 si
598 2239 681 2274 locu
707 2239 811 2274 letior
842 2237 1024 2273 hereditas
1049 2247 1090 2272 eo
1115 2247 1178 2272 no-

91 2284 182 2320 mine
215 2284 316 2321 facta
349 2284 413 2328 sit,
457 2284 564 2320 veluti
600 2295 669 2330 quo
730 2284 884 2330 pretium
918 2283 970 2318 rei
1006 2292 1178 2318 consecu—

91 2337 148 2366 tus
172 2330 228 2366 sit.

99 2417 102 2420 ,
139 2372 189 2413 13
218 2375 342 2412 GAIUS
361 2375 453 2411 libro
593 2374 642 2410 ad
665 2374 819 2410 edictum
841 2373 1026 2420 praetoris
1048 2372 1183 2408 urbani

93 2421 193 2457 titulo
218 2421 262 2457 de
294 2420 437 2457 liberali
464 2431 576 2456 causa
623 2419 661 2455 Si
692 2420 783 2455 liber
814 2419 920 2455 homo
953 2418 1101 2454 detineri
1133 2418 1179 2452 ab

93 2465 207 2512 aliquo
232 2466 390 2510 dicatur,
422 2466 653 2501 interdictum
677 2465 845 2500 adversus
871 2475 969 2506 eum,
1005 2463 1065 2509 qui
1090 2463 1178 2498 deti-

93 2521 175 2547 nere
198 2511 345 2555 dicitur,
383 2511 427 2547 de
458 2511 657 2547 exhibendo
691 2521 732 2546 eo
764 2514 884 2556 potest
917 2509 995 2562 quis
1027 2509 1178 2544 habere:

93 2566 174 2592 nam
197 2557 243 2593 ad
266 2556 505 2593 exhibendum
537 2557 630 2592 actio
661 2557 699 2592 in
724 2566 801 2591 eam
824 2566 899 2591 rem
922 2555 1058 2590 mutilis
1082 2553 1178 2589 vide-

654 2719 697 2758 (2)
723 2714 929 2748 exhiberiF¹
1046 2712 1089 2756 (3)
1115 2724 1184 2746 rem

95 2717 133 2759 (1)
156 2727 223 2750 non
236 2721 348 2760 potest
359 2717 538 2751 Fomerius

101 2763 108 2769 '
724 2762 766 2803 (5)
792 2759 1011 2803 peculiariter
1022 2759 1068 2800 N,
1083 2770 1182 2802 pecu-

95 2773 152 2796 tm.
245 2765 286 2804 (4)
312 2773 389 2796 cum
399 2788 406 2796 .
417 2789 425 2796 .
436 2788 445 2796 .
455 2773 525 2795 esse
541 2763 589 2796 bis
601 2762 636 2795 F

1183 106 1260 155 149

2250 110 2349 153 X4

1257 237 1328 276 tur,
1353 233 1438 279 quia
1460 232 1551 268 haec
1574 232 1669 268 actio
1693 233 1726 268 ei
1750 232 1906 268 creditur
1929 235 2139 278 competere,
2165 232 2266 267 cuius
2286 243 2348 277 pe-

1259 278 1475 314 cuniariter⁵
1497 278 1656 313 interest.

1307 322 1358 360 14
1382 323 1613 359 Pomomvs
1640 323 1731 358 libro
1763 328 1894 368 quarto
1927 323 2063 359 decimo
2095 322 2145 358 ad
2174 321 2347 359 Sabinum

1258 369 1296 404 Si
1318 369 1371 404 vir
1394 378 1557 404 nummos
1589 368 1635 403 ab
1667 378 1780 403 uxore
1812 369 1880 404 sibi
1910 368 2082 411 donatos,
2115 368 2232 404 sciens
2263 378 2348 404 suos

1257 414 1373 450 factos
1397 425 1471 450 non
1501 423 1598 456 esse,
1629 424 1696 459 pro
1728 423 1767 449 re
1799 417 1918 458 empta
1951 413 2106 456 dederit,
2139 413 2221 449 dolo
2254 414 2348 449 malo

1256 459 1343 495 fecit
1373 470 1444 506 quo
1480 460 1596 495 minus
1627 458 1812 504 possideat
1842 463 1878 494 et
1912 458 1994 495 ideo
2030 458 2076 495 ad
2112 459 2348 495 exhibendum

1257 505 1398 541 actione
1421 509 1573 540 tenetur.

1307 549 1356 587 15
1381 550 1489 586 IDEM
1508 550 1600 586 libro
1625 553 1751 585 octavo
1776 549 1912 585 decimo
1937 549 1987 585 ad
2005 549 2179 586 Sabinum
2227 550 2348 585 Then-

1256 606 1385 631 saurus
1416 606 1516 632 meus
1546 596 1584 631 in
1614 598 1677 631 tuo
1709 594 1822 630 fundo
1857 599 1911 631 est
1941 605 2008 630 nec
2033 605 2113 630 eum
2136 596 2270 641 pateris
2294 606 2350 631 me

1257 641 1429 677 effodere:
1464 652 1545 677 cum
1579 651 1659 676 eum
1683 641 1763 676 loco
1789 651 1862 676 non
1885 640 2055 683 moveris,
2087 640 2174 676 furti
2207 641 2349 686 quidem

1256 691 1320 722 aut
1344 687 1390 722 ad
1415 686 1652 722 exhibendum
1677 696 1719 722 eo
1744 686 1886 722 nomine
1906 696 2012 731 agere
2031 690 2129 721 recte
2150 697 2222 722 non
2242 697 2350 732 posse

1255 742 1311 767 me
1327 732 1450 768 Labeo
1476 732 1537 775 ait,
1563 732 1647 778 quia
1671 742 1786 784 neque
1808 731 2009 777 possideres
2029 742 2108 766 eum
2129 742 2243 784 neque
2266 732 2348 768 dolo

1255 777 1382 814 feceris
1407 789 1477 823 quo
1502 777 1619 813 minus
1642 777 1855 822 posmderes,
1880 780 2005 822 utpote
2025 787 2106 812 cum
2126 777 2201 812 fieri
2223 778 2345 822 possit,

1255 827 1296 859 ut
1319 824 1459 859 nescias
1485 833 1566 858 eum
1589 823 1821 858 thensaurum
1846 823 1883 858 in
1907 826 1970 858 tuo
2003 821 2116 857 fundo
2152 830 2239 858 essa
2277 834 2348 858 non

1256 879 1334 905 esse
1347 873 1467 904 autem
1486 869 1655 914 iniquum
1667 868 1801 904 iuranti
1821 868 1906 903 mihi
1926 879 1999 904 non
2020 868 2219 903 calumniae
2239 879 2349 903 causa

1253 915 1291 950 id
1322 915 1507 960 postulare
1538 914 1592 950 vel
1624 914 1855 949 interdictum
1885 914 1940 949 vel
1971 913 2142 948 iudicium
2174 913 2224 948 ita
2260 914 2347 956 dari,

1254 964 1313 1003 ut,
1339 960 1369 995 si
1393 970 1457 1005 per
1481 970 1537 994 me
1568 970 1640 995 non
1673 960 1790 1002 stetit,
1824 970 1894 1004 quo
1926 959 2042 994 minus
2076 958 2195 993 damni
2227 959 2348 994 infecti

1254 1006 1319 1040 tibi
1343 1006 1460 1051 operis
1485 1006 1627 1040 nomine
1652 1008 1830 1047 caveatur,
1856 1015 1900 1039 ne
1924 1005 1993 1040 vim
2016 1004 2131 1039 facias
2156 1004 2253 1046 mihi,
2279 1016 2347 1049 quo

1254 1052 1370 1086 minus
1406 1062 1487 1086 eum
1521 1051 1753 1086 thensaurum
1790 1050 1956 1085 effodiam
1991 1050 2115 1085 tollam
2153 1053 2346 1095 exportem.

1255 1096 1351 1142 quod
1370 1096 1400 1131 si
1420 1097 1526 1132 etiam
1547 1096 1698 1131 furtivus
1718 1096 1787 1131 iste
1807 1095 2025 1131 thensaurus
2047 1099 2111 1137 est,
2137 1095 2244 1130 etiam
2263 1095 2349 1130 furti

1301 1143 1307 1149 “
1360 1146 1464 1178 otest.

1254 1153 1357 1226 agag
1378 1187 1539 1224 vaws
1567 1187 1658 1223 libro
1692 1186 1827 1223 decimo
1860 1186 1910 1222 ad
1930 1185 2105 1222 Sabinum
2154 1186 2243 1221 Cum
2274 1197 2349 1221 ser-

1252 1244 1317 1269 vus
1341 1237 1441 1269 tenet
1463 1233 1616 1279 aliquid,
1649 1232 1813 1267 dominus
1845 1232 1892 1267 ad
1924 1231 2163 1267 exhibendum
2194 1243 2259 1267 suo
2285 1243 2348 1267 no-

1253 1279 1347 1314 mine
1370 1283 1533 1314 tenetur:
1560 1278 1590 1313 si
1615 1282 1735 1313 autem
1754 1288 1878 1313 servus
1900 1278 1990 1312 citra
2011 1277 2197 1313 scientiam
2217 1277 2350 1313 domini

1254 1324 1335 1360 dolo
1360 1324 1447 1360 fecit
1470 1335 1541 1370 quo
1565 1324 1682 1359 minus
1706 1324 1857 1366 habeat,
1890 1323 1946 1358 vel
1976 1322 2066 1358 furti
2099 1323 2193 1358 actio
2227 1323 2283 1358 vel
2306 1323 2350 1358 de

1254 1370 1335 1405 dolo
1361 1370 1453 1405 malo
1478 1369 1616 1405 noxalis
1640 1369 1732 1404 servi
1756 1369 1898 1404 nomine
1923 1368 2043 1404 danda
2066 1373 2139 1411 est,
2173 1368 2219 1404 ad
2251 1368 2348 1404 exhi-

1253 1415 1410 1451 bendum
1435 1420 1555 1451 autem
1579 1415 1675 1450 utilis
1700 1415 1799 1450 nulla
1824 1414 2077 1450 constituenda
2102 1418 2166 1449 est.

1303 1459 1351 1497 17
1386 1461 1583 1496 ULPJANUS
1611 1460 1703 1496 libro
1728 1471 1824 1495 nono
1849 1460 1894 1495 de
1918 1460 2084 1496 omnibus
2108 1460 2350 1496 tribunalibus

1253 1506 1290 1541 Si
1315 1507 1393 1552 quis
1416 1507 1594 1542 hominem
1619 1505 1841 1541 debilitatum
1862 1505 2029 1540 exhibeat
2051 1505 2107 1541 vel
2140 1505 2348 1548 eluscatum,

1253 1552 1299 1587 ad
1324 1552 1562 1587 exhibendum
1583 1551 1725 1597 quidem
1746 1551 1882 1586 absolvi
1895 1551 2018 1586 debet:
2046 1550 2232 1586 exhibuit⁶
2256 1551 2348 1586 enim

1254 1602 1290 1633 et
1323 1598 1410 1632 nihil
1442 1597 1590 1643 impedit
1618 1597 1790 1632 directam
1825 1597 2003 1632 actionem
2038 1597 2120 1632 talis
2157 1596 2347 1632 exhibitio:

1278 1644 1385 1678 oterit
1415 1647 1536 1679 tamen
1572 1653 1676 1687 agere
1708 1646 1810 1678 actor
1840 1653 1884 1677 ex
1915 1642 1990 1687 lege
2022 1642 2167 1687 Aquilia
2203 1642 2246 1677 de
2279 1642 2353 1677 hoc

1278 1699 1396 1724 amno.

1301 1731 1351 1772 18
1377 1734 1483 1769 IDEM
1504 1734 1596 1770 libro
1620 1737 1726 1769 sexto
1751 1734 1963 1780 opinionum
2011 1732 2195 1769 Solutione
2229 1733 2346 1769 chiro-

1250 1781 1387 1825 grapho
1412 1780 1511 1815 inani
1533 1779 1630 1815 facto
1656 1783 1691 1814 et
1714 1779 1924 1824 pignoribus
1948 1778 2107 1814 liberatis
2139 1778 2250 1814 nihilo
2284 1779 2348 1813 mi-

1251 1836 1318 1861 nus
1345 1825 1509 1868 creditor,
1534 1829 1575 1860 ut
1597 1825 1836 1860 instrumenta
1856 1824 1903 1859 ad
1921 1834 2001 1859 eum
2023 1828 2249 1859 contractum
2267 1835 2348 1869 per-

1251 1871 1401 1906 tinentia
1435 1872 1481 1906 ab
1518 1871 1588 1906 alio
1621 1881 1728 1916 quam
1761 1870 1921 1906 debitore
1953 1869 2208 1913 exhibeantur,
2246 1880 2349 1915 agere

1251 1920 1381 1962 potest.

1301 1959 1351 2000 19
1376 1961 1485 1997 PAUL
1493 1971 1536 1997 Us
1565 1961 1656 1997 libro
1689 1964 1821 2007 quarto
1857 1961 2094 2007 epitomarum
2119 1961 2248 2007 Alfeni
2292 1961 2348 1996 Ad

1252 2007 1489 2043 exhibendum
1519 2010 1672 2052 possunt
1703 2017 1807 2050 agere
1839 2016 1961 2041 omnes
2021 2017 2150 2042 uorum
2183 2006 2345 2042 interest.

1251 2053 1315 2088 sed
1339 2052 1483 2098 quidam
1508 2052 1705 2094 consuluit,
1740 2063 1787 2087 an
1820 2051 1936 2097 possit
1960 2051 1998 2087 ef
2023 2062 2104 2087 cere
2127 2052 2218 2087 haec
2242 2052 2347 2095 actio,

1250 2103 1291 2133 ut
1313 2099 1471 2134 rationes
1496 2097 1690 2133 adversarii
1722 2097 1791 2132 sibi
1823 2097 2093 2140 exhiberentur,
2127 2108 2217 2143 quas
2249 2098 2347 2133 exhi-

1249 2144 1326 2179 beri
1358 2143 1477 2189 magni
1510 2143 1586 2178 eius
1617 2143 1817 2178 interesset.
1861 2153 1919 2178 res
1947 2142 2048 2179 ondit
2078 2153 2152 2178 non
2184 2147 2349 2188 oportere

1249 2189 1305 2224 ius
1331 2189 1432 2224 civile
1457 2188 1667 2224 calumniari
1690 2189 1830 2233 neque⁷
1854 2199 1916 2223 ver
1942 2198 1964 2223 a
1988 2188 2145 2233 captari,
2182 2188 2245 2223 sed
2277 2199 2348 2234 qua

1250 2238 1367 2270 mente
1391 2234 1476 2279 quid
1501 2234 1697 2276 diceretur,
1723 2233 2004 2269 animadvertere
2028 2234 2228 2269 convenire.
2266 2244 2348 2269 nam

1250 2280 1311 2315 illa
1331 2281 1471 2316 ratione
1491 2280 1598 2315 etiam
1618 2279 1817 2314 studiosum
1830 2281 1843 2300 ⁸
1862 2279 2014 2314 alicuius
2037 2278 2222 2314 doctrinae
2242 2290 2349 2324 posse

1251 2325 1369 2361 dicere
1393 2336 1460 2361 sua
1483 2325 1655 2360 interesse
1675 2325 1755 2360 illos
1776 2328 1840 2360 aut
1859 2325 1939 2360 illos
1959 2325 2070 2360 libros
2091 2325 2158 2360 sibi
2178 2325 2347 2367 exhiberi,

1251 2371 1354 2416 quia,
1380 2371 1408 2407 si
1433 2375 1553 2406 essent
1577 2370 1742 2413 exhibiti,
1769 2381 1850 2405 cum
1876 2381 1937 2405 cos
1961 2370 2123 2415 legisset,
2150 2370 2289 2406 doctior
2313 2374 2348 2405 et

1249 2417 1375 2452 melior
1397 2416 1542 2451 futurus
1567 2420 1672 2451 esset.

1296 2460 1349 2500 20
1381 2461 1577 2497 ULPJANUS
1597 2462 1688 2497 libro
1712 2461 1871 2497 secundo
1896 2460 2107 2507 regularum
2157 2460 2346 2504 Quaestio-

1249 2507 1304 2542 nis
1328 2507 1516 2543 habendae
1540 2517 1651 2542 causa
1675 2506 1722 2541 ad
1747 2506 1984 2542 exhibendum
2005 2506 2122 2551 agitur
2143 2516 2187 2541 ex
2208 2506 2348 2542 delictis

1250 2563 1432 2589 servorum
1457 2552 1504 2587 ad
1527 2552 1785 2588 vindicandos⁰
1810 2551 1973 2587 conscios
1998 2561 2094 2587 suos.

1254 2713 1353 2745 liater
1376 2713 1410 2745 F
2135 2711 2180 2753 (8)
2206 2712 2255 2744 sic
2267 2710 2352 2754 F1N,

1254 2759 1442 2791 studiorum
1453 2757 1506 2790 F²

1521 2713 1564 2753 (6)
1591 2711 1770 2753 exiguitE
1849 2712 1892 2752 (7)
1917 2710 2035 2744 necN

1599 2759 1644 2798 (9)
1670 2755 1870 2788 indicandos
1884 2757 1960 2790 dett.
