2528 3918
102 144 162 175 nn
192 144 264 176 ms
294 144 412 183 QUAE
442 142 623 176 posnan

1179 126 1265 176 495

1850 132 2066 175 XXXIIII
2097 134 2135 174 5.
2151 134 2190 174 6.
2210 134 2247 175 7.
2269 134 2307 174 8.
2325 134 2350 172 9

103 262 139 295 et
162 256 438 305 Cyprogeniam,
470 267 552 293 cum
584 256 734 303 quisque
758 266 879 292 eorum
903 257 949 291 ad
972 256 1191 309 trigesimum
1261 254 1367 291 modo
1383 255 1607 300 improbasse
1622 254 1771 297 videtur,
1796 266 1866 300 quo
1883 255 2106 301 improbatae
2122 254 2230 290 sunt⁹
2248 254 2349 289 illae:

103 313 235 339 annum
254 303 382 338 aetatis
400 303 622 348 pervenisset
632 304 654 346 ¹,
679 305 715 337 et
739 312 819 337 cum
842 302 932 337 liber
956 312 1107 347 quisque
1131 312 1190 337 eo-

101 360 180 385 rum
203 352 307 390 esset,
344 353 480 383 certam
503 357 679 384 summam
710 346 790 382 dari
819 347 992 383 voluerat.
1042 351 1079 383 et
1105 358 1191 383 con-

100 395 222 430 iuncta
245 394 426 438 scriptura
448 394 501 428 ita
516 396 678 429 caverat:
705 391 872 428 ‘Sabinae
895 396 931 428 et
949 393 1193 439 Cyprogeniae

102 439 189 474 ‘dari
212 438 302 483 volo,
328 450 409 474 cum
433 438 480 474 ad
498 442 671 475 statutam
686 441 841 473 aetatem
856 438 1095 483 pervenerint,
1119 438 1190 473 sin-

102 484 201 530 ‘gulis
225 483 347 519 decem
371 488 407 519 et
429 484 498 520 hoc
522 483 674 529 amplius
705 482 956 519 alimentorum
987 483 1131 519 nomine
1154 483 1192 518 in

102 534 227 565 ‘annos
251 529 410 574 singulos
434 528 554 575 quoad
576 529 694 565 vivent
716 528 864 573 singulis
888 529 1034 564 decem’.
1106 539 1191 564 uae-

101 576 205 610 situm
228 578 284 610 est
306 579 427 610 utrum
450 574 615 610 omnibus
639 574 865 610 manumissis
891 574 1061 610 alimenta
1109 575 1190 609 ebe-

101 625 206 655 antur
231 630 278 655 an
300 630 383 655 vero
407 619 562 656 Sabinae
585 623 622 656 et
639 619 881 666 Cyprogeniae
905 620 1002 656 solis.
1042 629 1191 666 respon-

101 666 151 700 dit
175 665 370 701 secundum
394 675 438 701 ea
461 675 554 711 quae
575 669 864 711 proponerentur
893 665 1003 701 videri
1028 666 1191 701 omnibus

100 711 267 746 alimenta
289 711 419 756 legata.

598 849 655 888 VI
663 848 691 888 ².

100 917 161 950 DE
183 915 262 949 HIS
286 915 410 953 QUAE
433 915 622 949 POENAE
647 914 793 949 CAUSA
815 915 1191 954 RELINQUUNTUR.

148 981 167 1019 1
195 982 423 1018 Armanas
443 982 534 1018 libro
559 983 814 1028 quaestionum
853 982 946 1018 Filio
969 981 1123 1017 familias
1137 981 1192 1017 vel

100 1038 200 1063 servo
235 1027 368 1063 herede
398 1028 562 1063 instituto
593 1028 701 1063 etiam
732 1028 764 1063 si
801 1028 840 1063 in
871 1028 986 1073 patris
1018 1027 1194 1063 dominive

100 1083 253 1119 poenam
275 1073 398 1109 illicite
421 1072 476 1108 vel
498 1073 676 1118 probrose
698 1073 822 1109 datum
845 1078 919 1116 est,
952 1073 1085 1108 nullius
1116 1083 1192 1108 mo-

100 1118 210 1154 menti
232 1119 388 1163 legatum
421 1129 501 1155 esse
527 1118 733 1164 respondit:
765 1130 840 1155 non
872 1119 967 1155 enim
997 1118 1035 1154 id
1065 1118 1192 1161 solum,

99 1164 195 1210 quod
217 1164 255 1199 in
270 1164 419 1200 heredes
430 1165 455 1207 ³,
480 1164 545 1200 sed
560 1174 676 1208 omne,
701 1164 797 1210 quod
811 1165 850 1199 in
866 1165 1038 1209 cuiusque
1052 1163 1193 1199 lucrum

100 1210 235 1255 ahquid
259 1219 303 1245 ex
326 1210 452 1245 ultima
476 1209 660 1245 voluntate
684 1210 868 1246 sentientis
899 1210 1009 1245 talem
1039 1220 1193 1255 poenam

98 1257 136 1290 in
150 1259 364 1291 testamento
381 1255 554 1301 scriptum
570 1255 627 1298 sit,
645 1255 776 1291 nullius
792 1256 962 1291 momenti
976 1255 1192 1291 habendum.

146 1298 172 1337 2
195 1300 433 1336 MARGIANUS
462 1301 552 1336 libro
582 1304 688 1336 sexto
720 1302 983 1336 institutionum
1036 1300 1193 1336 Poenam

99 1357 121 1381 a
146 1345 355 1381 condicione
378 1345 544 1382 voluntas
568 1346 751 1382 testatoris
776 1350 923 1392 separat
942 1350 979 1382 et
1001 1357 1048 1381 an
1063 1356 1191 1391 poena,

99 1403 145 1426 an
170 1391 353 1434 condicio,
387 1386 434 1426 αὖ
457 1391 645 1426 translatio
670 1392 727 1435 sit,
758 1401 803 1427 ex
825 1392 1010 1427 voluntate
1033 1391 1193 1427 defuncti

98 1441 265 1482 apparet:
303 1436 410 1482 idque
442 1437 513 1472 divi
548 1436 700 1473 Severus
732 1442 768 1473 et
798 1438 1002 1473 Antoninus
1037 1437 1192 1483 rescrip-

98 1486 233 1518 serunt.

586 1619 698 1661 V11⁴.

355 1687 419 1721 DE
441 1686 632 1720 REGULA
655 1686 934 1721 CATONIANA.

148 1753 167 1791 1
199 1753 344 1790 Cusus
361 1753 452 1789 libro
474 1753 523 1788 tri
547 1754 656 1789 esimo
674 1754 800 1800 quinto
820 1753 1040 1801 diffestorum
1083 1753 1191 1789 Cato-

99 1799 207 1835 niana
234 1798 359 1844 regula
388 1799 441 1834 sic
472 1798 515 1833 de
569 1799 613 1843 ’t,
654 1799 769 1844 quod,
810 1799 841 1835 si
870 1799 1076 1836 testamenti
1103 1798 1193 1834 facti

99 1849 260 1890 tempore
284 1844 495 1880 decessisset
517 1848 680 1885 testator,
705 1844 831 1880 inutile
853 1844 958 1888 foret,
982 1845 1019 1880 id
1036 1845 1192 1890 legatum

99 1890 398 1936 quandocumque
421 1889 624 1934 decesserit,
649 1900 722 1925 non
744 1890 875 1925 valere.
922 1901 1014 1935 quae
1031 1890 1191 1926 definitio

102 1940 116 1970 1
166 1936 204 1971 in
228 1935 444 1980 quibusdam
467 1934 561 1972 falsa
592 1939 659 1971 est.
706 1935 801 1980 Quid
829 1935 942 1978 enim,
974 1936 1005 1971 si
1037 1936 1117 1981 quis
1140 1936 1192 1970 ita

99 1982 285 2026 legaverit:
334 1981 376 2016 ‘si
436 1984 494 2016 ost
526 1980 700 2016 kalendas
734 1985 897 2017 mortuus
931 1981 1054 2025 fuero,
1095 1981 1191 2017 Titio

99 2026 233 2061 ‘dato'i>
256 2037 304 2061 an
328 2037 372 2062 ca
396 2026 403 2033 '
433 2027 561 2061 amur?
585 2037 668 2073 nam
691 2027 761 2062 hoc
780 2026 886 2062 modo
905 2026 936 2062 si
951 2027 1072 2062 statim
1096 2037 1191 2062 mor-

98 2076 182 2107 tuus
206 2071 325 2114 fuerit,
351 2082 425 2107 non
449 2081 528 2107 esse
551 2071 675 2107 dat‘um
692 2072 847 2117 legatum
869 2073 987 2108 verius
1006 2076 1062 2107 est
1084 2083 1192 2117 quam

98 2120 119 2152 2
163 2117 337 2152 inutiliter
360 2117 495 2152 datum.
543 2117 632 2152 Item
656 2117 687 2152 si
709 2118 775 2152 tibi
803 2118 943 2162 legatus
968 2122 1023 2153 est
1045 2117 1190 2161 fundus,

98 2162 159 2208 qui
182 2162 362 2198 scribendi
392 2163 598 2198 testamenti
628 2167 790 2208 tempore
820 2167 904 2199 tuus
939 2167 1013 2206 est,
1049 2164 1080 2198 si
1111 2174 1191 2199 eum

96 2208 174 2243 vivo
198 2212 371 2243 testatore
394 2208 615 2251 alienaveris,
639 2208 796 2253 legatum
819 2209 886 2244 tibi
910 2208 1069 2252 debetur,
1095 2209 1190 2254 quod

96 2264 168 2289 non
193 2253 395 2296 deberetur,
420 2253 451 2289 si
474 2257 627 2289 testator
650 2254 771 2289 statim
795 2253 1018 2290 decessisset.

142 2296 168 2335 2
193 2298 353 2335 Paows
374 2299 466 2334 libro
490 2304 622 2345 quarto
639 2300 689 2334 ad
705 2299 890 2335 Plautium
938 2299 1009 2335 Sed
1033 2303 1069 2335 et
1092 2300 1122 2335 si
1138 2301 1190 2336 sic

96 2344 286 2389 legaverit:
328 2345 371 2379 ‘si
405 2344 480 2379 filia
515 2354 595 2379 mea
625 2344 720 2380 Titio
750 2349 865 2390 nupta
895 2346 986 2390 erit’‚
1024 2345 1192 2381 sufficere

97 2390 211 2424 visum
235 2393 299 2433 est,
325 2390 356 2425 si
379 2390 503 2425 mortis
527 2394 689 2435 tempore
720 2395 834 2435 nupta
857 2390 1078 2434 inveniatur,
1107 2391 1191 2426 licet

96 2436 300 2470 testamenti
322 2434 411 2470 facti
433 2439 595 2480 tempore
617 2435 726 2471 fuerit
747 2437 922 2481 impubes.

143 2477 168 2518 3
201 2480 448 2516 Pammmys
476 2481 568 2516 libro
604 2482 730 2527 quinto
765 2482 902 2518 decimo
938 2484 1190 2528 quaestionum

98 2526 297 2561 Catoniana
318 2525 444 2570 regula
465 2536 539 2561 non
562 2526 719 2571 pertinet
749 2526 795 2562 ad
825 2527 1044 2564 hereditates
1075 2538 1191 2574 neque

98 2571 145 2606 ad
168 2581 211 2606 ea
234 2572 362 2617 legata,
387 2581 540 2615 quorum
563 2571 637 2607 dies
661 2582 735 2607 non
757 2573 883 2608 mortis
915 2578 1095 2619 tempore,
1127 2574 1191 2610 sed

96 2620 180 2662 post
203 2617 337 2652 aditam
361 2616 456 2652 cedit
477 2616 723 2653 hereditatem.

143 2661 170 2698 4
201 2661 396 2698 Ufflfflvs
417 2662 508 2697 libro
532 2662 669 2697 decimo
693 2663 743 2698 ad
758 2662 932 2699 Sabinum
978 2664 1104 2700 Placet
1121 2664 1189 2700 Ca-

97 2707 191 2743 tonis
214 2707 374 2753 regulam
398 2706 446 2742 ad
469 2707 734 2744 condicionales
751 2709 994 2745 institutiones
1012 2720 1084 2745 non
1107 2721 1188 2756 per-

98 2753 220 2788 tinere.
543 2784 546 2787 .

145 2796 170 2835 5
194 2798 301 2833 IDEM
322 2797 414 2833 libro
438 2798 605 2833 vicesimo
629 2799 787 2834 secundo
820 2799 871 2835 ad
893 2798 1067 2836 Sabinum
1115 2800 1187 2836 Re-

98 2843 182 2887 gula
206 2842 406 2879 Catoniana
428 2842 476 2878 ad
501 2853 613 2879 novas
636 2843 732 2889 leges
755 2855 829 2880 non
851 2845 1016 2890 pertinet.

576 2983 673 3023 VIII
682 2982 709 3022 ⁸.

100 3047 161 3079 DE
183 3047 262 3080 ms
286 3047 410 3085 QUAE
432 3049 520 3082 PRO
543 3049 640 3083 NON
668 3048 894 3084 SCRIPTIS⁶
924 3049 1187 3082 HABENTUR.

151 3111 169 3149 1
196 3112 222 3148 I
224 3122 389 3149 ULIANUS
409 3115 501 3151 libro
524 3116 790 3163 septuaqesimo
815 3120 941 3152 octavo
965 3115 1186 3162 diqestorum

101 3157 139 3192 Si
170 3158 247 3202 quis
278 3159 513 3195 hereditatem
543 3161 599 3196 vel
628 3161 783 3206 legatum
818 3162 910 3196 sibi⁷
945 3161 1186 3206 adscripserit,

102 3203 295 3247 quaeritur,
327 3214 374 3239 an
396 3205 576 3242 hereditas
599 3207 655 3242 vel
677 3206 834 3251 legatum
857 3217 924 3252 pro
948 3217 1021 3242 non
1052 3206 1186 3251 scripto

100 3248 286 3299 habeatur.
333 3254 370 3284 et
393 3250 496 3294 quid,
521 3252 552 3286 si
575 3252 808 3287 substitutum
830 3252 965 3287 habeat
986 3252 1188 3287 huiusmodi

100 3296 274 3345 institutio
283 3294 310 3346 ‘3‘
330 3296 557 3340 respondit⁸z
590 3307 677 3342 pars
700 3297 926 3340 hereditat-is,
963 3297 1008 3333 de
1039 3308 1110 3342 qua
1132 3307 1188 3332 me

101 3337 385 3390 consuluisuad
399 3341 632 3378 substitutum
645 3342 809 3387 pertinet.
842 3352 926 3377 nam
942 3346 1088 3379 senatus
1107 3353 1188 3378 cum

99 3392 249 3435 poenas·
266 3382 353 3428 legis
386 3384 575 3436 Corneliae
614 3388 849 3423 constitueret
886 3388 1055 3424 adversus
1095 3398 1186 3431 eum,

101 3438 162 3474 qm
183 3428 252 3464 sibi
274 3427 506 3466 hereditatem
535 3432 591 3468 vel
620 3433 777 3478 legatum
808 3433 1032 3478 scripsisset,
1064 3433 1188 3469 eodem

101 3542 140 3582 (1)
164 3541 392 3584 pervenissent
405 3543 441 3576 F

102 3590 191 3663 redizs)
202 3587 300 3664 ἡςααιὸ.
313 3605 358 3610 -
371 3588 457 3622 Bas.
471 3590 526 3631 44,
539 3597 584 3632 18,
597 3598 640 3625 31.
653 3599 759 3626 32.—
773 3593 826 3635 Cf.
841 3592 918 3626 God.
933 3594 967 3635 6,
978 3600 1022 3627 ⁴1.
1070 3594 1114 3635 (3)
1129 3593 1187 3626 he·

147 3678 190 3718 (4)
215 3656 279 3709 Ed'.
296 3684 320 3711 1.
335 3684 370 3716 2:
386 3677 470 3721 Pap.
485 3685 519 3717 s:
532 3679 614 3714 Salv.
628 3688 655 3714 4.
668 3689 696 3715 ⁵.
709 3699 756 3705 —
767 3682 852 3715 Bas.
868 3684 922 3724 44,
935 3690 980 3723 18,
995 3689 1113 3717 samse.

147 3723 191 3763 (5)
223 3720 304 3754 Sab.
327 3730 351 3755 1.
373 3730 400 3756 2.
418 3730 453 3762 ³;
478 3723 544 3756 Ed.
563 3732 595 3763 ⁴:
619 3726 706 3769 Pap.
720 3735 747 3760 5.
767 3745 815 3751 —
833 3727 914 3761 Bas.
933 3730 989 3769 44,
1014 3735 1060 3770 18,
1073 3734 1185 3763 3¹1...41.

104 3766 148 3807 (ὃ)
171 3766 294 3809 scripto
309 3768 374 3800 ind.
393 3768 425 3800 F

516 3771 559 3811 (7)
582 3769 647 3802 sibi
660 3772 815 3814 dett.,om.
830 3774 864 3804 F
962 3777 1006 3812 (8)
1032 3774 1184 3816 respondi

1262 305 1346 346 ‘qua
1370 310 1414 336 ex
1436 303 1542 353 parte
1565 309 1622 335 me
1645 299 1761 334 Titius
1785 300 1950 336 heredem
1967 301 2141 346 scriptum
2155 300 2193 335 in
2216 299 2350 335 tabulis

1262 347 1347 382 ‘suis
1371 345 1586 388 recitaverit,
1619 355 1663 380 ex
1686 354 1730 379 ea
1752 349 1858 390 parte
1880 346 1983 382 heres
2008 347 2107 388 esto’,
2140 349 2182 380 ut
2203 345 2351 390 perinde

1260 392 1491 434 haberentur,
1516 401 1559 426 ac
1583 390 1614 426 si
1637 390 1791 425 insertae
1816 395 2029 427 testamento
2052 402 2125 427 non
2147 391 2310 426 fuissent.

1307 435 1333 474 2
1357 437 1542 472 ALFENUS
1571 435 1693 471 Kflws
1713 436 1803 471 libro
1829 437 1954 481 quinto
1984 437 2204 482 diqestorum
2251 436 2351 481 Quae

1260 482 1297 517 in
1329 485 1543 518 testamento
1586 481 1722 526 scripta
1760 485 1882 516 essent
1915 491 2030 526 neque
2063 482 2352 527 intellegerentur

1262 527 1347 573 quid
1370 527 1622 572 significarent,
1647 536 1691 561 ea
1713 526 1861 571 perinde
1885 531 1969 562 sunt
1993 537 2035 562 ac
2066 528 2096 562 si
2120 529 2255 573 scripta
2279 538 2351 562 non

1262 577 1401 609 essent:
1425 573 1564 618 reliqua
1587 575 1707 607 autem
1730 582 1797 617 per
1820 581 1859 608 se
1881 572 1961 617 ipsa
1984 572 2114 607 valent.

1307 616 1332 656 3
1357 618 1596 654 Maaozamvs
1617 618 1708 653 libro
1731 617 1920 653 undecimo
1945 618 2206 653 institutionum
2254 618 2292 653 Si
2314 619 2352 653 in

1260 664 1444 700 metallum
1475 663 1643 699 damnato
1675 662 1762 708 quid
1793 666 1895 698 extra
1926 673 2073 698 causam
2103 663 2350 699 alimentorum

1259 710 1423 745 relictum
1446 708 1574 752 fuerit,
1606 719 1671 754 pro
1701 718 1774 743 non
1804 709 1938 753 scripto
1971 711 2026 743 est
2056 718 2122 744 nec
2146 709 2193 744 ad
2226 709 2352 745 fiscum

1260 755 1433 800 pertinet:
1458 765 1541 789 nam
1564 764 1702 800 poenae
1721 763 1843 789 servus
1862 758 1929 797 est,
1953 764 2025 788 non
2041 753 2222 789 Caesaris:
2249 759 2284 790 et
2302 755 2353 790 ita

1264 805 1279 836 1
1329 800 1431 836 divus
1454 800 1540 835 Pius
1564 799 1758 845 rescripsit.
1808 799 1878 835 Sed
1901 802 1938 835 et
1950 799 1981 834 si
2004 803 2087 851 post
2102 803 2352 835 testamentum

1260 845 1398 881 factum
1427 846 1532 881 heres
1566 845 1751 880 institutus
1783 845 1842 880 vel
1872 845 2064 889 legatarius
2098 844 2136 879 in
2170 846 2352 880 metallum

1262 894 1282 926 2
1329 891 1435 926 datus
1461 891 1517 935 sit,
1543 890 1591 925 ad
1613 890 1740 925 fiscum
1763 900 1836 926 non
1859 890 2024 936 pertinet.
2072 890 2162 925 Item
2185 891 2216 926 si
2251 901 2351 927 servo

1264 936 1380 972 alieno
1404 936 1491 981 quid
1513 936 1669 981 legatum
1692 935 1801 971 fuerit
1824 940 1861 971 et
1883 939 2010 981 postea
2033 946 2056 971 a
2078 939 2251 971 testatore
2273 937 2353 971 red-

1264 985 1405 1027 emptus
1429 982 1486 1024 sit,
1510 982 1667 1026 legatum
1691 981 1952 1026 exstinguitur:
1985 991 2067 1016 nam
2099 992 2191 1026 quae
2214 982 2252 1016 in
2275 992 2353 1017 eam

1263 1038 1408 1063 causam
1439 1030 1698 1074 pervenerunt,
1730 1037 1753 1061 a
1784 1037 1855 1071 qua
1885 1027 2043 1072 incipere
2071 1037 2145 1062 non
2175 1032 2353 1072 poterant,

1262 1084 1327 1119 pro
1352 1084 1426 1108 non
1449 1073 1592 1118 scriptis
1616 1072 1807 1107 habentur.

1308 1118 1334 1155 4
1365 1118 1560 1155 ΠιΡΙΑΝιΤε
1581 1118 1672 1154 libro
1697 1118 1801 1153 tertio
1833 1117 1971 1153 decimo
2002 1117 2053 1152 ad
2082 1117 2116 1152 le
2142 1128 2196 1152 em
2219 1117 2354 1152 Iuliam

1262 1168 1297 1199 et
1318 1164 1476 1210 Papiam
1524 1163 1563 1199 Si
1585 1173 1629 1199 eo
1661 1166 1840 1208 tempore,
1874 1174 1945 1208 quo
1980 1162 2089 1197 alicui
2127 1166 2266 1207 egatum
2292 1163 2353 1198 ad-

1263 1210 1503 1251 scribebatur,
1536 1210 1574 1244 in
1597 1209 1706 1244 rebus
1738 1209 1903 1243 humanis
1916 1210 1945 1229 ¹⁰
1968 1219 2041 1243 non
2065 1212 2160 1252 erat,
2184 1219 2251 1254 pro
2283 1220 2355 1244 non

1266 1259 1278 1290 1
1328 1255 1463 1300 scripto
1487 1255 1557 1290 hoc
1581 1254 1781 1290 habebitur.
1830 1254 1902 1289 Sed
1930 1257 1967 1289 et
1996 1254 2027 1289 si
2050 1253 2087 1288 in
2110 1254 2266 1289 hostium
2290 1265 2354 1299 po-

1261 1305 1391 1336 testate
1415 1304 1502 1343 erat,
1528 1302 1636 1346 quo,²¹
1661 1304 1914 1335 testamentum
1925 1299 2046 1342 fiebat,
2071 1309 2186 1344 neque
2208 1300 2255 1335 ab
2270 1300 2354 1335 hos-

1262 1347 1357 1427 tibug
1381 1346 1504 1390 rediit,
1536 1356 1602 1391 pro
1626 1356 1700 1381 non
1723 1346 1859 1391 scripto
1891 1345 1976 1380 erit:
2008 1348 2046 1380 et
2074 1345 2126 1380 ita
2156 1345 2356 1381 Iulianus¹2

1261 1392 1333 1428 scri
1359 1392 1398 1427 it.

1308 1436 1333 1475 5
1359 1437 1417 1472 Pa
1424 1446 1468 1473 υι
1475 1446 1520 1472 σε
1531 1436 1623 1473 libro
1639 1436 1850 1472 duodecimo
1868 1436 2119 1482 'quaestionum
2156 1435 2261 1481 Quod
2277 1436 2355 1482 quis

1261 1483 1331 1519 sibi
1353 1482 1593 1528 adscripserit,
1630 1482 1661 1517 si
1684 1482 1744 1517 alii
1766 1481 1956 1517 restituere
1987 1491 2010 1517 a
2032 1484 2206 1517 testatore
2234 1481 2355 1517 iussus

1261 1532 1337 1572 est,
1369 1539 1452 1564 cum
1475 1538 1582 1564 onere
1604 1527 1918 1563 fideicommissum
1932 1528 1961 1550 ¹³
1990 1527 2027 1562 id
2062 1527 2160 1572 apud
2190 1528 2355 1564 heredem

1262 1577 1432 1617 remanet,
1457 1574 1617 1619 quamvis
1642 1584 1708 1619 pro
1732 1584 1806 1609 non
1828 1573 1964 1619 scripto
1981 1577 2087 1608 esset.
2134 1573 2228 1609 idem
2243 1577 2298 1609 est
2319 1577 2356 1608 et

1261 1620 1300 1655 in
1324 1623 1539 1655 testamento
1563 1619 1698 1654 militis.

1728 1756 1896 1797 VIIH¹⁴.

1318 1825 1381 1858 DE
1404 1824 1482 1857 HIS
1508 1823 1632 1862 QUAE
1655 1823 1715 1857 UT
1739 1823 1951 1857 INDIGNIS
1975 1824 2296 1858 AUFERUN'I'UR.

1311 1889 1330 1927 1
1358 1889 1597 1926 Mammas
1617 1890 1709 1926 libro
1732 1894 1838 1926 sexto
1874 1891 2138 1926 institutionum
2183 1891 2265 1927 Divi
2290 1892 2353 1928 Se-

1261 1946 1367 1971 verus
1392 1939 1428 1970 et
1450 1936 1653 1971 Antoninus
1677 1936 1940 1981 rescripserunt
1960 1937 2064 1982 quasi
2086 1936 2269 1982 indignum
2294 1949 2354 1974 ca-

1260 1991 1341 2017 rere
1363 1981 1480 2025 legato
1506 1992 1570 2017 seu
1593 1980 1868 2017 fideicommisso
1899 1981 2077 2025 libertum,
2111 1993 2203 2028 quae
2227 1984 2259 2019 ei
2282 1987 2353 2019 tes-

1260 2030 1418 2062 tamento
1442 2027 1587 2072 patroni
1609 2027 1737 2063 relicta
1767 2030 1888 2071 erant,
1922 2037 2004 2062 cum
2034 2031 2226 2072 patronum
2250 2040 2353 2064 suum

1260 2076 1343 2118 post
1366 2077 1517 2108 mortem
1542 2073 1618 2108 eius
1643 2072 1746 2118 quasi
1775 2072 1922 2108 illicitae
1944 2074 2073 2108 mercis
2096 2074 2353 2119 negotiatorem

1263 2118 1454 2160 detulerat,
1480 2118 1639 2163 quamvis
1664 2121 1700 2153 et
1722 2118 1919 2163 praemium
1942 2119 2081 2154 meruit.

1307 2161 1333 2201 2
1356 2163 1465 2199 IDEM
1503 2163 1594 2199 libro
1626 2164 1815 2199 undecimo
1858 2164 2122 2200 institutionum
2179 2165 2353 2200 Aufertur

1260 2208 1440 2244 hereditas
1458 2219 1502 2244 ex
1517 2219 1600 2244 asse
1617 2213 1653 2244 et
1665 2209 1713 2244 ad
1729 2208 1857 2244 fiscum
1874 2209 2040 2254 pertinet,
2061 2210 2093 2245 si
2107 2211 2351 2256 emancipatus

1259 2253 1355 2289 filius
1380 2257 1508 2290 contra
1530 2254 1673 2290 tabulas
1698 2255 1873 2291 bonorum
1897 2255 2160 2300 possessionem
2174 2257 2288 2301 patris
2313 2261 2352 2291 ut

1259 2300 1477 2345 praeteritus
1499 2300 1644 2345 petierit
1667 2304 1703 2335 et
1726 2311 1770 2335 ex
1793 2301 2048 2337 substitutione
2062 2300 2257 2346 impuberis
2276 2302 2350 2337 adi-

1264 2350 1275 2378 1
1329 2345 1397 2380 erit
1425 2346 1671 2381 hereditatem.
1725 2346 1816 2381 Item
1853 2346 1884 2381 si
1915 2347 1993 2391 quis
2027 2350 2154 2381 contra
2184 2348 2350 2382 mandata

1261 2390 1403 2426 duxerit
1432 2401 1582 2426 uxorem
1612 2401 1657 2426 ex
1681 2401 1724 2426 ea
1746 2391 1947 2436 provincia,
1979 2391 2017 2427 in
2048 2402 2120 2437 qua
2150 2392 2311 2427 officium
2327 2393 2352 2413 ¹⁵

1260 2436 1396 2481 aliquid
1413 2437 1514 2481 gerit,
1540 2436 1637 2482 quod
1652 2436 1686 2472 ei
1705 2447 1749 2471 ex
1763 2440 1978 2472 testamento
1994 2438 2118 2472 uxoris
2135 2437 2350 2482 adquisitum

1260 2485 1315 2517 est
1338 2482 1409 2517 divi
1433 2482 1584 2518 Severus
1609 2485 1645 2517 et
1666 2482 1871 2518 Antoninus
1902 2483 2165 2527 rescripserunt
2196 2483 2351 2519 retinere

1260 2538 1341 2562 eum
1364 2537 1437 2562 non
1460 2537 1584 2573 posse,
1616 2531 1799 2573 tamquam
1830 2528 1861 2563 si
1892 2531 1992 2563 tutor
2022 2527 2194 2573 pupillam
2225 2533 2351 2565 contra

1260 2572 1442 2608 decretum
1466 2573 1673 2618 amplissimi
1689 2573 1822 2608 ordinis
1840 2573 1878 2608 in
1901 2573 2046 2608 domum
2060 2583 2162 2608 suam
2179 2574 2351 2610 duxisset.

1259 2621 1412 2663 utroque
1431 2628 1516 2663 ergo
1537 2628 1626 2654 casu
1646 2619 1712 2654 etsi
1731 2629 1775 2653 ex
1795 2628 1876 2654 asse
1895 2619 2000 2654 heres
2016 2619 2203 2655 institutus
2221 2620 2351 2655 adierit

1258 2663 1511 2706 hereditatem,
1543 2663 1633 2700 fisco
1664 2664 1767 2699 locus
1798 2663 1855 2698 fit:
1896 2674 1979 2699 nam
2009 2664 2112 2710 quasi
2141 2665 2285 2710 indigno
2317 2667 2350 2702 ei

1260 2711 1279 2743 2
1327 2708 1490 2744 aufertur
1512 2709 1705 2744 hereditas.
1752 2710 1823 2744 Per
1847 2709 2066 2744 contrarium
2090 2714 2210 2745 autem
2241 2710 2350 2746 ducta

1258 2758 1332 2789 tam
1356 2754 1403 2789 ab
1428 2765 1482 2796 eo,
1507 2755 1568 2800 qui
1592 2754 1750 2790 officium
1773 2754 1811 2789 in
1834 2755 2020 2799 provincia
2042 2756 2208 2800 gerebat,
2244 2768 2350 2802 quam

1257 2809 1281 2834 a
1301 2803 1422 2835 tutore
1444 2800 1568 2835 illicite
1590 2800 1702 2844 magis
1727 2803 1800 2842 est,
1829 2803 1871 2834 ut
1894 2799 2036 2835 dicatur
2059 2811 2189 2846 capere
2212 2802 2309 2837 illam
2324 2804 2350 2824 ¹⁰

1257 2854 1302 2880 ex
1324 2848 1539 2881 testamento
1563 2856 1630 2880 nec
1655 2845 1757 2889 quasi
1778 2845 1960 2890 indignam
1989 2856 2069 2882 esse
2095 2847 2346 2891 repellendam.

1257 2893 1277 2925 3
1325 2890 1424 2926 Idem
1447 2891 1526 2933 erit,
1552 2891 1583 2925 si
1606 2890 1685 2936 quis
1709 2890 1778 2926 vivi
1800 2891 1998 2935 ignorantis
2021 2891 2118 2927 bona
2133 2892 2188 2927 vel
2209 2897 2347 2938 partem

1256 2935 1434 2971 bonorum
1457 2935 1611 2971 alicuius
1643 2935 1786 2980 cognati
1816 2935 2019 2972 donaverit:
2053 2946 2136 2972 nam
2168 2938 2271 2982 quasi
2293 2939 2346 2973 in-

1257 2980 1292 3015 di
1343 2991 1364 3016 o
1388 2980 1562 3016 aufertur.

1352 3025 1459 3061 Imm
1491 3026 1581 3062 libro
1643 3027 1744 3061 uinto
1778 3026 1988 3072 reqularum
2046 3027 2234 3072 Indignum
2270 3039 2346 3064 esse

1257 3071 1359 3106 divus
1382 3071 1468 3106 Pius
1491 3071 1590 3106 illum
1639 3071 1782 3114 ecrevit,
1806 3076 1847 3106 ut
1868 3075 1905 3107 et
1926 3072 2120 3108 Marcellus
2141 3074 2232 3109 libro
2257 3074 2344 3108 duo-

1257 3116 1394 3152 decimo
1418 3117 1637 3161 digestorum
1651 3116 1772 3159 refert,
1797 3117 1859 3162 qui
1878 3117 2166 3154 manifestissime
2183 3130 2344 3163 compro-

1255 3162 1363 3197 batus
1387 3166 1442 3197 est
1464 3162 1501 3196 id
1525 3163 1657 3206 egisse,
1690 3166 1732 3197 ut
1761 3173 1826 3207 per
1855 3163 2111 3207 neglegentiam
2145 3168 2179 3198 et
2203 3165 2343 3208 culpam

1256 3217 1358 3243 suam
1382 3207 1518 3250 mulier,
1544 3217 1566 3242 a
1613 3218 1662 3243 ua
1685 3207 1787 3243 heres
1810 3208 1995 3244 institutus
2020 3214 2106 3251 erat,
2134 3213 2341 3244 moreretur.

1302 3251 1328 3289 4
1360 3251 1555 3287 ULPJANUS
1575 3253 1602 3288 tz·
1624 3263 1666 3288 ro
1691 3256 1823 3299 quarto
1847 3254 1984 3289 decimo
2008 3255 2058 3288 ad
2080 3254 2232 3289 edictum
2272 3254 2340 3288 Pa-

1255 3298 1422 3377 pinianus
1444 3298 1536 3333 libro
1560 3298 1683 3343 quinto
1708 3299 1955 3343 quaestionum
1980 3299 2047 3342 ait,
2078 3298 2108 3333 si
2132 3299 2209 3343 quis
2234 3310 2339 3336 unum

1281 3343 1432 3385 eredem,
1457 3343 1560 3388 quasi
1582 3354 1647 3389 per
1669 3343 1799 3378 falsum
1819 3344 2049 3388 adscriptum,
2075 3344 2266 3386 accusavit,
2292 3345 2339 3379 le-

1255 3391 1377 3433 gatum
1401 3389 1434 3423 ei
1455 3398 1528 3423 non
1552 3389 1686 3424 auferri
1710 3400 1732 3424 a
1756 3389 1931 3425 coherede
1954 3389 2126 3431 relictum,
2153 3399 2255 3434 quem
2271 3400 2341 3426 non

1254 3433 1475 3479 inquietavit.

2179 3549 2235 3587 (11)
2259 3548 2340 3579 tem-

2092 3592 2149 3633 (13)
2174 3592 2341 3625 fideicom-

1412 3548 1458 3590 (9)
1481 3547 1711 3581 institutiones
1724 3550 1784 3582 ins.
1889 3549 1949 3589 (10)
1974 3547 2002 3578 is
2015 3548 2077 3582 ins.

1255 3603 1336 3635 pore
1349 3594 1408 3626 ins.
1422 3594 1496 3626 edd.
1613 3596 1672 3637 (12)
1698 3596 1740 3638 cs:
1753 3595 1800 3627 D.
1814 3595 1868 3635 30,
1881 3600 1941 3634 101,
1954 3600 1967 3626 1

1255 3637 1347 3670 missi
1360 3639 1435 3672 dett.

1301 3685 1358 3724 (14)
1385 3683 1466 3717 Sab.
1479 3691 1565 3724 1...³;
1587 3685 1652 3718 Ed.
1666 3692 1769 3723 4...10;
1792 3683 1876 3725 Pap.
1892 3689 2010 3719 11...2⁵;
2031 3680 2119 3724 App.
2135 3688 2181 3714 26.
2195 3699 2240 3703 —
2253 3682 2339 3716 Bas.

1255 3730 1310 3805 δὲ),
1323 3735 1370 3761 42.
1382 3746 1428 3752 —-
1442 3728 1492 3772 le
1509 3729 1584 3763 Cod.
1601 3733 1632 3769 6,
1645 3737 1691 3764 35.
1785 3729 1845 3771 (15)
1869 3726 1971 3759 officii
1983 3739 2045 3759 scr.
2147 3727 2208 3768 (16)
2233 3725 2339 3771 illam]

1296 3783 1391 3805 orum
1402 3786 1465 3808 SCT.

1256 3561 1317 3581 scr-
