2528 3918
112 129 170 159 ΕΤ
197 129 571 161 LIBERATIONIBUS

2066 118 2295 161 XXXXVI
2326 121 2349 161 3

112 241 197 276 velit
219 241 394 283 solutum,
419 240 608 277 dummodo
633 239 685 275 810
710 238 970 274 constituamus
983 238 1006 280 ¹,
1036 241 1077 274 ut
1100 237 1137 274 in
1160 248 1200 274 re

113 297 180 321 sua
204 286 448 329 constitueret,
473 286 536 322 sed
560 285 777 321 constituere
801 284 837 318 in
856 293 895 318 re
913 284 1104 328 praesenti,
1129 283 1199 319 hoc

113 336 168 367 est
196 332 317 367 statim
341 335 448 377 atque
473 331 628 367 solutum
652 333 724 365 est:

158 374 184 413 2
215 376 491 412 Fromvmws
517 377 607 413 libro
640 379 765 411 octavo
797 374 1061 410 institutionum
1115 373 1200 409 dum

110 423 148 457 in
172 432 211 457 re
235 422 372 467 agenda
402 422 470 457 hoc
499 422 581 464 fiat,
611 424 653 456 ut
681 419 736 455 vel
769 418 938 454 creditori
969 419 1120 455 liberum
1153 419 1201 455 sit

111 478 184 502 non
208 468 372 512 accipere
395 467 449 502 vel
473 466 626 502 debitori
655 476 727 501 non
757 464 863 507 dare,
893 464 924 500 si
955 465 1026 500 alio
1058 464 1200 500 nomine

113 513 314 548 exsolutum
341 512 419 558 quis
443 522 565 547 eorum
589 510 695 546 velit:

158 556 182 595 3
215 557 410 594 mmm
437 557 528 593 libro
559 556 863 603 quadraqensz'mo
893 556 997 591 tercio
1022 555 1072 591 ad
1095 553 1199 590 Sabi-

113 615 196 637 num
245 606 400 638 ceterum
423 606 549 647 postea
574 612 645 637 non
670 601 897 646 permittitur.
933 601 1024 636 haec
1044 611 1101 636 res
1120 599 1198 635 effi-

112 649 197 692 ciet,
237 652 277 683 ut
311 649 347 683 in
381 647 560 683 duriorem
591 657 736 682 causam
767 655 908 691 semper
937 646 1101 681 videatur
1130 644 1200 680 sibi

112 694 241 729 debere
265 697 413 738 accepto
438 693 550 728 ferre:
575 692 628 727 ita
650 692 744 728 enim
768 696 804 727 et
823 692 861 727 in
881 702 946 727 suo
966 691 1200 727 constitueret

118 743 128 773 l
177 738 330 774 nomine.
378 739 481 783 Quod
511 738 542 774 si
571 738 665 774 forte
694 748 716 773 a
747 741 874 773 neutro
904 737 1040 772 dictum
1064 736 1128 780 sit,
1161 736 1199 770 in

111 784 167 819 his
197 784 337 829 quidem
369 784 589 826 nominibus,
630 793 722 828 quae
753 782 869 818 diem²
899 782 1122 824 habuerunt,
1161 780 1199 816 id

110 829 251 865 videtur
274 829 440 873 solutum,
467 830 568 864 cuius
593 829 669 864 dies
692 828 805 864 venit:

157 874 182 911 4
207 874 436 910 ΡοΜΡοΝ108
458 874 548 910 libro
574 875 678 910 tertio
699 874 835 909 decimo
860 872 910 908 ad
928 871 1097 914 Quintum
1117 870 1198 906 Mu-

111 922 205 955 cium
252 923 288 954 et
318 921 429 965 magis
460 919 556 964 quod
586 929 666 955 meo
689 919 849 961 nomine,
882 927 989 963 quam
1014 916 1110 961 quod
1132 927 1197 962 pro

110 966 180 1000 alio
205 965 428 1001 fideiussorio
453 965 595 1001 nomine
619 964 752 1000 debeo:
784 967 821 999 et
851 963 972 1008 potius
997 962 1092 1007 quod
1118 972 1199 997 cum

110 1021 246 1055 poena,
278 1020 385 1055 quam
415 1010 511 1055 quod
543 1011 619 1046 sine
653 1019 771 1055 poena
802 1009 970 1044 debetur:
1011 1011 1048 1043 et
1104 1008 1198 1043 otius

111 1055 206 1100 quod
231 1055 421 1098 satisdato,
455 1066 562 1101 quam
590 1055 687 1100 quod
715 1054 791 1090 sine
815 1053 1048 1090 satisdatione
1098 1054 1196 1088 ebeo.

156 1099 181 1138 5
214 1100 408 1137 ULPIANUS
437 1101 528 1137 libro
558 1100 863 1147 quadraqensimo
888 1100 994 1134 tertio
1023 1098 1073 1134 ad
1095 1097 1199 1134 Sabe·-

110 1157 196 1181 mmz
243 1146 285 1180 In
308 1147 362 1181 his
387 1156 482 1188 vero,
508 1155 599 1199 quae
622 1145 804 1191 praesenti
823 1145 880 1180 die
900 1144 1086 1186 debentur,
1113 1154 1198 1179 con-

110 1195 198 1234 stat,
224 1191 385 1236 quotiens
408 1191 616 1227 indistincte
640 1191 726 1236 quid
749 1191 916 1232 solvitur,
941 1190 979 1224 in
1001 1190 1199 1234 graviorem

110 1247 255 1272 causam
280 1236 390 1272 videri
414 1237 580 1279 solutum,
606 1236 638 1273 si
661 1240 781 1272 autem
800 1235 898 1271 nulla
918 1239 1138 1280 praegravet,
1163 1235 1200 1270 id

111 1286 165 1317 est
189 1282 217 1316 si
243 1281 361 1317 omnia
385 1282 528 1317 nomina
551 1281 681 1318 similia
702 1282 854 1324 fuerint,
887 1281 924 1315 in
952 1281 1199 1325 antiquiorem.

109 1327 253 1372 gravior
283 1326 441 1370 videtur,
477 1328 591 1372 quae³
622 1331 659 1362 et
690 1328 757 1362 sub
792 1326 1025 1362 satisdatione
1049 1326 1198 1368 videtur,

115 1377 128 1407 1
178 1382 284 1424 quam
314 1382 358 1408 ea
388 1383 479 1418 quae
509 1383 603 1418 pura
634 1376 698 1408 est.
754 1372 792 1407 Si
828 1372 918 1408 duos
951 1372 1029 1416 quis
1062 1371 1200 1407 dederit

109 1417 373 1460 fidemssores‘,
412 1421 533 1463 potest
564 1418 617 1453 ita
651 1418 806 1461 solvere,
844 1422 885 1452 01
919 1428 1030 1452 unum
1061 1417 1198 1453 liberet.

110 1466 130 1498 2
177 1463 377 1508 Imperator
395 1463 599 1499 Antoninus
625 1474 705 1499 cum
729 1463 808 1499 divo
832 1466 935 1508 patre
959 1473 1024 1498 suo
1045 1463 1155 1498 rescri
1184 1482 1198 1488 -

109 1509 168 1551 sit,
195 1519 276 1543 cum
297 1509 477 1544 distractis
494 1509 702 1554 pignoribus
723 1509 879 1544 creditor
896 1508 1086 1553 pecuniam
1105 1519 1144 1543 re
1170 1508 1198 1542 i-

109 1554 201 1599 git-⁵:
232 1554 263 1590 si
287 1554 358 1589 sint
382 1565 513 1589 usurae
538 1555 680 1590 debitae
705 1559 740 1589 et
765 1554 857 1589 aliae
880 1553 1079 1595 indebitae,
1105 1553 1200 1599 quod

111 1599 259 1635 solvitur
288 1599 326 1635 in
358 1610 507 1642 usuras,
539 1600 585 1635 ad
615 1603 803 1645 utramque
833 1609 979 1635 causam
1009 1609 1199 1634 usurarum

44 1694 46 1696 v
109 1648 183 1680 tam
221 1645 421 1680 debitarum
457 1655 563 1690 quam
602 1645 841 1680 indebitarum
873 1644 1071 1691 pertinere:
1111 1648 1200 1689 puta

111 1689 286 1738 quaedam
310 1701 433 1725 earum
457 1701 502 1725 ex
525 1690 775 1735 stipulatione,
808 1690 984 1735 quaedam
1016 1700 1059 1724 ex
1090 1694 1199 1735 pacto

110 1736 321 1771 naturaliter
355 1735 589 1771 debebantur.
644 1736 674 1770 si
711 1746 795 1771 vero
832 1746 972 1771 summa
1007 1745 1200 1771 usurarum

112 1781 314 1817 debitarum
345 1785 380 1816 et
403 1792 476 1816 non
500 1781 702 1817 debitarum
725 1792 796 1816 non
821 1781 945 1816 eadem
969 1781 1033 1825 sit,
1066 1791 1198 1825 aequa-

110 1827 192 1861 liter
214 1826 261 1861 ad
284 1830 471 1872 utramque
497 1837 643 1862 causam
665 1826 809 1872 proficit
833 1826 929 1871 quod
953 1827 1109 1861 solutum
1133 1830 1199 1868 est,

111 1883 184 1908 non
206 1883 273 1917 pro
297 1875 393 1915 rata,
427 1875 468 1907 ut
499 1872 609 1907 verba
639 1872 806 1917 rescripti
830 1871 1034 1908 ostendunt.
1083 1871 1146 1907 sed
1170 1872 1202 1907 si

111 1917 204 1953 forte
227 1927 358 1954 usurae
381 1928 454 1953 non
479 1917 550 1952 sint
574 1917 715 1952 debitae
740 1921 775 1952 01
798 1917 878 1962 quis
902 1917 1110 1963 simpliciter
1128 1918 1200 1953 sol-

110 1963 217 2005 verit,
251 1973 340 2008 quas
373 1963 516 1998 omnino
549 1973 620 1998 non
651 1966 728 1998 erat
757 1963 967 2008 stipulatus,
1005 1962 1202 2008 imperator

112 2007 314 2044 Antoninus
340 2019 421 2043 cum
445 2009 525 2044 divo
550 2012 652 2054 patre
676 2019 742 2044 suo
765 2008 968 2053 rescripsit,
998 2012 1039 2043 ut
1061 2009 1099 2043 in
1123 2018 1200 2044 sor-

111 2057 183 2090 tem
221 2053 359 2089 cedant.
415 2053 530 2089 eidem
567 2057 688 2089 autem
718 2054 892 2099 rescripto
924 2054 975 2089 ita
1006 2053 1199 2089 subicitur:

112 2099 227 2144 ‘Quod
255 2099 468 2144 generaliter
499 2099 732 2135 constitutum
770 2103 826 2135 est
861 2098 962 2144 prius
997 2099 1035 2133 in
1074 2109 1200 2134 usuras

112 2147 304 2180 ‘nummum
327 2145 483 2180 solutum
507 2148 656 2190 accepto
680 2143 883 2188 ferendum,
915 2144 961 2178 ad
986 2154 1046 2179 eas
1071 2155 1200 2179 usuras

110 2190 263 2225 ‘videtur
286 2190 474 2235 pertinere,
499 2200 588 2235 quas
614 2189 754 2226 debitor
776 2190 961 2226 exsolvere
985 2189 1140 2235 cogitur:
1165 2193 1202 2226 et

112 2236 217 2272 ‘sicut
241 2246 285 2271 ex
307 2236 406 2281 pacti
431 2236 664 2271 conventione
688 2235 794 2271 datae
813 2235 927 2281 repeti
946 2245 1019 2270 non
1036 2239 1199 2283 possunt,

112 2281 176 2316 ‘ita
213 2281 359 2327 proprio
397 2281 501 2316 titulo
540 2291 612 2316 non
648 2284 858 2317 numeratae
895 2291 962 2325 pro
998 2281 1125 2316 solutis
1157 2291 1202 2316 ex

112 2329 132 2362 3
182 2326 342 2362 ‘arbitrio
356 2326 586 2372 percipientis
603 2336 677 2362 1100
693 2326 944 2362 habebuntur’.
979 2326 1088 2371 Apud
1103 2326 1201 2362 Mar-

113 2372 241 2408 cellum
263 2372 355 2407 libro
380 2372 570 2408 vicensimo
595 2371 811 2417 digestorum
836 2371 1037 2417 quaeritur,
1067 2372 1098 2407 si
1123 2372 1201 2417 quis

111 2418 163 2453 ita
187 2417 319 2453 caverit
343 2417 497 2453 debitori
521 2418 569 2452 ‘in
592 2421 726 2453 sortem
749 2421 786 2453 et
804 2427 934 2453 usuras
954 2427 993 2452 se
1013 2417 1200 2463 accipere',

112 2467 233 2498 utrum
261 2474 327 2508 pro
356 2466 438 2498 rata
469 2467 505 2498 et
536 2463 625 2499 sorti
656 2466 693 2498 et
720 2462 840 2499 usuris
873 2462 1025 2498 decedat
1048 2472 1095 2498 an
1117 2473 1201 2498 vero

112 2509 211 2554 prius
235 2509 272 2543 in
295 2518 424 2543 usuras
449 2512 495 2551 et,
520 2508 553 2544 si
576 2507 662 2553 quid
681 2511 854 2553 superest,
878 2508 916 2543 in
935 2512 1068 2543 sortem
1077 2509 1102 2543 ⁶.
1139 2508 1203 2544 sed

112 2565 178 2599 ego
202 2564 275 2589 non
299 2553 441 2596 dubito,
475 2554 560 2599 quin
583 2554 673 2589 haec
698 2554 816 2589 cautio
842 2553 890 2588 ‘in
913 2555 1069 2590 sortem⁷
1101 2556 1139 2590 et
1164 2553 1203 2589 in

114 2600 265 2635 ‘usuras‘
290 2600 391 2645 prius
414 2609 545 2635 usuras
569 2598 745 2643 admittat,
770 2601 857 2634 tunc
881 2598 1024 2642 deinde,
1056 2599 1087 2634 si
1116 2599 1203 2645 quid

115 2644 342 2689 superfuerit,
366 2644 404 2679 in
427 2648 561 2680 sortem
585 2644 700 2680 cedat.

160 2689 184 2728 6
218 2690 376 2725 Psaros
405 2690 495 2726 libro
525 2693 657 2735 quarto
687 2689 737 2724 ad
766 2689 950 2724 Plautium
1003 2689 1079 2725 Nec
1110 2690 1203 2725 enim

116 2736 201 2772 ordo
228 2735 428 2781 scripturae
448 2738 642 2779 spectatur,
667 2734 730 2770 sed
752 2735 873 2780 potius
899 2745 943 2769 ex
965 2735 1043 2770 iure
1056 2735 1069 2756 ⁸
1092 2735 1202 2771 sumi-

114 2786 171 2816 tur
194 2780 231 2816 id
255 2780 351 2825 quod
374 2780 432 2825 agi
454 2779 605 2815 videtur.

162 2824 185 2863 7
219 2825 414 2861 ΠιΡιΑΝσε
442 2825 531 2861 libro
562 2824 866 2871 quadraqensimo
892 2825 996 2860 tertio
1028 2825 1078 2860 ad
1099 2824 1203 2862 Sabi-

116 2883 201 2907 num
247 2870 286 2906 Si
321 2870 405 2915 quid
435 2880 480 2906 ex
509 2870 647 2906 famosa
678 2879 789 2905 causa
818 2873 855 2906 et
882 2880 955 2906 non
978 2869 1118 2906 famosa
1142 2871 1201 2906 de-

116 2918 261 2960 beatur,
294 2916 332 2951 id
356 2916 514 2951 solutum
535 2915 693 2959 videtur,
725 2915 822 2961 quod
851 2925 894 2950 ex
923 2915 1063 2952 famosa
1093 2926 1204 2952 causa

116 2963 277 2998 debetur.
324 2961 474 3007 proinde
505 2961 536 2996 si
566 2961 650 3005 quid
680 2971 724 2996 ex
757 2970 868 2996 causa
898 2961 1046 2997 iudicati
1071 2966 1107 2997 et
1130 2972 1203 2997 non

117 3007 266 3043 iudicati
289 3006 473 3050 debeatur,
504 3006 542 3042 id
564 3010 686 3051 putem
710 3006 877 3048 solutum,
904 3007 1000 3051 quod
1023 3017 1068 3042 ex
1093 3017 1204 3043 causa

115 3052 264 3088 iudicati
287 3053 455 3094 debetur,
489 3055 524 3086 et
553 3052 604 3086 ita
627 3051 844 3096 Pomponius
874 3053 1015 3097 probat.
1065 3062 1103 3087 er
1128 3063 1148 3088 o
1173 3053 1203 3088 si

116 3109 162 3134 ex
186 3108 296 3133 00080
320 3107 412 3142 quae
434 3096 647 3132 infitiatione
677 3097 807 3132 crescit
834 3098 890 3132 vel
919 3098 1064 3142 poenali
1120 3098 1202 3133 ebe-

117 3147 193 3187 tur,
225 3142 413 3178 dicendum
445 3145 499 3178 est
529 3142 566 3177 id
596 3141 751 3177 solutum
779 3141 909 3186 videri,
941 3142 1037 3188 quod
1066 3153 1203 3188 poenae

117 3189 226 3224 habet
248 3188 507 3224 liberationem.

164 3231 188 3271 8
221 3232 380 3268 PAULUs
408 3234 499 3269 libro
531 3231 667 3267 decimo
702 3231 751 3265 ad
780 3230 954 3267 Sabinum
1007 3232 1099 3268 Illud
1130 3243 1203 3268 non

117 3278 336 3323 ineleganter
364 3278 538 3323 scriptum
567 3286 645 3312 esse
669 3275 886 3328 Pomponius
910 3278 978 3321 ait,
1008 3279 1041 3314 si
1068 3288 1136 3323 par
1168 3282 1204 3312 et

118 3324 254 3359 dierum
278 3327 313 3358 et
337 3327 588 3359 contractuum
612 3331 723 3356 causa
746 3325 809 3366 811,
838 3332 884 3358 ex
913 3323 1078 3360 omnibus
1107 3333 1202 3359 sum-

119 3369 185 3404 mis
208 3379 275 3414 pro
297 3368 464 3414 portione
486 3367 600 3404 videri
623 3366 791 3402 solutum.

166 3412 191 3452 9
228 3414 422 3450 ULPJANUS
450 3414 541 3449 libro
572 3412 763 3448 vicensimo
795 3416 926 3457 quarto
958 3413 1007 3449 ad
1029 3413 1202 3449 Sabinum

119 3459 318 3505 Stipulatus
338 3469 416 3494 sum
436 3459 521 3494 mihi
540 3462 603 3494 aut
619 3457 741 3492 Sticho
760 3466 861 3492 servo
879 3457 1077 3503 Sempronii
1095 3458 1202 3494 solvi:

119 3504 326 3550 Sempronio
358 3504 447 3539 solvi
475 3514 547 3539 non
570 3506 707 3548 potest,
742 3502 900 3546 quamvis
925 3503 1086 3539 dominus
1111 3503 1205 3539 servi

122 3553 138 3585 1
187 3551 244 3586 sit.
293 3549 361 3594 Qui
385 3549 506 3585 decem
530 3549 653 3591 debet,
685 3552 825 3593 partem
849 3548 1016 3585 solvendo
1039 3549 1077 3584 in
1099 3551 1205 3596 parte

662 3665 705 3706 (2)
730 3662 783 3696 vel
808 3663 1036 3696 condicionem
1063 3665 1123 3697 ins.
1151 3663 1201 3697 F²

594 3711 638 3752 (4)
654 3710 727 3752 fuit
743 3718 914 3751 sponsores
931 3709 986 3751 (cf
1005 3709 1080 3743 Gai.
1095 3710 1126 3751 3,
1140 3711 1200 3746 121)

649 3756 693 3797 (6)
719 3756 806 3787 sorte
825 3754 864 3795 F,
884 3755 1004 3788 sortem
1025 3754 1119 3788 cedat
1138 3766 1199 3787 scr.

119 3670 160 3708 (1)
184 3666 423 3699 constituamus
448 3666 509 3699 del.

119 3712 163 3753 (3)
188 3710 319 3743 videtur
337 3720 420 3752 quae
439 3711 500 3744 del.

121 3758 164 3798 (5)
189 3756 342 3798 deficiunt
362 3756 521 3799 quaedam

1268 235 1496 282 obligationis
1519 236 1694 271 liberatur
1718 240 1753 271 et
1776 238 1912 291 reliqua
1936 239 2090 285 quinque
2108 241 2186 277 sola
2206 241 2243 276 in
2263 241 2351 277 obli-

1267 283 1410 363 ssatione
1439 285 1641 318 remanent:
1682 282 1765 316 item
1803 293 1862 328 qui
1894 285 2053 320 Stichum
2091 286 2212 329 debet,
2249 291 2354 333 parte

1296 328 1382 363 tichi
1413 327 1499 363 data
1526 327 1565 362 in
1588 327 1761 371 reliquam
1783 333 1920 373 partem
1944 334 2095 366 tenetur.
2144 332 2205 375 qui
2234 336 2352 367 autem

1268 374 1446 408 hominem
1475 372 1599 415 debet,
1630 375 1769 417 partem
1801 373 1914 409 Stichi
1946 375 2062 411 dando
2094 376 2204 413 nihilo
2236 378 2352 413 minus

1267 419 1446 454 hominem
1477 418 1607 453 debere
1638 428 1711 453 non
1741 418 1886 453 desinit:
1921 420 2071 465 denique
2100 422 2204 458 homo
2235 423 2352 458 adhuc

1268 464 1314 499 ab
1347 474 1388 499 00
1418 463 1494 508 peti
1522 466 1653 515 potest.
1701 463 1764 498 sed
1794 464 1823 498 si
1853 464 1991 501 debitor
2022 466 2193 511 reliquam
2216 472 2353 513 partem

1268 508 1380 544 Stichi
1410 509 1554 544 solverit
1582 508 1638 543 vel
1667 518 1733 553 per
1761 512 1919 544 actorem
1949 512 2103 555 steterit,
2136 523 2205 557 quo
2237 514 2352 548 minus

1267 554 1345 590 acci
1372 554 1433 597 iat,
1458 554 1644 590 liberatur.

1317 599 1335 636 1
1393 599 1553 635 Pavws
1580 599 1671 635 libro
1703 601 1834 644 quarto
1864 599 1912 634 ad
1935 599 2108 636 Sabinum
2156 602 2259 646 Quod
2289 602 2353 638 sti-

1267 645 1412 689 pulatus
1442 645 1493 679 ita
1524 655 1604 680 sum
1634 643 1732 679 ‘mihi
1754 647 1818 679 aut
1842 644 1961 688 Titio',
1992 646 2108 682 Titius
2139 658 2204 682 nec
2233 651 2354 692 petere

1267 700 1334 726 nec
1364 700 1497 770 {levare
1529 700 1595 725 nec
1626 692 1815 734 acceptum
1838 689 1958 724 facere
1981 695 2115 736 potest,
2147 696 2355 738 tantumque

1267 736 1302 771 01
1325 746 1364 771 so
1381 735 1415 770 vi
1437 739 1568 780 potest.

1316 779 1364 817 11
1393 780 1623 816 Pomoms
1650 780 1741 816 libro
1774 783 1901 816 octavo
1933 781 1981 815 ad
2004 781 2176 817 Sabinum
2223 782 2261 817 Si
2292 783 2354 818 sti-

1266 826 1414 871 pulatus
1446 826 1550 862 fuero
1583 826 1679 860 ‘mihi
1709 828 1774 860 aut
1803 825 1940 870 pupillo
1979 826 2063 862 dare
2072 827 2112 870 ‘?',
2150 828 2354 872 promissor,

1268 872 1345 907 sine
1367 872 1496 907 tuton's
1521 871 1737 907 auctoritate
1761 870 1930 907 solvendo
1962 872 2115 917 pupillo,
2147 873 2356 908 liberabitur

1267 927 1290 952 a
1313 927 1380 952 me.

1316 961 1366 999 12
1399 961 1594 998 mmm
1621 962 1711 997 libro
1737 962 1945 1008 trz'qensz'mo
1971 962 2020 997 ad
2043 961 2215 998 Sabinum
2262 963 2354 999 Vero

1267 1007 1497 1053 procuratori
1535 1011 1633 1043 recte
1670 1007 1832 1043 solvitur.
1878 1017 2002 1042 verum
2038 1011 2156 1042 autem
2197 1008 2357 1054 accipere

1268 1054 1438 1089 debemus
1470 1063 1568 1096 eum,
1602 1052 1660 1088 cui
1690 1052 1898 1088 mandatum
1923 1056 1977 1088 est
2000 1052 2055 1088 vel
2080 1053 2281 1097 specialiter
2303 1054 2356 1088 vel

1269 1100 1327 1134 cui
1359 1099 1515 1135 omnium
1546 1098 1772 1143 negotiorum
1803 1097 2064 1133 administratio
2095 1098 2263 1133 mandata
2293 1103 2355 1134 est.

1272 1148 1286 1179 1
1335 1144 1518 1180 Interdum
1537 1148 1658 1179 tamen
1679 1146 1714 1179 et
1735 1154 1808 1178 non
1827 1143 2053 1188 procuratori
2074 1147 2170 1178 recte
2191 1143 2357 1179 solvitur:

1269 1193 1308 1225 ut
1338 1194 1428 1236 puta
1460 1190 1563 1225 cuius
1595 1188 1818 1234 stipulationi
1853 1199 1983 1224 nomen
2013 1188 2187 1223 insertum
2219 1192 2288 1232 est,
2329 1190 2358 1224 si

1268 1239 1288 1271 2
1336 1236 1414 1281 quis
1447 1235 1640 1280 stipuletur
1671 1234 1741 1270 sibi
1772 1237 1836 1269 aut
1866 1234 1974 1269 Titio.
2028 1234 2098 1269 Sed
2129 1234 2188 1269 et⁰
2220 1234 2249 1268 si
2280 1234 2359 1279 quis

1268 1281 1508 1323 mandaverit,
1547 1284 1588 1315 ut
1620 1280 1713 1315 Titio
1744 1280 1898 1323 solvam,
1941 1279 2066 1314 deinde
2097 1279 2249 1315 vetuerit
2279 1289 2358 1314 eum

1268 1326 1452 1371 accipere:
1486 1326 1517 1362 si
1547 1326 1715 1370 ignorans
1746 1325 1967 1370 prohibitum
2000 1335 2078 1359 eum
2104 1325 2266 1369 accipere
2290 1325 2358 1360 sol-

1269 1375 1288 1407 3
1336 1382 1427 1414 vam,
1452 1371 1644 1412 liberabor,
1669 1370 1733 1406 sed
1752 1371 1784 1406 si
1803 1370 1928 1414 sciero,
1954 1380 2027 1405 non
2050 1370 2243 1405 liberabor.
2278 1369 2361 1404 Alia

1269 1428 1380 1453 causa
1404 1421 1477 1461 est,
1511 1417 1542 1452 si
1565 1416 1651 1451 mihi
1675 1426 1858 1462 proponas
1883 1416 2093 1461 stipulatum
2117 1416 2268 1460 aliquem
2293 1415 2360 1450 sibi

1269 1467 1333 1498 aut
1356 1463 1470 1498 Titio:
1504 1462 1563 1498 hic
1593 1462 1685 1497 enim
1710 1462 1778 1498 etsi
1799 1461 1990 1507 prohibeat
2013 1471 2068 1496 me
2092 1461 2187 1496 Titio
2212 1460 2359 1501 solvere,

1269 1508 1438 1544 solvendo
1462 1511 1584 1543 tamen
1606 1507 1808 1549 liberabor,
1841 1507 1926 1551 quia
1959 1509 2093 1542 certam
2118 1506 2359 1541 condicionem

1268 1553 1397 1589 habuit
1421 1553 1623 1600 stipulatio,
1654 1563 1763 1598 quam
1792 1553 1982 1587 immutare
2010 1563 2084 1587 non
2106 1552 2224 1596 potuit
2247 1552 2359 1596 stipu-

1269 1602 1290 1634 4
1337 1599 1442 1634 lator.
1496 1598 1567 1635 Sed
1604 1602 1641 1634 et
1679 1598 1710 1634 si
1740 1609 1814 1633 non
1843 1608 1927 1633 vero
1959 1597 2186 1642 procuratori
2215 1597 2359 1639 solvam,

1269 1648 1386 1680 ratum
1411 1647 1532 1680 autem
1551 1644 1683 1679 habeat
1704 1643 1868 1679 dominus
1912 1643 1984 1678 uod
2005 1643 2163 1679 solutum
2183 1645 2248 1685 est,
2273 1642 2359 1677 libe-

1269 1690 1361 1725 ratio
1394 1690 1584 1735 contingit:
1621 1690 1692 1725 rati
1723 1689 1816 1724 enim
1848 1689 1896 1724 ha
1922 1688 1986 1723 itio
2018 1687 2186 1723 mandato
2217 1697 2360 1732 compa-

1269 1739 1382 1771 ratur.

1318 1779 1411 1819 13¹⁰
1442 1780 1637 1816 IULIANUS
1669 1780 1761 1816 libro
1818 1780 1958 1824 uz‘nqua
1985 1779 2119 1814 ensz'mo
2174 1782 2280 1814 uarto
2310 1778 2362 1813 di—

1267 1830 1452 1873 gestorum
1491 1826 1625 1861 Ratum
1649 1828 1770 1861 autem
1793 1790 1926 1860 {abere
1977 1823 2115 1860 ominus
2141 1824 2255 1867 tebet,
2282 1834 2362 1858 cum

1268 1872 1421 1917 primum
1453 1872 1583 1907 certior
1607 1871 1726 1906 factus
1751 1874 1816 1906 est.
1865 1869 1928 1905 sed
1957 1870 2026 1905 hoc
2057 1872 2098 1903 ἐν
2127 1866 2294 1904 πλάτειιι
2327 1872 2363 1904 et

1269 1927 1352 1952 cum
1382 1917 1538 1962 quodam
1569 1917 1686 1962 spatio
1718 1916 1889 1962 temporis
1913 1914 2031 1960 accipi
2062 1914 2185 1957 debet,
2210 1914 2304 1950 sicut
2325 1914 2360 1948 in

1268 1963 1397 2007 legato,
1420 1973 1501 1998 cum
1523 1962 1566 1998 de
1585 1961 1790 2008 repellendo
1812 1964 2054 2006 quaereretur,
2076 1959 2231 2004 spatium
2250 1960 2361 2011 quod-

1269 2008 1352 2043 dam
1374 2008 1547 2053 temporis
1568 2007 1769 2043 adsumitur
1793 2017 1860 2042 nec
1879 2006 2062 2040 minimum
2086 2015 2152 2041 nec
2172 2015 2361 2039 1001010010

1269 2058 1305 2089 01
1329 2053 1425 2098 quod
1448 2053 1561 2098 magis
1585 2053 1770 2088 intellectu
1793 2051 1930 2097 percipi
1954 2060 2061 2096 quam
2081 2061 2124 2085 ex
2143 2050 2324 2086 locutione
2336 2050 2362 2071 ¹⁹

1270 2099 1420 2144 exprimi
1443 2099 1567 2144 possit.

1318 2143 1370 2181 14
1403 2144 1598 2180 Urmzws
1619 2143 1711 2179 libro
1736 2143 1943 2189 triqensimo
1969 2141 2019 2176 ad
2040 2140 2214 2176 Sabinum

1270 2190 1300 2226 si
1331 2190 1424 2225 forte
1454 2190 1534 2235 quis
1564 2190 1616 2224 ita
1647 2188 1782 2230 solvat,
1823 2191 1880 2230 ut,
1919 2186 1989 2222 nisi
2024 2190 2143 2221 ratum
2173 2185 2361 2227 habeatur,

1270 2235 1453 2271 condicat:
1479 2235 1510 2270 si
1530 2234 1695 2270 dominus
1719 2233 1933 2269 solutionem
1953 2234 2069 2266 ratam
2092 2242 2165 2266 non
2186 2231 2361 2273 habuerit,

1273 2285 1288 2316 1
1340 2280 1518 2316 condictio
1552 2280 1585 2315 ei
1621 2279 1682 2325 qui
1712 2279 1818 2314 solvit
1860 2277 2040 2322 competit.
2097 2276 2197 2329 Sunt·
2220 2276 2362 2321 quidam

1269 2330 1424 2368 tutores,
1458 2326 1520 2371 qui
1543 2325 1726 2361 honorarii
1750 2324 1995 2369 appellantur:
2030 2324 2114 2357 sunt
2161 2332 2198 2356 m
2221 2321 2274 2356 rei
2296 2332 2361 2356 no-

1270 2372 1370 2407 titiae
1393 2371 1510 2417 gratia
1534 2371 1665 2406 dantur
1678 2371 1724 2406 ¹³:
1761 2372 1844 2404 sunt
1876 2368 1937 2413 qui
1966 2366 2012 2402 ad
2040 2367 2109 2401 1100
2166 2369 2290 2407 00101,
2322 2369 2362 2400 01

1270 2421 1414 2463 gerant,
1448 2420 1484 2452 et
1507 2416 1578 2452 hoc
1602 2416 1657 2451 vel
1680 2418 1784 2461 pater
1807 2414 1931 2457 adicit,
1957 2416 1997 2448 ut
2021 2421 2113 2447 unus
2137 2414 2226 2456 puta
2248 2414 2359 2455 gerat,

1271 2463 1325 2498 vel
1361 2463 1544 2498 voluntate
1579 2464 1740 2496 tutorum
1775 2459 1839 2494 uni
1874 2457 2105 2494 committitur
2139 2459 2271 2501 gestus,
2307 2456 2361 2490 vel

1271 2511 1416 2554 praetor
1438 2508 1490 2543 ita
1515 2507 1685 2543 decernit.
1734 2505 1813 2541 dico
1845 2504 1968 2549 igitur,
2003 2502 2213 2547 cuicumque
2237 2511 2281 2536 ex
2303 2504 2361 2536 tu-

1272 2554 1410 2589 toribus
1439 2553 1560 2588 fuerat
1572 2553 1600 2574 ¹⁴
1634 2552 1789 2587 solutum
1814 2550 1881 2585 etsi
1905 2547 2105 2584 honorariis
2137 2550 2232 2590 (nam
2255 2549 2292 2581 et
2315 2545 2361 2581 ad

1271 2600 1337 2634 hos
1369 2598 1568 2643 periculum
1599 2597 1786 2643 pertinet),
1819 2598 1915 2630 recte
1939 2593 2046 2636 solvi,
2079 2592 2147 2628 nisi
2170 2591 2361 2643 interdicta

1271 2645 1322 2680 eis
1346 2644 1455 2679 fuerit
1478 2654 1501 2679 a
1523 2647 1690 2688 praetore
1711 2639 1986 2677 administratio:
2011 2648 2095 2674 nam
2119 2637 2150 2673 si
2172 2637 2361 2672 interdicta

1272 2693 1343 2733 est,
1377 2700 1450 2724 non
1472 2693 1570 2724 recte
1595 2688 1755 2724 solvitur.
1802 2686 1896 2721 idem
1921 2685 2000 2720 dico
2025 2687 2062 2719 et
2084 2683 2116 2719 si
2140 2682 2219 2728 quis
2244 2682 2361 2717 sciens

1272 2734 1449 2788 suspectis
1484 2733 1677 2779 postulatis
1708 2732 1842 2768 solvat:
1876 2740 1959 2766 nam
1982 2728 2199 2782 iis-interim
2221 2727 2362 2779 videtur

1273 2784 1291 2816 2
1338 2779 1530 2815 mterdicta
1561 2776 1833 2814 administratio.
1883 2775 1986 2820 Quod
2018 2785 2048 2810 81
2078 2775 2213 2809 remoto
2246 2773 2360 2814 8011111,

1275 2826 1307 2862 01
1332 2825 1446 2869 solvit,
1472 2825 1533 2870 qui
1556 2828 1654 2860 tutor
1677 2833 1756 2859 esse
1780 2821 1946 2864 desierat,
1971 2823 2007 2856 et
2030 2819 2109 2855 ideo
2135 2829 2206 2854 non
2230 2817 2359 2853 libera-

1272 2874 1290 2906 3
1339 2871 1447 2906 bitur.
1497 2870 1590 2914 Quid
1621 2880 1724 2914 ergo,
1758 2867 1789 2903 si
1821 2866 1854 2902 ei
1885 2866 2008 2908 solvit,
2040 2865 2078 2899 in
2110 2863 2359 2916 cuius-locum

1272 2920 1417 2952 curator
1441 2920 1519 2950 erat
1543 2912 1831 2954 constituendus,
1863 2915 1904 2946 ut
1926 2914 2016 2956 puta
2038 2910 2195 2953 relegato
2218 2918 2256 2943 10
2279 2918 2358 2952 per-

1270 2966 1418 3008 petuum
1443 2960 1497 2995 vel
1521 2960 1568 2995 ad
1599 2959 1763 3004 tempus?
1811 2956 1910 2999 dico,
1942 2956 1973 2991 si
1996 2958 2080 3006 ante
2104 2953 2223 3006 solyit,
2254 2962 2359 2997 quam

1271 3011 1291 3042 4
1340 3005 1619 3042 substitueretur
1643 3006 1805 3044 curator,
1839 3004 2005 3046 oportere
2028 3000 2182 3035 liberari.
2208 2997 2300 3049 'Sed
2324 2999 2359 3047 et

1272 3053 1302 3088 si
1323 3052 1467 3086 afuturo
1488 3050 1541 3085 rei
1560 3049 1726 3095 publicae
1747 3057 1858 3083 causa
1878 3046 1992 3088 solvit,
2014 3048 2108 3079 recte
2128 3043 2247 3094 solvit:
2274 3051 2358 3086 qum

1271 3098 1376 3132 immo
1402 3100 1438 3131 01
1463 3096 1492 3130 81
1516 3095 1673 3137 absenti,
1707 3094 1737 3128 si
1760 3092 1866 3127 modo
1890 3102 1963 3126 non
1986 3093 2041 3126 est
2054 3089 2155 3141 'alius
2179 3098 2216 3121 10
2240 3087 2358 3137 locum

1272 3147 1291 3178 5
1340 3142 1417 3177 eius
1448 3141 1677 3175 substitutus.
1733 3138 1813 3173 Sive
1844 3140 1963 3172 autem
1995 3136 2139 3178 legltimi
2169 3134 2254 3167 sunt
2285 3140 2358 3182 sive

1271 3185 1530 3223 testamentarii
1561 3185 1634 3220 sive
1658 3194 1702 3219 ex
1725 3182 1953 3228 inquisitione
1977 3180 2067 3221 dati,
2099 3180 2195 3212 recte
2218 3175 2272 3210 vel
2296 3185 2358 3209 um

1271 3238 1291 3268 6
1339 3231 1498 3267 solvitur.
1556 3230 1618 3272 Ei,
1656 3230 1716 3274 qui
1751 3227 1899 3263 notitiae
1934 3225 2051 3270 gratia
2086 3222 2189 3274 datus
2222 3223 2276 3255 est
2311 3230 2358 3254 an

1271 3281 1368 3313 recte
1399 3276 1577 3318 solvatur,
1610 3273 1800 3310 videndum
1830 3276 1903 3314 est,
1938 3270 2020 3321 quia
2053 3264 2355 3320 adinstruendos

1272 3325 1478 3359 contutores
1503 3320 1619 3355 datur.
1656 3319 1719 3354 sed
1744 3329 1824 3353 cum
1848 3319 1945 3351 tutor
1969 3317 2024 3357 811,
2050 3323 2127 3363 n1s1·
2140 3310 2358 3356 prohibitum

1273 3372 1290 3403 7
1339 3366 1447 3402 fuerit
1474 3365 1507 3401 ei
1527 3366 1626 3407 solvi,
1651 3367 1739 3418 puto
1764 3362 2010 3411 liberationem
2035 3360 2247 3409 contmgere.
2286 3354 2356 3406 Cu:

1271 3412 1383 3449 ratori
1415 3420 1556 3456 quoque
1591 3410 1719 3445 furiosi
1758 3411 1854 3443 recte
1886 3406 2047 3444 solwtur‚
2081 3405 2165 3436 item
2198 3402 2358 3451 curatori

1272 3458 1339 3494 sibi
1371 3467 1443 3492 non
1475 3455 1686 3491 sufficientis
1718 3454 1773 3489 vel
1804 3462 1868 3497 per
1902 3451 2052 3484 aetatem
2076 3446 2130 3497 vel
2163 3454 2227 3489 per
2250 3444 2356 3494 aliam

1272 3505 1402 3538 iustam
1436 3511 1594 3537 causam.
1642 3500 1705 3535 sed
1734 3502 1771 3534 et
1802 3494 1927 3541 pupilli
1958 3496 2115 3527 curatori
2147 3492 2242 3542 recte
2266 3488 2356 3524 solvi

1274 3552 1293 3584 8
1342 3550 1494 3584 constat.
1542 3545 1721 3591 Pupillum
1759 3543 1833 3577 sine
1871 3538 1998 3574 tutoris
2036 3538 2250 3571 auctoritate
2289 3542 2357 3569 nec

2261 2139 2364 2184 Quod

1272 3664 1314 3704 (7)
1340 3662 1426 3693 sorte
1442 3662 1475 3693 F
1544 3660 1589 3700 (8)
1616 3667 1654 3690 ex
1667 3667 1702 3689 re
1715 3668 1774 3687 ser.
1855 3654 1900 3693 (9)
1926 3653 1958 3684 et
1970 3651 2032 3684 del.
2102 3650 2161 3700 (10)
2187 3649 2229 3691 cs?
2242 3647 2287 3680 D.
2301 3649 2356 3687 46,

1272 3714 1358 3748 s,12,
1372 3713 1388 3739 2
1447 3707 1501 3746 (11)
1528 3706 1564 3738 id
1576 3711 1639 3737 est.-
1663 3701 1737 3733 laxe
1800 3700 1859 3740 (12)
1885 3706 1983 3738 quam
1997 3695 2184 3728 elocutione
2203 3693 2278 3743 Uip..
2294 3692 2314 3725 l.
2329 3704 2356 3745 q.

1272 3754 1329 3795 (13)
1354 3752 1433 3784 sunt
1446 3750 1505 3792 qui
1516 3749 1565 3783 rei
1578 3746 1716 3782 notitiae
1728 3744 1837 3787 gratia
1849 3743 1971 3776 dantur
1984 3741 2042 3775 del.
2108 3741 2166 3781 (14)
2191 3738 2293 3771 ruent
2305 3737 2338 3770 F
2343 3736 2355 3756 ²

2019 3796 2083 3830 94*
