2528 3918
167 126 419 171 XXXXVII
452 128 502 169 10

169 254 287 287 nesta:
327 258 444 295 neque
474 247 568 284 enim
599 247 706 283 debet
738 251 843 293 pater
879 248 1067 284 vilissimus
1099 247 1162 283 filii
1196 248 1254 284 sui

168 294 417 332 contumeliam
434 293 479 329 ad
503 303 605 329 suam
622 292 796 329 vilitatem
814 293 943 330 metiri.
976 303 1150 338 ponamus
1174 302 1254 329 esse

169 351 250 376 eum
272 343 430 385 patrem,
462 338 520 374 cui
543 338 620 373 iure
644 338 840 384 meritoque
870 343 1017 374 curator
1040 348 1063 373 a
1085 341 1252 383 praetore

175 390 212 421 14
259 384 546 421 constitueretur.
587 382 659 419 Sed
682 382 713 418 si
761 388 838 419 ater
860 384 923 420 lite
947 386 1148 419 contestata
1170 392 1252 418 coe-

168 430 261 511 t'fisst
283 428 495 510 titia&
508 428 864 519 essssitffltsffi
876 429 1254 509 et'r‘ssffiss‘ffimpffi

169 501 380 566 competere.
427 519 519 554 idem
550 522 587 555 et
614 518 645 554 si
674 519 918 565 emancipatus
950 519 1044 554 filius
1068 528 1146 554 esse
1169 528 1254 563 pro-

172 569 211 600 15
258 569 425 610 ponatur.
472 564 749 600 Procuratorem
779 564 892 610 patris
916 563 1086 610 praetulit
1108 566 1254 608 praetor

168 610 255 656 ipsis
278 609 458 655 personis,
494 619 587 655 quae
610 609 774 645 iniuriam
797 620 925 655 passae
949 612 1044 644 sunt.
1080 607 1112 644 si
1135 612 1254 644 tamen

168 659 383 701 procurator
415 658 479 689 aut
509 654 671 699 neglegat
701 658 766 690 aut
789 654 947 690 colludat
969 657 1033 689 aut
1055 664 1128 689 non
1151 652 1252 689 suffi-

170 700 242 735 ciat
267 700 435 735 adversus
461 709 649 745 personas,
674 710 766 745 quae
787 699 951 734 iniuriam
974 699 1153 740 fecerunt,
1183 698 1254 744 ipsi

168 746 308 791 potius,
342 744 404 790 qui
436 755 567 790 passus
601 749 656 781 est
687 744 870 787 iniuriam,
914 744 1008 779 actio
1043 743 1253 779 iniuriarum

175 795 213 826 16
262 790 440 835 competit.
495 789 770 825 Procuratorem
801 794 920 825 autem
952 789 1115 834 accipere
1145 788 1252 824 debe-

167 846 247 871 mus
279 846 351 871 non
382 834 505 881 utique
536 845 634 876 eum.
674 835 733 870 cni
762 834 963 879 specialiter
998 834 1169 870 mandata
1198 837 1254 869 est

168 880 375 926 procuratio
409 880 562 916 actionis
590 880 818 921 iniuriarum,
854 889 978 915 verum
1008 878 1142 915 sufficit
1171 889 1252 914 eum

173 936 271 970 esse,
305 926 363 961 cui
386 925 543 962 omnium
566 936 685 961 rerum
708 924 969 960 administratio
993 924 1162 960 mandata
1185 928 1251 960 est.

176 976 211 1006 17
263 970 367 1016 Quod
391 975 512 1006 autem
534 971 585 1006 ait
606 973 751 1023 praetor
775 980 886 1005 causa
910 970 1052 1015 cognita
1074 969 1161 1022 ipsi,
1193 968 1254 1014 qui

170 1017 335 1052 iniuriam
370 1016 552 1061 accepisse
588 1015 744 1057 dicetur,
787 1015 957 1051 iudicium
990 1015 1167 1060 permitti,
1202 1015 1254 1049 ita

169 1061 416 1107 accipiendum
438 1065 504 1104 est,
540 1064 581 1095 ut
602 1060 640 1095 in
665 1060 864 1105 cognitione
888 1069 1019 1096 causae
1042 1061 1111 1096 hoc
1134 1069 1252 1095 verse-

168 1111 239 1151 tur,
264 1116 370 1152 quam
387 1107 492 1151 longe
507 1110 611 1151 pater
627 1106 722 1140 absit
743 1109 779 1141 et
798 1105 941 1151 quando
961 1108 1252 1151 superventurus,

169 1155 207 1188 et
229 1151 401 1198 numquid
421 1151 464 1194 is,
489 1151 550 1196 qui
572 1150 783 1186 iniuriarum
804 1151 881 1186 vult
903 1150 1078 1186 actionem
1102 1160 1241 1186 movere

169 1197 361 1251 segnitior¹
386 1197 442 1232 vel
463 1196 599 1231 inutilis
623 1195 824 1238 admodum,
849 1196 910 1241 qui
932 1206 1005 1231 non
1028 1195 1186 1232 sufficiat
1208 1205 1230 1230 a

167 1253 220 1279 rei
243 1243 345 1278 cuius
369 1241 710 1277 administrationem
734 1251 777 1276 ac
800 1251 864 1286 per
887 1242 956 1277 hoc
979 1251 1045 1276 nec
1069 1241 1116 1276 ad
1141 1240 1252 1276 actio-

171 1291 212 1324 18
259 1298 353 1324 nem.
407 1286 510 1331 Quod
540 1286 666 1322 deinde
697 1286 749 1321 ait
784 1286 856 1332 ‘qui
886 1286 1054 1321 iniuriam
1090 1285 1253 1331 accepit',

168 1333 348 1369 interdum
377 1333 429 1367 ita
452 1331 699 1376 accipiendum
722 1335 792 1374 est,
824 1335 865 1366 ut
893 1332 988 1384 patri
1010 1332 1086 1367 eius
1111 1340 1253 1375 compe·

168 1381 246 1414 tat²
276 1379 383 1414 actio.
430 1382 471 1412 ut
500 1381 590 1422 puta
618 1377 739 1422 nepoti
767 1376 866 1412 facta
893 1377 1024 1412 iniuria
1047 1380 1120 1419 est,
1151 1379 1254 1421 pater

167 1434 338 1470 praesens
363 1425 436 1465 est,
469 1432 556 1457 avus
579 1422 697 1458 abest:
733 1422 858 1458 scribit
880 1422 1040 1458 Iulianus
1071 1422 1166 1467 patri
1188 1432 1253 1467 po-

168 1470 239 1505 tius
263 1467 418 1504 dandam
447 1467 659 1502 iniuriarum
689 1467 866 1503 actionem
890 1477 997 1512 quam
1019 1467 1088 1512 ipsi
1113 1466 1252 1512 nepoti:

168 1515 215 1550 ad
240 1514 361 1555 cuius,
386 1512 511 1557 inquit,
536 1512 693 1548 officium
716 1513 873 1558 pertinet
896 1513 1003 1548 etiam
1025 1513 1164 1548 vivente
1188 1522 1253 1547 avo

173 1563 212 1595 19
259 1559 371 1594 filium
405 1568 510 1594 suum
539 1557 578 1592 in
607 1558 770 1594 omnibus
806 1558 909 1594 tueri.
964 1557 1062 1593 Idem
1092 1557 1255 1593 Iulianus

169 1604 294 1641 scribit
323 1603 435 1638 filium
463 1613 535 1638 non
562 1606 702 1638 tantum
723 1603 842 1648 ipsum
871 1613 975 1648 agere
999 1603 1128 1638 debere
1140 1603 1166 1646 ³,
1194 1612 1254 1638 ve-

168 1661 248 1686 rum
277 1651 547 1695 procuratorem
578 1647 664 1683 dare
687 1658 810 1694 posse:
844 1648 914 1684 alio
941 1649 1013 1690 uin,
1037 1648 1162 1693 inquit,
1186 1647 1256 1682 nisi

169 1696 203 1731 ei
225 1694 489 1740 permiserimus
512 1698 782 1739 procuratorem
806 1694 902 1735 dare,
944 1697 1088 1729 uturum
1113 1697 1177 1737 est,
1201 1696 1253 1735 ut,

168 1741 200 1776 si
233 1739 435 1776 valetudine
469 1738 683 1784 impediatur
717 1749 832 1784 neque
870 1739 918 1775 sit
952 1739 1013 1784 qui
1046 1739 1255 1773 iniuriarum

169 1789 212 1821 20
260 1785 435 1820 actionem
461 1788 668 1828 exequatur,
692 1784 908 1837 impediatur
929 1784 1035 1820 actio.
1071 1784 1170 1819 Idem
1193 1784 1254 1825 ait,

169 1835 205 1867 et
235 1831 267 1866 si
296 1830 419 1875 nepoti
446 1828 545 1864 faeta
573 1829 620 1864 sit
648 1829 780 1864 iniuria
808 1833 845 1865 et
874 1840 977 1865 nemo
1009 1830 1075 1872 sit,
1107 1830 1168 1874 qui
1199 1829 1256 1864 avi

169 1877 310 1912 nomine
333 1879 426 1920 agat,
450 1874 726 1920 permittendum
749 1885 828 1910 esse
850 1875 949 1926 patri
971 1875 1141 1920 experiri,
1165 1878 1202 1910 et
1224 1874 1255 1909 is

168 1925 438 1967 procuratorem
461 1920 572 1954 dabit.
620 1920 785 1955 omnibus
809 1930 913 1963 enim,
938 1920 1000 1965 qui
1023 1931 1088 1956 suo
1112 1920 1255 1955 nomine

169 1967 346 2003 actionem
362 1966 506 2008 habent,
531 1965 773 2009 procuratoris
798 1965 905 2000 dandi
926 1976 1004 2001 esse
1022 1968 1254 2011 potestatem:

169 2012 323 2056 intellegi
353 2015 471 2046 autem
501 2009 631 2053 filium,
662 2010 797 2055 inquit,
829 2010 984 2046 familias
1016 2021 1080 2046 suo
1112 2010 1254 2046 nomine

170 2067 285 2103 agere,
310 2067 390 2092 cum
409 2059 512 2102 patre
537 2059 699 2091 cessante
721 2060 868 2101 praetor
885 2056 917 2091 ei
936 2066 1042 2101 agere
1060 2056 1255 2101 permittat.

170 2106 211 2138 21
261 2101 300 2138 Si
329 2101 423 2137 filius
455 2100 608 2136 familias
639 2100 849 2136 iniuriarum
878 2102 1004 2146 egerit,
1033 2101 1130 2146 patri
1160 2100 1255 2135 actio

173 2151 215 2183 22
263 2157 336 2183 non
360 2146 539 2191 competit.
576 2145 675 2181 Idem
698 2146 749 2181 ait
771 2146 844 2182 filio
869 2146 1021 2182 familias
1045 2146 1257 2181 iniuriarum

171 2192 314 2229 nomine
337 2192 515 2227 actionem
539 2190 629 2234 dari,
654 2191 817 2236 quotiens
840 2202 943 2227 nemo
968 2196 1033 2234 est,
1058 2192 1119 2236 qui
1142 2191 1255 2236 patris

170 2238 311 2274 nomine
334 2237 555 2282 experiatur,
588 2240 624 2271 et
646 2237 715 2272 hoc
740 2247 828 2272 casu
852 2237 956 2282 quasi
984 2241 1124 2282 patrem
1151 2236 1255 2271 fami-

174 2281 260 2323 fiae⁴
292 2282 472 2318 constitui.
521 2291 632 2326 quare
660 2282 733 2317 sive
763 2282 1008 2327 emancipatus
1040 2282 1088 2317 sit
1116 2282 1189 2317 sive
1211 2292 1257 2317 ex

170 2332 272 2374 parte
295 2329 398 2364 heres
417 2327 571 2372 scriptus
595 2326 706 2362 fuerit
727 2328 783 2363 vel
805 2327 912 2363 etiam
928 2327 1165 2363 exheredatus
1183 2326 1257 2363 sive

169 2378 321 2420 paterna
349 2372 547 2408 hereditate
577 2372 807 2417 abstinuerit,
840 2372 1104 2408 ⁵executionem
1126 2372 1200 2408 litis
1224 2372 1257 2408 ei

171 2419 344 2455 dandam:
371 2428 448 2454 esse
471 2418 565 2453 enim
587 2417 860 2463 perabsurdum,
885 2427 990 2463 quem
1013 2421 1158 2463 praetor
1180 2427 1256 2453 ma-

170 2469 277 2500 nente
317 2464 435 2509 patria
476 2466 653 2508 potestate
694 2463 742 2498 ad
783 2463 960 2498 actionem
1000 2462 1257 2498 admittendum

170 2509 376 2556 probaverit
384 2510 410 2551 ⁰,
446 2509 479 2544 ei
515 2508 611 2553 patri
647 2508 800 2544 familias
837 2508 1010 2544 ultionem
1046 2508 1257 2544 iniuriarum

171 2564 316 2590 suarum
337 2554 425 2599 eripi
443 2558 478 2589 et
498 2553 685 2589 transferri
703 2553 750 2589 ad
772 2557 923 2599 patrem,
949 2554 1010 2598 qui
1027 2563 1119 2596 eum,
1144 2564 1257 2599 quan-

172 2605 246 2638 *mm
270 2600 307 2635 in
325 2599 403 2645 ipso
422 2602 487 2641 est,
513 2599 680 2641 omiserit,
706 2602 780 2641 aut,
806 2599 900 2643 quod
921 2604 976 2634 est
994 2598 1185 2644 indignius,
1210 2598 1258 2634 ad

171 2645 321 2681 heredes
370 2644 474 2686 atris,
504 2644 551 2678 ad
575 2654 665 2689 quos
689 2654 762 2680 non
794 2644 972 2689 pertinere
994 2644 1161 2679 iniuriam
1183 2644 1256 2680 filio

172 2690 324 2726 familias
363 2690 504 2725 actam⁷
536 2689 664 2734 procul
688 2689 797 2725 dubio
821 2693 887 2724 est.

223 2733 273 2774 18
297 2735 457 2771 Panos
478 2734 568 2770 libro
594 2735 756 2780 quinqua
783 2735 917 2770 cnsimo
941 2734 1067 2781 quinto
1091 2733 1142 2769 ad
1164 2733 1257 2770 edic-

175 2786 249 2816 tum
283 2780 389 2823 Eum,
413 2780 475 2825 qui
497 2785 685 2815 nocentem
706 2780 744 2814 in
760 2779 901 2823 amavit,
925 2790 998 2815 non
1021 2789 1099 2815 esse
1123 2779 1257 2815 bonum

173 2836 324 2871 aequum
348 2826 394 2860 ob
419 2835 498 2860 eam
519 2835 595 2860 rem
618 2824 862 2861 condemnari:
901 2828 1052 2870 peccata
1075 2824 1169 2860 enim
1191 2835 1256 2860 no-

178 2876 190 2906 l
240 2871 395 2908 centium
425 2874 512 2905 nota
543 2879 620 2905 esse
651 2874 687 2905 et
724 2874 889 2916 oportere
917 2874 955 2906 et
985 2869 1164 2915 expedire.
1219 2869 1257 2905 Si

174 2927 296 2953 servus
318 2925 419 2951 servo
439 2915 564 2950 fecerit
581 2915 757 2958 iniuriam,
780 2914 927 2960 perinde
947 2914 1133 2959 agendum,
1154 2915 1258 2960 quasi

174 2966 193 2997 2
241 2962 271 2998 si
289 2960 430 2997 domino
449 2960 603 2995 fecisset.
640 2959 678 2995 Si
695 2966 809 3012 nupta
826 2960 900 2995 filia
917 2960 1072 2995 familiae
1091 2960 1257 2995 iniuriam

173 3005 352 3052 acceperit
387 3009 423 3041 et
457 3004 511 3040 vir
546 3008 582 3040 et
619 3009 722 3049 pater
750 3005 957 3040 iniuriarum
989 3009 1115 3050 agant,
1150 3005 1256 3042 Pom-

171 3051 302 3098 ponius
330 3054 428 3086 recte
455 3053 560 3095 putat
588 3050 679 3084 tanti
708 3050 802 3095 patri
841 3050 1148 3086 condemnandum
1178 3059 1258 3086 esse

170 3108 289 3140 reum,
314 3095 439 3142 quanti
468 3094 741 3138 condemnetur,
773 3096 802 3131 si
834 3105 878 3131 ea
905 3095 1012 3131 vidua
1041 3099 1152 3138 esset,
1181 3096 1256 3131 viro

170 3142 280 3186 tanti,
316 3140 440 3187 quanti
471 3139 787 3182 condemnaretur,
824 3141 856 3176 si
884 3150 928 3176 ea
961 3141 999 3175 in
1029 3140 1161 3176 nullius
1189 3151 1256 3193 po-

173 3191 303 3224 testate
333 3189 446 3228 esset,
502 3185 573 3221 uod
609 3195 676 3220 sua
705 3186 876 3230 cuiusque
906 3185 1037 3220 iniuria
1075 3196 1257 3231 propriam

175 3232 456 3269 aestimationem
513 3231 647 3266 aberet.
696 3235 732 3265 et
762 3230 842 3266 ideo
872 3230 902 3266 si
926 3236 1041 3276 nupta
1064 3231 1101 3266 in
1125 3231 1257 3267 nullius

174 3281 351 3324 potestate
373 3276 430 3318 sit,
455 3286 528 3311 non
550 3275 629 3311 ideo
659 3274 775 3310 minus
806 3286 884 3310 eam
911 3275 1122 3311 iniuriarum
1152 3286 1258 3321 agere

175 3327 194 3357 3
241 3332 365 3377 posse,
395 3321 491 3367 quod
514 3325 551 3356 et
572 3321 626 3356 vir
650 3321 737 3356 ¹'suo
761 3321 903 3356 nomine
926 3325 1020 3366 agat.
1067 3321 1104 3356 Si
1127 3320 1258 3356 iniuria

175 3367 261 3403 mihi
282 3366 347 3403 fiat
369 3366 416 3402 ab
440 3376 501 3410 eo,
536 3365 595 3401 cui
617 3365 684 3401 sim
707 3366 867 3410 ignotuS,
898 3371 961 3400 aut
992 3366 1022 3401 si
1054 3366 1132 3411 quis
1155 3369 1258 3411 putet

174 3423 229 3449 me
246 3412 399 3449 Lucium
418 3411 550 3447 Titium
569 3421 659 3454 esse,
684 3420 766 3447 cum
788 3410 854 3446 sim
876 3410 987 3446 Gaius
1007 3410 1128 3452 Seius:
1177 3421 1257 3447 rae-

175 3458 284 3501 valet,
308 3457 404 3503 quod
425 3456 624 3502 principale
647 3459 712 3499 est,
735 3454 903 3491 iniuriam
927 3466 1006 3491 eum
1029 3456 1116 3491 mihi
1154 3466 1258 3492 acere

172 3503 279 3539 vellet
302 3513 386 3539 nam
409 3506 528 3538 certus
552 3511 617 3547 ego
640 3511 732 3544 sum,
755 3500 841 3536 licet
860 3500 922 3536 ille
944 3505 1048 3546 putet
1069 3511 1125 3538 me
1148 3501 1259 3537 alium

174 3551 196 3583 4
241 3557 322 3585 esse
351 3557 459 3594 quam
487 3557 585 3591 sum,
618 3550 654 3582 et
680 3545 761 3582 ideo
793 3544 1005 3582 iniuriarum
1033 3546 1161 3583 habeo.
1208 3547 1260 3582 At

569 3663 612 3700 (2)
635 3660 799 3703 competet
821 3660 851 3692 F
943 3660 988 3702 (3)
1010 3658 1139 3702 debere]
1162 3659 1202 3693 de
1220 3669 1259 3693 ea

766 3707 812 3745 (⁶)
837 3704 916 3737 item
936 3705 998 3738 ins.
1091 3707 1136 3747 (6)
1159 3707 1257 3747 puta-

785 3755 829 3790 (s)
855 3751 890 3781 in
912 3751 971 3783 im.
995 3750 1029 3783 F
1128 3751 1175 3791 (a)
1199 3760 1258 3791 per

175 3663 216 3703 (1)
232 3661 366 3704 segnior
379 3662 452 3695 dett.

177 3719 211 3739 re
224 3719 284 3739 ser.
397 3713 438 3743 14)
460 3706 602 3739 familias
623 3707 654 3738 F
659 3706 672 3725 ²

178 3752 261 3784 verit
277 3752 323 3784 F*
437 3755 482 3792 (τ)
505 3753 629 3783 factum
656 3752 690 3781 [ν’

1244 122 1330 171 784
1490 65 1654 194 k7]th
1681 138 1867 171 mmnns
1894 138 1953 170 m·
1979 138 2170 172 ruosxs
2197 138 2401 173 amanam

1321 258 1403 283 cum
1433 247 1561 294 aliquis
1587 247 1701 284 fllium
1737 249 1892 285 familias
1926 252 2064 295 patrem
2099 249 2252 287 familias
2285 254 2402 296 putat,

1319 302 1393 327 non
1415 296 1535 338 potest
1563 293 1675 330 videri
1703 295 1870 331 iniuriam
1898 295 1994 340 patri
2023 295 2143 332 facere
2195 306 2269 331 non
2290 297 2403 341 magis

1321 347 1427 390 quam
1450 339 1538 381 viro,
1562 338 1594 374 si
1616 339 1799 376 mulierem
1816 339 1956 376 viduam
1979 350 2059 376 csse
2189 344 2216 383 t,
2240 341 2324 386 quia
2339 351 2401 377 ne-

1321 392 1450 462 ssueyn
1473 393 1663 429 personam
1685 394 1809 420 eorum
1833 384 2016 421 confertur
2043 385 2173 421 iniuria
2195 395 2262 421 nec
2285 389 2402 421 trans·

1338 438 1408 463 erri
1439 439 1616 473 personae
1643 430 1890 474 putationem⁹
1922 441 1966 466 ex
1990 440 2144 476 persona
2173 429 2327 466 filiorum
2356 431 2404 466 ad

1321 482 1383 508 eos
1414 477 1549 518 potest,
1582 485 1663 510 cum
1686 474 1836 511 affectus
1866 475 2030 511 iniuriam
2059 475 2224 511 facientis
2247 475 2285 510 in
2307 475 2404 511 hunc

1322 521 1341 552 5
1389 522 1463 553 tam
1488 529 1572 554 uam
1602 518 1639 554 in
1667 523 1807 571 patrem
1838 519 1991 556 familias
2016 520 2201 557 consistat.
2247 520 2350 564 Quod
2374 521 2404 556 si

1321 562 1449 616 scisset
1465 530 1580 599 {lium
1598 563 1752 616 familias
1771 574 1861 608 esse,
1883 569 2015 609 tamen,
2040 566 2070 602 si
2082 567 2110 587 ¹⁰
2131 565 2316 608 nescisset,
2342 576 2403 601 cu-

1320 618 1376 660 ius
1399 607 1495 660 filius
1519 613 1632 651 esset,
1657 609 1828 655 dicerem,
1851 610 1984 656 inquit,
2013 615 2152 656 patrem
2175 621 2240 646 suo
2264 611 2406 646 nomine

1320 663 1531 689 imur-iarum
1564 664 1670 699 agere
1702 665 1828 701 posse:
1862 665 1931 691 nec
1963 656 2080 692 minus
2114 656 2248 698 virum,
2285 655 2316 691 si
2345 656 2406 690 ille

1321 702 1470 743 nuptam
1494 709 1571 735 esse
1595 700 1720 735 sciret:
1750 710 1834 735 nam
1857 700 1919 746 qui
1940 700 2031 737 haec
2054 711 2127 737 non
2149 701 2307 746 ignorat,
2331 701 2405 736 cui-

1322 754 1473 788 cumque
1506 744 1620 790 patri,
1662 744 1875 790 cuicumque
1908 746 2036 782 marito
2071 757 2138 792 per
2171 746 2301 789 filium,
2341 755 2407 791 per

1323 798 1467 824 uxorem
1491 789 1567 825 vult
1588 790 1709 826 facere
1731 790 1907 825 iniuriam.

1370 831 1421 872 19
1442 833 1566 870 oues
1587 835 1677 871 libro
1695 836 1885 871 vicensimo
1904 835 2061 871 secundo
2081 836 2131 871 ad
2148 835 2303 872 edictum
2315 846 2407 882 pro-

1320 879 1472 931 pinciqle
1518 879 1556 915 Si
1579 880 1736 916 creditor
1756 891 1869 923 meus,
1893 880 1953 916 cui
1983 885 2131 926 paratus
2154 890 2233 916 sum
2257 880 2405 923 solvere,

1319 924 1395 976 μ’*
1418 924 1591 976 'iniuriam
1613 936 1728 961 meam
1750 924 1978 962 fideiussores
2001 935 2099 962 meos
2121 926 2405 972 interpellaverit,

1320 979 1530 1005 imunarum
1553 974 1706 1006 tenetur.

1322 1058 1330 1067 .
1361 1011 1420 1066 ‚20
1444 1014 1698 1052 Moossmws
1719 1016 1810 1052 libro
1834 1015 2044 1052 duodecimo
2067 1026 2322 1062 responsorum
2368 1015 2407 1051 Si

1319 1059 1472 1095 iniuriae
1501 1060 1687 1097 faciendae
1714 1060 1832 1106 gratia
1863 1061 1945 1096 Seia
1981 1061 2125 1097 domum
2155 1061 2313 1096 absentis
2344 1060 2406 1096 de-

1321 1104 1445 1156 bitoris
1469 1104 1645 1150 signasset
1664 1106 1742 1142 sine
1762 1106 1978 1142 auctoritate
1997 1106 2084 1148 eius,
2109 1106 2171 1151 qui
2190 1105 2407 1142 concedendi

1320 1160 1376 1185 ius
1400 1153 1656 1205 potestatemve
1678 1151 1815 1194 habuit,
1840 1151 2051 1187 iniuriarum
2075 1151 2251 1187 actionem
2272 1150 2407 1187 intendi

1321 1205 1428 1292 po{sle
1444 1196 1670 1278 Ῐῗῑξέἒὲᾱλιῐῗε
1690 1243 1781 1279 libro
1804 1254 1900 1278 nono
1926 1242 2161 1294 epistularum
2194 1240 2409 1276 Iniuriarum

1322 1290 1521 1339 aestimatm
1545 1298 1620 1323 non
1642 1287 1689 1323 ad
1711 1288 1750 1323 id
1771 1292 1930 1334 tempus,
1956 1297 2026 1332 quo
2051 1286 2249 1329 iudicatur,
2275 1285 2339 1322 sed
2362 1286 2407 1321 ad

1321 1331 1368 1375 ld,
1419 1342 1464 1367 uo
1487 1331 1588 1368 facta
1611 1337 1676 1376 est,
1699 1333 1826 1369 referri
1850 1333 1964 1369 debet.

1350 1342 1422 1429 ,22
1461 1376 1656 1414 ΠιΡῐΔΝυε
1683 1378 1774 1415 libro
1809 1380 1932 1425 primo
1965 1378 2014 1413 ad
2042 1377 2196 1413 edictum
2220 1377 2410 1424 praetoris

1323 1421 1361 1457 Si
1390 1423 1482 1458 hber
1514 1433 1580 1502 prto
1615 1423 1765 1468 fugitivo
1795 1423 2039 1470 adprehensus
2078 1422 2162 1465 erit,
2199 1421 2408 1458 iniuriarum

1323 1478 1405 1503 cum
1427 1477 1470 1503 eo
1570 1496 1577 1503 .

1369 1510 1421 1550 23
1447 1478 1608 1549 Pnaffiavs
1635 1514 1725 1550 libro
1750 1518 1883 1560 quarto
1912 1513 1964 1549 ad
1984 1512 2138 1550 edictum
2192 1511 2261 1556 Qui
2282 1511 2321 1547 in
2344 1510 2408 1547 do-

1322 1569 1417 1593 mum
1454 1557 1608 1594 alienam
1640 1559 1751 1595 invito
1783 1559 1925 1595 domino
1956 1558 2139 1601 introiret,
2180 1557 2339 1603 quamvis
2369 1556 2408 1592 in

1321 1603 1557 1684 igsfihvocatffl,
1587 1604 1763 1640 actionem
1794 1604 2002 1639 iniuriarum
2033 1603 2071 1639 in
2100 1614 2181 1639 eum
2206 1605 2409 1648 competere

1397 1648 1450 1684 'us
1474 1648 1535 1684 ait.

1369 1692 1423 1731 24
1463 1693 1657 1730 ULPIANUS
1695 1694 1786 1730 libro
1826 1695 1952 1740 quinto
1991 1694 2127 1730 decimo
2167 1692 2218 1728 ad
2255 1692 2408 1728 edictum

1320 1740 1505 1819 {factoris
1551 1738 1589 1774 Si
1621 1739 1699 1784 quis
1731 1740 1917 1793 proprium
1940 1749 2080 1775 servum
2104 1737 2302 1774 distrahere
2324 1747 2409 1782 pro-

1350 1784 1469 1820 ‘betur
1492 1795 1514 1819 a
1537 1784 1707 1830 quolibet,
1730 1785 1941 1820 iniuriarum
1963 1784 2119 1830 experiri
2131 1785 2159 1806 ¹³
2180 1786 2313 1829 potest.

1369 1827 1422 1867 25
1452 1829 1561 1865 IDEM
1591 1830 1681 1866 libro
1699 1831 1726 1851 ¹⁴
1757 1834 1883 1866 octavo
1915 1830 2052 1866 decimo
2084 1829 2135 1865 ad
2162 1829 2316 1864 edictum
2371 1827 2410 1863 Si

1324 1879 1489 1920 stuprum
1517 1885 1621 1910 serva
1648 1885 1758 1920 passa
1785 1876 1850 1918 sit,
1881 1874 2090 1910 iniuriarum
2119 1873 2214 1910 actio
2243 1872 2407 1909 dabitur-e

1324 1924 1406 1963 aut,
1446 1921 1478 1956 si
1515 1920 1644 1955 celavit
1679 1920 1896 1973 mancipium
1934 1920 1991 1956 vel
2021 1919 2106 1964 quid
2136 1918 2235 1955 aliud
2263 1917 2409 1954 furandi

1323 1966 1441 2002 animo
1464 1965 1568 2008 fecit,
1593 1965 1699 2001 etiam
1722 1966 1828 2001 furti:
1852 1965 1923 2009 vel,
1949 1965 1980 2001 si
2002 1965 2171 2010 virginem
2194 1964 2407 1999 inmaturam

1323 2011 1552 2055 stupraverit,
1577 2011 1683 2046 etiam
1706 2011 1793 2056 legis
1817 2011 1983 2057 Aquiliae
2007 2011 2184 2046 actionem
2206 2011 2409 2055 competere

1324 2056 1467 2102 quidam
1490 2060 1632 2101 putant.

1370 2099 1423 2139 26
1450 2100 1505 2136 ΡΑ
1513 2111 1608 2137 ULUS
1628 2101 1719 2137 libro
1738 2112 1834 2137 nono
1855 2101 1992 2137 decimo
2011 2100 2061 2136 ad
2078 2099 2231 2136 edictum
2271 2098 2311 2134 Si
2330 2098 2409 2144 quis

1324 2156 1464 2182 servum
1492 2157 1610 2182 meum
1638 2146 1694 2182 vel
1724 2146 1837 2182 filium
1866 2146 2019 2182 ludibrio
2048 2145 2182 2181 habeat
2207 2145 2294 2180 licet
2323 2154 2409 2180 con-

1325 2192 1554 2235 sentientem,
1579 2195 1700 2227 tamen
1724 2201 1787 2237 ego
1811 2191 1977 2227 iniuriam
1999 2190 2121 2227 videor
2143 2189 2222 2226 acci
2268 2199 2324 2225 re:
2349 2198 2409 2224 ve·

1323 2237 1391 2272 luti
1421 2237 1453 2273 si
1482 2237 1520 2272 in
1550 2237 1719 2282 popinam
1751 2236 1892 2272 duxerit
1919 2236 2038 2279 illum,
2069 2235 2100 2271 si
2123 2235 2224 2271 alea¹
2272 2234 2407 2271 luserit.

1324 2282 1387 2318 sed
1409 2282 1480 2318 hoc
1503 2286 1696 2327 utcumque
1720 2285 1806 2317 tunc
1830 2282 1949 2318 locum
1968 2281 2103 2317 habere
2116 2282 2143 2303 ¹⁰
2165 2283 2296 2326 potest,
2344 2289 2408 2315 uo·

1325 2327 1416 2363 tiens
1439 2327 1499 2362 ille
1518 2327 1578 2372 qui
1597 2327 1725 2363 suadet
1743 2327 1900 2362 animum
1916 2327 2067 2363 iniuriae
2085 2325 2271 2362 faciendae
2287 2325 2335 2360 ha
2361 2328 2407 2360 et.

1326 2373 1451 2417 atquin
1474 2375 1595 2418 potest
1616 2372 1750 2408 malum
1774 2372 1961 2408 consilium
1984 2372 2071 2408 dare
2094 2375 2132 2407 et
2150 2371 2210 2416 qui
2230 2370 2409 2407 dominum

1322 2418 1479 2471 ignoret:
1510 2422 1548 2453 et
1568 2417 1650 2453 ideo
1674 2417 1801 2463 incipit
1824 2417 1918 2453 servi
1941 2417 2101 2463 corrupti
2124 2416 2219 2452 actio
2242 2425 2408 2452 necessa-

1324 2473 1378 2498 ria
1402 2472 1491 2498 esse.

1371 2505 1423 2545 27
1447 2506 1557 2543 loru
1583 2508 1675 2544 libro
1698 2508 1889 2543 vicensimo
1912 2507 2063 2553 septimo
2093 2506 2143 2542 ad
2165 2505 2318 2542 edictum
2371 2505 2409 2540 Si

1324 2556 1445 2589 statua
1474 2553 1589 2598 patris
1619 2553 1673 2588 tui
1700 2552 1739 2587 in
1767 2556 1996 2588 monumento
2026 2551 2144 2598 posita
2175 2550 2271 2587 saxis
2302 2560 2409 2586 caesa

1325 2603 1389 2641 est,
1414 2599 1593 2644 sepulchri
1615 2598 1738 2634 violati
1761 2598 1818 2643 agi
1842 2608 1913 2634 non
1933 2607 2051 2643 posse,
2074 2596 2285 2632 iniuriarum
2302 2606 2410 2641 posse

1325 2644 1447 2680 Labeo
1473 2644 1609 2679 scribit.
1800 2643 1804 2647 ”

1371 2685 1423 2726 28
1456 2688 1652 2725 ΠιΡιΑΝυε
1671 2688 1763 2724 libro
1787 2688 1997 2740 triqensimo
2015 2690 2146 2733 quarto
2166 2685 2215 2721 ad
2234 2685 2408 2722 Sabinum

1324 2733 1540 2769 Iniuriarum
1570 2733 1665 2769 actio
1703 2733 1741 2768 in
1770 2733 1874 2769 boms
1902 2732 2034 2768 nostris
2065 2742 2138 2767 non
2169 2734 2407 2777 computatur,

1325 2783 1518 2824 antequam
1540 2779 1638 2815 litem
1662 2782 1912 2815 contestemur.

1372 2823 1424 2862 29
1449 2824 1608 2860 Panos
1630 2824 1720 2860 libro
1744 2823 1880 2860 decimo
1905 2822 1954 2858 ad
1975 2821 2149 2858 Sabinum
2195 2821 2234 2857 Si
2256 2831 2407 2862 servum,

1326 2869 1428 2906 cuius
1460 2869 1602 2905 nomine
1637 2868 1848 2904 iniuriarum
1882 2868 1976 2903 actio
2010 2867 2076 2903 tibi
2111 2866 2297 2920 competit,
2332 2875 2408 2901 ma·

1325 2915 1512 2950 numiseris
1543 2918 1608 2950 aut
1641 2913 1865 2956 alienaveris,
1901 2916 2065 2958 superest
2099 2912 2166 2947 tibi
2199 2911 2407 2948 iniuriarum

1324 2961 1431 2996 actio.

1370 3002 1424 3043 30
1463 3004 1659 3041 Uzmiws
1695 3003 1786 3040 libro
1823 3003 2127 3051 quadraqcnsimo
2164 3001 2322 3038 secundo
2358 3001 2409 3036 ad

1324 3049 1498 3086 Sabinum
1555 3048 1665 3085 Servo
1697 3053 1816 3084 autem
1846 3048 2061 3084 manumisso
2096 3057 2169 3083 non
2206 3051 2408 3092 competere

1325 3095 1502 3131 actionem
1525 3094 1572 3130 ob
1595 3093 1775 3137 iniuriam,
1806 3104 1913 3139 quam
1934 3093 1973 3128 in
1996 3092 2165 3128 servitute
2187 3101 2317 3138 passus
2340 3095 2406 3134 est,

1328 3144 1343 3176 1
1393 3140 1472 3186 quis
1496 3139 1659 3175 dubitet?
1701 3139 1739 3175 Si
1761 3139 1835 3175 filio
1859 3138 1990 3174 iniuria
2012 3138 2110 3173 facta
2132 3137 2189 3179 sit,
2213 3147 2295 3172 cum
2318 3136 2407 3171 utri-

1325 3195 1394 3231 que
1427 3190 1502 3220 tam
1530 3184 1603 3220 filio
1635 3194 1741 3229 quam
1770 3183 1865 3230 patri
1893 3183 2071 3228 adquisita
2101 3182 2195 3217 actio
2229 3182 2295 3224 sit,
2334 3191 2407 3217 non

1325 3230 1449 3266 eadem
1472 3229 1594 3275 utique
1617 3228 1781 3265 facienda
1803 3228 2003 3265 aestimatio
2028 3230 2093 3269 est,

1370 3272 1420 3313 31
1450 3274 1608 3310 PAULUS
1629 3275 1719 3310 libro
1744 3275 1880 3310 decimo
1903 3274 1955 3309 ad
1972 3272 2144 3309 Sabinum
2193 3281 2274 3307 cum
2291 3270 2407 3316 possit

1350 3324 1472 3366 ropter
1494 3319 1557 3355 filii
1580 3319 1786 3365 dignitatem
1809 3318 1923 3355 maior
1944 3317 2013 3363 ipsi
2035 3327 2141 3363 quam
2163 3316 2259 3363 patri
2277 3315 2407 3352 iniuria

1341 3369 1423 3401 acta
1447 3374 1534 3401 esse.

1371 3407 1425 3448 32
1464 3409 1658 3446 Urmnvs
1695 3410 1786 3446 libro
1825 3399 2128 3461 quadraqensimo
2166 3406 2323 3443 secundo
2357 3405 2408 3441 ad

1325 3454 1499 3492 Sabinum
1551 3454 1628 3490 Nec
1659 3454 1925 3500 magistratibus
1957 3453 2041 3488 hcet
2070 3451 2204 3497 aliquid
2235 3451 2407 3487 iniuriose

1325 3500 1454 3536 facere.
1502 3499 1534 3536 si
1556 3499 1641 3545 quid
1665 3500 1773 3545 igitur
1793 3509 1859 3545 per
1880 3498 2044 3534 iniuriam
2068 3496 2194 3533 fecerit
2219 3496 2406 3541 magistra-

1324 3549 1385 3582 tus
1397 3546 1425 3567 ¹⁷
1464 3544 1520 3581 vel
1559 3543 1661 3591 quasi
1699 3544 1860 3591 privatus
1898 3543 1954 3580 vel
1993 3541 2126 3579 fiducia
2166 3541 2408 3587 magistratus,

1326 3668 1496 3692 erroneam
1508 3658 1717 3701 putationem
1732 3670 1794 3692 scr.
1886 3658 1948 3699 (ιο)
1972 3656 2103 3690 tametsi
2115 3656 2196 3689 Hal.
2289 3657 2344 3693 (ιι)
2367 3655 2404 3687 in

1326 3716 1385 3738 om.
1400 3703 1436 3737 F
1503 3705 1562 3744 (12)
1589 3705 1696 3737 vocati
1711 3704 1745 3737 F
1816 3703 1877 3744 (ts)
1901 3703 2013 3745 expeti
2024 3702 2059 3735 F
2131 3701 2193 3743 (u)
2215 3699 2302 3733 libro
2316 3700 2364 3733 bis
2376 3699 2408 3732 F

1325 3751 1385 3791 (ιε)
1408 3747 1513 3781 aleam
1525 3749 1558 3781 F
1644 3752 1706 3791 (ω)
1730 3747 1813 3781 habe
1824 3748 1860 3780 F
1923 3749 1982 3790 (ιτ)
2006 3744 2299 3789 magistratibus?
