2528 3918
217 124 413 167 XX4.5

218 246 314 282 ditor
336 245 423 280 nihil
448 245 545 280 aliud
567 245 656 280 iuris
679 247 806 290 habet,
838 247 907 282 nisi
937 250 979 282 ut
1001 247 1117 282 solvat
1138 246 1249 292 priori
1272 250 1309 282 et

219 294 261 326 10
307 291 386 326 loco
411 290 487 325 eius
510 290 690 327 succedat.
738 291 776 328 Si
798 291 1129 338 priorkhypotheca
1151 292 1308 337 obligata

216 336 274 378 sit,
298 335 387 371 nihil
404 345 487 370 vero
508 335 553 370 de
569 335 772 373 venditione
791 337 1007 379 convenerit,
1026 336 1204 381 posterior
1222 347 1306 372 vero

217 381 261 416 de
284 380 488 426 hypotheca
510 380 696 418 vendenda
719 382 943 425 convenerit,
974 382 1092 417 verius
1122 385 1179 417 cst
1209 382 1306 426 prio-

215 436 291 461 rem
313 425 488 471 potiorem
507 435 602 461 esse:
626 437 711 463 nam
730 430 767 463 et
783 427 822 463 in
840 427 988 473 pignore
1007 426 1138 472 placet,
1159 426 1191 462 si
1208 427 1308 472 prior

217 470 420 506 convenerit
444 469 488 506 de
510 471 676 516 pignore,
707 472 792 508 licet
821 471 1011 518 posteriori
1040 482 1098 507 res
1128 471 1306 515 tradatur,

216 516 334 551 adhuc
383 516 532 551 otiorem
556 526 634 553 esse
655 518 821 564 priorem.

266 558 315 598 13
375 570 503 597 AULUS
518 561 610 598 libro
632 564 759 616 quinto
772 563 822 598 ad
833 562 1018 597 Plautium
1064 561 1222 596 Insulam
1240 561 1307 596 tibi

214 605 356 641 vendidi
380 610 416 641 et
439 606 513 641 dixi
535 607 665 652 prioris
689 608 774 643 anni
796 608 1004 653 pensionem
1026 606 1130 648 mihi,
1155 616 1305 651 sequen-

214 651 303 686 tium
334 651 401 686 tibi
433 661 659 688 accessuram
688 654 945 699 pignorumque
976 652 1022 686 ab
1045 651 1218 696 inquilino
1242 651 1305 686 da-

214 701 334 732 torum
367 697 424 732 ius
454 701 645 744 utrumque
676 702 883 734 secuturum
898 699 919 732 ¹.
968 696 1088 732 Nerva
1117 696 1305 737 Proculus,

215 742 285 777 nisi
309 741 356 777 ad
379 745 567 787 utramque
589 744 796 789 pensionem
819 743 970 788 pignora
993 741 1217 784 sufficerent,
1249 741 1305 776 ius

215 787 373 822 omnium
406 787 594 832 pignorum
627 789 780 834 primum
815 788 862 823 ad
897 797 953 822 me
987 787 1185 832 pertinere,
1222 787 1306 831 quia

215 832 302 867 nibil
325 837 450 877 aperte
474 833 608 868 dictum
633 838 746 876 esset,
780 844 826 868 an
858 832 1092 868 communiter
1124 842 1168 867 ex
1192 832 1304 867 omni-

214 878 283 912 bus
318 877 526 923 pignoribus
561 889 699 914 summa
730 889 797 924 pro
832 882 913 913 rata
944 881 1119 912 servetur:
1156 877 1186 912 si
1220 877 1305 922 quid

215 928 428 968 superesset,
454 923 501 958 ad
524 929 570 959 te.
619 923 676 958 ΡΑ
684 934 727 959 σι
735 933 794 959 os:
823 923 913 958 facti
944 922 1105 967 quaestio
1138 926 1210 965 est,
1242 922 1305 957 sed

214 968 402 1003 verisimile
426 972 481 1003 est
502 968 539 1003 id
570 974 708 1012 actum,
740 973 782 1003 ut
811 969 962 1014 primam
992 968 1195 1013 quamque²
1216 978 1304 1012 pen-

214 1013 350 1049 sionem
373 1013 562 1059 pignorum
586 1025 698 1049 causa
721 1018 894 1059 sequatur
904 1014 929 1048 ³.

264 1057 315 1095 14
339 1058 448 1093 IDEM
462 1058 553 1094 libro
574 1063 705 1105 quarto
725 1059 862 1094 decimo
882 1058 932 1093 ad
941 1057 1126 1093 Plautium
1173 1057 1210 1092 Si
1232 1068 1304 1093 non

213 1103 379 1140 dominus
398 1104 538 1139 duobus
559 1104 707 1140 eandem
726 1115 801 1139 rem
821 1103 967 1138 diversis
987 1102 1207 1148 temporibus
1227 1102 1303 1148 pig-

213 1148 403 1191 neraverit,
427 1149 526 1194 prior
545 1150 666 1195 potior
686 1153 751 1191 est,
776 1149 948 1194 quamvis,
973 1148 1004 1183 si
1022 1158 1045 1182 a
1064 1147 1210 1183 diversis
1230 1158 1304 1182 non

214 1193 365 1229 dominis
388 1194 517 1239 pignus
541 1194 770 1239 accipiamus,
793 1203 981 1239 possessor
1003 1193 1131 1228 melior
1153 1193 1210 1228 sit.

263 1237 313 1275 15
339 1239 447 1274 IDEM
453 1239 544 1275 libro
557 1240 785 1286 seoeaqesimo
798 1243 923 1275 octavo
936 1238 986 1273 ad
996 1238 1153 1274 edietum
1183 1238 1304 1272 Etiam

213 1283 420 1329 superficies
449 1285 487 1319 in
519 1285 634 1320 alieno
666 1285 742 1320 solo
766 1284 886 1329 posita
907 1283 1048 1328 pignori
1070 1283 1149 1318 dari
1171 1287 1303 1328 potest,

211 1328 265 1364 ita
287 1333 425 1371 tamen,
457 1334 498 1364 ut
520 1330 641 1374 prior⁴
667 1340 777 1365 causa
809 1330 856 1364 sit
887 1328 1020 1364 domini
1050 1328 1136 1371 soli,
1169 1329 1200 1363 si
1230 1339 1303 1364 non

213 1374 372 1410 solvatur
394 1375 425 1409 ei
449 1375 630 1409 solarium.

262 1417 313 1456 16
337 1419 393 1454 ΡΑ
402 1429 445 1454 σι,
452 1429 497 1454 Us
512 1420 603 1456 libro
616 1421 720 1455 tertio
733 1420 983 1465 quaestionum
1019 1417 1188 1453 Claudius
1200 1417 1304 1453 Felix

213 1465 363 1500 eundem
386 1464 535 1500 fundum
558 1465 673 1500 tribus
697 1465 932 1510 obligaverat,
956 1463 1206 1509 Eutychianae
1229 1463 1302 1508 pri-

212 1511 350 1552 mum⁵‚
387 1509 515 1546 deinde
550 1510 729 1553 Turboni,
764 1510 871 1545 tertio
905 1510 986 1545 loco
1022 1509 1082 1544 alii
1118 1508 1301 1544 creditori:

214 1565 294 1590 cum
313 1554 542 1600 Eutychiana
563 1555 606 1590 de
625 1556 703 1591 iure
722 1556 814 1591 suo⁸
837 1555 991 1597 doceret,
1017 1557 1187 1598 superata
1206 1553 1303 1598 apud

211 1600 363 1635 iudicem
387 1610 410 1635 a
431 1601 536 1635 tertio
561 1601 738 1636 creditore
760 1611 833 1636 non
881 1599 1151 1635 rovocaverat⁷:
1178 1599 1300 1634 Turbo

211 1645 308 1690 apud
331 1645 439 1680 alium
459 1646 613 1680 iudicem
630 1646 745 1681 victus
766 1656 812 1690 ap
840 1655 858 1680 e
872 1646 1026 1680 laverat:
1051 1644 1300 1689 quaerebatur,

211 1695 331 1725 utrum
353 1691 480 1725 tertius
505 1691 661 1726 creditor
685 1691 792 1726 etiam
849 1691 1022 1725 urbonem
1045 1699 1217 1735 superare
1241 1689 1301 1724 de-

214 1736 321 1778 beret,
346 1736 408 1781 qui
429 1736 580 1781 primam
605 1736 826 1772 creditricem
837 1737 860 1778 ⁸,
885 1746 933 1770 an
958 1746 1001 1771 ea
1019 1739 1158 1771 remota
1178 1734 1300 1769 Turbo

214 1781 355 1816 tertium
388 1781 604 1816 excluderet.
641 1782 747 1826 plane
778 1792 859 1816 cum
889 1780 1018 1816 tertius
1049 1779 1205 1816 creditor
1227 1780 1300 1825 pri-

212 1837 308 1861 mum
331 1826 376 1861 de
400 1836 467 1861 sua
489 1826 644 1871 pecunia
667 1826 815 1868 dimisit,
847 1827 884 1861 in
914 1826 1035 1861 locum
1066 1826 1142 1861 eius
1167 1825 1300 1860 substi—

210 1871 323 1906 tuitur
345 1871 383 1905 in
406 1881 448 1906 ea
472 1872 682 1916 quantitate,
707 1881 813 1917 quam
837 1871 1011 1916 superiori
1032 1870 1196 1906 exsolvit:
1221 1870 1300 1905 fue-

210 1920 297 1951 runt
326 1916 434 1960 igitur
465 1917 526 1961 qui
558 1917 717 1952 dicerent
748 1916 808 1952 hic
839 1927 981 1962 quoque
1010 1916 1154 1951 tertium
1185 1915 1299 1950 credi-

209 1965 325 1996 torem
355 1962 530 2007 potiorem
562 1972 639 1998 esse
670 1962 810 1997 debere.
856 1961 943 1996 mihi
974 1971 1200 2006 nequaquam
1230 1961 1301 1996 hoc

209 2007 343 2041 iustum
367 2017 446 2042 esse
467 2007 664 2042 videbatur.
708 2016 803 2052 pone
850 2006 977 2041 rimam
1001 2006 1223 2041 creditricem
1244 2006 1303 2044 iu-,

211 2051 303 2086 dicio
339 2052 547 2087 convenisse
579 2052 726 2087 tertium
759 2062 819 2087 cre
846 2052 969 2086 'torem
1012 2056 1049 2086 et
1091 2062 1178 2087 exce
1203 2051 1301 2086 tione

210 2096 324 2131 aliove
372 2108 418 2132 uo
449 2097 555 2132 modo
588 2107 611 2133 a
641 2097 746 2133 tertio
777 2107 819 2132 su
847 2101 1000 2132 eratam:
1033 2097 1180 2141 numqui
1236 2096 1299 2131 ad-

209 2151 331 2177 versus
387 2142 578 2185 urbonem,
611 2142 672 2187 qui
695 2152 805 2178 secun
830 2152 852 2177 o
875 2142 955 2177 loco
979 2141 1195 2184 crediderat,
1227 2146 1299 2176 ter-

209 2186 281 2222 tius
306 2187 472 2230 creditor,
497 2188 559 2233 qui
580 2187 850 2232 primamvicit,
876 2186 1110 2231 exceptione⁹
1131 2187 1183 2222 rei
1206 2187 1298 2221 iudi-

211 2235 315 2267 catae
345 2232 399 2267 uti
431 2233 575 2277 potest?
610 2236 675 2267 aut
699 2236 825 2267 contra
848 2232 880 2268 si
910 2235 994 2277 post
1023 2231 1177 2276 primum
1207 2231 1297 2266 iudi-

211 2277 324 2319 cium,
356 2278 394 2312 in
425 2288 495 2323 quo
526 2278 642 2322 prima
674 2277 843 2314 creditrix
875 2282 1046 2322 superata
1070 2280 1125 2312 est
1148 2287 1170 2311 a
1193 2277 1298 2312 tertio

210 2322 405 2365 creditore,
438 2322 617 2358 secundus
642 2322 798 2358 creditor
826 2321 971 2357 tertium
995 2322 1208 2366 optinuerit,
1233 2333 1297 2366 po-

208 2367 293 2402 terit
322 2368 376 2402 uti
407 2367 617 2412 exceptione
647 2368 700 2403 rei
730 2367 910 2402 iudicatae
943 2367 1115 2402 adversus
1148 2367 1299 2412 primam

209 2412 458 2448 creditricem?
492 2413 590 2448 nullo
614 2412 739 2455 modo,
771 2417 813 2447 ut
835 2423 855 2448 ο
882 2412 972 2447 inor.
1006 2412 1114 2457 igitur
1137 2422 1203 2447 nec
1225 2417 1298 2447 ter-

208 2458 280 2492 tius
312 2458 469 2494 creditor
499 2457 674 2493 successit
703 2458 741 2492 in
765 2457 840 2493 eius
878 2467 983 2493 ocum
1007 2467 1112 2502 quem
1136 2457 1297 2500 exclusit,

208 2513 276 2538 nec
306 2503 400 2538 inter
431 2503 519 2538 alios
543 2513 600 2538 res
623 2502 783 2538 iudicata
805 2502 867 2537 alii
888 2502 1059 2547 prodesse
1082 2506 1146 2537 aut
1168 2513 1299 2538 nocere

209 2547 318 2589 solet,
351 2548 414 2583 sed
444 2549 521 2584 sine
551 2548 769 2593 praeiudicio
826 2547 930 2582 rioris
961 2548 1160 2583 sententiae
1182 2552 1299 2583 totum

208 2593 265 2628 ius
289 2593 349 2627 alii
374 2593 539 2629 creditori
562 2594 738 2638 integrum
761 2602 801 2628 re
817 2593 824 2600 '
852 2593 983 2637 quitur.

259 2636 308 2674 17
334 2638 442 2672 IDEM
461 2638 551 2674 libro
571 2642 676 2673 seoeto
696 2648 953 2684 responsorum
999 2637 1094 2672 Eum
1114 2638 1175 2683 qui
1193 2648 1216 2672 a
1235 2637 1296 2673 de-

209 2682 324 2717 bitore
347 2693 412 2718 suo
436 2683 621 2727 praedium
651 2683 845 2728 obligatum
878 2683 1114 2735 comparavit,
1147 2686 1296 2718 eatenus

210 2727 400 2779 tuendum,
433 2732 608 2772 quatenus
631 2728 679 2763 ad
701 2728 856 2774 priorem
879 2728 1090 2763 cred1torem
1114 2738 1158 2763 ex
1180 2728 1296 2773 pretio

209 2781 362 2817 pecunia
385 2773 554 2817 pervenit.

260 2814 310 2854 18
343 2816 547 2852 Saus-vom
589 2818 679 2854 libro
705 2819 829 2864 primo
858 2828 1115 2864 responsorum
1160 2817 1296 2853 Lucius

210 2860 326 2896 Titius
357 2863 546 2906 pecuniam
577 2867 734 2898 mutuam
765 2862 861 2898 dedit
892 2862 958 2897 sub
989 2862 1106 2897 usuris
1138 2863 1295 2907 acceptis

209 2907 427 2951 pignoribus,
449 2907 630 2953 eidemque
650 2908 801 2943 debitori
820 2908 982 2943 Maevius
1002 2908 1069 2942 sub
1090 2907 1202 2942 isdem
1220 2907 1294 2953 pig-

210 2951 356 2986 noribus
379 2952 566 3003 pecuniam
590 2952 703 2987 dedit:
729 2963 882 2997 quaero,
907 2962 954 2987 an
978 2952 1094 2987 Titius
1119 2963 1190 2988 non
1213 2957 1294 2987 tan-

210 3000 287 3031 tum
310 3001 415 3031 sortis
441 3001 475 3030 et
500 3007 621 3031 earum
645 3008 834 3032 usurarum
857 2997 1017 3040 nomine,
1050 3008 1142 3042 quae
1173 3007 1294 3033 acces-

209 3045 335 3077 serunt
358 3046 546 3085 antequam
571 3042 730 3077 Maevius
755 3042 925 3085 crederet,
949 3042 1013 3077 sed
1035 3043 1143 3078 etiam
1162 3052 1294 3084 earum,

234 3095 302 3122 uae
336 3090 462 3130 postea
496 3093 721 3122 accesserunt
734 3089 779 3129 ¹⁰,
814 3087 933 3132 potior
965 3091 1068 3122 esset.
1111 3087 1297 3132 respondit

209 3097 362 3166 {unium
384 3130 517 3165 Titium
549 3132 585 3165 in
618 3142 721 3167 omne
753 3132 849 3178 quod
877 3132 910 3167 ei
943 3132 1090 3168 debetur
1119 3133 1295 3178 potiorem

213 3186 302 3212 esse.

258 3218 311 3258 19
335 3219 442 3255 IDEM
460 3220 551 3255 libro
575 3222 700 3265 quinto
723 3232 976 3274 responsorum
1022 3221 1154 3257 Mulier
1171 3222 1209 3256 in
1229 3221 1292 3257 do—

209 3270 281 3301 tem
293 3265 392 3301 dedit
409 3265 536 3300 marito
556 3265 738 3309 praedium
757 3267 895 3311 pignori
914 3266 1108 3311 obligatum
1128 3270 1165 3301 et
1184 3270 1294 3301 testa-

209 3314 328 3346 mento
351 3310 517 3345 maritum
542 3314 577 3344 et
600 3310 728 3345 liberos
754 3322 797 3346 ex
820 3322 862 3346 eo
886 3315 1009 3353 natos,
1040 3312 1125 3346 item
1156 3321 1200 3346 ex
1223 3311 1293 3347 alio

208 3355 357 3391 heredes
379 3355 549 3390 instituit:
583 3355 736 3389 creditor
766 3367 847 3391 cum
876 3360 998 3400 posset
1028 3355 1175 3391 heredes
1208 3366 1292 3391 con-

208 3401 328 3435 venire
350 3399 516 3441 idoneos,
548 3398 593 3434 ad
617 3399 766 3434 fundum
789 3401 901 3435 venit:
926 3411 1078 3446 quaero,
1109 3410 1176 3443 an,
1209 3401 1239 3435 si
1262 3401 1294 3436 ei

208 3446 324 3481 iustus
347 3454 532 3491 possessor
556 3444 693 3485 offerat,
719 3445 981 3489 compellendus
1001 3445 1047 3480 sit
1066 3445 1122 3480 ius
1142 3445 1292 3481 nominis

210 3490 346 3525 cedere.
382 3488 548 3534 respondi
566 3499 671 3533 posse
689 3489 798 3524 videri
818 3500 889 3525 non
906 3490 1077 3525 iniustum
1096 3490 1290 3535 postulare.

211 3605 253 3644 (ι)
278 3605 534 3634 consecuturum
547 3601 601 3634 F’
682 3602 725 3638 (2)
751 3611 881 3642 quoque
894 3602 947 3634 F²

210 3647 254 3689 (⁴)
280 3648 394 3689 potior
406 3646 458 3680 ΓΞ
560 3649 601 3686 (5)
627 3649 661 3677 et
673 3646 732 3678 ins.
747 3644 799 3677 F²

212 3699 253 3723 (τι
268 3694 524 3732 provocaruerat
534 3690 569 3723 F
632 3692 676 3731 (8)
689 3690 863 3731 expulerat
875 3691 933 3723 ins.
947 3691 1000 3722 F²
1070 3698 1112 3725 (9)
1126 3692 1293 3733 exceptio-

210 3745 285 3768 nem
297 3735 332 3769 F
414 3739 474 3776 (ιο)
498 3738 785 3777 posteacesserunt
797 3735 831 3767 F
919 3738 971 3776 (ιι)
997 3737 1089 3768 seiob
1103 3735 1165 3775 F²‚
1179 3736 1232 3768 oio
1245 3736 1277 3768 F
1283 3736 1294 3756 ¹

1297 119 1382 168 266

1027 3604 1071 3644 (3)
1096 3606 1254 3644 sequetur
1266 3603 1299 3635 F
1363 3605 1419 3638 (¹²)
1445 3602 1598 3644 pignoris
1611 3601 1801 3644 hyperocha
1814 3601 1873 3634 del.

913 3651 957 3680 (6)
982 3658 1050 3679 non
1065 3648 1124 3680 ins.
1141 3647 1294 3680 Cuiacius
1362 3647 1577 3688 ponenturF

1776 138 1837 169 DE
1867 138 2200 170 DISTRACTIONE
2227 0 2528 194 mmmmm}

1423 244 1476 284 20
1499 246 1778 284 Tarmozm-vs
1786 248 1878 285 b‘bro
1891 255 2017 286 octavo
2029 249 2313 295 disputationum
2346 250 2463 295 Quae·
2503 250 2506 264 ³

1375 291 1534 334 rebatur,
1557 292 1589 327 si
1610 297 1694 337 post
1715 293 1868 338 primum
1892 298 2116 330 contractum
2135 298 2248 336 tuum,
2272 299 2356 330 ante
2381 306 2462 332 uam

1376 337 1483 372 aliam
1516 337 1706 382 pecuniam
1736 342 1777 373 tu
1812 339 1995 382 crederes,
2031 338 2143 374 eidem
2178 339 2329 375 debitori
2387 340 2462 376 eius

1377 381 1586 418 credidisset
1624 383 1882 429 quinquaginta
1916 389 1952 420 et
1984 385 2010 419 h
2059 384 2225 419 erocham
2257 385 2363 420 huius
2397 386 2462 428 rei,

1400 437 1469 462 uae
1491 427 1558 463 tibi
1579 427 1719 480 pignori
1742 428 1827 464 data
1851 433 1963 471 esset,

1403 471 1411 479 ‘
1439 482 1460 508 c
1488 475 1530 507 tu
1561 472 1675 508 e1dem
1705 472 1857 509 debitori
1890 474 2054 510 crederes
2084 473 2178 510 forte
2208 475 2323 520 quadr
2369 474 2462 511 'ntaz

1376 516 1473 562 quod
1507 516 1588 563 plus
1623 521 1678 553 est
1705 518 1744 554 in
1775 519 1888 564 pretio
1918 519 1971 555 rei
2001 529 2108 565 quam
2136 517 2250 572 primo
2282 530 2342 556 cre
2369 520 2464 556 'disti

1375 566 1495 597 utrum
1519 561 1600 598 Seio
1625 563 1711 598 ob¹¹
1733 564 1991 609 quinquaginta
2014 575 2061 599 an
2084 564 2150 599 tib1
2170 565 2207 599 in
2227 565 2464 610 quadraginta

1377 606 1518 643 cederet
1540 607 1699 653 pignoris
1731 608 1986 654 hyperochaffl.
2022 610 2115 653 finge
2147 609 2266 644 Seium
2296 615 2462 656 paratum
2504 634 2506 636 v

1376 662 1454 687 esse
1476 651 1605 688 offerre
1627 653 1692 688 tibi
1711 664 1884 689 summam
1904 655 2018 699 primo
2039 654 2163 689 ordine
2183 655 2364 690 creditam.
2390 655 2464 690 dixi

1378 707 1600 742 consequens
1624 708 1720 740 esse,
1743 703 1785 733 ut
1808 698 1909 734 Seius
1932 700 2051 744 potior
2074 700 2120 734 sit
2141 700 2179 734 in
2201 710 2243 735 eo
2267 700 2364 746 quod
2387 710 2462 735 am-

1375 742 1469 787 plius
1493 747 1549 778 est
1571 743 1608 777 in
1629 743 1794 788 pignore,
1827 748 1865 779 et
1895 745 2018 779 oblata
2049 745 2095 780 ab
2119 755 2161 780 eo
2186 755 2324 780 summa
2346 745 2462 790 primo

1374 787 1498 823 ordine
1521 788 1657 823 credita
1682 799 1939 834 usurarumque
1964 790 2040 824 eius
2064 793 2304 835 postponatur
2351 790 2462 826 rimus

1375 833 1530 913 cregiffir
1560 833 1599 868 in
1632 843 1824 879 summam,
1860 845 1966 879 quam
2000 839 2128 879 postea
2163 834 2276 870 eidem
2335 835 2463 871 ebitori

1374 888 1434 913 cre
1459 889 1470 912 1
1498 878 1533 912 't.

1420 920 1469 959 21
1505 922 1710 959 Scaevoia
1741 923 1832 959 libro
1863 925 2028 960 vicesimo
2058 926 2209 972 septimo
2241 925 2462 971 diqestorum

1374 967 1490 1004 Titius
1514 967 1618 1004 Seiae
1640 969 1687 1004 ob
1712 979 1905 1011 summam,
1938 980 2011 1014 qua
2033 979 2078 1004 ex
2101 970 2216 1005 tutela
2239 970 2271 1004 ei
2295 970 2462 1005 condem-

1373 1018 1480 1048 natus
1514 1018 1611 1055 erat,
1642 1014 1810 1059 obligavit
1842 1014 1980 1059 pignori
2011 1015 2131 1050 omnia
2162 1015 2259 1050 bona
2281 1025 2349 1051 sua
2371 1026 2464 1060 quae

1372 1058 1530 1093 habebat
1548 1068 1708 1111 quaeque
1731 1059 1920 1095 habiturus
1946 1064 2058 1096 esset:
2082 1063 2210 1105 postea
2232 1064 2416 1096 mutuatus
2440 1071 2463 1096 a

1372 1103 1461 1139 fisco
1493 1114 1682 1148 pecuniam
1713 1104 1853 1149 pignori
1884 1105 1916 1140 ei
1938 1115 1997 1140 res
2020 1115 2105 1140 suas
2129 1115 2251 1141 omnes
2275 1105 2461 1150 obligavit:
2527 1144 2528 1151 ἵ

1374 1153 1410 1183 et
1433 1149 1551 1184 intulit
1575 1149 1678 1184 Seiae
1709 1154 1850 1194 partem
1881 1150 1991 1185 debiti
2021 1154 2057 1185 et
2086 1151 2258 1195 reliquam
2289 1161 2463 1186 summam

1372 1194 1564 1229 novatione
1586 1193 1686 1229 facta
1717 1194 1830 1229 eidem
1862 1195 2041 1240 promisit,
2072 1196 2110 1230 in
2143 1206 2215 1240 qua
2244 1195 2463 1241 obligatione

1372 1239 1532 1274 similiter
1565 1243 1606 1274 ut
1641 1250 1752 1284 supra
1786 1240 1830 1274 de
1886 1241 2008 1285 ignore
2039 1241 2213 1276 convenit.
2285 1241 2463 1276 uaesitum

1373 1288 1446 1326 est,
1480 1294 1528 1319 an
1552 1284 1635 1320 Seia
1664 1285 1852 1330 praeferen
1878 1296 1900 1320 a
1930 1286 1977 1320 sit
2005 1285 2093 1321 fisco
2124 1290 2160 1321 et
2189 1286 2227 1321 in
2251 1286 2259 1293 '
2290 1285 2318 1320 ‘s
2341 1286 2461 1328 rebus,

1373 1339 1462 1375 quas
1486 1330 1603 1366 Titius
1626 1333 1786 1375 tempore
1808 1330 1937 1375 prioris
1961 1331 2186 1376 obligationis
2208 1331 2353 1373 habuit,
2377 1331 2463 1366 item

1371 1375 1410 1410 in
1433 1375 1488 1410 his
1511 1375 1641 1417 rebus,
1666 1385 1755 1420 quas
1779 1379 1863 1420 post
1909 1376 2037 1411 riorem
2061 1376 2312 1421 obligationem
2335 1375 2461 1420 adqui-

1372 1420 1451 1463 siit,
1487 1420 1601 1456 donec
1635 1420 1839 1455 universum
1900 1421 2032 1456 ebitum
2067 1431 2170 1456 suum
2205 1426 2456 1466 consequatur.

1371 1475 1428 1500 res
1456 1465 1556 1500 ondit
1589 1465 1677 1500 nihil
1709 1466 1880 1510 proponi,
1924 1477 1989 1501 cur
2032 1477 2104 1501 non
2137 1467 2184 1502 sit
2216 1465 2460 1511 praeferenda.

1374 1513 1389 1544 1
1429 1477 1661 1556 &egotiatori
1683 1521 1898 1546 marmorum
1923 1511 2080 1546 creditur
2093 1512 2121 1533 ¹³
2145 1512 2211 1547 sub
2235 1511 2382 1556 pignore
2404 1511 2457 1546 la-

1371 1555 1515 1600 pidum,
1546 1566 1698 1601 quorum
1729 1556 1845 1601 pretia
1874 1556 2075 1592 venditores
2101 1567 2143 1592 ex
2166 1557 2320 1602 pecunia
2343 1556 2457 1592 credi-

1371 1601 1458 1636 toris
1482 1611 1567 1636 acce
1594 1605 1714 1636 erant:
1744 1601 1838 1636 idem
1870 1601 2009 1637 debitor
2032 1602 2230 1637 conductor
2251 1602 2460 1637 horreorum

1372 1645 1535 1682 Caesaris
1574 1646 1638 1688 uit,
1664 1646 1710 1681 ob
1729 1656 1879 1691 quorum
1901 1647 2089 1691 pensiones
2110 1647 2247 1692 aliquot
2264 1647 2367 1682 annis
2387 1657 2461 1682 non

1371 1691 1508 1726 solutas
1538 1695 1752 1736 procurator
1784 1692 1962 1727 exactioni
1985 1702 2071 1736 prae
2098 1692 2210 1727 ositus
2233 1691 2281 1727 ad
2302 1691 2461 1737 lapidum

1369 1736 1607 1772 venditionem
1630 1736 1789 1772 officium
1822 1747 1925 1772 suum
1957 1703 2132 1772 extendit:
2165 1736 2364 1782 quaesitum
2394 1740 2460 1780 est,

1370 1791 1417 1816 an
1439 1781 1517 1817 iure
1539 1781 1696 1827 pignoris
1721 1792 1782 1817 eos
1807 1781 1961 1817 creditor
1979 1783 2132 1818 retinere
2149 1782 2275 1827 possit.
2310 1792 2459 1827 respon-

1370 1826 1422 1862 dit
1444 1827 1642 1863 secundum
1666 1836 1709 1861 ea
1732 1837 1824 1872 quae
1846 1832 2131 1873 proponerentur
2143 1828 2170 1849 ¹⁴
2193 1837 2310 1872 posse.

1869 1920 1952 1959 V¹⁵.

1425 1985 1487 2018 DE
1513 1986 1846 2019 DISTRACTIONE
1870 1985 2112 2019 PIGNORUM
2135 1985 2195 2018 ΕΤ
2209 1985 2237 2006 ¹⁸
2260 1985 2400 2019 HYPO·

1778 2031 2041 2064 THECARUM.

1418 2096 1437 2134 1
1474 2096 1722 2133 Pramnos
1749 2097 1840 2133 libro
1872 2098 2038 2133 vicesimo
2070 2101 2176 2133 sexto
2207 2098 2459 2143 quaestionum

1370 2141 1532 2178 creditor
1562 2143 1623 2188 qui
1652 2142 1800 2188 praedia
1829 2143 1968 2188 pignori
1999 2142 2139 2187 accepit
2169 2146 2206 2177 et
2261 2146 2319 2177 ost
2348 2142 2458 2177 alium

1369 2187 1590 2230 creditorem,
1638 2188 1676 2223 ui
1697 2188 1886 2233 pignorum
1911 2187 2180 2223 conventionem
2202 2197 2225 2222 a
2271 2187 2368 2222 bona
2392 2187 2453 2222 de-

1367 2232 1493 2268 bitoris
1518 2199 1688 2275 contissit,
1711 2233 1790 2277 ipse
1813 2243 1955 2278 quoque
1978 2233 2090 2268 simile
2112 2236 2258 2285 pactum
2281 2233 2457 2284 bonorum

1368 2278 1415 2313 ob
1440 2277 1550 2312 alium
1581 2282 1645 2314 aut
1674 2278 1825 2313 eundem
1856 2282 2079 2313 contractum
2110 2281 2341 2322 interposuit,
2372 2282 2458 2312 ante

1368 2322 1563 2358 secundum
1583 2322 1794 2358 creditorem
1814 2323 1996 2358 dimissum
2015 2323 2111 2358 nullo
2132 2323 2210 2357 iure
2230 2326 2349 2358 cetera
2360 2322 2457 2358 bona

1367 2368 1469 2403 titulo
1502 2368 1660 2413 pignoris
1690 2367 1856 2403 vendidit.
1893 2367 1957 2403 sed
1987 2368 2033 2402 ob
2066 2377 2144 2403 eam
2174 2377 2250 2402 rem
2271 2367 2310 2402 in
2331 2376 2455 2412 perso-

1366 2423 1449 2448 nam
1473 2414 1567 2449 actio
1593 2417 1719 2449 contra
1742 2423 1820 2448 eum
1846 2412 2030 2455 creditori,
2055 2413 2115 2457 qui
2137 2412 2287 2458 pignora
2310 2422 2376 2447 sua
2398 2423 2454 2448 re-

1367 2458 1494 2503 quirit,
1526 2468 1599 2493 non
1625 2458 1795 2503 competit
1817 2468 1883 2493 nec
1909 2458 2003 2492 utilis
2027 2457 2147 2493 danda
2169 2461 2239 2492 est:
2271 2467 2339 2492 nec
2368 2457 2456 2492 furti

1365 2513 1483 2538 rerum
1505 2503 1688 2538 mobilium
1752 2503 1825 2538 atia
1847 2507 1944 2538 recte
1977 2502 2224 2545 convenietur,
2256 2502 2340 2547 quia
2370 2513 2453 2554 pro-

1364 2547 1478 2594 priam
1501 2558 1648 2583 causam
1671 2558 1713 2583 or
1741 2548 1806 2583 'nis
1831 2557 1950 2583 errore
1974 2548 2102 2582 ductus
2125 2551 2335 2593 persecutus
2354 2547 2451 2582 vide-

1364 2597 1442 2635 tur,
1473 2594 1683 2638 praesertim
1713 2604 1795 2628 cum
1827 2593 1919 2628 alter
1950 2592 2105 2628 creditor
2133 2591 2231 2627 furto
2254 2592 2452 2645 possessio-

1365 2648 1466 2681 nem,
1491 2648 1584 2683 quae
1607 2649 1681 2673 non
1702 2637 1772 2673 fuit
1790 2638 1887 2683 apud
1906 2648 2003 2679 eum,
2027 2647 2100 2672 non
2124 2637 2292 2672 amiserit.
2326 2637 2373 2672 ad
2391 2647 2452 2672 ex-

1364 2683 1558 2718 hibendum
1581 2693 1723 2729 quoque
1744 2683 1880 2718 frustra
1902 2682 1999 2718 litem
2022 2681 2192 2727 excipiet,
2224 2682 2308 2727 quia
2337 2691 2453 2727 neque

1364 2728 1524 2774 possidet
1546 2739 1662 2774 neque
1685 2728 1766 2764 dolo
1789 2727 1885 2769 fecit,
1910 2731 1952 2762 ut
1973 2727 2149 2762 desineret
2169 2727 2362 2772 possidere.
2395 2737 2451 2762 se-

1364 2773 1504 2853 gusstur,
1536 2777 1578 2808 ut
1601 2773 1779 2809 secundus
1804 2772 1958 2808 creditor
1980 2782 2204 2817 possessores
2226 2771 2453 2818 interpellare

1390 2828 1409 2853 e
1436 2821 1504 2853 eat.

1410 2860 1436 2900 2
1459 2862 1568 2898 loen
1575 2863 1665 2898 libro
1677 2862 1834 2898 secundo
1845 2872 2100 2908 responsorum
2145 2861 2352 2896 Fideiussor
2364 2871 2449 2896 con-

1363 2912 1489 2943 ventus
1501 2907 1621 2943 officio
1633 2907 1759 2942 iudicis
1780 2907 1972 2942 adsecutus
1993 2910 2058 2949 est,
2079 2910 2120 2942 ut
2139 2906 2327 2951 emptionis
2345 2906 2449 2940 titulo

1363 2953 1547 2998 praedium
1573 2952 1740 2988 creditori
1769 2952 1909 2997 pignori
1941 2951 2063 2986 datum
2093 2952 2307 2996 susciperet:
2338 2951 2448 2986 nihilo

1364 2998 1479 3033 minus
1504 2997 1606 3032 alteri
1629 2997 1806 3039 creditori,
1831 2997 1893 3042 qui
1915 3001 2041 3041 postea
2063 2997 2130 3032 sub
2155 2996 2279 3031 eodem
2301 2995 2447 3040 pignore

1365 3042 1561 3084 contraxit,
1591 3041 1794 3077 offerendae
1823 3042 2015 3086 pecuniae,
2047 3051 2152 3086 quam
2175 3040 2364 3076 fideiussor
2386 3040 2447 3075 de·

1390 3087 1497 3129 endit,
1521 3097 1603 3122 cum
1627 3086 1747 3122 usuris
1770 3086 1875 3121 medii
1898 3086 2067 3131 temporis
2085 3085 2240 3121 facultas
2257 3085 2341 3120 erit:
2366 3095 2448 3121 nam

1363 3099 1566 3167 huiusmodi
1599 3131 1754 3167 venditio
1789 3131 2027 3166 transferendi
2056 3131 2212 3176 pignoris
2244 3140 2355 3166 causa
2385 3139 2448 3165 ne-

1364 3177 1531 3212 cessitate
1553 3176 1639 3211 iuris
1663 3176 1740 3211 fieri
1763 3177 1864 3212 solet.

1410 3219 1434 3259 3
1459 3221 1568 3257 loru
1586 3221 1677 3256 libro
1701 3222 1805 3256 tertio
1829 3231 2084 3274 responsorum
2130 3219 2219 3255 Cum
2248 3219 2347 3264 prior
2370 3229 2447 3254 cre-

1364 3267 1458 3302 ditor
1479 3266 1606 3311 pignus
1630 3266 1707 3301 iure
1730 3265 1972 3301 conventionis
1995 3264 2162 3306 vendidit,
2187 3264 2345 3299 secundo
2368 3273 2445 3298 cre-

1363 3311 1468 3347 ditori
1486 3321 1558 3346 non
1577 3321 1764 3355 superesse
1783 3311 1839 3346 ius
1858 3310 2060 3345 offerendae
2079 3309 2252 3354 pecuniae
2271 3308 2445 3360 convenit.

1365 3360 1376 3390 1
1429 3355 1468 3391 Si
1490 3359 1609 3390 tamen
1634 3355 1774 3391 debitor
1796 3365 1868 3391 non
1890 3355 2146 3390 interveniente
2169 3353 2345 3389 creditore
2367 3363 2391 3398 p
2429 3372 2444 3379 -

1362 3411 1427 3436 nus
1458 3400 1652 3435 vendiderit
1684 3401 1830 3444 eiusque
1886 3399 2013 3434 retium
2043 3399 2155 3444 priori
2185 3398 2351 3433 creditori
2374 3363 2444 3432 sifi-

1360 3446 1459 3488 verit,
1485 3445 1634 3490 emptori
1656 3445 1788 3497 poterit
1811 3455 1832 3480 o
1861 3444 1928 3479 erri
1952 3444 2046 3495 quod
2066 3443 2112 3478 ad
2124 3444 2151 3464 ¹⁷
2169 3442 2277 3478 alium
2292 3442 2444 3494 credito-

1360 3501 1435 3525 rem
1465 3490 1510 3525 de
1538 3499 1689 3525 nummis
1722 3490 1796 3525 eius
1827 3493 1987 3534 pervemt
2010 3492 2046 3523 et
2068 3497 2198 3523 usurae
2220 3487 2327 3523 medii
2349 3491 2440 3522 tem-

1946 3603 2003 3639 (13)
2027 3600 2222 3633 creditorF
2284 3601 2341 3639 (14)
2365 3609 2442 3640 pro-

1408 3693 1465 3731 (15)
1491 3690 1572 3723 Sab.
1587 3699 1612 3724 5.
1628 3698 1662 3729 73
1676 3690 1740 3723 Ed.
1755 3698 1781 3723 o.
1797 3698 1833 3729 83
1848 3690 1932 3732 Pap.
1946 3697 2022 3723 1...4.
2035 3696 2138 3727 9-..133
2151 3690 2345 3732 App.14.—
2357 3687 2439 3720 Bas.

1363 3735 1417 3775 25,
1432 3743 1457 3768 τ.
1471 3754 1516 3759 —-
1533 3736 1582 3778 (ζῇ
1601 3735 1679 3769 Cod.
1693 3736 1724 3774 8,
1739 3741 1775 3767 28
1867 3738 1929 3772 (tel
1953 3733 2005 3765 vel
2017 3734 2084 3766 ind.
2099 3733 2132 3765 F
2214 3735 2271 3773 (ιτ)
2295 3732 2338 3764 ad
2352 3729 2446 3765 bieF

2021 429 2136 464 ebitor
2157 429 2367 474 obligasset,
2399 430 2460 466 de·
2499 432 2513 448 ⁵
