2528 3918
140 153 195 185 DE
225 151 363 183 BEBUS
393 151 543 182 nunus

136 274 206 299 non
221 263 276 305 sit,
294 262 489 307 quaeritur.
515 272 578 306 ego
594 260 812 297 commodius
829 260 900 295 dici
916 263 1015 304 puto,
1034 259 1064 297 si
1081 259 1223 305 quidem

134 314 239 344 natus
258 319 329 343 non
346 311 411 349 est,
435 307 578 342 minime
600 317 680 342 eum
704 308 842 350 partem
866 305 996 347 facere,
1022 305 1085 340 sed
1109 309 1222 341 totum

135 354 180 390 ad
196 358 230 389 te
245 353 432 398 pertinere,
459 351 560 397 quasi
584 351 629 387 ab
653 351 753 386 initio
778 350 843 386 tibi
867 350 980 386 solido
999 351 1141 386 relicto:
1167 350 1223 387 sin

135 403 252 435 autem
271 402 376 434 natus
396 397 513 441 fuerit,
539 401 710 442 utrosque
725 396 889 440 accipere
905 400 1077 440 quantum
1095 396 1223 440 cuique

135 444 295 480 relictum
320 447 385 486 est,
410 446 450 478 ut
473 453 544 477 uno
569 445 654 477 nato
678 452 761 486 pars
786 441 851 476 tibi
874 440 1017 476 dimidia
1039 441 1222 483 debeatur,

136 489 272 525 duobus
287 489 381 524 natis
395 487 501 524 tertia
517 487 581 522 tibi
596 487 781 529 debeatur,
798 486 913 522 tribus
931 487 1024 522 natis
1042 486 1139 532 (quia
1159 486 1221 521 tri-

134 533 262 580 gemini
282 543 421 579 quoque
439 536 650 576 nascuntur)
675 536 803 576 quarta
824 531 1007 568 debeatur.
1044 536 1080 568 et
1100 535 1224 567 nostra

136 578 275 625 quidem
299 582 418 615 aetate
434 578 600 623 Serapias
619 577 863 613 Alexandrina
886 576 1013 612 mulier
1036 577 1082 612 ad
1107 577 1223 612 divum

135 624 355 660 Hadrianum
379 623 553 677 perducta
585 626 639 659 est
663 633 742 658 cum
775 623 930 668 quinque
962 622 1101 665 liberis,
1134 631 1224 666 quos

136 681 206 706 uno
231 670 308 706 fetu
332 679 437 706 enixa
461 673 527 705 est.
575 668 639 705 sed
661 671 782 703 tamen
806 668 902 712 quod
926 667 1021 702 ultra
1045 671 1118 703 tres
1142 677 1223 702 nas-

140 720 148 750 1
204 715 313 758 citur,
349 714 424 750 fere
458 718 705 760 portentosum
742 712 890 749 videtur.
951 713 1039 748 Cum
1082 713 1226 757 quidam

134 761 296 806 pluribus
320 760 511 796 heredibus
534 759 707 795 institutis
732 759 836 794 unius
865 757 950 793 fidei
979 758 1224 800 commisisset,

137 810 186 849 ut,
213 817 292 841 cum
317 809 527 848 moreretur,
553 805 613 840 uni
637 815 682 840 ex
707 803 952 846 coheredibus,
980 804 1038 839 cui
1060 804 1138 849 ipse
1153 803 1224 839 vel-

135 853 194 894 let,
221 851 426 887 restitueret
450 861 528 886 eam
551 855 691 896 partem
714 849 934 891 hereditatis,
961 859 1051 893 quae
1075 849 1122 884 ad
1146 859 1224 884 eum

136 897 367 942 pervenisset:
403 896 625 932 verissimum
660 898 715 931 est
749 895 837 930 utile
868 905 946 930 esse
977 893 1224 930 fideicommis-

134 953 224 978 sum.
257 953 323 977 nec
348 941 440 977 enim
464 941 501 976 in
526 940 674 977 arbitrio
699 940 775 976 eius
801 940 860 985 qui
883 943 1031 984 rogatus
1052 944 1107 975 est
1130 939 1224 983 posi-

134 992 209 1023 tum
233 991 305 1031 est,
339 998 385 1022 an
410 987 552 1023 omnino
577 986 660 1022 velit
692 985 898 1028 restituere,
930 985 993 1021 sed
1024 985 1084 1020 cui
1107 985 1225 1030 potius

134 1033 318 1069 restituat:
343 1032 536 1078 plurimum
560 1031 652 1067 enim
675 1031 834 1073 interest,
859 1035 979 1066 utrum
995 1031 1033 1065 in
1046 1034 1225 1076 potestate

134 1078 220 1120 eius,
247 1089 351 1123 quem
375 1082 528 1113 testator
558 1077 710 1123 obligari
740 1087 780 1112 co
808 1077 889 1118 'tat,
923 1075 1050 1118 faciat,
1082 1076 1112 1111 si
1143 1075 1226 1111 velit

134 1124 229 1165 dare,
260 1134 307 1159 an
330 1127 412 1169 post
434 1124 684 1159 necessitatem
709 1122 779 1158 dan
806 1122 814 1130 '
848 1121 958 1157 solius
991 1120 1226 1156 distribuendi

134 1172 154 1204 2
201 1169 352 1205 liberum
385 1169 570 1204 arbitrium
602 1167 786 1204 concedat.
835 1167 1044 1211 Quaesitum
1069 1170 1141 1208 est,
1173 1166 1223 1201 si¹

135 1214 327 1250 coheredes
351 1224 396 1250 ex
420 1214 624 1259 disparibus
648 1213 812 1258 partibus
837 1212 962 1257 scripti
985 1212 1074 1254 sint,
1106 1216 1225 1246 utrum

136 1264 271 1305 partem
295 1270 398 1296 suam
422 1259 460 1295 in
484 1259 602 1295 viriles
626 1263 747 1304 partes
778 1259 966 1294 restituere
991 1257 1139 1302 singulis
1164 1257 1224 1292 de-

136 1307 218 1341 beat
242 1316 288 1341 an
313 1316 376 1351 pro
397 1305 623 1357 portionibus
648 1303 884 1345 hereditariis,
910 1314 954 1338 ex
969 1303 1098 1347 quibus
1122 1303 1223 1338 here-

134 1351 196 1387 des
221 1351 344 1396 scripti
375 1354 458 1386 smt.
506 1354 542 1386 et
570 1350 724 1396 placuit,
758 1349 788 1384 si
819 1351 971 1384 testator
1005 1348 1057 1383 ita
1086 1347 1225 1383 restitui

133 1396 295 1432 iussisset
318 1400 478 1441 partem,
511 1395 542 1431 si
574 1395 729 1440 aliquam
753 1394 941 1439 pecuniam
965 1392 1163 1435 dedissent,
1195 1393 1225 1428 si

134 1441 274 1487 quidem
299 1451 432 1487 aequas
455 1444 578 1486 partes
602 1440 691 1476 iussi
716 1439 848 1475 fuerint
872 1438 977 1481 dare,
1011 1438 1224 1474 conveniens

135 1486 244 1522 videri
268 1497 346 1522 esse
370 1487 477 1522 etiam
501 1497 544 1521 ex
567 1485 841 1521 fideicommisso
866 1494 1000 1529 aequas
1029 1487 1150 1529 partes
1174 1483 1224 1520 eis

133 1531 273 1568 restitui
296 1535 479 1577 oportere:
505 1532 537 1568 si
562 1542 643 1567 vero
669 1530 830 1575 dispares
854 1529 892 1564 in
915 1539 959 1565 ea
974 1529 1128 1574 pecunia
1152 1529 1223 1564 dis-

133 1577 321 1613 tribuenda
345 1576 555 1622 significavit
577 1580 739 1618 testator,
772 1579 812 1610 ut
837 1574 1024 1610 videantur
1047 1574 1223 1611 heredita-

133 1623 193 1658 riis
217 1622 442 1668 portionibus
467 1632 677 1668 congruere,
712 1625 992 1656 consentaneum
1016 1630 1094 1656 esse
1119 1620 1225 1655 etiam

133 1667 443 1749 {dgicommissum
466 1679 531 1713 pro
564 1667 789 1703 hereditariis
822 1665 985 1711 partibus
1010 1666 1060 1701 eis
1085 1665 1225 1702 restitui

158 1725 176 1749 e
205 1724 274 1749 ere.

179 1757 203 1797 8
230 1757 285 1803 (9)
311 1758 367 1793 ΡΑ
377 1768 471 1794 orvs
491 1758 581 1794 libro
605 1758 763 1793 secundo
777 1758 1036 1793 sententiarum
1084 1756 1121 1792 Si
1133 1756 1226 1792 inter

134 1805 248 1840 virum
272 1807 307 1839 et
330 1814 477 1839 uxorem
501 1803 647 1839 donatio
664 1803 762 1838 facta
774 1803 893 1845 suerit,
918 1802 1036 1847 priore
1055 1801 1225 1838 defuncto

134 1851 191 1885 cui
216 1851 387 1886 donatum
417 1852 471 1885 est
501 1849 548 1884 ad
572 1859 652 1884 eum
681 1859 739 1884 res
769 1848 862 1884 redit
895 1847 956 1893 qui
989 1847 1223 1883 donaverat2:

157 1895 228 1931 uod
252 1895 284 1931 si
307 1895 411 1931 simul
434 1898 508 1929 tam
531 1895 561 1930 is
595 1894 654 1929 cui
678 1893 847 1929 donatum
880 1896 935 1929 est
964 1903 1071 1938 quam
1100 1893 1132 1928 is
1165 1893 1225 1937 qui

133 1907 318 1977 donaverit
328 1942 352 1983 ³,
387 1939 605 1984 quaestionis
632 1939 848 1975 decidendae
871 1938 988 1984 gratia
1011 1938 1123 1983 magis
1147 1939 1223 1983 pla-

134 1987 207 2022 cuit
238 1987 355 2022 valere
387 1985 632 2027 donationem,
667 1995 708 2020 eo
742 1985 911 2027 maxime,
946 1983 1042 2028 quod
1073 1983 1226 2019 donator

135 2042 204 2070 non
228 2042 271 2068 su
299 2031 442 2073 ervivat,
468 2030 529 2075 qui
552 2040 626 2066 rem
652 2029 839 2066 condicere
864 2029 987 2075 possit.

178 2075 202 2115 9
228 2076 262 2121 (1
296 2081 308 2120 )
335 2076 613 2112 TRYPHONINUS
641 2076 732 2111 libro
757 2076 922 2111 vicesimo
978 2075 1070 2110 rimo
1100 2074 1219 2121 dispu-

134 2123 308 2158 tationum
355 2121 423 2166 Qui
447 2121 536 2157 duos
559 2121 763 2165 impuberes
788 2120 880 2156 filios
904 2085 1081 2162 hahebat,
1106 2119 1140 2154 ei
1164 2119 1225 2164 qui

132 2178 319 2214 supremus
343 2167 494 2202 moritur
517 2166 651 2202 Titium
682 2166 885 2202 substituit:
920 2164 991 2201 duo
1020 2165 1223 2209 impuberes

132 2213 238 2249 simul
259 2213 298 2248 in
322 2222 412 2247 nave
460 2211 635 2247 erierunt:
662 2212 860 2256 quaesitum
877 2214 940 2255 est,
966 2221 1013 2245 an
1028 2211 1223 2246 substituto

132 2262 168 2294 et
201 2258 303 2294 cuius
338 2258 423 2293 here
451 2257 518 2292 'tas
554 2256 746 2293 deferatur.
807 2256 898 2299 dixi,
937 2256 968 2291 si
1000 2255 1122 2291 ordine
1152 2255 1224 2290 vita

132 2303 386 2345 decessissent,
418 2302 532 2348 priori
554 2306 695 2338 mortuo
720 2301 832 2338 frater
856 2303 900 2336 ab
926 2302 1094 2336 intestato
1119 2301 1222 2337 heres

132 2348 219 2391 erit,
251 2347 443 2394 posteriori
473 2348 703 2384 substitutus:
736 2348 773 2382 in
805 2358 847 2382 ea
876 2352 996 2382 tamen
1026 2346 1223 2382 hereditate

132 2395 239 2430 etiam
261 2397 345 2429 ante
370 2393 530 2429 defuncti
552 2392 617 2428 filii
632 2393 779 2428 habebit
795 2392 1040 2428 hereditatem.
1089 2392 1125 2426 in
1137 2403 1221 2437 pro-

132 2439 250 2485 posita
273 2443 391 2474 autem
415 2438 623 2484 quaestione
647 2438 709 2473 ubi
739 2438 843 2473 simul
871 2438 1073 2483 perierunt,
1105 2437 1222 2481 ⁴quia,

133 2496 213 2520 cum
237 2485 355 2521 neutri
378 2484 490 2519 frater
515 2487 695 2529 superstes
719 2483 798 2525 fuit,
826 2483 930 2527 quasi
953 2483 1094 2528 utrique
1109 2482 1224 2517 ultimi

133 2531 352 2566 decessisse-'³
376 2529 446 2565 sibi
464 2529 675 2565 videantur?
700 2539 746 2563 an
771 2539 853 2564 vero
871 2528 1000 2570 neutri,
1026 2528 1110 2580 quia
1127 2538 1222 2563 com-

133 2576 270 2621 paratio
295 2575 503 2655 posterioris
530 2574 733 2610 decedentis
751 2584 795 2609 ex
819 2573 916 2609 facto
941 2573 1070 2619 prioris
1092 2573 1223 2608 mortui

132 2621 298 2657 sumitur·
334 2619 397 2655 sed
421 2620 584 2665 superior
598 2619 775 2655 sententia
794 2619 905 2664 magis
922 2618 1141 2654 admittenda
1156 2622 1221 2662 est,

132 2670 172 2701 ut
196 2666 337 2711 utrique
360 2666 464 2701 heres
489 2665 553 2701 sit:
586 2675 670 2699 nam
701 2668 736 2699 et
760 2665 821 2708 qui
853 2663 997 2699 unicum
1021 2663 1134 2698 filium
1157 2664 1221 2699 ha-

132 2712 210 2754 bet,
244 2711 273 2746 si
306 2721 511 2756 supremum
539 2709 705 2745 morienti
729 2709 934 2751 substituit,
964 2710 1060 2744 n0n⁶
1085 2709 1224 2744 videtur

132 2756 303 2792 inutiliter
327 2755 572 2792 substituisse:
606 2758 641 2791 et
663 2755 847 2800 proximus
878 2754 1053 2799 adgnatus
1084 2754 1221 2790 intelle-

131 2802 226 2847 gitur
251 2801 356 2837 etiam
382 2801 443 2846 qui
465 2801 562 2837 solus
595 2804 649 2836 est
673 2800 803 2845 quique
826 2800 1001 2835 neminem
1025 2799 1220 2835 antecedit:

133 2851 168 2883 et
190 2846 249 2882 hic
274 2846 425 2891 utrique,
451 2846 535 2892 quia
551 2846 669 2881 neutri
687 2856 811 2881 eorum
835 2846 926 2880 alter
944 2848 1125 2890 superstes
1142 2845 1220 2887 fuit,

137 2896 146 2926 1
200 2891 315 2927 ultimi
338 2892 511 2937 primique
537 2891 713 2927 obierunt.
762 2891 852 2927 Cum
884 2890 976 2926 bello
1006 2894 1111 2935 pater
1142 2901 1222 2926 cum

134 2937 206 2972 filio
231 2937 383 2983 perisset
406 2941 590 2982 materque
613 2936 677 2971 filii
701 2936 804 2981 quasi
827 2939 954 2981 postea
977 2935 1107 2971 mortui
1128 2935 1222 2972 bona

134 2982 342 3024 vindicaret,
393 2982 437 3017 ad
464 2983 537 3017 nati
574 2992 657 3017 vero
694 2982 826 3027 patris,
871 2980 974 3026 quasi
1010 2980 1103 3016 filius
1139 2985 1221 3016 ante

134 3028 293 3072 perisset,
320 3027 421 3063 divus
480 3027 649 3062 adrianus
675 3026 824 3062 credidit
846 3030 985 3071 patrem
1002 3026 1102 3071 prius
1126 3037 1220 3062 mor-

134 3076 153 3106 2
200 3076 312 3108 tuum.
369 3072 406 3107 Si
436 3083 516 3107 cum
551 3072 624 3107 filio
660 3083 725 3107 suo
761 3072 910 3107 libertus
940 3072 1045 3107 simul
1075 3071 1221 3116 perierit

133 3117 291 3153 intestati
301 3118 326 3160 ⁷,
350 3123 503 3163 patrono
519 3117 675 3162 legitima
699 3117 858 3152 defertur
878 3116 1068 3160 hereditas,
1094 3117 1125 3151 si
1149 3128 1221 3152 non

135 3163 308 3206 probatur
331 3163 567 3207 supervixisse
579 3162 675 3207 patri
693 3162 805 3197 filius:
831 3163 900 3197 hoc
913 3162 1005 3197 enim
1021 3162 1221 3197 reverentia

136 3210 154 3241 3
212 3211 423 3252 patronatus
458 3211 667 3252 suggerente
709 3207 869 3243 dicimus.
930 3207 967 3242 Si
1002 3207 1150 3242 maritus
1185 3211 1221 3242 et

135 3262 226 3286 uxor
249 3252 352 3287 simul
375 3253 562 3298 perierint,
593 3252 776 3298 stipulatio
806 3252 850 3288 de
882 3252 964 3288 dote
994 3263 1038 3287 ex
1062 3253 1218 3298 capitulo

136 3296 177 3331 ‘si
198 3296 236 3349 in
259 3297 481 3333 matrimonio
511 3298 638 3333 mulier
660 3297 882 3333 decessisset'
912 3298 1059 3333 habebit
1089 3298 1218 3341 locum,

135 3345 166 3393 4·
203 3352 233 3377 ει
257 3353 328 3377 11011
350 3344 523 3387 probatur
542 3343 603 3378 illa
628 3346 809 3388 superstes
824 3343 897 3378 viro
923 3342 1044 3378 fuisse.
1093 3343 1131 3378 Si
1144 3343 1218 3378 Lu-

136 3397 212 3438 cius
236 3386 351 3421 Titius
377 3398 456 3423 cum
479 3387 552 3423 filio
576 3389 722 3433 pubere,
748 3398 853 3432 quem
876 3388 992 3423 solum
1006 3392 1218 3424 testamento

135 3435 306 3484 scriptum
320 3431 484 3484 heredem
498 3433 665 3476 habebat,
683 3433 837 3478 perierit,
862 3433 1078 3478 intellegitur
1093 3444 1216 3479 super-

135 3486 263 3512 vmsse
286 3476 379 3512 filius
403 3477 499 3522 patri
522 3482 557 3513 et
580 3489 623 3513 ex
651 3482 863 3514 testamento
893 3478 996 3514 heres
1021 3477 1150 3523 fuisse,
1182 3482 1218 3514 et

135 3593 172 3630 (1)
195 3588 410 3622 coheredibus
422 3590 496 3631 quis
507 3593 634 3633 partem
645 3602 738 3624 suam
751 3592 924 3624 restituere
944 3591 1052 3624 iussus
1069 3592 1113 3624 sit
1125 3594 1158 3624 et
1170 3605 1218 3625 se-

136 3636 271 3668 cundum
286 3635 321 3667 B
335 3636 393 3667 ins.
479 3638 521 3677 (2)
546 3636 721 3678 superstite
734 3648 772 3669 eo
785 3637 844 3678 qui
856 3636 1061 3669 matrimonii
1073 3639 1219 3680 tempore

136 3679 333 3720 donaverat,
352 3680 429 3712 ante
441 3679 617 3713 decedente
629 3681 684 3713 cui
695 3682 805 3714 suerat
817 3681 992 3720 donatum,
1012 3681 1048 3714 id
1060 3682 1149 3724 quod
1161 3682 1218 3714 do-

137 3727 251 3756 natum
263 3726 311 3757 est
321 3734 421 3766 penes
442 3724 633 3758 donatorem
650 3729 798 3760 remanet
809 3727 935 3760 Paulus
947 3728 978 3768 2,
992 3734 1039 3768 23,
1053 3735 1069 3760 5
1084 3729 1112 3760 is
1128 3740 1218 3770 quem

390 3771 434 3811 (3)
458 3770 634 3803 defunctus
647 3771 710 3803 erit
723 3772 782 3805 im.

137 3770 286 3803 habemus
889 3773 934 3814 (4)
958 3774 1070 3805 utrum
1083 3772 1218 3815 utrique

1216 131 1301 182 493

2123 126 2337 173 XXXIlll
2357 129 2379 167 ὓ

1291 258 1354 293 fflii
1378 257 1558 293 hereditas
1590 256 1859 291 successoribus
1889 256 1965 292 eius
1991 255 2167 299 defertur,
2200 254 2269 290 nisi
2298 265 2380 289 con-

1291 303 1444 338 trarium
1480 302 1712 354 approbetur.
1772 301 1868 345 quod
1903 301 1934 336 si
1968 301 2129 346 impubes
2166 310 2246 335 cum
2280 303 2382 344 patre

1290 348 1385 384 filius
1409 348 1563 393 perient,
1590 345 1749 382 creditur
1772 352 1875 391 pater
1900 346 2148 391 supervixisse,
2173 345 2242 381 nisi
2266 349 2302 380 et
2325 344 2380 378 hic

1292 394 1514 430 contrarium
1538 392 1767 438 approbetur.

1341 438 1390 477 10
1416 438 1497 482 (11)
1530 438 1724 474 ULPIANUS
1750 436 1840 472 libro
1873 442 1978 472 sexto
2008 438 2291 483 disputationum
2345 435 2382 471 Si

1291 484 1400 519 fuerit
1422 484 1578 529 legatum
1602 482 1764 518 relictum
1789 484 1844 516 ‘ex
1870 482 2028 527 cognatis
2051 483 2138 518 meis
2163 483 2224 527 qui
2245 481 2381 534 primus

1292 530 1518 575 ‘Capitolium
1541 527 1766 567 ascenderit’,
1792 526 1822 562 si
1843 527 1947 562 simul
1972 527 2042 563 duo
2061 528 2198 563 venisse
2218 527 2383 563 dicantur

1291 586 1357 610 nec
1382 578 1541 619 apparet,
1568 573 1647 618 quis
1671 572 1769 618 prior
1792 573 1948 614 venerit,
1981 583 2027 607 an
2050 573 2264 618 impedietur
2286 573 2380 617 lega-

1292 621 1392 655 tum?
1416 620 1471 655 vel
1496 620 1528 655 ei
1552 618 1614 664 qui
1637 622 1903 653 monumentum
1929 617 2065 659 fecerit,
2091 622 2126 653 et
2145 619 2263 663 plures
2287 618 2381 653 sece-

1292 666 1388 701 rint‘?
1414 665 1468 701 vel
1491 665 1524 700 ei
1548 664 1609 709 qui
1632 664 1807 699 maximus
1831 667 1919 698 natu
1943 667 2008 705 est,
2040 667 2075 698 et
2099 663 2168 698 duo
2193 674 2298 708 pares
2323 674 2382 698 ae-

1293 714 1367 746 tate
1391 710 1487 746 sint?
1518 709 1582 745 sed
1605 713 1641 745 et
1664 709 1693 743 si
1718 709 1875 753 legatum
1899 708 2109 752 Sempronio
2140 709 2253 744 amico
2277 708 2384 744 fuerit

1293 756 1474 798 relictum,
1507 758 1543 791 et
1567 754 1638 790 duo
1663 756 1736 790 sint
1759 764 1875 799 aequa
1899 753 2050 789 caritate
2082 754 2287 789 coniuncti?
2320 754 2383 790 sed

1293 805 1329 837 et
1351 801 1381 836 si
1405 801 1545 837 duobus
1575 800 1806 835 hominibus⁸
1830 799 1987 834 eiusdem
2016 799 2166 834 nominis
2197 799 2304 834 fuerit
2333 801 2382 834 le-

1292 851 1434 892 gatum,
1465 849 1554 891 puta
1578 844 1806 890 Semproniis,
1839 855 1923 880 mox
1947 845 2154 890 Sempronio
2179 844 2383 889 ademptum

1294 892 1341 927 sit
1364 902 1430 927 nec
1455 894 1638 936 appareat,
1665 890 1724 925 cui
1747 890 1953 935 ademptum
1976 890 2041 925 sit:
2075 894 2195 924 utrum
2226 890 2322 925 datio
2346 890 2383 925 iu

1294 938 1480 982 utriusque
1504 946 1659 982 persona
1682 935 1887 980 infringitur
1910 946 1957 970 an
1981 934 2160 979 ademptio
2191 935 2290 970 nulla
2318 939 2383 977 est,

1295 983 1419 1028 quaeri
1448 986 1578 1027 potest.
1632 981 1716 1016 item
1747 981 1779 1016 si
1814 992 1856 1016 ex
1915 981 2053 1016 Iuribus
2084 980 2195 1016 servis
2227 980 2384 1016 eiusdem

1294 1028 1446 1064 nominis
1472 1028 1534 1062 uni
1565 1027 1619 1062 vel
1650 1026 1862 1070 quibusdam
1909 1026 2042 1061 'bertas
2075 1025 2200 1061 relicta
2231 1029 2295 1061 est.
2350 1030 2386 1060 et

1294 1073 1410 1109 verius
1436 1077 1491 1109 est
1514 1073 1552 1108 in
1575 1072 1631 1107 his
1657 1072 1821 1107 omnibus
1846 1071 1977 1107 etiam⁹
2000 1071 2119 1116 legata
2142 1074 2178 1106 et
2200 1071 2384 1106 libertates

1293 1120 1338 1154 im
1368 1118 1467 1163 ediri,
1501 1117 1764 1162 ademptionem
1789 1121 1909 1152 autem
1932 1117 1970 1151 in
1994 1118 2224 1161 utrumque¹⁰
2256 1117 2385 1151 valere.

1298 1168 1311 1199 1
1380 1165 1462 1200 lane
1476 1164 1506 1199 si
1516 1164 1567 1198 ita
1580 1164 1781 1198 libertatem
1806 1163 1986 1207 acceperit
1997 1162 2147 1197 ancilla:
2174 1161 2215 1197 ‘si
2234 1161 2385 1206 primum

1294 1214 1438 1245 ‘marem
1452 1209 1642 1255 pepererit,
1662 1209 1774 1243 libera
1793 1208 1882 1243 esto'
1896 1208 2033 1243 ethaeo
2046 1218 2116 1242 uno
2130 1211 2232 1242 utero
2252 1217 2385 1242 marem

1295 1260 1329 1290 et
1340 1256 1507 1290 feminam
1520 1254 1736 1300 peperisset:
1755 1254 1786 1289 si
1800 1252 1941 1298 quidem
1956 1257 2091 1288 certum
2107 1256 2170 1295 est,
2187 1253 2272 1297 quid
2285 1252 2385 1297 prius

1293 1301 1479 1343 edidisset,
1510 1311 1583 1335 non
1613 1300 1718 1335 debet
1749 1299 1793 1334 de
1821 1298 1934 1344 ipsius
1965 1302 2063 1333 statu
2094 1297 2235 1343 ambigi,
2267 1303 2384 1333 utrum

1292 1347 1405 1381 libera
1429 1349 1524 1382 esset
1559 1356 1626 1380 nec
1650 1355 1713 1386 ne,
1746 1344 1809 1380 sed
1841 1355 1907 1379 nec
1940 1343 2052 1379 filiae:
2084 1354 2167 1379 nam
2199 1344 2230 1379 si
2260 1347 2386 1388 postea

1295 1392 1391 1428 edita
1416 1395 1480 1433 est,
1506 1392 1573 1427 erit
1596 1391 1760 1435 ingenua.
1809 1389 1866 1424 sin
1890 1393 2010 1424 autem
2034 1389 2103 1425 hoc
2131 1389 2308 1424 incertum
2333 1393 2386 1424 est

1293 1448 1360 1473 nec
1384 1440 1505 1482 potest
1533 1447 1600 1472 nec
1623 1446 1688 1481 per
1722 1435 1957 1480 suptilitatem
1986 1434 2187 1470 iudicialem
2217 1434 2384 1470 manifes-

1293 1483 1374 1525 tari,
1399 1483 1436 1517 in
1460 1481 1633 1527 ambiguis
1658 1481 1766 1516 rebus
1781 1480 2028 1516 humaniorem
2052 1480 2266 1516 sententiam
2287 1480 2385 1525 sequi

1293 1532 1455 1609 {Eortet'
1488 1531 1529 1563 ut
1552 1532 1626 1562 tam
1660 1526 1740 1572 ipsa
1769 1526 1974 1562 libertatem
2005 1529 2246 1570 consequatur
2280 1536 2386 1571 quam

1335 1575 1367 1609 'a
1399 1573 1474 1609 eius
1514 1572 1786 1617 ingenuitatem,
1824 1572 1926 1618 quasi
1960 1581 2026 1617 per
2061 1571 2385 1616 praesumptionem

1293 1620 1411 1665 priore
1436 1619 1596 1655 masculo
1619 1617 1726 1654 edito.

1344 1663 1390 1702 11
1420 1662 1502 1707 (12)
1534 1664 1729 1699 IULIANUS
1757 1662 1848 1698 libro
1881 1663 1930 1697 tri
1955 1663 2063 1697 ese'mo
2093 1665 2199 1697 seoeto
2232 1662 2385 1707 diqesto-

1294 1722 1374 1746 rum
1430 1709 1601 1754 Quotiens
1632 1708 1770 1744 libertis
1801 1718 1888 1745 usus
1939 1711 2062 1742 ructus
2097 1707 2237 1752 legatur
2271 1710 2307 1742 et
2341 1707 2385 1750 ei,

1295 1756 1356 1801 qui
1379 1754 1592 1791 novissimus
1617 1753 1863 1799 supervixerit,
1895 1753 2114 1798 proprietas,
2147 1752 2234 1787 utile
2257 1756 2313 1788 est
2335 1753 2384 1788 le-

1293 1805 1433 1846 gatum:
1467 1800 1629 1836 existimo
1655 1799 1749 1835 enim
1773 1798 1938 1834 omnibus
1968 1798 2104 1833 libertis
2129 1797 2386 1842 proprietatem

1294 1847 1360 1882 sub
1385 1847 1454 1881 hac
1480 1845 1690 1881 condicione
1715 1844 1756 1880 ‘si
1779 1844 1991 1879 novissimus
2021 1843 2266 1888 supervixerit'
2296 1843 2382 1879 dari.

1344 1889 1394 1929 12
1427 1889 1509 1934 (13)
1553 1890 1662 1926 IDEM
1701 1890 1790 1925 libro
1829 1890 2128 1935 quinquaqesz‘mo
2164 1889 2383 1934 dz'qestorum

1294 1937 1464 1982 Quotiens
1489 1937 1527 1971 in
1551 1935 1752 1971 actionibus
1777 1938 1841 1969 aut
1864 1934 1901 1969 in
1924 1933 2193 1979 exceptionibus
2219 1934 2382 1979 ambigua

1294 1983 1408 2018 oratio
1434 1986 1498 2026 est,
1529 1981 1852 2017 commodissimum
1876 1983 1931 2015 est
1953 1979 1990 2015 id
2014 1979 2140 2025 accipi,
2165 1990 2235 2025 quo
2259 1990 2317 2015 res
2342 1980 2385 2015 dc

1294 2039 1364 2074 qua
1389 2028 1506 2073 agitur
1530 2026 1641 2072 magis
1667 2025 1784 2061 valeat
1808 2035 1915 2070 quam
1939 2028 2073 2070 pereat.

1344 2072 1391 2112 13
1419 2071 1501 2117 (14)
1533 2072 1641 2107 IDEM
1671 2071 1762 2106 libro
1797 2070 1981 2116 sz‘nqulari
2013 2070 2057 2105 de
2092 2071 2386 2117 ambiyuitatibus

1294 2119 1331 2155 Si
1354 2119 1384 2154 is
1409 2119 1470 2164 qui
1495 2118 1650 2153 ducenta
1674 2116 1841 2161 deposuit
1863 2117 1914 2151 ita
1937 2116 2047 2160 leget:
2080 2116 2172 2151 ‘Seio
2206 2128 2287 2152 cum
2319 2117 2386 2152 du-

1294 2165 1419 2200 ‘centis
1444 2173 1536 2209 quae
1560 2162 1656 2208 apud
1681 2172 1761 2197 eum
1786 2161 1935 2206 deposui
1958 2165 2120 2196 trecenta
2136 2162 2238 2207 lego',
2264 2163 2384 2208 singu-

1293 2210 1349 2245 lae
1373 2219 1532 2245 summae
1556 2212 1723 2254 separate
1746 2207 1888 2252 quidem
1914 2210 2049 2242 cert-am
2073 2208 2208 2242 habent
2238 2207 2382 2243 demon-

1293 2255 1513 2298 strationem,
1539 2253 1790 2289 coniunctione
1814 2262 1896 2288 vero
1928 2253 1994 2287 tali
2016 2252 2178 2287 incidunt
2210 2253 2248 2287 in
2272 2254 2383 2289 ambi-

1292 2302 1474 2346 guitatem.
1522 2299 1586 2335 sed
1610 2298 1796 2334 dicendum
1822 2301 1877 2333 est
1900 2308 1973 2333 non
1996 2301 2168 2341 trecenta,
2194 2298 2258 2334 sed
2282 2299 2383 2344 quin-

1296 2350 1310 2381 1
1360 2350 1467 2391 genta
1499 2345 1638 2386 deberi,
1676 2344 1759 2389 quia
1790 2343 1882 2379 duae
1913 2353 2071 2378 summae
2093 2343 2298 2388 iunguntur.
2348 2345 2383 2380 Si

1317 2392 1372 2428 uis
1395 2391 1508 2436 leget:
1543 2390 1705 2425 ‘fundum
1730 2389 1898 2425 Seianum
1929 2389 2031 2423 heres
2055 2399 2155 2424 meus
2179 2389 2277 2424 Attio
2304 2401 2383 2425 cum

1294 2441 1302 2456 ‘
1339 2437 1421 2473 ione
1444 2436 1576 2471 Maevii
1608 2446 1710 2471 servo
1735 2434 1844 2477 dato',
1881 2434 2067 2469 dubitatur
2099 2434 2250 2478 quidem,
2276 2435 2383 2470 Dioni

1295 2493 1437 2528 quoque
1460 2482 1593 2517 fundus
1618 2481 1757 2525 legatus
1782 2480 1828 2515 sit
1851 2490 1897 2514 an
1912 2479 1979 2514 Dio
2007 2490 2086 2514 cum
2110 2479 2220 2515 fundo
2244 2479 2383 2525 legatus

1292 2529 1349 2564 sit.
1398 2527 1462 2564 sed
1485 2527 1597 2572 magis
1623 2526 1811 2561 dicendum
1831 2529 1886 2560 est
1909 2535 1981 2560 non
2004 2524 2119 2559 solum
2136 2524 2296 2568 fundum,
2321 2526 2383 2561 sed

1293 2573 1400 2609 etiam
1425 2584 1564 2608 servum
1588 2572 1740 2607 Dionem
1765 2581 1843 2606 esse
1858 2570 2024 2614 legatum,
2051 2570 2203 2606 maxime
2219 2571 2249 2606 si
2264 2571 2382 2607 nullas

1293 2622 1312 2654 2
1360 2619 1472 2654 iustas
1498 2628 1626 2654 causas
1650 2616 1777 2651 habuit
1799 2615 1907 2650 Dioni
1930 2614 2082 2660 legandi.
2131 2615 2220 2651 Cum
2243 2616 2295 2651 ita
2319 2617 2382 2652 sti-

1290 2664 1508 2709 pulationem
1543 2663 1780 2707 concipimus:
1824 2661 1866 2696 ‘si
1888 2661 2067 2696 hominem
2099 2663 2202 2696 aut¹¹
2234 2661 2382 2697 fundum

1292 2713 1375 2744 ‘non
1400 2709 1554 2751 dederis,
1596 2711 1737 2743 centum
1770 2706 1847 2741 dari
1877 2703 2071 2751 spondes’?
2108 2711 2299 2752 utrumque
2329 2712 2381 2743 est

1290 2755 1505 2797 faciendum,
1530 2764 1575 2789 ne
1599 2752 1782 2797 stipulatio
1809 2752 2060 2793 committatur,
2094 2751 2131 2786 id
2155 2755 2210 2788 est
2233 2753 2306 2788 sive
2330 2754 2380 2788 al-

1290 2804 1406 2835 terum
1437 2800 1509 2835 sive
1539 2803 1705 2834 neutrum
1743 2798 1878 2832 factum
1910 2797 1976 2839 sit,
2012 2797 2148 2832 tenebit
2184 2798 2379 2843 stipulatio.

1290 2845 1452 2891 idemque
1477 2848 1532 2880 est
1557 2844 1746 2885 evidenter,
1773 2853 1854 2877 cum
1871 2842 2064 2887 propositis
2082 2842 2286 2887 specialiter
2301 2844 2379 2889 plu-

1290 2891 1389 2926 ribus
1421 2891 1547 2932 rebus,
1581 2899 1670 2934 quas
1706 2888 1782 2924 fieri
1806 2887 1978 2929 volumus,
2002 2887 2054 2922 ita
2077 2888 2306 2933 stipulamur:
2341 2890 2380 2924 ‘si

1292 2936 1388 2981 ‘quid
1413 2946 1535 2971 eorum
1560 2934 1696 2969 factum
1712 2945 1784 2969 non
1808 2933 1903 2968 erit':
1930 2933 2039 2968 veluti
2064 2933 2236 2968 ‘Stichum
2256 2938 2290 2969 et
2306 2934 2378 2969 Da-

1291 2984 1395 3016 ‘mam
1425 2984 1462 3016 et
1489 2980 1637 3015 Erotem
1668 2979 1771 3014 sisti?
1803 2979 1833 3014 si
1865 2978 1942 3023 quis
1974 2988 2098 3013 eorum
2128 2990 2199 3014 nou
2232 2980 2378 3021 steterit,

1291 3026 1424 3061 ‘decem
1449 3026 1564 3060 dari'?
1589 3034 1735 3059 necesse
1760 3028 1814 3059 est
1838 3024 1929 3059 enim
1948 3034 2070 3059 omnes
2096 3034 2173 3059 esse
2191 3025 2377 3066 sistendos,

1290 3075 1330 3106 ut
1353 3070 1575 3116 stipulationi
1605 3069 1768 3105 satisfiat.
1829 3069 1882 3104 vel
1918 3073 1958 3104 ut
1981 3069 2128 3115 propius
2154 3069 2377 3111 accedamus,

1290 3117 1464 3161 fingamus
1497 3116 1548 3150 ita
1581 3115 1848 3160 stipulationem
1879 3115 2028 3150 factam:
2070 3114 2112 3149 ‘si
2143 3115 2303 3149 Stichum
2344 3119 2379 3149 et

1291 3162 1452 3196 ‘Damam
1477 3165 1513 3196 et
1535 3161 1683 3196 Erotem
1707 3171 1779 3196 non
1802 3160 1990 3201 sisteris¹²,
2025 3159 2145 3194 decem
2170 3159 2285 3194 dari’?
2317 3170 2376 3194 ne-

1290 3218 1359 3252 que
1383 3207 1475 3242 enim
1500 3206 1754 3248 dubitabimus,
1780 3206 1863 3251 quin
1887 3215 2000 3250 aeque
2025 3215 2146 3240 omnes
2171 3205 2247 3239 sisti
2271 3215 2376 3256 opor-

1290 3257 1308 3287 3
1357 3255 1442 3287 teat.
1492 3251 1618 3287 Utrum
1642 3251 1693 3286 ita
1718 3251 1899 3296 concipias
1931 3250 2193 3295 stipulationem
2227 3250 2267 3284 ‘si
2290 3249 2377 3284 illud

1289 3301 1365 3333 ‘aut
1387 3297 1475 3332 illud
1498 3297 1634 3332 factum
1659 3307 1730 3332 non
1754 3297 1832 3332 erit’
1857 3307 1904 3331 au
1927 3296 1996 3331 1100
2021 3294 2126 3330 1110ᾱο
2152 3294 2293 3338 ‘siquid
2317 3305 2375 3330 eo-

1289 3346 1379 3378 ‘rum
1403 3342 1538 3377 factum
1562 3353 1635 3377 non
1660 3342 1736 3384 erit,
1769 3352 1860 3387 quae
1884 3345 1924 3376 ut
1948 3340 2090 3382 fierent,
2122 3340 2376 3384 comprehensa

1289 3388 1406 3430 ‘sunt',
1431 3387 1501 3422 hoc
1517 3388 1676 3430 interest,
1702 3388 1808 3433 quod,
1833 3386 1992 3432 quamvis
2009 3385 2122 3420 altero
2141 3384 2237 3420 facto
2256 3394 2375 3419 verum

1288 3434 1335 3468 sit
1358 3433 1427 3468 hoc
1451 3437 1516 3468 aut
1537 3432 1626 3468 illud
1650 3443 1730 3468 vere
1762 3432 1897 3467 factum
1923 3441 2017 3472 esse,
2042 3440 2114 3465 11011
2144 3429 2225 3465 ideo
2257 3433 2375 3465 tamen

1289 3489 1409 3513 verum
1434 3478 1504 3512 erit
1527 3478 1596 3513 hoc
1620 3483 1682 3514 aut
1706 3478 1793 3513 illud
1817 3477 1952 3512 factum
1983 3486 2056 3510 non
2088 3484 2175 3510 esse.
2222 3484 2305 3509 nam
2328 3475 2374 3510 si-

1289 3590 1488 3624 substitutus
1501 3591 1596 3624 heres
1609 3592 1673 3625 erit
1686 3593 1746 3625 ins.
1760 3604 1827 3624 cum
1839 3590 1997 3623 Arndtsio
2108 3591 2150 3627 (5)
2177 3597 2237 3620 nec
2248 3598 2373 3620 succes-

1288 3637 1366 3668 sisse
1377 3637 1435 3669 ins.
1450 3637 1603 3681 Krueyer
1762 3638 1807 3677 (6)
1832 3646 1876 3667 110
1891 3636 1925 3666 F
2076 3636 2117 3672 (7)
2143 3633 2300 3665 intestato
2311 3646 2372 3666 scr.

1289 3684 1332 3720 (8)
1357 3681 1550 3715 hominibus
1563 3683 1624 3715 del.
1638 3680 1695 3714 ΙΝ
1821 3683 1865 3721 (9)
1890 3678 2001 3720 etiam]
2016 3680 2048 3710 et
2059 3691 2120 3711 scr.
2252 3679 2312 3719 (10)
2337 3678 2372 3710 111

1288 3727 1478 3804 ὲιθῐὲιεωέἓῇθ]
1492 3727 1704 3768 neutrimque
1717 3739 1777 3759 scr.
1827 3728 1882 3767 (11)
1907 3726 1940 3756 et
1952 3725 2026 3757 dett.
2042 3723 2171 3766 quidam
2228 3723 2289 3764 (12)
2314 3723 2371 3756 sti-
