2528 3918
156 134 221 171 m:
1251 97 1296 161 x

157 259 202 282 ne
223 246 273 280 rei
296 245 481 278 dominicae
502 243 555 277 vel
578 242 778 286 templorum
801 242 985 276 vindicatio
1007 242 1165 285 temporis
1188 251 1243 274 ex-

227 291 379 334 ceptione
401 290 634 322 submoveatur
682 287 716 322 0.
742 290 774 328 7,
798 288 841 322 38

158 349 204 371 ne
226 339 275 370 rei
298 335 455 368 militaris
476 334 653 367 comitibus
676 332 731 366 vel
753 332 900 366 tribunis
922 332 1054 365 lavacra
1076 331 1245 374 praesten—

229 384 286 414 tur
333 381 367 414 0.
396 381 409 414 1
449 382 490 413 47

163 427 222 471 [ne
244 425 404 459 rusticani
415 405 469 457 ’ad
493 423 601 456 ullum
621 421 817 465 obsequium
833 422 1035 455 devocentur
1071 421 1105 455 0.
1122 423 1174 463 11,
1187 420 1245 463 55]

161 483 207 505 ne
230 472 380 503 sanctum
403 469 566 511 baptisma
588 468 730 500 iteretur
776 467 811 501 0.
839 470 867 506 1,
892 470 912 501 6

161 527 207 550 ne
228 517 299 548 sine
322 516 412 547 iussu
436 513 599 556 principis
621 513 721 546 certis
743 512 911 545 iudicibus
944 511 1044 543 liceat
1070 511 1250 543 confiscare

233 561 267 594 0.
293 561 325 600 9,
350 560 392 593 48

162 616 207 639 ne
229 607 321 637 tutor
344 603 396 636 vel
419 605 553 636 curator
574 603 718 645 vectigal
742 602 906 636 conducat
953 601 986 635 0.
1012 603 1044 643 5,
1069 603 1108 635 41

162 661 208 683 ne
231 651 281 681 vis
304 649 361 680 fiat
384 648 415 680 ei
439 648 498 689 qui
521 649 558 680 in
581 649 817 691 possessionem
840 648 957 679 missus
982 646 1047 679 crit
1091 645 1136 679 D.
1161 648 1215 688 43,
1230 649 1248 679 4

163 706 207 728 ne
231 704 315 727 uxor
343 703 403 736 pro
435 693 558 726 marito
588 692 641 725 vel
672 694 813 725 maritus
840 703 902 735 pro
931 702 1034 724 uxore
1064 690 1116 734 vel
1145 694 1250 724 mater

230 750 292 781 pro
315 737 386 771 filio
409 738 629 771 conveniatur
677 738 711 772 0.
736 741 769 778 4,
798 739 836 771 12

164 784 259 817 nihil
279 783 435 816 innovari
457 782 681 826 appellatione
703 782 900 825 interposita
944 782 987 815 D.
1013 783 1069 823 49,
1094 783 1113 816 7

165 830 206 862 66
228 828 306 862 Nili
327 827 505 870 aggeribus
528 839 595 861 non
620 827 811 870 rumpendis
860 826 893 861 0.
918 828 950 868 9,
975 828 1017 860 38

164 884 237 907 non
258 873 361 906 licere
383 874 615 906 metrocomiae
638 872 882 905 habitatoribus
906 871 979 904 loca
1002 881 1062 904 sua
1080 871 1126 914 ad
1142 872 1250 905 extra-

233 929 334 951 neum
356 918 537 951 transferre
585 918 619 951 0.
647 920 698 958 11,
724 920 766 951 56

166 963 207 997 (16
229 973 302 996 non
324 966 499 996 numerata
521 963 665 1006 pecunia
712 962 748 996 0.
771 964 803 1002 4,
828 963 871 996 30

166 1009 208 1041 66
229 1009 477 1041 novationibus
509 1011 542 1041 et
565 1006 829 1048 delegationibus
874 1007 918 1040 D.
944 1009 999 1048 46,
1024 1007 1043 1040 2
1094 1006 1128 1041 0.
1153 1007 1185 1046 8,
1210 1008 1248 1041 41

167 1054 221 1095 [66
243 1054 329 1086 novi
351 1053 460 1096 operis
483 1053 695 1085 nuntiatione
744 1052 777 1086 0.
804 1054 835 1094 8,
863 1054 915 1095 10,
943 1052 995 1094 14]

166 1099 208 1131 66
229 1098 419 1131 noxalibus
441 1097 630 1130 actionibus
673 1098 705 1131 J.
730 1099 763 1139 4,
787 1098 807 1131 8
853 1097 898 1130 D.
922 1098 955 1139 9,
979 1099 1000 1131 4
1048 1097 1083 1132 0.
1108 1098 1140 1139 3,
1164 1099 1203 1131 41

167 1143 208 1176 66
230 1143 327 1176 nudo
351 1152 392 1176 ex
413 1143 488 1176 iure
511 1143 696 1179 Quiritium
719 1141 868 1175 tollendo
916 1142 950 1176 0.
976 1145 1008 1183 7,
1033 1144 1075 1176 25

166 1188 260 1221 nulli
280 1187 382 1221 licere
404 1188 442 1220 in
465 1187 567 1220 frenis
598 1190 631 1220 et
658 1186 866 1230 equestribus
887 1187 979 1220 sellis
1007 1189 1041 1220 et
1067 1188 1105 1220 in
1135 1186 1254 1220 balteis

233 1233 431 1275 margaritas
454 1235 487 1265 et
509 1232 698 1274 smaragdos
728 1234 762 1265 et
783 1232 982 1275 hyacinthos
1005 1234 1120 1275 aptare
1149 1234 1183 1266 et
1214 1233 1254 1265 de

234 1277 418 1311 artificibus
439 1276 598 1320 palatinis
644 1278 679 1312 0.
706 1279 759 1320 11,
787 1279 826 1311 12

168 1323 209 1357 66
236 1324 452 1356 numerariis
480 1322 638 1363 actuariis
669 1323 703 1355 61
732 1322 948 1356 chartulariis
982 1324 1015 1356 61
1044 1322 1255 1357 adiutoribus

235 1367 418 1401 scriniariis
448 1369 482 1400 et
504 1367 733 1410 exceptoribus
761 1367 847 1400 sedis
875 1367 1023 1402 excelsae
1053 1370 1254 1402 ceterorum—

236 1423 300 1455 que
312 1412 462 1445 iudicum
480 1414 547 1444 tam
568 1413 719 1446 civilium
741 1423 841 1455 quam
858 1413 1058 1447 militarium
1091 1413 1127 1448 0.
1143 1415 1195 1455 12,
1210 1415 1253 1448 49

169 1458 210 1491 de
231 1458 404 1491 nundinis
447 1457 491 1491 D.
516 1460 571 1500 50,
598 1460 636 1492 11
687 1458 721 1493 0.
746 1460 779 1501 4,
802 1460 847 1493 60

168 1503 209 1535 66
231 1503 301 1536 ritu
323 1504 530 1546 nuptiarum
576 1503 620 1537 D.
645 1504 700 1545 23,
724 1504 745 1537 2

169 1547 210 1582 de
231 1550 366 1592 nuptiis
409 1547 441 1582 J.
470 1549 498 1590 1,
526 1549 565 1582 10
613 1548 647 1583 0.
673 1551 706 1591 5,
729 1550 751 1583 4

688 1649 737 1695 Ο.

169 1728 209 1761 66
232 1727 407 1761 oblatione
429 1729 582 1761 votorum
630 1728 664 1763 0.
692 1731 744 1770 12,
769 1730 812 1764 48

168 1773 209 1806 66
232 1773 508 1815 obligationibus
530 1774 562 1808 J.
587 1775 620 1816 3,
646 1775 687 1808 13

169 1818 209 1851 de
232 1817 508 1860 obligationibus
530 1821 563 1851 et
585 1818 775 1852 actionibus
819 1819 864 1854 D.
889 1821 944 1862 44,
969 1821 989 1854 7
1038 1819 1073 1854 0.
1098 1821 1131 1862 4,
1157 1821 1198 1853 10

168 1863 209 1895 de
232 1862 507 1905 obligationibus
529 1873 615 1905 quae
638 1875 677 1897 ex
700 1864 823 1897 delicto
846 1866 1031 1898 nascuntur
1075 1865 1107 1899 J.
1131 1866 1164 1906 4,
1191 1866 1207 1899 1

169 1908 210 1941 66
234 1907 510 1950 obligationibus
529 1919 614 1950 quae
626 1910 722 1951 quasi
741 1919 780 1942 ex
793 1909 914 1943 delicto
932 1911 1117 1943 nascuntur
1145 1910 1176 1944 J.
1192 1912 1222 1950 4,
1235 1912 1253 1944 5

168 1953 209 1986 de
232 1952 508 1995 obligationibus
531 1954 626 1995 quasi
650 1965 690 1987 ex
713 1956 887 1988 contractu
930 1955 964 1989 J.
990 1958 1021 1996 3,
1047 1957 1088 1989 27

168 1998 210 2031 66
231 1998 406 2040 obsequiis
419 1999 616 2040 parentibus
637 2002 670 2032 et
687 1999 838 2042 patronis
853 2000 1063 2043 praestandis
1085 2000 1130 2034 D.
1144 2002 1199 2043 37,
1215 2002 1253 2034 15

168 2043 209 2076 66
232 2043 406 2085 obsequiis
426 2044 577 2086 patronis
598 2044 805 2087 praestandis
852 2045 887 2080 0.
912 2047 944 2088 6,
968 2048 990 2080 6

169 2088 209 2120 (16
232 2086 354 2128 officio
377 2087 581 2122 adsessorum
626 2089 670 2124 D.
699 2092 728 2130 1,
752 2092 800 2124 224

168 2132 209 2166 (16
232 2131 354 2173 officio
378 2133 530 2166 civilium
552 2133 703 2167 iudicum
750 2135 786 2168 0.
814 2137 843 2177 1,
868 2137 911 2169 45

169 2178 210 2211 66
233 2177 355 2218 officio
379 2179 509 2211 comitis
532 2179 680 2212 Orientis
727 2179 761 2214 0.
789 2182 818 2220 1,
843 2182 887 2215 36

169 2223 210 2256 66
232 2221 354 2263 officio
378 2223 509 2257 comitis
530 2235 642 2257 rerum
663 2225 870 2267 privatarum
919 2225 954 2260 0.
981 2227 1010 2267 1,
1035 2226 1097 2260 33

169 2268 210 2300 66
233 2267 355 2308 officio
378 2269 509 2302 comitis
530 2280 700 2302 sacrarum
722 2269 942 2313 largitionum
989 2270 1024 2305 0.
1054 2273 1082 2313 1,
1106 2272 1148 2304 32

169 2312 227 2390 Ede
250 2311 372 2353 officio
395 2314 525 2347 comitis
547 2315 634 2348 sacri
655 2314 775 2358 palatii
822 2315 856 2350 0.
885 2319 913 2358 1,
939 2316 996 2360 34]

193 2368 210 2391 6
233 2357 355 2398 officio
379 2359 509 2392 comitis
530 2360 616 2392 sacri
639 2361 836 2402 patrimonii
882 2361 917 2396 0.
945 2363 974 2404 1,
998 2363 1042 2396 34

169 2403 210 2435 66
233 2401 355 2443 officio
379 2403 526 2437 consulis
570 2405 614 2439 D.
643 2407 673 2447 1,
702 2407 740 2439 10

170 2447 211 2480 de
233 2446 355 2488 officio
380 2449 585 2482 diversorum
608 2450 759 2483 iudicum
807 2450 841 2485 0.
869 2453 897 2493 1,
922 2453 965 2486 48

170 2492 210 2525 66
233 2492 354 2533 officio
378 2494 449 2526 eius
472 2495 527 2527 cui
550 2495 707 2528 mandata
730 2497 779 2529 est
800 2496 991 2537 iurisdictio
1036 2496 1080 2531 D.
1109 2498 1138 2539 1,
1161 2499 1200 2531 21

171 2537 212 2570 66
235 2536 356 2615 qffiggo
391 2538 463 2572 eius
493 2540 553 2582 qui
583 2540 688 2574 vicem
719 2540 864 2574 alicuius
892 2541 1015 2575 iudicis
1045 2541 1175 2576 obtinet
1221 2543 1256 2577 0.

261 2606 271 2622 ³

171 2627 212 2660 de
236 2626 356 2667 officio
380 2628 502 2661 iudicis
545 2630 576 2663 J.
602 2632 634 2671 4,
661 2631 700 2664 17

171 2672 212 2705 66
234 2670 356 2712 officio
379 2673 529 2706 iudicum
552 2674 750 2708 militarium
797 2675 831 2710 0.
860 2678 889 2718 1,
912 2678 957 2712 46

170 2716 211 2750 66
233 2715 355 2757 officio
379 2717 516 2751 iuridici
561 2719 604 2754 D.
633 2722 661 2760 1,
687 2722 729 2753 20

170 2761 211 2794 de
234 2761 356 2801 officio
380 2763 515 2796 iuridici
539 2764 759 2798 Alexandriae
807 2766 841 2802 G.
868 2769 898 2808 1,
921 2768 964 2802 57

170 2806 211 2840 de
234 2805 359 2850 officio
383 2808 534 2849 magistri
557 2809 703 2842 militum
753 2810 787 2844 0.
814 2814 843 2853 1,
868 2813 911 2845 29

170 2851 211 2885 66
235 2850 357 2891 officio
380 2853 531 2894 magistri
553 2854 739 2888 officiorum
788 2856 823 2890 0.
851 2858 879 2897 1,
904 2858 945 2891 31

170 2895 211 2929 (16
235 2895 357 2936 officio
379 2898 540 2940 praefecti
562 2909 714 2932 annonae
761 2902 795 2936 0.
823 2904 851 2942 1,
876 2904 920 2936 44

170 2940 212 2974 66
234 2940 356 2981 officio
378 2943 538 2985 praefecti
561 2944 755 2986 Augustalis
799 2946 843 2980 D.
873 2949 900 2989 1,
928 2949 966 2981 17
1017 2946 1052 2983 0.
1079 2949 1108 2990 1,
1131 2950 1173 2983 37

170 2985 211 3019 66
234 2984 357 3025 officio
380 2988 539 3030 praefecti
561 2990 729 3031 praetorio
773 2991 817 3025 D.
844 2993 874 3032 1,
901 2994 939 3026 11

170 3029 211 3064 de
233 3029 354 3071 officio
377 3032 537 3074 praefecti
559 3034 728 3076 praetorio
751 3036 884 3069 Africae
914 3039 947 3070 et
975 3037 1016 3071 66
1045 3037 1137 3071 omni
1167 3037 1254 3071 eius-

237 3075 312 3108 dem
335 3076 519 3110 dioeceseos
540 3081 630 3111 statu
677 3079 711 3114 0.
739 3082 769 3121 1,
794 3083 835 3115 27

169 3121 210 3154 (16
232 3119 354 3161 officio
378 3122 537 3164 praefecti
560 3123 702 3165 vigilum
746 3125 792 3159 D.
819 3128 848 3167 1,
875 3128 915 3160 15
963 3126 997 3161 0.
1026 3130 1054 3169 1,
1078 3129 1121 3161 43

168 3166 210 3199 66
234 3165 355 3206 officio
378 3167 538 3209 praefecti
561 3168 654 3201 urbis
698 3169 742 3203 D.
772 3173 802 3211 1,
832 3172 870 3205 12
919 3171 952 3205 0.
988 3175 1014 3211 l,
1039 3174 1082 3207 28

169 3211 210 3244 de
238 3210 637 3291 gffipiowpmefectorum
669 3215 838 3257 praetorio
876 3217 1022 3251 Orientis
1056 3219 1089 3250 et
1124 3216 1255 3261 Illyrici

169 3300 210 3335 de
232 3299 354 3342 officio
376 3301 537 3344 praesidis
582 3302 625 3337 D.
654 3306 684 3346 1,
711 3307 750 3340 18

167 3346 209 3380 66
232 3343 355 3387 officio
377 3349 569 3389 praetorum
615 3348 659 3383 D.
689 3351 716 3391 l,
745 3352 783 3384 14
833 3351 866 3384 0.
895 3353 925 3393 1,
949 3353 992 3385 39

167 3391 209 3424 de
231 3390 353 3432 officio
375 3391 586 3434 proconsulis
609 3395 642 3426 et
664 3393 768 3436 legati
814 3395 857 3429 D.
885 3398 914 3437 1,
943 3398 982 3430 16
1030 3398 1063 3431 0.
1093 3400 1120 3439 1,
1146 3400 1187 3432 35

167 3435 208 3469 66
231 3434 353 3476 officio
375 3437 601 3479 procuratoris
624 3437 774 3472 Caesaris
796 3439 849 3473 vel
873 3441 1046 3474 rationalis
1091 3443 1134 3477 D.
1163 3447 1191 3485 1,
1213 3445 1253 3478 19

167 3480 208 3514 66
231 3479 354 3522 officio
377 3482 562 3524 quaestoris
606 3483 651 3517 D.
678 3485 708 3525 1,
737 3486 774 3519 13
823 3485 858 3519 0.
886 3488 915 3529 1,
939 3488 981 3520 30

167 3525 208 3558 66
233 3524 355 3566 officio
378 3527 517 3560 rectoris
538 3528 730 3571 provinciae
777 3529 811 3564 0.
842 3532 870 3572 1,
893 3532 938 3565 40

166 3569 208 3603 de
231 3570 353 3611 officio
377 3571 496 3605 vicarii
542 3572 579 3607 0.
606 3575 635 3615 1,
660 3575 703 3608 38

167 3614 209 3648 (16
232 3617 330 3648 omni
350 3625 431 3659 agro
454 3616 583 3651 deserto
612 3620 647 3651 et
675 3619 808 3661 quando
837 3619 967 3654 steriles
998 3620 1166 3655 fertilibus
1190 3623 1252 3656 im-

212 3661 387 3702 ponuntur
434 3661 468 3696 0.
496 3664 548 3705 11,
572 3663 616 3697 59

169 3702 210 3738 (16
233 3708 396 3748 operibus
416 3706 561 3750 publicis
604 3707 650 3743 D.
675 3710 728 3749 50,
755 3711 796 3744 10
844 3710 878 3745 0.
903 3711 935 3753 8,
962 3713 1001 3746 11

2095 120 2397 156 ΡΟΒΒΕΕΒῙΟΝΕ

1311 239 1352 272 66
1376 239 1492 282 operis
1515 237 1711 270 libertorum
1757 237 1801 271 D.
1827 238 1881 278 38,
1910 238 1923 271 1
1975 237 2010 272 0.
2034 238 2067 278 6,
2090 238 2110 272 3

1313 284 1354 317 66
1376 285 1494 327 operis
1515 283 1595 315 novi
1618 282 1831 315 nuntiatione
1876 282 1919 316 D.
1946 283 2000 323 39,
2029 285 2039 315 1

1314 328 1367 371 [66
1389 328 1470 361 novi
1493 331 1610 371 operis
1632 327 1846 360 nuntiatione
1893 327 1928 362 0.
1954 329 1985 369 8,
2013 329 2064 368 10,
2091 326 2144 370 14]

1314 374 1355 407 66
1379 375 1496 417 operis
1518 382 1687 406 servorum
1733 372 1777 406 D.
1803 373 1835 413 7,
1859 373 1878 405 7

1315 419 1355 452 66
1379 420 1521 462 optione
1543 417 1597 451 vel
1620 417 1782 451 electione
1804 416 1916 459 legata
1961 417 2006 451 D.
2031 418 2085 459 33,
2109 419 2130 451 5

1315 464 1356 496 66
1379 463 1506 496 ordine
1528 462 1759 505 cognitionum
1807 461 1841 497 0.
1866 463 1898 503 7,
1925 463 1966 495 19

1316 509 1357 542 66
1381 509 1506 541 ordine
1528 508 1731 540 iudiciorum
1779 506 1813 541 0.
1840 509 1871 547 3,
1895 507 1915 540 8

1317 554 1357 587 de
1381 555 1523 596 origine
1552 553 1638 585 iuris
1672 555 1706 585 et
1740 552 1889 585 omnium
1920 552 2175 594 magistratuum
2207 553 2242 585 61
2274 561 2401 589 succes-

1385 599 1478 631 sione
1500 597 1703 640 prudentum
1749 598 1794 632 D.
1822 600 1851 640 1,
1876 599 1897 631 2

1318 643 1358 676 66
1381 643 1443 677 SC.
1471 642 1645 684 Orfitiano
1691 642 1722 677 J.
1747 645 1779 686 3,
1803 645 1825 676 4

1317 689 1360 721 ad
1383 688 1446 722 SC.
1473 688 1687 729 Orfitianum
1734 688 1769 723 0.
1794 690 1825 730 6,
1851 690 1891 722 57

1317 733 1360 767 ad
1383 734 1446 768 SC.
1469 733 1717 767 Tertullianum
1740 734 1773 767 et
1799 733 2012 775 Orfitianum
2058 732 2102 767 D.
2126 733 2181 776 38,
2206 733 2246 767 17

1840 836 1890 881 Ρ.

1320 913 1360 946 66
1381 915 1496 957 pactis
1541 913 1585 948 D.
1610 915 1642 956 2,
1671 915 1712 948 14
1760 913 1794 948 0.
1818 915 1850 955 2,
1875 915 1895 947 3

1320 959 1360 991 66
1382 962 1496 1002 pactis
1520 959 1692 992 conventis
1719 960 1787 991 tam
1811 969 1910 1002 super
1934 958 2011 991 6616
2041 967 2141 999 quam
2172 964 2271 998 super
2303 953 2405 986 dona-

1387 1004 1480 1037 tione
1503 1006 1581 1037 ante
1604 1005 1739 1047 nuptias
1763 1005 1796 1038 et
1817 1003 2035 1048 paraphernis
2083 1003 2116 1038 0.
2142 1004 2174 1045 5,
2202 1002 2243 1036 14

1321 1049 1361 1081 66
1382 1051 1497 1092 pactis
1520 1049 1688 1082 dotalibus
1733 1050 1777 1082 D.
1803 1051 1856 1091 23,
1881 1052 1901 1083 4

1321 1094 1361 1127 66
1378 1096 1497 1137 pactis
1518 1094 1607 1128 inter
1630 1096 1811 1138 emptorem
1842 1096 1876 1128 et
1898 1094 2104 1128 venditorem
2127 1091 2317 1135 compositis
2364 1089 2405 1122 D.

1393 1141 1445 1181 18,
1472 1142 1487 1173 1
1539 1139 1574 1174 0.
1597 1141 1631 1182 4,
1655 1142 1698 1175 54
2313 1180 2321 1188 ο

1321 1183 1361 1217 66
1381 1186 1498 1228 pactis
1525 1185 1706 1227 pignorum
1734 1187 1768 1220 et
1798 1185 1839 1219 66
1867 1184 2092 1218 commissoria
2119 1182 2194 1226 lege
2222 1182 2259 1216 in
2287 1191 2405 1225 pigno-

1388 1229 1481 1262 ribus
1503 1230 1722 1263 rescindenda
1769 1231 1803 1266 0.
1829 1232 1860 1272 8,
1885 1232 1928 1265 34
1986 1255 1991 1262 .

1321 1274 1361 1307 de
1383 1277 1538 1318 paganis
1561 1277 1594 1308 et
1616 1275 1785 1308 sacrificiis
1809 1277 1843 1309 61
1864 1274 1998 1318 templis
2045 1273 2079 1309 0.
2107 1277 2136 1316 1,
2164 1275 2201 1308 11

1321 1319 1362 1352 66
1382 1320 1530 1363 palatiis
1552 1322 1586 1353 et
1608 1321 1761 1354 domibus
1784 1320 1960 1354 dominicis
2007 1319 2042 1354 0.
2068 1322 2121 1362 11,
2146 1321 2187 1353 77

1321 1365 1362 1398 (16
1381 1365 1554 1408 palatinis
1575 1376 1744 1400 sacrarum
1765 1365 1985 1409 largitionum
2011 1367 2177 1399 et‘rerum
2201 1363 2406 1408 privatarum

1393 1410 1427 1444 0.
1457 1412 1506 1452 12,
1531 1412 1573 1445 23

1322 1455 1363 1489 66
1382 1459 1493 1499 partu
1515 1457 1668 1499 pignoris
1690 1458 1724 1490 et
1746 1456 1838 1489 omni
1861 1466 1960 1489 causa
2007 1455 2042 1490 0.
2068 1457 2100 1498 8,
2123 1457 2168 1491 24

1323 1500 1363 1534 66
1383 1503 1527 1545 pascuis
1547 1502 1693 1544 publicis
1714 1501 1769 1534 vel
1790 1502 1932 1544 privatis
1978 1500 2012 1535 0.
2039 1503 2092 1541 11,
2116 1503 2157 1536 61

1323 1546 1364 1579 66
1383 1548 1506 1590 patria
1527 1549 1689 1589 potestate
1734 1547 1767 1580 J.
1792 1549 1823 1589 1,
1847 1549 1867 1580 9
1916 1546 1951 1581 0.
1975 1547 2007 1589 8,
2031 1547 2076 1580 46

1323 1590 1364 1626 de
1381 1592 1548 1635 patribus
1570 1592 1631 1634 qui
1652 1591 1740 1625 filios
1762 1591 1991 1625 distraxerunt
2037 1591 2072 1626 0.
2096 1593 2130 1633 4,
2154 1592 2197 1626 43

1323 1635 1364 1669 (16
1385 1636 1460 1670 iure
1479 1640 1692 1680 patronatus
1736 1637 1779 1670 D.
1806 1639 1861 1678 37,
1887 1639 1929 1671 14
1977 1636 2013 1672 0.
2038 1639 2070 1678 6,
2093 1640 2116 1672 4

1323 1681 1364 1715 (16
1387 1682 1528 1716 crimine
1548 1683 1734 1726 peculatus
1781 1682 1816 1717 0.
1840 1683 1873 1724 9,
1897 1683 1940 1717 28

1323 1725 1363 1760 66
1381 1727 1524 1770 peculio
1570 1728 1614 1762 D.
1641 1730 1695 1771 15,
1721 1729 1736 1761 1

1323 1772 1363 1805 de
1386 1772 1547 1805 castrensi
1566 1773 1705 1816 peculio
1751 1773 1795 1806 D.
1820 1774 1875 1814 49,
1902 1774 1942 1806 17

1323 1816 1363 1850 66
1384 1817 1524 1861 peculio
1548 1819 1620 1851 eius
1642 1819 1702 1860 qui
1724 1817 1913 1854 libertatem
1935 1818 2060 1851 meruit
2105 1817 2140 1852 0.
2164 1818 2197 1860 7,
2219 1816 2263 1851 23

1323 1862 1363 1895 66
1384 1862 1524 1906 peculio
1547 1862 1659 1906 legato
1704 1863 1748 1897 D.
1775 1865 1829 1905 33,
1853 1865 1872 1897 8

1323 1907 1363 1940 66
1385 1910 1540 1952 pecunia
1562 1909 1744 1942 constituta
1788 1909 1833 1943 D.
1862 1909 1913 1950 13,
1938 1911 1957 1942 5

1323 1952 1364 1986 66
1387 1953 1572 1986 constituta
1588 1955 1745 1998 pecunia
1791 1953 1826 1988 0.
1850 1956 1884 1996 4,
1911 1954 1952 1988 18

1323 1997 1364 2031 (16
1384 1999 1554 2042 pedaneis
1574 1999 1744 2033 iudicibus
1790 1998 1825 2032 0.
1850 2001 1882 2041 3,
1905 2000 1927 2033 3

1324 2043 1365 2076 66
1382 2054 1480 2087 penu
1503 2043 1614 2086 legata
1658 2044 1702 2079 D.
1728 2045 1782 2086 33,
1806 2046 1827 2077 9

1324 2088 1365 2121 de
1385 2088 1701 2132 perfectissimatus
1723 2089 1888 2131 dignitate
1936 2088 1971 2122 0.
1997 2089 2050 2131 12,
2074 2090 2117 2124 32

1324 2133 1365 2167 66
1384 2134 1546 2177 periculo
1570 2145 1684 2168 eorum
1715 2135 1775 2177 qui
1796 2145 1859 2178 pro
1881 2134 2131 2176 magistratibus
2156 2134 2410 2167 intervenerunt

1395 2178 1430 2213 0.
1457 2181 1509 2221 11,
1534 2181 1577 2214 35

1325 2223 1365 2257 (16
1386 2225 1547 2267 periculo
1570 2226 1604 2258 61
1626 2224 1797 2258 commodo
1821 2225 1871 2258 rei
1893 2224 2048 2258 venditae
2087 2224 2132 2259 D.
2148 2226 2199 2267 18,
2213 2226 2234 2260 6
2270 2224 2306 2258 0.
2321 2228 2354 2267 4,
2365 2226 2409 2259 48

1301 2313 1304 2315 ¹
1325 2268 1366 2302 de
1386 2270 1547 2312 periculo
1570 2271 1819 2303 nominatorum
1859 2270 1903 2304 ,0.
1928 2272 1982 2313 11,
2005 2272 2049 2304 34

1326 2314 1366 2348 66
1386 2315 1547 2358 periculo
1572 2326 1796 2349 successorum
1818 2315 1968 2358 parentis
2015 2315 2050 2350 0.
2077 2317 2130 2358 10,
2152 2316 2197 2350 63

1326 2359 1366 2393 66
1387 2360 1548 2403 periculo
1571 2362 1721 2394 tutorum
1745 2363 1778 2394 et
1800 2363 1994 2394 curatorum
2040 2360 2075 2394 0.
2100 2362 2132 2403 5,
2157 2362 2199 2395 38

1326 2404 1367 2438 66
1389 2416 1501 2438 rerum
1521 2407 1782 2449 permutatione
1826 2406 1869 2440 D.
1898 2407 1950 2448 19,
1973 2407 1993 2439 4
2042 2405 2077 2439 0.
2107 2408 2140 2448 4,
2164 2406 2209 2440 64

1326 2449 1366 2483 de
1396 2453 1578 2494 perpetuis
1611 2453 1644 2485 et
1676 2450 1915 2493 temporalibus
1955 2450 2144 2484 actionibus
2182 2452 2215 2484 et
2249 2460 2335 2493 quae
2368 2451 2410 2485 ad

1394 2496 1531 2529 heredes
1553 2498 1587 2529 et
1608 2496 1645 2529 in
1668 2497 1805 2541 heredes
1826 2498 2003 2529 transeunt
2047 2495 2079 2530 J.
2102 2498 2135 2536 4,
2162 2497 2203 2530 12

1323 2551 1389 2584 per
1411 2551 1494 2582 quas
1515 2551 1672 2584 personas
1694 2541 1791 2575 nobis
1813 2541 2007 2583 adquiritur
2051 2541 2082 2575 J.
2108 2542 2140 2580 2,
2163 2542 2184 2576 9
2233 2541 2266 2575 0.
2296 2544 2329 2583 4,
2352 2542 2393 2575 27

1323 2586 1789 2665 ἔενὴῳειέἐῖςεοηαῗίἒοδίε
1810 2586 1974 2666 ἛΙίἕὸαίςξ)
1997 2585 2189 2628 adquiritur
2232 2586 2264 2620 J.
2289 2587 2321 2629 3,
2345 2587 2388 2621 28

1348 2641 1366 2664 6
1414 2641 1467 2664 ere
1491 2643 1504 2664 1
1555 2641 1584 2665 is
1630 2643 1648 2664 e
1708 2642 1775 2665 one
1856 2658 1864 2666 .

1325 2676 1366 2709 de
1386 2678 1557 2719 petitione
1578 2642 1773 2710 hgreditatis
1819 2677 1854 2712 0.
1879 2657 1920 2719 3,,
1935 2679 1975 2712 31

1325 2721 1366 2754 66
1384 2723 1615 2765 petitionibus
1638 2722 1801 2756 bonorum
1823 2721 1963 2756 sublatis
2010 2722 2045 2757 0.
2075 2724 2126 2764 10,
2153 2722 2195 2756 12

1325 2765 1366 2799 66
1388 2766 1520 2800 actione
1540 2769 1782 2810 pigneratioia
1830 2767 1865 2802 0.
1890 2769 1922 2810 4,
1946 2769 1990 2802 24

1325 2810 1365 2844 66
1385 2813 1624 2855 pigner-aticia
1647 2813 1779 2846 actione
1802 2812 1855 2846 vel
1878 2815 1995 2846 contra
2039 2812 2083 2846 D.
2111 2813 2163 2854 13,
2187 2812 2207 2844 7

1325 2856 1365 2889 66
1385 2859 1599 2900 pignoribus
1645 2858 1679 2893 0.
1705 2859 1737 2900 8,
1763 2859 1804 2893 13

1325 2901 1365 2935 de
1385 2904 1598 2945 pignoribus
1618 2904 1652 2936 et
1673 2902 1868 2947 hypothecis
1891 2904 1924 2936 61
1941 2902 2086 2945 qualiter
2107 2912 2145 2936 ea
2167 2902 2407 2936 contrahantur

1393 2949 1427 2980 et
1449 2947 1490 2980 de
1512 2948 1619 2990 pactis
1641 2958 1756 2982 eorum
1801 2947 1845 2982 D.
1870 2950 1926 2991 20,
1952 2950 1969 2984 1

1324 2991 1364 3024 66
1384 2994 1578 3035 pistoribus
1624 2992 1660 3027 0.
1686 2995 1738 3036 11,
1766 2995 1807 3028 16

1324 3037 1364 3070 66
1387 3037 1460 3079 lege
1483 3037 1590 3072 Fabia
1613 3037 1654 3071 de
1673 3038 1867 3082 plagiariis
1910 3038 1955 3074 D.
1979 3039 2034 3082 48,
2061 3040 2102 3074 15

1324 3081 1379 3125 [ad
1400 3081 1507 3124 legem
1531 3082 1670 3116 Fabiam
1694 3083 1735 3117 66
1755 3083 1950 3127 plagiariis
1995 3083 2031 3119 0.
2055 3085 2088 3127 9,
2112 3082 2170 3128 20]

1323 3126 1364 3160 66
1383 3127 1465 3170 plus
1485 3128 1706 3170 petitionibus
1753 3128 1788 3163 0.
1813 3132 1845 3171 3,
1871 3131 1912 3163 10

1320 3171 1647 3252 ρὶωονῗοιξῖῳοᾱ
1669 3173 1783 3216 agitur
1806 3184 1906 3216 quam
1931 3173 2022 3217 quod
2044 3172 2198 3207 simulate
2219 3172 2408 3216 concipitur

1314 3262 1363 3295 -de
1384 3273 1501 3305 poena
1522 3263 1644 3297 iudicis
1667 3264 1727 3306 qui
1749 3264 1835 3298 male
1859 3264 2024 3298 iudicavit
2054 3263 2107 3298 vel
2134 3265 2206 3298 eins
2235 3264 2295 3307 qui
2318 3264 2406 3297 iudi-

1368 3317 1437 3341 cem
1461 3307 1514 3341 vel
1537 3309 1763 3342 adversarium
1787 3320 1996 3353 corrumpere
2021 3309 2152 3343 curavit
2197 3309 2232 3344 0.
2257 3310 2290 3352 7,
2311 3310 2356 3344 49

1323 3351 1363 3385 66
1384 3363 1500 3396 poena
1523 3355 1646 3387 temere
1667 3354 1876 3397 litigantium
1921 3355 1954 3389 J.
1977 3357 2010 3397 4,
2036 3356 2078 3390 16

1323 3396 1363 3430 66
1384 3400 1509 3440 poenis
1552 3399 1597 3433 D.
1622 3400 1676 3442 48,
1703 3401 1743 3435 19
1792 3400 1827 3434 0.
1855 3401 1888 3442 9,
1911 3402 1955 3434 47

1320 3444 1447 3520 poenis}
1465 3443 1636 3499 ⁸fiscali-bus·
1655 3444 1835 3479 creditores
1856 3445 2018 3489 praeferri
2065 3444 2100 3480 0.
2127 3444 2180 3487 10,
2203 3445 2223 3479 7

1321 3487 1363 3566 {2
1381 3488 1712 3578 Ῠοέξοῗοῖἶῖἕῖῑῗῗο
1733 3490 1931 3579 ,fai-rigat?
1969 3535 2013 3571 a.
2035 3536 2090 3578 48,
2113 3536 2135 3570 9

1321 3577 1362 3611 (16
1382 3578 1682 3622 ponderatoribus
1704 3583 1738 3613 61
1759 3581 1835 3614 auri
1857 3580 2012 3615 illatione
2058 3580 2094 3615 0.
2121 3582 2173 3623 10,
2198 3582 2241 3617 73

1321 3623 1362 3656 66
1379 3623 1615 3667 popularibus
1635 3625 1825 3659 actionibus
1869 3626 1914 3661 D.
1939 3628 1995 3669 47,
2017 3626 2060 3660 23

1321 3667 1362 3701 66
1383 3668 1591 3710 adquirenda
1614 3672 1648 3703 61
1669 3671 1846 3704 retinenda
1865 3671 2082 3715 possessione
2129 3670 2165 3705 0.
2189 3672 2221 3714 7,
2245 3672 2290 3711 ,32

1321 3713 1361 3747 de
1383 3713 1589 3755 adquirenda
1611 3714 1665 3749 vel
1686 3715 1876 3750 amittenda·
1889 3717 2106 3761 possessione
2150 3716 2196 3751 D.
2218 3718 2275 3760 41,
2297 3715 2320 3753 ²
