2528 3918
162 110 430 155 XXXIIII5

162 233 236 269 mul
258 243 302 268 ea
324 235 476 285 possunt
497 241 578 268 esse
597 242 691 275 vera,
715 233 875 277 quamvis
893 233 984 268 inter
1006 243 1046 268 se
1069 231 1251 268 contraria

162 282 256 323 sunt,
280 288 364 323 quia
388 287 468 313 cum
492 276 703 322 significatio
732 287 806 314 non
829 287 875 314 ex
898 277 1081 319 universo,
1112 276 1176 313 sed
1206 286 1253 312 ex

163 324 282 369 aliquo
306 323 470 364 sumitur,
494 322 525 357 si
547 322 622 357 veri
645 321 779 368 aliquid
795 322 877 359 inde
900 322 947 358 sit
959 323 981 363 ¹,
1004 332 1125 357 veram
1141 321 1253 357 efficit

162 374 274 404 totam
309 367 522 403 orationem:
551 367 646 403 sicut
678 377 699 403 e
737 367 918 404 contrario
949 367 1043 402 duae
1072 367 1251 403 orationes

190 413 362 458 uguantia
385 412 608 448 continentes
632 411 736 449 simul
750 412 865 448 falsae
878 416 964 448 sunt
973 412 999 454 ²,
1022 411 1132 448 veluti
1145 412 1176 447 si
1191 411 1252 456 qui

164 425 356 494 {iberorum
377 457 509 504 partim
532 457 704 503 puberes,
736 458 867 503 partim
895 457 1096 502 impuberes
1127 456 1250 492 deces-

164 503 287 546 serint,
311 503 419 538 nam³
441 506 478 537 et
499 502 568 538 hoc
591 501 721 538 falsum
745 503 814 538 erit
829 512 952 538 omnes
970 501 1172 547 impuberes
1187 501 1251 537 de-

163 549 312 584 cessisse
343 551 380 583 et
413 547 502 583 illud
535 557 656 583 omnes
685 548 838 592 puberes
869 546 1085 583 decessisse..
1128 546 1166 582 id
1189 556 1250 582 ac-

163 593 258 636 cidit,
283 593 368 638 quia
391 591 607 638 significatio
631 592 782 628 sumitur
805 603 850 628 ex
871 592 1048 635 universo,
1072 592 1109 627 in
1125 602 1197 637 quo
1220 590 1251 627 si

162 637 296 684 aliquid
325 637 456 673 falsum
489 641 560 681 est,
599 641 712 673 totam
744 637 939 673 orationem
967 636 1096 672 falsam
1126 636 1249 672 efficit.

162 682 514 719 animadvertendum
536 682 645 728 igitur
667 686 732 725 est,
757 681 841 728 quid
863 682 921 724 sit,
945 681 990 717 de
1013 692 1083 728 quo
1106 681 1248 727 quaeri-

163 733 231 764 tur.
279 738 363 764 nam
397 738 478 764 cum
509 727 561 763 ita
584 727 686 763 conci
712 728 747 763 io
779 728 820 763 ‘si
851 726 939 763 illud
968 731 1032 763 aut
1060 727 1149 763 illud
1175 738 1249 763 non

162 774 281 809 suerit'
290 774 327 816 θ’,
341 773 464 826 quaeri
476 772 591 816 debet,
604 783 651 808 an
704 772 800 818 ‘quid
811 772 948 808 factum
961 783 1034 808 non
1047 772 1112 808 sit:
1131 772 1249 808 ⁴illius

164 818 311 855 effectus
333 818 394 854 hic
418 821 491 860 est,
523 822 565 853 ut
592 821 758 854 neutrum
788 816 871 860 fiat,
901 817 1008 854 huius
1037 821 1174 860 autem,
1209 820 1250 852 ut

165 868 352 910 utrumque
374 863 458 899 fiat:
482 873 550 898 nec
565 862 602 898 in
625 862 685 898 illo
698 862 844 908 prodest
866 862 914 898 ali
939 863 1001 898 uid
1019 874 1092 899 non
1107 862 1247 903 fecisse,

163 910 193 945 si
216 908 350 954 aliquid
371 908 508 944 factum
531 908 589 950 sit,
613 918 730 960 neque
751 908 790 943 in
812 908 882 944 hoc
945 907 1041 953 'quid
1052 907 1192 950 fecisse,
1218 908 1249 943 si

162 958 182 990 4
227 953 367 1000 aliquid
390 952 527 989 factum
550 963 624 989 non
646 957 704 989 sit.
750 952 906 989 Proinde
921 952 953 989 si
976 953 1055 998 quis
1071 953 1123 988 ita
1137 953 1247 989 inter-

162 1004 283 1045 roget:
308 1002 443 1035 ‘eorum
466 997 562 1051 quid,
586 1008 677 1043 quae
692 997 896 1035 obiciuntur
909 998 987 1041 tibi,
1010 997 1167 1035 secisti'?
1189 997 1249 1034 ille

162 1043 1248 1125 iaeffioiissfflifflss⁵⁶²niffifi¹3r3ffieci³¹²esib³⁰ii²sniuiz

160 1140 233 1172 tem
254 1135 361 1181 plura
382 1115 430 1170 in’
443 1134 490 1170 sti
514 1134 654 1170 alatum
678 1133 843 1176 deducat,
891 1115 1017 1170 uor‘um
1040 1100 1150 1169 unffim
1171 1133 1250 1170 fieri

161 1180 255 1225 velit,
279 1180 332 1215 ita
355 1190 480 1225 compr
527 1178 657 1215 endere
680 1178 805 1215 debet:
853 1179 860 1186 '
889 1178 939 1215 ud
968 1182 1032 1214 aut
1061 1179 1149 1215 illud
1171 1179 1250 1215 fieri

162 1224 353 1271 spondes?
376 1225 407 1260 si
429 1224 517 1260 nihil
540 1234 664 1260 eorum
686 1223 823 1260 factum
845 1224 924 1267 erit,
947 1227 1089 1260 tantum
1109 1223 1249 1260 dabis’?

162 1275 182 1307 6
228 1271 318 1307 Item
340 1270 372 1306 si
395 1273 499 1322 pater
521 1268 676 1305 familias
689 1269 727 1304 in
747 1272 960 1305 testamento
977 1268 1030 1304 ita
1046 1269 1247 1322 scripserit:

162 1316 203 1352 ‘si
226 1316 307 1361 quis
330 1314 417 1350 1111111
439 1314 533 1350 filius
557 1317 623 1350 aut
643 1313 718 1349 filia
739 1314 891 1359 genitur,
914 1314 1019 1350 heres
1042 1314 1129 1350 101111
1151 1318 1247 1351 esto:

161 1361 203 1397 ‘si
234 1360 319 1396 mihi
351 1359 445 1395 iilius
469 1362 533 1395 aut
559 1359 635 1395 filia
655 1359 761 1395 heres
790 1370 863 1395 non
895 1359 980 1402 erit,
1012 1359 1114 1395 Seius
1144 1359 1249 1396 heres

161 1406 274 1450 ‘esto',
298 1416 371 1441 non
394 1404 481 1441 satis
503 1404 723 1440 voluntatem
746 1415 847 1441 suam
879 1403 1092 1448 declaravit,
1123 1404 1153 1441 si
1175 1415 1249 1440 non

160 1451 266 1487 aliter
288 1454 498 1486 extraneum
518 1449 687 1503 heredem
711 1459 791 1486 esse
812 1449 918 1493 volet,
949 1460 1057 1496 quam
1080 1450 1112 1486 si
1133 1460 1250 1495 neque

160 1496 253 1532 filius
278 1505 394 1541 neque
415 1495 491 1531 filia
511 1494 616 1531 heres
648 1498 713 1531 sit:
745 1494 816 1531 hoc
846 1495 939 1530 enim
969 1495 1076 1531 modo
1108 1495 1249 1542 concipi

161 1545 320 1587 oportet:
355 1540 398 1576 ‘si
419 1539 506 1576 mihi
528 1550 644 1586 neque
666 1539 762 1576 filius
792 1550 909 1586 neque
930 1539 1005 1577 filia
1029 1540 1133 1576 heres
1156 1540 1248 1577 erit'.

160 1589 279 1639 potest
301 1589 422 1638 autem
443 1584 622 1637 interdum
646 1585 810 1638 superior
831 1585 1012 1631 scriptura
1028 1595 1107 1622 esse
1123 1596 1247 1622 neces-

159 1642 325 1729 ἱὲῗέᾱθὲ
343 1641 543 1728 ἓᾈᾚέὲῗ
554 1630 738 1729 31¹2,qu
758 1630 1249 1712 fflfflbsssfflffi

160 1726 217 1764 Sit,
241 1725 450 1757 extraneum
472 1730 633 1764 miscere,
665 1731 739 1757 sive
761 1724 900 1764 neuter,
930 1725 1140 1757 extraneum
1163 1721 1248 1758 sub-

159 1767 318 1803 stituere.
366 1765 430 1802 sed
458 1766 651 1812 proclivior
681 1769 737 1802 est
766 1766 945 1802 sententia
980 1766 1163 1803 testatoris
1195 1766 1248 1802 sic

160 1822 239 1848 esse
260 1810 528 1857 interpretanda
540 1812 565 1853 ⁶,
597 1815 656 1854 ut,
688 1811 762 1848 sive
791 1810 888 1848 filius
911 1811 985 1848 sive
1014 1811 1090 1847 filia
1117 1812 1195 1848 nati
1216 1811 1250 1848 ei

160 1857 301 1899 fuerint,
325 1861 517 1892 extraneus
541 1867 614 1892 non
627 1856 848 1901 admittatur,
872 1857 941 1893 nisi
957 1856 1160 1903 specialiter
1178 1857 1249 1893 hoc

159 1906 310 1938 testator
334 1901 558 1947 expresserit.

207 1946 259 1985 14
283 1945 367 1991 (15)
392 1945 630 1982 Misenum
649 1946 740 1983 libro
769 1951 876 1982 sexto
900 1947 1165 1983 institutionum
1211 1946 1249 1983 Si

159 1993 237 2038 quis
262 1992 314 2027 ita
336 1991 538 2037 scripserit:
564 1991 656 2034 ι11110,
680 1991 741 2037 qui
762 1995 1014 2027 testamentum
1037 2002 1154 2028 meum
1178 1992 1206 2028 s‘
1232 2012 1247 2020 -

161 2038 353 2082 ι1101011111,
383 2037 488 2072 110100
518 2046 618 2072 meus
649 2036 772 2073 decem
796 2035 905 2079 dato’,
936 2036 1130 2074 Trebatius
1161 2048 1186 2073 u
1205 2037 1214 2045 '
1229 2047 1249 2074 e

160 2083 315 2128 legatum
339 2092 418 2118 esse
430 2085 552 2127 putat:
577 2081 674 2127 quod
686 2082 905 2127 Pomponius
918 2082 1036 2118 verius
1060 2092 1139 2119 esse
1154 2082 1247 2118 exis-

159 2129 273 2170 timat,
308 2128 393 2173 quia
414 2127 532 2172 ipsum
554 2129 806 2164 testamentum
834 2126 1068 2163 confirmatur
1097 2127 1247 2164 testibus

160 2173 330 2209 adhibitis
367 2172 464 2218 quod
486 2182 608 2208 verum
631 2181 710 2208 esse
731 2172 907 2208 existimo.

208 2216 259 2256 15
279 2199 369 2270 ‚(133)
389 2216 501 2270 vau
520 2216 612 2254 libro
635 2216 794 2270 secundo
809 2216 1020 2299 2390101100
1067 2217 1248 2262 Quaedam

160 2267 254 2308 sunt,
277 2274 315 2299 10
338 2262 468 2308 quibus
491 2271 548 2298 res
572 2261 682 2298 dubia
704 2265 770 2305 est,
795 2272 812 2298 s
873 2272 917 2298 ex
939 2265 1023 2308 post
1036 2261 1134 2298 facto
1150 2267 1247 2299 retro

160 2309 304 2344 ducitur
326 2312 363 2344 et
393 2311 562 2353 apparet,
598 2306 684 2353 quid
706 2310 827 2343 actum
851 2310 917 2343 est.
964 2310 1006 2343 ut
1028 2317 1112 2344 ecce
1135 2307 1167 2344 si
1189 2318 1247 2344 res

159 2355 277 2399 legata
299 2352 409 2389 fuerit
432 2356 468 2388 et
491 2352 712 2389 deliberante
733 2351 906 2398 legatario
937 2362 1015 2388 eam
1045 2363 1121 2388 rem
1143 2352 1247 2389 heres

159 2400 218 2435 alii
236 2397 443 2434 tradiderit:
467 2408 551 2434 00111
575 2397 606 2434 01
629 2397 771 2443 quidem
785 2397 944 2434 ‘voluerit
965 2397 1157 2443 legatarius
1180 2397 1245 2434 ha-

160 2445 243 2480 bere
265 2444 431 2490 legatum,
454 2442 599 2480 traditio
622 2442 722 2478 nulla
745 2446 810 2486 est,
835 2443 867 2479 si
888 2452 973 2480 vero
994 2442 1246 2488 repudiaverit,

160 2489 261 2525 valet.
307 2488 518 2524 tantundem
548 2491 604 2525 est
635 2491 672 2524 et
710 2487 741 2524 si
771 2488 967 2534 pecuniam,
993 2487 1247 2524 hereditariam

159 2535 310 2579 legatam
334 2533 525 2570 crediderit
546 2533 669 2569 heres:
701 2543 784 2569 nam
820 2533 852 2569 si
874 2532 1015 2579 quidem
1045 2543 1119 2569 non
1140 2543 1247 2579 repu-

159 2579 307 2615 diaverit
325 2579 528 2624 legatarius,
553 2578 706 2614 alienam
724 2578 913 2624 pecuniam
932 2577 1093 2622 credidit,
1117 2578 1149 2615 si
1164 2588 1247 2614 vero

161 2624 409 2670 repudiaverit,
432 2634 535 2660 suam
557 2623 746 2669 pecuniam
766 2623 961 2660 credidisse
978 2623 1128 2660 videtur.
1163 2622 1249 2669 quid

159 2680 260 2715 ergo,
289 2669 332 2750 sit
344 2679 492 2750 cogisoigm
517 2672 557 2704 ta
578 2668 688 2705 fuerit
708 2668 887 2714 pecunia?
921 2668 1045 2714 utique
1065 2668 1158 2704 idem
1180 2669 1249 2706 erit

162 2726 204 2750 ex
227 2725 315 2751 even
331 2725 356 2749 u
458 2725 483 2749 n
507 2725 579 2750 um.

210 2757 261 2797 16
286 2757 368 2803 (17)
392 2758 499 2811 Iopas
534 2759 625 2796 libro
660 2759 764 2794 tertio
799 2758 1009 2811 requlgrrum
1067 2758 1170 2803 Quod
1204 2758 1249 2794 de

161 2805 296 2850 pariter
318 2808 468 2840 mortuis
500 2807 715 2846 tractamus,
746 2806 783 2840 et
812 2814 851 2839 10
872 2803 952 2839 alus
983 2803 1157 2849 agitatum
1181 2808 1247 2840 est.

160 2855 201 2886 ut
223 2859 308 2886 0000
331 2849 362 2886 01
385 2853 497 2885 mater
519 2849 692 2902 stipulata
707 2853 764 2885 est
786 2848 904 2885 dotem
919 2858 942 2884 a
964 2849 1092 2884 marito
1107 2853 1249 2885 mortua

160 2894 234 2931 filia
257 2895 293 2930 in
308 2894 534 2930 matrimonio
558 2894 626 2930 01111
642 2893 743 2930 reddi
766 2899 802 2930 et
815 2893 920 2930 simul
943 2904 1024 2930 cum
1046 2893 1122 2930 filia
1143 2893 1246 2939 perit,

159 2951 207 2976 an
229 2939 276 2976 ad
293 2939 459 2975 heredem
477 2939 599 2975 matris
616 2939 710 2975 actio
734 2949 779 2975 ex
800 2939 973 2984 stipulatu
997 2940 1247 2984 competere⁷?

160 2990 197 3021 et
218 2984 320 3021 divus
343 2984 430 3020 Pius
453 2984 639 3030 rescripsit
667 2995 741 3020 non
771 2994 850 3021 esse
879 2984 1103 3020 commissam
1131 2984 1245 3029 stipu-

165 3035 174 3065 1
225 3030 414 3083 lationem,
444 3030 529 3075 quia
559 3033 672 3065 mater
695 3029 788 3081 filiae
810 3039 883 3066 11011
905 3028 1110 3082 supervixit.
1156 3028 1247 3081 Item

160 3073 1245 3171 1Ἥὲ1001101011110111ῖὲξὲξῶ

159 3165 351 3212 stipulatus
374 3168 479 3208 esset,
504 3174 552 3200 an
574 3163 622 3200 ad
636 3164 803 3200 heredem
816 3175 919 3201 suum
935 3169 1113 3201 actionem
1126 3167 1244 3201 11000-

160 3211 290 3246 mittat.

210 3254 258 3293 17
295 3252 377 3300 (18)
414 3254 573 3292 Pavum
605 3254 698 3291 libro
737 3253 947 3291 duodecimo
978 3254 1029 3290 ad
1059 3253 1244 3290 Plautium

159 3301 257 3338 Idem
281 3305 347 3343 001,
371 3300 402 3337 si
426 3300 491 3336 dos
515 3299 619 3336 uxori
642 3299 874 3344 111-0010301οθ
903 3299 951 3336 sit
974 3303 1011 3335 et
1033 3298 1138 3336 simul
1162 3309 1244 3335 cum

161 3347 289 3382 marito
338 3346 467 3382 erierit

209 3387 260 3430 18
284 3357 368 3435 (1⁹9)
392 3389 629 3427 mamma
654 3387 748 3426 libro
780 3389 883 3423 tertio
914 3389 1126 3436 reqularum
1172 3387 1243 3425 Sed

161 3508 201 3545 (1)
224 3503 303 3538 inde
313 3503 370 3547 sit]
382 3503 465 3536 insit
475 3515 537 3536 ner.
667 3502 713 3541 (2)
736 3503 816 3534 sunt
827 3502 889 3535 del.
1017 3504 1059 3542 (³)
1086 3512 1161 3535 nam
1176 3502 1239 3536 dol.

160 3551 215 3588 ιδ’)
238 3559 307 3582 non
317 3548 431 3591 fuerit]
443 3547 568 3581 factum
580 3557 649 3581 0011
660 3546 726 3582 erit
740 3559 803 3580 aer.
874 3550 916 3586 (4)
940 3557 1017 3579 0010
1027 3547 1078 3580 ita
1088 3546 1241 3591 concipio

160 3594 198 3626 ‘si
216 3593 304 3627 illud
321 3595 356 3627 et
370 3591 457 3627 illud
477 3593 600 3625 sactum
617 3602 687 3626 non
698 3590 784 3633 erit',
802 3591 918 3634 quaeri
929 3590 1037 3634 debet,
1054 3602 1098 3625 an
1111 3594 1240 3626 uti-um-

161 3649 223 3681 que
235 3639 360 3672 factum
371 3638 416 3671 sit
429 3640 488 3672 im.
587 3638 631 3678 (5)
654 3636 811 3681 exprimit
821 3637 894 3670 odd.
998 3637 1042 3678 (0)
1067 3636 1168 3670 verba
1179 3639 1239 3671 im.

1240 108 1328 157 494

1475 26 1545 92 ἢ

1535 93 1538 121 ί

1990 122 2052 153 ΒΕ
2078 122 2220 155 mus
2247 122 2399 155 DUBBS

1322 236 1357 266 et
1380 231 1418 266 in
1440 230 1500 267 illo
1524 231 1716 277 quaeritur,
1740 232 1771 267 si
1793 231 1928 278 pariter
1950 231 2107 277 pupillus
2130 235 2168 268 et
2182 232 2244 278 qui
2265 232 2299 268 ei
2313 233 2398 269 sub-

1320 276 1469 312 stitutus
1490 279 1569 312 erat
1590 275 1702 313 frater
1723 276 1947 313 necessarius
1971 275 2180 319 decesserit,
2211 287 2259 313 an
2288 276 2400 315 frater

1319 319 1426 356 fratri
1448 320 1598 357 exsistat
1618 321 1723 359 heres
1752 332 1799 357 an
1830 324 1974 357 contra:
2005 321 2061 358 vel
2091 321 2122 357 si
2145 320 2216 357 duo
2250 322 2399 360 invicem

1319 365 1514 418 necessarii
1535 366 1721 402 substituti
1743 370 1827 402 sunt
1841 370 1878 402 et
1899 377 1972 402 una
1987 366 2167 412 perierint,
2190 377 2238 402 an
2251 367 2399 405 heredes

1319 410 1499 446 exstitisse
1521 410 1724 447 videantur:
1754 411 1810 447 vel
1839 411 1931 447 alter
1953 411 2056 447 alteri
2080 411 2161 454 (hoc
2191 413 2270 447 est’
2291 413 2323 448 si
2344 413 2399 449 in-

1319 455 1443 499 vicem)
1467 455 1699 492 hereditatem
1721 456 1836 501 rogati
1858 456 1991 492 fuerint
2018 457 2217 493 restituere.
2264 458 2300 492 in
2323 458 2398 504 qui-

1318 500 1386 536 bus
1411 500 1556 553 casibus
1580 500 1610 537 si
1633 501 1768 547 pariter
1790 501 2009 538 decesserint
2030 511 2097 537 nec
2113 511 2160 548 ap
2185 506 2296 545 areat,
2320 503 2399 549 quis

1318 546 2012 627 ῗοω.0011ἐῐυ11ὲ801ωὲῗίιὲἰῐ1ἑὲ0111ᾱο101
2034 546 2126 582 alter
2148 512 2252 583 AEteri
2273 558 2399 594 super-

1316 646 1385 672 nus
1410 646 1491 671 cum
1520 635 1631 672 servis
1654 635 1760 672 simul
1788 636 1862 672 vita
1906 640 2037 673 unctus
2060 638 2123 680 sit,
2157 637 2269 681 servi,
2298 648 2401 684 quasi

1315 681 1354 762 it}
1379 680 1489 761 ιζ1113ὶο10
1520 680 1598 717 eius
1628 680 1753 718 mortis
1783 685 1944 727 tempore
1973 681 2125 725 fuerint,
2157 692 2231 718 non
2254 693 2400 729 compu-

1355 737 1379 761 n
1441 753 1450 761 .

1366 768 1417 809 19
1443 767 1527 814 (20)
1557 770 1754 807 Uspuivvs
1768 770 1860 807 libro
1883 771 2048 808 vicesimo
2077 773 2203 818 quinto
2227 772 2278 808 ad
2298 772 2401 810 Sabi-

1316 826 1400 851 num
1451 815 1490 851 Si
1521 815 1683 861 cognatis
1705 816 1861 869 legatum
1883 815 1931 852 sit
1954 820 1990 852 et
2018 816 2057 852 hi
2088 818 2230 863 cognati
2261 818 2401 863 quidem

1318 871 1397 897 esse
1419 860 1612 904 desierunt,
1634 861 1673 897 in
1696 861 1839 897 civitate
1861 864 1981 897 autem
2003 867 2182 907 maneant,
2213 863 2402 900 dicendum

1317 905 1441 942 deberi
1462 905 1635 952 legatum:
1668 906 1813 952 cognati
1843 906 1936 942 enim
1964 908 2168 944 testamenti
2197 907 2284 944 facti
2311 914 2400 944 tem-

1316 961 1405 997 pore
1426 951 1585 987 fuerunt.
1632 954 1729 988 certe
1751 951 1783 987 si
1805 951 1885 1004 quis
1907 952 2109 987 testamenti
2131 951 2221 989 facti
2242 958 2402 1000 tempore

1318 999 1491 1042 cognatus
1514 1007 1588 1033 non
1608 996 1689 1040 fuit,
1712 1000 1837 1032 mortis
1860 1000 2021 1042 tempore
2043 995 2162 1033 factus
2181 1002 2238 1034 est
2279 1008 2320 1035 er
2337 998 2400 1034 ad-

1321 1045 1335 1077 1
1385 1041 1616 1088 rogationem,
1639 1040 1781 1078 facilius
1803 1041 1959 1087 legatum
1982 1042 2222 1088 consequitur.
2286 1043 2301 1079 i
2323 1043 2401 1090 quis

1318 1097 1338 1122 c
1432 1086 1522 1123 tioni
1543 1087 1556 1122 l
1601 1090 1653 1130 et,
1676 1086 1771 1123 idem
1795 1090 1849 1123 est
1871 1090 1979 1132 atque
2002 1086 2035 1122 si
2056 1087 2216 1132 cognatis
2238 1088 2402 1134 legasset.

1392 1130 1417 1171 Ο
1455 1129 1538 1176 (21)
1558 1097 1733 1168 eiham
1763 1133 1855 1168 libro
1888 1131 2098 1168 duodeoimo
2133 1133 2184 1169 ad
2216 1132 2401 1170 Plautium

1318 1177 1406 1213 Cum
1430 1180 1578 1214 senatus
1599 1180 1672 1214 tem
1698 1176 1821 1214 oribus
1844 1176 1915 1213 divi
1930 1176 2048 1213 Marci
2069 1178 2271 1222 permiserit
2294 1179 2401 1216 colle-

1316 1222 1381 1267 giis
1399 1223 1529 1268 legare,
1554 1223 1654 1258 nulla
1694 1221 1845 1258 ubitatio
1864 1226 1929 1264 est,
1954 1221 2102 1268 quodffl,
2125 1223 2157 1258 si
2179 1224 2321 1269 corpori
2345 1225 2403 1261 cui

1317 1268 1401 1304 licet
1424 1268 1519 1304 coire
1541 1267 1697 1313 legatum
1712 1267 1770 1310 sit,
1795 1267 1985 1304 debeatur:
2011 1267 2070 1303 cui
2091 1270 2212 1304 autem
2231 1279 2304 1305 non
2318 1269 2403 1306 licet

1317 1313 1348 1349 si
1370 1313 1518 1359 legetur,
1542 1323 1616 1349 non
1637 1312 1781 1356 valebit,
1804 1313 1873 1349 nisi
1895 1312 2041 1358 singulis
2064 1312 2218 1359 legetur:
2250 1313 2288 1350 hi
2309 1315 2403 1351 enim

1317 1369 1389 1394 non
1413 1357 1738 1439 11000111οο11οξ.ἶο111,
1769 1357 1833 1395 sed
1856 1357 1958 1404 quasi
1981 1358 2070 1394 certi
2091 1358 2252 1396 homines
2275 1359 2401 1396 admit-

1317 1407 1439 1440 tentur
1462 1413 1484 1438 a
1689 1430 1698 1439 .

1363 1445 1413 1486 21
1441 1446 1525 1492 (22)
1573 1458 1659 1485 osu
1682 1448 1772 1485 libro
1801 1452 1935 1500 quarto
1967 1447 2103 1484 decimo
2134 1448 2186 1484 ad
2219 1448 2400 1485 Plautium

1810 1494 1948 1539 guitas,
1983 1493 2077 1529 valet
2107 1493 2203 1539 quod
2233 1494 2305 1530 acti
2336 1499 2402 1538 est,

1987 591 2195 635 ruciam,
2227 592 2259 628 si
2288 592 2399 647 domi3

1316 1493 1388 1530 Ubi
1410 1498 1467 1530 est
1495 1493 1686 1530 verborum
1716 1493 1810 1529 ambi

1316 1539 1426 1575 velut-i
1450 1550 1531 1575 cum
1554 1538 1715 1576 Stichum
1738 1538 1888 1584 stipuler
1910 1542 1947 1574 et
1970 1538 2040 1574 sint
2062 1539 2184 1584 plures
2199 1538 2323 1583 Stichi,
2347 1540 2402 1577 vel

1316 1584 1514 1628 hominem,
1543 1584 1636 1620 vel¹'
1663 1583 1886 1629 Carthagini,
1917 1594 1998 1619 cum
2028 1583 2101 1620 sint
2130 1584 2222 1620 duae
2253 1585 2401 1621 Cartha·

1323 1634 1336 1664 1
1387 1630 1499 1675 gines.
1547 1628 1694 1675 Semper
1714 1629 1753 1664 in
1767 1628 1885 1665 dubiis
1898 1628 1937 1664 id
1951 1628 2128 1674 agendum
2149 1634 2215 1673 est,
2240 1634 2282 1665 ut
2294 1641 2402 1676 quam

1315 1674 1495 1711 tutissimo
1517 1674 1599 1710 loco
1622 1684 1681 1710 res
1704 1674 1752 1710 sit
1773 1674 1869 1727 bona
1898 1673 1970 1709 fide
1993 1678 2197 1718 contracta,
2229 1675 2299 1712 nisi
2322 1687 2401 1712 cum

1316 1731 1340 1756 a
1362 1763 1418 1803 22
1443 1719 1805 1817 (Ξὲἲιῗιινὲξῖηιεῖξῃ
1815 1765 1894 1817 ibro
1922 1723 2047 1817 {isagoge
2070 1775 2121 1800 ex
2146 1764 2267 1801 Cassio
2314 1765 2402 1802 Oum

1315 1811 1453 1856 pubere
1482 1809 1557 1847 filio
1587 1812 1702 1846 mater
1731 1809 1918 1854 naufragio
1948 1813 2073 1855 pernt:
2113 1820 2194 1845 cum
2223 1810 2403 1863 explorari

1316 1866 1403 1937 ἓοὲᾱ
1404 1854 2011 1936 epfgs{351AEtediiugriorvigxssstgnctus
2034 1855 2100 1898 sit,
2130 1854 2319 1892 humamus
2347 1861 2402 1892 est

1338 1912 1358 1937 r
1711 1912 1754 1937 us
1909 1927 1917 1935 .

1363 1943 1416 1985 23
1441 1942 1524 1990 (24)
1551 1945 1675 1982 011100
1701 1945 1793 1982 libro
1825 1946 1950 1991 quinto
1981 1944 2033 1980 ad
2065 1945 2098 1981 le
2123 1956 2178 1981 cm
2201 1944 2335 1982 Iuliam
2367 1951 2401 1982 et

1317 1990 1474 2045 Papiam
1506 2036 1514 2043 ·
1532 1990 1571 2026 Si
1605 1990 1730 2044 mulier
1765 2001 1847 2026 cum
1879 1989 1953 2026 filio
1995 1989 2094 2044 impu
2207 1991 2400 2044 ‘naufragio

1316 2040 1435 2134 pefflt,
1449 2035 1753 2126 (ἓῖῗῖθῆᾼὲἓῇ
1759 2039 1938 2133 ιῖῗθοῗίῖξῒ
1958 2035 2401 2135 ffieclilmtzpeffiffitorqm

1318 2125 1407 2163 Cum
1422 2138 1461 2163 m
1476 2129 1690 2163 testamento
1707 2127 1871 2171 ambigue
1885 2129 1950 2161 aut
1963 2129 2070 2161 etiam
2176 2136 2272 2162 eram
2285 2137 2400 2173 senp-

1316 2176 1394 2207 tum
1417 2175 1482 2215 est,
1506 2171 1657 2217 benigne
1671 2171 1900 2217 interpretari
1922 2174 1959 2206 et
1974 2180 2084 2206 secun
2108 2172 2211 2206 um¹²
2232 2171 2281 2215 id,
2305 2171 2401 2218 quod

1317 2216 1485 2253 credibile
1507 2220 1563 2253 est
1586 2216 1790 2262 cogitatum,
1815 2215 2030 2252 credendum
2052 2220 2118 2252 est.

1362 2259 1416 2300 25
1441 2259 1523 2306 (26)
1552 2261 1698 2298 Casus
1708 2261 1800 2297 libro
1823 2261 1987 2297 vicesimo
2001 2260 2158 2297 secundo
2180 2260 2400 2308 digestorum

1317 2306 1439 2352 ‘Quem
1462 2305 1584 2343 heredi
1605 2316 1685 2342 meo
1707 2305 1830 2342 dixero
1845 2305 1933 2342 velle
1955 2316 2014 2342 me
2034 2305 2186 2342 liberum
2198 2316 2287 2349 esse,
2310 2307 2401 2343 liber

1316 2355 1431 2433 tm.
1455 2350 2191 2433 ssffuuhardss‘kmdmmeissss’hfflssffl
2209 2351 2400 2433 ‘¹33erss

1316 2442 1347 2495 pi
1394 2441 1583 2523 01ὴὲ111ωὲ
1607 2441 1823 2487 argumentis
1838 2441 2037 2487 apparebit,
2061 2440 2105 2477 de
2120 2451 2191 2487 quo
2212 2408 2397 2484 dixssnadl

1315 2499 1363 2523 110
1402 2498 1446 2523 en
1470 2497 1494 2522 a
1517 2497 1555 2522 es
1573 2513 1582 2522 .

1390 2529 1416 2571 6
1449 2529 1532 2576 (27)
1566 2531 1675 2567 Imm
1709 2530 1801 2567 libro
1834 2531 2000 2566 vicesimo
2037 2534 2143 2567 sexto
2177 2531 2397 2579 diqcstorum

1318 2578 1407 2614 Cum
1431 2577 1615 2623 quaeritur
1636 2576 1675 2612 in
1690 2576 1928 2624 stipulatione,
1953 2575 2038 2621 quid
2052 2576 2125 2612 acti
2143 2576 2201 2619 sit,
2225 2577 2396 2624 ambigui·

1315 2626 1372 2659 tas
1395 2627 1522 2659 contra
1544 2622 1590 2658 sti
1615 2621 1790 2658 ulatorem
1811 2625 1879 2658 est.

1362 2665 1415 2706 27
1441 2664 1525 2712 (28)
1595 2676 1804 2703 oossmws
1830 2666 1922 2703 libro
1945 2666 2070 2719 primo
2103 2666 2314 2719 reqalarum
2360 2667 2397 2703 Si

1316 2713 1396 2759 quis
1419 2712 1464 2749 de
1485 2712 1646 2759 pluribus
1669 2723 1780 2747 unum
1802 2710 2003 2747 manumitti
2024 2709 2175 2747 voluerit
2196 2721 2263 2748 nec
2285 2722 2396 2765 appa·

1315 2762 1404 2801 reat,
1428 2757 1474 2794 de
1496 2768 1567 2803 quo
1590 2756 1869 2802 manumittendo
1893 2759 2046 2792 testator
2068 2756 2198 2799 sensit,
2227 2757 2314 2793 00111
2336 2767 2395 2794 00·

1316 2815 1395 2839 rum
1418 2802 1691 2838 fideicommissa
1714 2801 1885 2848 competit
1905 2801 2065 2837 libertas.

1361 2845 1415 2886 28
1440 2845 1522 2892 (29)
1545 2846 1593 2899 14
1601 2856 1771 2883 vosmvvs
1799 2847 1890 2882 libro
1922 2846 2027 2882 tertio
2058 2856 2109 2882 cx
2130 2847 2397 2894 posterioribus

1316 2892 1495 2930 Labeonis
1517 2892 1586 2938 Qui
1607 2892 1766 2928 habebat
1787 2891 1959 2928 Flaccum
1981 2890 2151 2927 fullonem
2180 2895 2217 2926 et
2237 2890 2395 2928 Philoni-

1317 2949 1398 2974 cum
1413 2938 1596 2983 pistorem‚
1619 2937 1723 2973 uxori
1739 2936 1911 2973 Flaccum
1929 2936 2100 2982 pistorem
2114 2934 2310 2979 legaverat:
2334 2937 2395 2982 qui

1316 2993 1439 3019 eorum
1462 2987 1499 3019 et
1521 2993 1604 3018 num
1627 2985 1777 3028 uterque
1793 2981 2006 3018 deberetur?
2051 2980 2163 3017 lacuit
2183 2981 2298 3027 primo
2314 2991 2395 3018 0010

1315 3028 1469 3074 legatum
1492 3038 1582 3071 esse,
1605 3037 1709 3072 quem
1723 3030 1876 3063 testator
1890 3027 2033 3072 legare¹
2073 3025 2251 3062 sensisset.
2298 3026 2395 3072 quod

1315 3073 1345 3108 si
1368 3084 1442 3109 non
1464 3076 1665 3119 appareret,
1689 3072 1842 3117 primum
1864 3071 1919 3108 ins
1945 3070 2121 3107 iciendum
2144 3081 2234 3115 0000,
2257 3081 2306 3107 00
2328 3082 2394 3108 no-

1315 3118 1410 3154 mina
1431 3127 1613 3154 servorum
1637 3116 1801 3153 dominus
1825 3120 1911 3153 nota
1979 3116 2133 3152 buisset:
2157 3115 2253 3162 quod
2275 3116 2306 3152 si
2328 3116 2393 3152 ha-

1314 3163 1459 3206 buisset,
1483 3173 1564 3198 eum
1588 3161 1720 3205 deberi,
1745 3162 1806 3207 qui
1829 3161 2031 3198 nominatus
2055 3164 2159 3204 esset,
2193 3162 2335 3198 tametsi
2356 3161 2394 3198 in

1313 3207 1465 3244 artificio
1496 3210 1653 3244 erratum
1684 3211 1789 3243 esset.
1849 3206 1906 3243 sin
1943 3209 2062 3242 autem
2095 3206 2107 3241 i
2156 3210 2217 3242 ota
2250 3207 2393 3243 nomina

1312 3263 1493 3290 servorum
1509 3256 1629 3288 essent
1646 3253 1683 3294 ¹⁴,
1707 3252 1877 3298 pistorem
1890 3251 2046 3298 legatum
2060 3251 2094 3286 vi
2120 3251 2171 3287 eri
2185 3251 2332 3298 perinde
2348 3262 2392 3288 00

1311 3298 1343 3335 01
1366 3308 1495 3334 nomen
1519 3298 1551 3333 ei
1575 3296 1753 3333 adiectum
1775 3307 1849 3333 non
1871 3300 1975 3333 esset.

1357 3339 1411 3381 29
1437 3339 1520 3387 (30)
1543 3341 1746 3379 Scis-rou
1762 3341 1854 3379 libro
1876 3346 2001 3378 octavo
2017 3337 2152 3377 decimo
2171 3341 2391 3388 differtor-um

1310 3387 1436 3425 Plures
1459 3391 1672 3424 testamento
1696 3386 1967 3431 manumiserat,
2003 3386 2040 3421 in
2071 3386 2199 3432 quibus
2223 3386 2392 3423 Sabinam

1309 3503 1446 3533 matrem
1469 3502 1601 3533 mortua
1623 3510 1692 3533 non
1713 3501 1821 3543 potest
1843 3499 1932 3532 aetio
1956 3510 1995 3532 ex
2014 3498 2189 3543 stipulatu]
2208 3504 2392 3542 competere

1309 3546 1355 3586 (8)
1378 3543 1525 3588 relegata
1535 3557 1597 3579 scr.
1673 3546 1719 3588 (9)
1741 3543 1827 3579 alter
1839 3543 1938 3578 alteri
1948 3545 2011 3578 hoo
2025 3547 2074 3578 ost
2085 3546 2148 3580 del.
2223 3546 2284 3586 (10)
2307 3545 2391 3587 quin

1309 3590 1382 3624 edd.
1430 3590 1486 3632 (11)
1510 3588 1563 3623 vel
1574 3589 1742 3624 hominem
1752 3587 1818 3633 vel]
1830 3589 2037 3623 hominemve
2049 3602 2113 3623 scr.
2162 3589 2224 3632 (12)
2246 3588 2391 3633 benigne

1309 3634 1599 3678 interpretandum
1609 3636 1643 3669 et
1656 3647 1720 3670 ner.
1813 3636 1870 3676 (1³)
1893 3644 1927 3668 se
1940 3635 2000 3669 im.
2092 3635 2151 3677 (u)
2175 3634 2312 3668 nomina
2322 3644 2389 3668 ser·

161 3685 206 3725 (Ἰ)
232 3684 391 3726 quaedam
415 3683 601 3718 exciderunt
622 3683 670 3716 ad
690 3683 775 3716 hune
792 3682 937 3715 nodum:
963 3691 1006 3713 00
1025 3680 1069 3714 ad
1086 3681 1242 3717 heredem
1309 3689 1426 3713 vorum
1439 3682 1546 3713 esent
1558 3679 1620 3714 del.

161 3728 275 3761 matris
304 3728 391 3761 actio
423 3738 461 3761 cx
488 3726 651 3770 stipulatu
678 3726 947 3770 [transmittitnr,
982 3726 1037 3758 oui
1067 3725 1138 3759 min
1167 3728 1243 3770 pont
