2528 3918
160 149 218 181 na
247 147 368 180 noco
399 147 527 180 runa.
557 147 627 180 11¹2.
676 147 738 179 mr
767 146 843 179 vu
873 147 1001 179 ruah.
1027 124 1030 127 ’

156 260 248 298 idem
271 259 391 296 Nerva
414 258 555 302 scribit,
580 258 611 296 si
633 260 750 295 tecum
773 257 963 294 interdicto
989 261 1132 304 agatur,
1157 258 1244 294 nihil

156 307 253 342 ultra
282 309 320 341 te
350 304 469 341 facere
501 304 717 350 cogendum,
755 314 861 350 quam
893 307 935 339 ut
964 305 1139 340 arbitratu
1169 304 1244 339 eius

157 352 217 398 qui
230 353 241 373 ¹
265 354 383 387 tecum
408 351 589 396 experitur
607 359 693 385 cum
713 349 828 385 vicino
848 349 1063 394 experiaris:
1088 352 1244 386 ceterum

155 397 261 433 aliter
292 396 562 432 observantibus
594 394 772 438 futurum,
806 398 846 430 ut
875 394 1031 431 tenearis
1056 394 1181 439 etiam,
1214 394 1245 431 si

155 443 226 479 iam
249 442 346 477 bona
368 441 439 477 fide
463 452 543 476 cum
566 440 682 476 vicino
707 440 819 485 egeris
850 450 967 485 neque
998 451 1065 486 per
1094 445 1132 476 te
1163 442 1244 484 stet,

156 498 225 534 quo
255 488 372 523 minus
405 486 582 522 arbitratu
612 486 744 521 actoris
775 496 856 520 cum
887 486 1004 521 vicino
1036 485 1243 531 experiaris.

157 536 199 569 29
246 532 344 568 Idem
368 532 436 574 ait,
463 532 494 567 si
518 531 628 567 odore
651 531 730 567 solo
753 531 854 566 locus
878 532 1145 577 pestilentiosus
1168 530 1243 574 fiat,

156 582 199 614 30
245 589 318 614 non
347 587 426 613 esse
457 577 503 612 ab
534 587 574 612 re
606 576 651 611 de
679 586 719 611 re
748 578 816 611 ea2
838 576 1029 612 interdicto
1054 577 1117 612 uti.
1165 576 1244 612 Hoc

154 623 382 660 interdictum
406 622 513 658 etiarn
538 621 584 657 ad
609 631 670 664 ea,
699 631 791 667 quae
815 626 1014 667 pascuntur
1035 622 1074 657 in
1096 621 1154 657 via
1176 632 1243 667 pu-

155 669 250 705 blica
282 668 451 704 itinereve
484 667 628 713 publico
660 669 697 702 et
728 667 940 703 deteriorem
972 667 1110 703 faciant
1139 666 1243 709 viam,

155 718 193 750 31
244 714 364 750 locum
395 713 515 748 habet.
563 712 702 747 Deinde
726 712 778 747 ait
801 716 964 757 praetor:
999 716 1080 758 ‘quo
1113 722 1157 748 ea
1187 712 1244 747 via

155 759 296 804 ‘idque³
317 759 387 794 iter
410 758 564 794 deterius
589 758 636 793 sit
658 757 745 793 fiat'.
793 758 863 793 hoc
893 758 966 794 sive
995 758 1117 794 statim
1146 757 1243 793 dete-

153 805 226 841 rior
248 804 306 840 via
329 804 385 848 sit,
410 804 484 840 sive
506 806 650 849 postea:
676 802 722 838 ad
745 803 815 838 1100
840 804 932 839 0111111
955 804 1135 849 pertinent
1153 803 1243 838 haec

153 851 262 887 verba
286 849 347 886 ‘sit
367 849 462 885 fiat':
495 849 626 884 etenim
658 848 832 894 quaedam
857 853 941 884 sunt
964 849 1070 892 talia,
1104 852 1143 884 ut
1169 852 1242 884 sta-

152 897 216 932 tim
247 895 344 932 facto
377 905 443 931 suo
475 897 648 937 noceant,
679 894 852 938 quaedam
876 895 981 939 talia,
1015 894 1115 930 utin
1138 904 1242 939 prae-

153 941 348 978 sentiarum
380 939 521 986 quidem
545 939 633 974 nihil
656 942 828 983 noceant,
861 940 898 975 in
929 940 1091 975 futurum
1123 943 1242 974 autem

153 990 196 1022 32
242 996 373 1022 nocere
396 985 559 1021 debeant.
595 984 818 1020 Deteriorem
843 989 963 1021 autem
981 986 1074 1021 viam
1095 984 1173 1021 fieri
1191 985 1242 1021 sic

153 1031 398 1078 accipiendum
421 1034 495 1074 est,
528 1030 560 1067 si
583 1041 670 1066 usus
695 1030 772 1066 eius
797 1031 843 1066 ad
867 1030 1137 1066 commeandum
1162 1040 1241 1066 cor-

151 1081 351 1124 rumpatur,
374 1077 445 1112 1100
467 1079 524 1112 est
546 1075 592 1112 ad
617 1075 772 1111 eundum
795 1077 850 1112 vel
874 1077 1059 1121 agendum,
1084 1079 1138 1120 ut,
1161 1086 1242 1111 cum

151 1124 282 1170 plane⁴
312 1122 440 1165 fuerit,
472 1121 605 1158 clivosa
635 1121 700 1157 fiat
730 1121 785 1157 vel
815 1132 859 1157 ex
890 1122 990 1157 molli
1021 1131 1149 1167 aspera
1180 1124 1243 1156 aut

153 1173 195 1205 33
243 1168 429 1214 angustior
453 1178 497 1203 ex
519 1167 647 1203 latiore
671 1170 735 1202 aut
756 1168 926 1212 palustris
949 1177 994 1203 ex
1014 1167 1121 1203 sicca.
1159 1166 1241 1202 Scio

152 1218 363 1257 tractatum,
401 1224 449 1249 an
482 1212 759 1258 permittendum
795 1213 842 1249 sit
874 1223 1001 1259 specus
1033 1216 1069 1247 et
1097 1215 1243 1258 pontem

151 1271 217 1307 per
239 1260 331 1296 viam
355 1258 534 1305 publicam
558 1258 694 1294 facere:
720 1261 756 1293 et
778 1258 938 1304 plerique
958 1258 1115 1304 probant
1131 1257 1241 1293 inter-

152 1306 248 1342 dicto
278 1315 359 1341 eum
390 1303 523 1340 teneri:
555 1313 626 1339 non
659 1303 752 1339 enim
784 1308 950 1349 oportere
984 1314 1064 1339 eum
1088 1303 1242 1338 deterio-

153 1355 196 1386 34
242 1360 316 1386 rem
347 1350 439 1386 viam
470 1349 602 1384 facere.
657 1349 736 1385 Hoc
767 1349 993 1384 interdictum
1028 1351 1241 1394 perpetuum

151 1400 187 1432 et
209 1396 382 1442 populare
405 1398 460 1430 est
483 1394 801 1440 condemnatioque
831 1405 875 1430 ex
908 1405 948 1431 eo
979 1394 1146 1430 facienda
1176 1397 1241 1437 est,

152 1445 192 1478 35
241 1441 366 1487 quanti
396 1439 530 1476 actoris
561 1440 711 1475 intersit.
766 1440 918 1476 Praetor
948 1441 1017 1476 ait:
1057 1439 1174 1484 ‘Quod
1204 1440 1241 1475 in

150 1488 219 1523 ‘via
248 1486 393 1533 publica
423 1485 592 1521 itinereve
623 1485 768 1531 publico
796 1485 931 1521 factum
955 1486 1152 1521 immissum
1176 1485 1241 1519 ha-

150 1534 237 1577 ‘bes,
285 1543 332 1568 uo
356 1542 400 1568 ea
422 1531 479 1567 via
501 1530 581 1566 idve
603 1530 672 1566 iter
695 1530 851 1567 deterius
875 1531 923 1568 sit
946 1531 1020 1576 fiat,
1043 1531 1240 1567 restituas’.

151 1582 194 1614 36
276 1588 318 1614 00
354 1576 580 1613 interdictum
613 1586 658 1611 ex
689 1576 812 1611 eadem
845 1587 957 1612 causa
986 1576 1240 1622 proficiscitur,

151 1636 194 1660 ex
225 1634 296 1670 qua
326 1626 364 1659 et
395 1622 578 1668 superius:
611 1626 649 1657 et
680 1625 818 1657 tantum
850 1622 1014 1665 interest,
1045 1621 1143 1667 quod
1172 1622 1241 1657 1100

150 1673 190 1705 37
239 1668 513 1711 restitutorium,
543 1667 633 1702 illud
663 1667 940 1712 prohibitorium
970 1671 1035 1703 est.
1084 1667 1163 1703 Hoc
1186 1668 1240 1702 in-

150 1714 300 1751 terdicto
329 1724 403 1749 non
433 1714 464 1749 is
494 1716 656 1756 tenetur,
689 1713 748 1758 qui
777 1713 814 1748 in
844 1713 902 1748 via
932 1713 1080 1759 publica
1107 1712 1241 1758 aliquid

148 1760 245 1804 fecit,
269 1759 334 1796 sed
355 1759 397 1804 is,
423 1759 483 1805 qui
507 1758 642 1794 factum
666 1758 786 1794 habet.
823 1759 974 1805 proinde
992 1759 1021 1794 si
1036 1759 1129 1794 alius
1143 1758 1239 1801 fecit,

149 1806 242 1842 alius
263 1805 401 1841 factum
423 1804 543 1847 habet,
567 1803 599 1839 is
622 1807 774 1847 tenetur,
801 1804 860 1849 qui
884 1803 1021 1840 factum
1043 1804 1171 1839 habet:
1205 1807 1242 1839 et

149 1855 206 1888 est
227 1851 297 1887 hoc
320 1850 461 1893 utilius,
487 1849 571 1895 quia
593 1849 624 1884 is
648 1852 768 1894 potest
789 1850 994 1894 restituere,
1019 1850 1080 1895 qui
1104 1849 1240 1885 factum

150 1900 191 1933 38
238 1896 433 1932 immissum
456 1895 576 1931 habet.
625 1894 769 1930 Habere
793 1905 874 1931 eum
898 1895 1059 1938 dicimus,
1086 1895 1147 1940 qui
1171 1895 1240 1930 uti-

148 1946 208 1978 tur
230 1946 267 1978 et
288 1942 367 1977 iure
390 1940 627 1987 possessionis
650 1939 797 1983 fruitur,
830 1940 903 1976 sive
932 1941 1011 1986 ipse
1041 1951 1130 1986 opus
1155 1940 1242 1976 fecit

149 1988 222 2024 sive
253 1998 298 2023 ex
328 1996 439 2022 causa
467 1986 655 2031 emptionis
686 1986 741 2021 vel
771 1985 1019 2021 conductionis
1043 1986 1099 2022 vel
1121 1986 1239 2031 legato

149 2037 192 2069 39
237 2033 294 2069 vel
316 2031 514 2068 hereditate
533 2031 588 2067 vel
610 2042 680 2076 quo
699 2031 769 2066 alio
789 2031 895 2068 modo
916 2031 1096 2077 adquisiit.
1138 2032 1241 2067 Unde

150 2078 275 2115 Ofilius
298 2081 403 2124 putat
426 2088 525 2120 eum,
551 2077 612 2122 qui
635 2087 701 2122 pro
726 2077 895 2113 derelicto
920 2077 1065 2123 reliquit
1086 2076 1124 2112 id
1148 2088 1240 2122 opus

148 2124 245 2170 quod
274 2124 377 2167 fecit,
410 2122 440 2159 si
470 2123 562 2158 viam
593 2122 773 2168 publicam
805 2123 967 2168 corrupit
996 2126 1033 2158 et
1060 2123 1205 2168 reliquit
1214 2125 1238 2167 ⁵,

148 2180 220 2206 non
238 2169 354 2205 teneri
373 2169 442 2204 1100
461 2167 669 2204 interdicto:
693 2178 766 2203 non
787 2168 878 2203 enim
897 2168 1009 2204 habet
1029 2168 1124 2214 quod
1142 2169 1238 2204 fecit.

147 2215 213 2252 sed
235 2226 282 2251 an
304 2215 343 2250 in
367 2224 447 2250 eum
468 2214 561 2248 actio
583 2213 712 2249 debeat
731 2213 821 2259 dari,
846 2213 1055 2249 videbimus.
1096 2217 1132 2249 et
1150 2217 1238 2260 puto

147 2260 236 2297 utile
259 2259 488 2296 interdictum
512 2262 724 2304 competere,
750 2262 801 2302 ut,
834 2259 930 2312 quod
952 2259 990 2294 in
1014 2260 1072 2294 via
1094 2260 1240 2305 publica

147 2310 191 2342 40
238 2304 455 2348 aedificavit,
487 2304 665 2340 restituat.
715 2304 754 2340 Si
777 2314 820 2340 ex
843 2304 955 2340 tundo
979 2309 1044 2340 tuo
1069 2305 1180 2341 arbor
1201 2305 1237 2340 in

147 2351 239 2388 viam
262 2351 467 2397 publicam⁰
498 2350 550 2386 sic
574 2350 758 2393 ceciderit,
791 2354 833 2386 ut
861 2350 978 2386 itineri
1010 2350 1058 2386 sit
1089 2351 1238 2396 impedi-

147 2401 285 2441 mento,
325 2406 474 2441 eamque
507 2406 573 2441 pro
605 2395 772 2431 derelicto
803 2395 956 2439 habeas,
995 2406 1068 2431 non
1099 2397 1239 2432 teneri⁷

147 2443 270 2478 Labeo
295 2442 436 2479 scribit:
469 2441 500 2477 si
524 2444 661 2484 tamen,
692 2441 826 2486 inquit,
859 2445 963 2477 actor
986 2451 1054 2477 sua
1076 2442 1238 2487 impensa

146 2489 312 2525 arborem
334 2487 459 2523 tollere
482 2491 631 2532 paratus
655 2487 780 2530 fuerit,
808 2490 905 2522 recte
929 2490 1048 2523 tecum
1073 2491 1238 2523 acturum

146 2533 335 2570 interdicto
359 2532 403 2568 de
426 2532 483 2567 via
505 2532 651 2577 publica
672 2532 875 2568 reficienda.
923 2532 987 2568 sed
1015 2531 1048 2568 si
1078 2544 1145 2579 pro
1176 2533 1236 2568 de-

145 2579 268 2616 relicto
292 2589 365 2615 non
388 2578 543 2620 habeas,
573 2581 670 2613 recte
700 2581 818 2613 tecum
848 2578 906 2623 agi
933 2578 1004 2613 hoc
1033 2578 1235 2614 interdicte.

146 2628 188 2660 41
236 2624 335 2661 Idem
358 2624 481 2659 Labeo
507 2623 649 2666 scribit,
675 2623 704 2658 si
727 2623 864 2659 vicinus
888 2633 987 2659 meus
1012 2624 1105 2659 viam
1129 2634 1237 2670 opere

147 2670 357 2716 corruperit,
383 2668 543 2714 quamvis
567 2678 669 2713 opus,
695 2668 791 2713 quod
810 2668 905 2712 fecit,
930 2672 1004 2703 tam
1024 2670 1109 2704 mihi
1130 2680 1235 2714 quam

145 2716 157 2751 i
184 2716 215 2752 si
237 2716 325 2751 utile
348 2715 410 2757 sit,
443 2717 564 2749 tamen
588 2714 619 2748 si
641 2713 672 2749 is
696 2713 833 2749 vicinus
858 2713 961 2749 fundi
984 2715 1041 2750 sui
1064 2725 1176 2750 causa
1198 2715 1235 2750 id

146 2727 290 2804 11000111,
327 2770 384 2796 me
414 2759 560 2794 tamen⁸
588 2769 661 2794 non
688 2769 796 2812 posse
826 2759 896 2794 hoc
924 2759 1115 2796 interdicto
1148 2770 1233 2795 con-

146 2805 276 2842 veniri:
309 2805 340 2841 si
370 2807 490 2840 autem
520 2807 755 2840 commumter
776 2805 847 2840 1100
872 2815 962 2850 opus
985 2804 1064 2840 fieri
1087 2815 1233 2842 curave-

146 2855 190 2887 42
236 2851 359 2893 rimus,
383 2853 574 2895 utrumque
597 2853 759 2885 nostrum
781 2850 905 2886 teneri.
954 2850 1034 2886 Hoc
1062 2850 1233 2887 interdic-

145 2901 222 2933 tum
244 2897 363 2933 locum
386 2895 497 2931 habet
520 2894 627 2930 etiam
651 2895 821 2932 adversus
840 2905 930 2940 eum,
957 2895 1018 2941 qui
1036 2895 1119 2932 dolo
1139 2897 1233 2932 malo

145 2942 248 2986 fecit,
278 2951 348 2987 quo
371 2941 489 2976 minus
513 2940 712 2985 possideret
735 2941 791 2977 vel
813 2941 982 2977 haberet:
1014 2941 1144 2977 etenim
1168 2953 1232 2987 pa-

145 2999 220 3024 rem
244 2997 324 3024 esse
348 2985 592 3022 condicionem
616 2989 759 3032 oportet
781 2986 877 3031 eius,
933 2987 971 3022 ui
1000 2987 1086 3032 quid
1117 2988 1232 3032 possi-

146 3033 231 3069 deat
251 3032 308 3068 vel
329 3032 474 3074 habeat,
499 3034 607 3084 atque
631 3031 718 3074 eius,
746 3032 847 3068 cuius
872 2997 954 3068 (10ῗο
979 3033 1073 3067 malo
1097 3032 1234 3068 factum

146 3079 203 3123 sit,
228 3089 298 3124 quo
319 3078 437 3113 minus
454 3076 655 3123 possideret
672 3077 728 3112 vel
745 3077 912 3113 haberet:
938 3080 975 3113 et
991 3078 1077 3112 mihi
1094 3078 1235 3113 videtur

147 3127 189 3159 43
236 3133 320 3159 vera
342 3123 524 3158 Labeonis
548 3121 735 3158 sententia.
780 3122 988 3159 ‘Restituas’
1012 3123 1139 3168 inquit.
1176 3134 1232 3159 re-

146 3169 294 3205 stituere
322 3168 477 3211 videtur,
519 3167 579 3212 qui
614 3167 652 3202 in
685 3167 877 3219 pristinum
912 3171 1045 3203 statum
1075 3168 1232 3204 reducit:

146 3214 243 3260 quod
265 3214 322 3258 fit,
353 3213 427 3249 sive
483 3213 537 3248 uis
567 3212 662 3248 tollit
682 3212 720 3247 1d
743 3212 840 3258 quod
861 3213 997 3249 factum
1022 3217 1076 3249 est
1099 3214 1154 3249 vel
1176 3224 1232 3249 re-

146 3262 259 3306 ponat
281 3258 378 3305 quod
401 3259 467 3294 sub
484 3262 582 3294 atum
606 3260 672 3293 est.
719 3260 755 3292 et
776 3257 955 3294 interdum
978 3270 1044 3295 suo
1069 3262 1232 3304 sumptu:

145 3316 228 3341 nam
252 3305 284 3341 si
304 3305 404 3350 ipse,
437 3314 507 3349 quo
532 3302 618 3349 qui⁹
641 3302 841 3346 interdixit,
873 3304 1015 3348 fecerit,
1047 3304 1102 3340 vel
1133 3305 1234 3339 iussu

145 3350 223 3391 eius
247 3350 354 3393 alius,
385 3352 449 3385 aut
476 3352 594 3384 ratum
625 3348 787 3383 habitum
817 3349 864 3384 sit
894 3349 991 3394 quod
1019 3349 1122 3391 fecit,
1154 3349 1233 3395 ipse

146 3395 221 3432 suis
245 3394 446 3440 sumptibus
470 3394 577 3430 debet
599 3393 803 3429 restituere:
832 3393 864 3429 si
885 3404 969 3430 vero
993 3394 1080 3430 nihil
1105 3394 1233 3430 horum

145 3440 347 3484 intervenit,
380 3439 445 3476 sed
474 3439 585 3475 habet
612 3438 767 3482 factum,
799 3441 886 3475 tunc
910 3439 1068 3476 dicemus
1091 3440 1232 3485 patien-

145 3556 173 3596 (1
174 3561 188 3597 j
212 3553 270 3588 oui
282 3555 318 3588 F
373 3554 417 3596 (2)
442 3552 602 3587 abdereea
613 3553 647 3586 F
653 3552 676 3595 ¹,
688 3551 730 3585 ab
742 3562 778 3585 re
791 3551 831 3586 de
843 3562 882 3585 ea
894 3552 945 3587 F²
1014 3554 1057 3596 (3)
1081 3553 1158 3587 idve
1169 3566 1233 3587 scr.

145 3601 189 3642 (4)
212 3598 315 3642 plana
327 3599 357 3633 S
459 3601 501 3639 (5)
526 3600 560 3632 et
576 3597 718 3641 reliquit
737 3598 799 3630 del.
822 3599 981 3638 (similiter
992 3599 1058 3633 Ad.
1073 3599 1234 3640 Schmidt)

146 3646 193 3688 (6)
216 3645 255 3677 in
266 3644 322 3677 via
332 3643 469 3688 publica
481 3644 518 3677 F
612 3644 654 3686 (7)
679 3643 784 3677 teins.
799 3644 873 3677 edd.
978 3645 1022 3686 (8)
1046 3645 1159 3678 tamen
1172 3644 1233 3677 del.

147 3690 192 3731 (9)
217 3700 283 3732 quo
296 3689 367 3733 qui]
381 3699 457 3723 cum
469 3699 536 3731 quo
549 3688 625 3731 quis
636 3689 710 3722 edd.

151 3735 304 3800 01ιίαείοξ
324 3747 386 3769 sec.
400 3735 448 3777 B,
466 3735 640 3768 carveatur
654 3734 718 3775 ΙΝ,
738 3734 895 3767 caveatur
906 3732 959 3767 ΙΝ

148 3779 232 3820 quin
244 3781 280 3813 F

1068 3735 1126 3776 (12)
1151 3733 1234 3766 alio-

1238 131 1321 180 685

784 3689 844 3729 (10)
868 3687 1038 3723 οἰίηε.Ρ”
1108 3691 1163 3730 (11)
1187 3690 1236 3722 sic
1304 3684 1412 3730 νόμοι
1432 3687 1644 3721 Brencmann

1955 140 2194 183 XXXXIII
2223 142 2261 183 8.
2287 142 2326 182 9.
2353 140 2403 179 10

1315 261 1360 294 44
1407 258 1493 294 tiam
1526 258 1639 294 solam
1671 269 1751 295 eum
1778 264 1964 306 praestare
1988 262 2130 300 debere.
2177 265 2405 302 Interdictum

1315 305 1385 340 hoc
1416 315 1489 340 non
1519 314 1599 340 esse
1631 308 1885 350 temporarium
1917 308 2099 344 sciendum
2139 315 2212 346 est:
2252 312 2406 357 pertinet

1317 350 1409 402 enim
1433 350 1479 385 ad
1502 349 1686 396 publicam
1710 351 1918 403 utilitatem:
1949 355 2270 402 condemnatioque
2294 367 2339 392 ex
2362 367 2404 394 οο

1314 395 1481 431 famenda
1505 399 1569 438 est,
1595 399 1720 441 quanti
1744 398 1874 432 actoris
1895 398 2036 434 intersit
2055 401 2132 436 tolli
2153 402 2249 446 quod
2269 402 2406 438 factum

1315 444 1357 475 45
1407 444 1472 476 est.
1529 440 1682 476 Praetor
1713 440 1781 476 ait:
1824 442 1913 486 ‘Quo
1945 445 2059 481 minus
2091 446 2142 481 illi
2174 447 2232 482 via
2261 448 2407 493 publica

1316 485 1498 522 ‘itinereve
1520 486 1667 532 publico
1692 486 1744 521 ire
1769 496 1875 531 agere
1899 488 2017 533 liceat,
2042 490 2111 526 vim
2136 491 2212 528 fieri
2236 493 2340 529 veto’.

1361 529 1385 569 3
1415 531 1561 567 CELSUS
1588 531 1680 568 libro
1713 532 1763 567 tri
1788 534 1921 568 ensimo
1952 546 2047 570 nono
2076 537 2297 583 diqestorum
2344 538 2406 574 Li-

1315 579 1413 621 tora,
1453 577 1503 629 in·
1530 586 1622 656 ‹iuae
1664 543 1820 622 popuqus
1853 578 2038 615 Romanus
2069 581 2256 635 imperium
2285 584 2405 628 habet,

1317 626 1330 657 1
1381 622 1505 668 popuh
1550 623 1689 658 tomani
1719 633 1799 658 esse
1832 624 2006 660 arbitror:
2039 626 2151 663 Maris
2183 639 2404 665 communem

1313 678 1417 703 usum
1443 667 1607 703 omnibus
1631 668 1856 711 hominibus,
1889 674 1930 703 ut
1952 670 2063 715 aeris,
2094 672 2280 718 iactasque
2308 675 2346 709 in
2370 676 2405 710 id

1312 712 1405 758 pilas
1430 713 1505 748 eius
1531 723 1608 749 esse
1634 713 1695 759 qui
1718 714 1861 748 iecerit:
1896 715 1959 750 sed
1982 716 2018 750 id
2043 718 2308 754 concedendum
2333 731 2404 756 non

1313 768 1410 801 esse,
1444 758 1474 794 si
1504 758 1659 794 deterior
1686 759 1801 795 litoris
1825 759 1978 795 marisve
2002 771 2087 797 usus
2113 773 2154 798 eo
2178 764 2281 800 modo
2306 765 2404 800 futu-

1313 814 1375 839 rus
1400 804 1457 839 sit.

1360 847 1385 886 4
1411 849 1615 884 SCAEVOLA
1642 849 1734 886 libro
1759 850 1885 896 quinto
1909 861 2163 897 responsorum
2207 854 2406 901 Respondit

1312 895 1349 930 in
1373 894 1478 930 litore
1501 894 1581 930 iure
1611 895 1770 939 gentium
1802 895 1993 932 aedificare
2023 897 2149 942 licere,
2180 900 2248 936 nisi
2262 902 2288 922 ¹⁰
2318 912 2405 937 usus

1313 940 1478 986 publicus
1501 940 1745 985 impediretur.

1359 984 1384 1023 5
1412 986 1467 1021 ΡΑ
1476 995 1572 1021 ULUS
1592 986 1684 1021 libro
1709 988 1814 1021 sexto
1839 985 1976 1022 decimo
2001 987 2052 1022 ad
2064 987 2237 1024 Sabinum
2284 990 2321 1026 Si
2368 1002 2406 1026 er

1312 1031 1495 1076 publicum
1526 1031 1645 1066 locum
1670 1031 1768 1067 rivus
1793 1041 1909 1076 aquae
1933 1032 2063 1069 ductus
2087 1034 2224 1079 privato
2250 1046 2340 1071 noce
2366 1038 2404 1078 it,

1313 1077 1380 1112 erit
1411 1077 1504 1112 actio
1535 1077 1674 1121 privato
1707 1087 1751 1112 cx
1782 1077 1860 1122 lege
1893 1078 2079 1114 duodecim
2109 1080 2333 1123 tabularum,
2367 1086 2406 1116 ut

1313 1132 1408 1157 noxa
1431 1122 1574 1157 domino
1600 1123 1780 1158 sarciatur
1792 1124 1831 1158 ¹¹.

1358 1166 1383 1205 6
1409 1167 1603 1203 IULIANUS
1624 1168 1716 1203 libro
1761 1167 2041 1213 uadraqensimo
2062 1170 2166 1204 tertio
2187 1170 2405 1215 dz'qestorum

1312 1213 1377 1256 Ei,
1418 1213 1479 1258 qui
1513 1213 1583 1248 hoc
1617 1213 1807 1249 interdicto
1842 1213 2025 1258 experitur
2058 1217 2114 1249 ‘ne
2146 1215 2230 1259 quid
2258 1215 2295 1250 in
2326 1216 2406 1252 loco

1314 1262 1322 1276 ⁴
1350 1259 1469 1294 ublico
1500 1258 1581 1302 fiat,
1615 1270 1686 1304 quo
1717 1259 1886 1294 damnum
1916 1259 2055 1303 privato
2087 1260 2214 1303 detur',
2248 1263 2406 1306 quamvis

1314 1270 1357 1340 (ie
1382 1305 1462 1339 loco
1487 1305 1632 1349 publico
1656 1304 1858 1347 interdicat,
1886 1304 1998 1340 nihilo
2023 1305 2139 1341 minus
2162 1308 2406 1351 procuratoris

1314 1350 1422 1385 dandi
1445 1349 1602 1385 facultas
1627 1353 1693 1385 est.

1360 1394 1382 1432 7
1417 1395 1526 1430 IDEM
1556 1395 1648 1431 libro
1685 1395 1992 1442 quadraqensimo
2025 1399 2151 1434 octavo
2189 1397 2406 1453 digestorum

1314 1440 1416 1476 Sicut
1446 1440 1495 1483 iS‚
1529 1440 1590 1486 qui
1613 1440 1712 1477 nullo
1736 1440 1951 1487 prohibente
1974 1442 2012 1477 in
2035 1442 2116 1479 loco
2140 1444 2285 1489 publico
2311 1445 2406 1481 aedi-

1313 1485 1499 1529 ficaverat,
1525 1487 1706 1532 cogendus
1730 1498 1803 1523 non
1827 1491 1883 1523 est
1907 1487 2092 1533 demolire,
2116 1500 2162 1524 ne
2185 1490 2296 1526 ruinis
2321 1491 2406 1526 urbs

1313 1531 1543 1575 deformetur,
1574 1533 1626 1567 ita
1650 1533 1710 1579 qui
1734 1533 1906 1569 adversus
1930 1533 2086 1569 edictum
2110 1536 2286 1580 praetoris
2310 1536 2406 1571 aedi-

1311 1576 1491 1620 ficaverit,
1516 1577 1644 1614 tollere
1668 1578 1871 1614 aedificium
1896 1578 2019 1615 debet:
2045 1579 2180 1626 alioqui
2193 1581 2220 1602 ¹²
2243 1581 2348 1617 inane
2373 1586 2407 1617 et

1311 1623 1483 1659 lusorium
1507 1623 1684 1669 praetoris
1708 1624 1896 1670 imperium
1921 1624 1999 1660 erit.

1779 1763 1947 1802 V1111¹⁸.

1519 1828 1583 1862 DE
1607 1828 1725 1862 LOCO
1750 1828 1948 1863 PUBLICO
1973 1830 2203 1865 FRUENDO.

1362 1893 1379 1931 1
1417 1893 1613 1931 ULPJANUS
1634 1895 1726 1931 libro
1750 1906 1843 1931 sexa
1871 1897 2006 1932 ensimo
2031 1900 2157 1933 octavo
2181 1897 2231 1933 ad
2253 1898 2403 1934 edictum

1310 1940 1462 1975 Praetor
1486 1940 1553 1975 ait:
1590 1939 1680 1985 ‘Quo
1704 1940 1822 1977 minus
1862 1952 1927 1977 000
1950 1942 2115 1988 publico,
2141 1953 2246 1988 quem
2268 1943 2316 1987 is,
2348 1945 2405 1979 cui

1312 1985 1466 2021 ‘locandi
1495 1986 1552 2021 ius
1584 1986 1710 2029 fuerit,
1742 1986 1934 2022 fruendum
1966 1988 2074 2023 alicui
2105 1988 2252 2031 locavit,
2285 1990 2317 2024 ei
2347 1990 2404 2034 qui

1312 2031 1495 2066 ‘conduxit
1528 2032 1670 2067 sociove
1702 2031 1778 2068 eius
1810 2042 1830 2068 e
1861 2033 1939 2078 lege
1970 2033 2158 2069 locationis
2189 2033 2261 2068 frui
2287 2034 2404 2077 liceat,

1313 2081 1327 2111 1
1381 2077 1461 2112 ‘vim
1485 2075 1563 2112 fieri
1588 2078 1693 2113 veto’.
1741 2077 1977 2114 Interdictum
2008 2079 2079 2114 hoc
2111 2079 2277 2125 publicae
2309 2080 2403 2116 utili-

1312 2123 1396 2158 tatis
1422 2132 1533 2158 causa
1554 2122 1709 2168 proponi
1728 2123 1848 2168 palam
1870 2127 1942 2159 est:
1968 2127 2090 2159 tuetur
2108 2125 2201 2160 enim
2220 2124 2405 2170 vectigalia

1309 2168 1466 2213 publica,
1493 2168 1577 2203 dum
1601 2168 1813 2214 prohibetur
1837 2170 1915 2214 quis
1939 2169 2009 2204 vim
2032 2169 2151 2206 facere
2176 2170 2218 2214 ei,
2244 2170 2305 2216 qui
2326 2171 2363 2206 id
2378 2173 2404 2192 ¹⁴

1311 2218 1331 2249 2
1379 2213 1569 2249 fruendum
1594 2213 1777 2249 conduxit.
1827 2214 1898 2250 Sed
1928 2215 1959 2250 si
1986 2215 2092 2250 simul
2115 2215 2259 2250 veniant
2281 2216 2329 2251 ad
2350 2217 2403 2251 in-

1309 2259 1500 2294 terdictum
1532 2259 1743 2295 movendum
1774 2260 1851 2305 ipse
1885 2260 1945 2306 qui
1977 2260 2187 2296 conduxerit
2219 2264 2255 2296 et
2284 2263 2402 2298 socius

1310 2305 1407 2347 eius,
1451 2304 1563 2350 magis
1600 2306 1707 2347 cst¹⁵,
1746 2309 1788 2340 ut
1821 2305 1899 2351 ipse
1936 2305 2134 2342 conductor
2168 2306 2400 2351 praeferatur.

1310 2354 1329 2385 3
1376 2350 1440 2385 Ait
1477 2353 1625 2396 praetor
1664 2353 1746 2403 ‘quo
1785 2352 1902 2387 minus
1942 2362 1961 2386 e
1995 2352 2071 2396 lege
2105 2352 2292 2388 locationis
2328 2352 2400 2387 frui

1310 2395 1449 2431 ‘liceat’.
1497 2395 1624 2431 merito
1658 2399 1709 2431 ait
1740 2398 1772 2431 ‘e
1803 2397 1879 2441 lege
1910 2397 2127 2432 locationis':
2165 2397 2260 2432 ultra
2290 2398 2401 2442 legem

1308 2442 1409 2522 {nimi
1432 2441 1489 2521 ve¹1²
1518 2445 1646 2476 contra
1676 2442 1788 2487 legem
1820 2452 1894 2477 non
1926 2442 2034 2478 debet
2062 2441 2196 2487 audiri,
2235 2443 2296 2488 qui
2330 2443 2401 2478 frui

1334 2497 1384 2522 es¹
1411 2496 1473 2523 era
1492 2515 1499 2522 .

1354 2530 1380 2569 2
1404 2532 1566 2568 PAULvs
1586 2532 1678 2569 libro
1703 2533 1830 2579 quinto
1855 2534 2113 2569 sententiarum
2162 2532 2318 2568 Ooncedi
2342 2543 2399 2569 so-

1306 2578 1373 2622 let,
1406 2581 1448 2612 ut
1479 2577 1651 2623 imagines
1685 2583 1721 2614 et
1752 2582 1915 2622 statuae,
1948 2590 2039 2625 quae
2069 2583 2279 2615 ornamenta
2292 2580 2319 2600 ¹⁶
2349 2578 2400 2614 rei

1306 2623 1474 2669 publicae
1499 2627 1584 2659 sunt
1598 2624 1626 2645 ¹⁷
1649 2623 1805 2667 futurae,
1830 2625 1868 2659 in
1891 2624 2077 2670 publicum
2100 2627 2291 2670 ponantur.

1809 2761 1899 2802 X¹⁸.

1303 2829 1366 2862 DE
1391 2828 1472 2862 VIA
1495 2827 1698 2861 PUBLICA
1728 2828 1788 2861 ET
1820 2829 1862 2861 SI
1895 2828 2006 2865 QUID
2039 2828 2091 2860 IN
2120 2828 2182 2861 EA
2210 2827 2397 2862 FACTUM

1676 2873 1787 2906 ESSE
1813 2872 2026 2906 DIOATUR.

1356 2939 1375 2977 1
1403 2936 1463 2974 Ἐκ
1486 2940 1551 2974 τοῦ
1575 2934 1816 2983 οἷστὶινομικοῦ
1832 2938 2054 2984 μονοβίβλσυ
2073 2940 2137 2974 τοῦ
2153 2943 2395 2973 Hamma-

1304 2987 1381 3020 νσῦ
1442 2984 1488 3019 Οἱ
1525 2981 1800 3028 (1ἰσίὐνο,ιιικοὶ19
1838 2984 2153 3029 ἐπιμελείσθωσαν
2187 2985 2264 3017 ’τῶν
2302 2983 2394 3017 κατὰ

1302 3031 1370 3074 τὴν
1391 3029 1501 3065 πόλιν
1525 3028 1637 3070 ὁδῶν,
1673 3026 1771 3065 ὅπως
1803 3028 1848 3064 ἂν
1873 3028 2127 3075 ὁμαλισθῶσιν
2157 3032 2218 3062 καὶ
2239 3028 2285 3062 τὰ
2295 3028 2393 3082 giezi-

1303 3090 1401 3121 ματα
1423 3075 1473 3120 μὴ
1492 3075 1639 3131 βλάπτῃ
1664 3074 1727 3110 τὰς
1751 3076 1865 3111 οἰκίας
1888 3078 1949 3109 καὶ
1971 3078 2121 3121 γέφυραι
2152 3070 2242 3108 ὦσιν
2272 3086 2314 3107 συ
2351 3072 2397 3107 ἂν

1307 3126 1321 3157 1
1373 3120 1444 3168 δέῃ.
1496 3120 1829 3166 Επιμελείσθωσαν
1858 3119 1898 3155 δὲ
1930 3116 2028 3155 ὅπως
2058 3119 2096 3153 οἱ
2123 3118 2211 3153 ἴδιοι
2232 3122 2348 3160 τοῖχοι
2372 3117 2394 3160 ἢ

1303 3169 1379 3200 τῶν
1402 3165 1562 3201 &almvm
1595 3165 1617 3208 ἢ
1647 3168 1724 3199 τῶν
1753 3169 1837 3212 περὶ
1868 3165 1932 3201 τὰς
1962 3166 2078 3199 οἰκίας
2102 3162 2123 3197 ἃ
2148 3165 2194 3199 εἰς
2216 3162 2283 3205 τὴν
2307 3161 2395 3197 ὁδὸν

1304 3213 1443 3257 φέρει21
1474 3211 1524 3256 μὴ
1557 3210 1718 3258 σφαλερὰ
1747 3207 1783 3257 ᾗ,
1827 3211 1885 3245 ἵνα
1922 3208 1969 3245 ὡς
2007 3208 2063 3243 δεῖ
2096 3209 2327 3255 καθαιρῶσιν
2358 3207 2396 3242 οἱ

1305 3256 1481 3292 δεσπόται
1502 3258 1579 3290 τῶν
1603 3257 1730 3290 οἰκιῶν
1753 3259 1814 3290 καὶ
1837 3254 2126 3294 έπισκευάζωσιν.
2174 3252 2242 3286 ἐὰν
2273 3251 2313 3286 δὲ
2343 3252 2393 3297 μὴ

1304 3303 1537 3350 καθαιρῶσιν
1551 3299 1643 3346 μηδὲ
1659 3300 1951 3341 ἐπισκευάζωσιν,
1981 3298 2231 3343 ζημιούτωσαν
2249 3293 2391 3338 αὐτούς,

1304 3351 1324 3383 2
1371 3350 1438 3383 ἕως
1473 3345 1519 3381 ἂν
1552 3342 1695 3391 ἀσφαλῆ
1731 3345 1943 3388 ποιήσωσιν.
1992 3342 2324 3421 Ἐπέιελείσθῳσαν
2354 3342 2393 3376 δὲ

1305 3389 1403 3428 ὅπως
1438 3391 1564 3438 μηδεὶς
1601 3388 1733 3438 ὀρύσσῃ
1771 3391 1835 3426 τὰς
1873 3389 1974 3424 ὁδοὺς
2003 3401 2052 3433 μη
2078 3391 2095 3421 ὲ
2126 3400 2267 3433 χωννυῃ
2302 3385 2393 3431 μηδὲ

1303 3441 1404 3484 κτίσῃ
1436 3438 1484 3473 εἰς
1511 3436 1574 3473 τὰς
1606 3435 1709 3472 ὁδοὺς
1738 3435 1860 3481 μηδεν
1901 3435 1932 3467 εἰ
1964 3432 2003 3467 δὲ
2032 3432 2083 3477 μή
2138 3430 2157 3466 ὁ
2180 3434 2246 3476 μὲν
2270 3430 2393 3468 δοῦλος

2060 3547 2117 3587 (14)
2142 3544 2315 3588 publicum
2329 3546 2388 3579 ins.

2004 3593 2060 3632 (ιτ)
2088 3590 2221 3623 sintffl

1842 3638 1904 3680 (19)
1929 3647 2182 3679 αστυνομικουι
2193 3635 2260 3673 F‘,
2281 3629 2390 3668 ἄστυ-

1785 3684 1847 3724 (20)
1872 3679 1895 3723 ἢ
1917 3682 1995 3714 τῶν
2018 3677 2137 3713 ἄλλων
2159 3681 2220 3713 ἀεῖ.
2247 3682 2390 3714 Hmher

1351 3554 1409 3594 (13)
1433 3553 1499 3586 Ed.
1514 3559 1546 3591 13
1571 3553 1658 3595 Pap.
1673 3559 1699 3585 2.
1712 3569 1757 3575 —
1772 3550 1858 3583 Bas.
1873 3548 1928 3589 58,
1942 3554 1958 3581 8

1305 3598 1363 3639 (15)
1389 3599 1423 3630 et
1434 3598 1468 3630 F
1555 3597 1615 3640 (10)
1641 3596 1836 3629 ornamento
1847 3605 1909 3626 scr.

1349 3642 1410 3684 (18)
1435 3642 1502 3676 Ed.
1515 3659 1560 3667 -—
1572 3642 1659 3675 Bas.
1674 3643 1728 3682 58,
1743 3647 1759 3674 s

1306 3735 1364 3774 (21)
1389 3744 1495 3776 φεροι
1514 3733 1549 3765 F
