2528 3918
178 82 387 126 XXXVII
416 85 441 124 5

178 206 228 240 At
255 204 320 239 ubi
349 204 535 239 institutus
563 207 600 238 et
623 202 839 239 substitutus
862 202 981 239 vivant
994 204 1015 243 ¹,
1049 203 1132 239 licet
1161 215 1264 241 nemo

177 250 283 285 adeat
304 247 558 291 hereditatem,
591 257 635 282 ea
664 251 785 284 tamen
814 247 934 294 legata
957 248 1079 283 deberi
1103 248 1264 294 dicimus,

177 303 268 340 quae
292 293 339 329 ab
362 292 525 328 instituto
551 291 638 327 data
659 295 756 328 sunt.

226 336 277 376 12
308 338 503 374 Urmws
519 337 610 373 libro
630 337 915 385 quadraqesimo.
930 337 980 373 ad
997 337 1152 374 edictum
1184 338 1265 375 Sive

177 388 296 419 autem
320 382 503 419 omiserint
526 382 681 418 instituti
702 383 777 419 sive
805 393 877 419 non
907 382 1109 426 omiserint,
1142 383 1263 419 dicen-

176 429 261 464 dum
275 433 331 464 est
344 428 472 474 legata,
497 437 590 472 quae
604 428 651 463 ab
666 427 754 473 ipsis
770 428 897 463 relicta
916 431 1009 471 sunt,
1034 428 1263 473 praestanda,

175 473 336 519 quamvis
370 472 527 509 secundo
561 472 701 518 gradu²
734 473 890 509 instituti
929 472 1174 509 omittentibus
1211 474 1263 510 eis

175 519 328 554 adierint
349 517 593 554 hereditatem.

225 561 275 601 13
294 563 349 599 ΤΒ
356 572 573 599 rmlomtms
583 562 676 599 libro
693 563 850 599 secundo
867 563 1152 610 disputationum
1175 564 1264 600 Item

176 619 198 644 a
220 608 417 645 substituto
439 608 558 653 legata
579 607 702 644 deberi
725 608 887 651 dicimus,
913 609 943 643 si
965 608 1150 644 institutus
1178 619 1262 645 con-

176 654 315 689 dicione
339 653 502 689 defectus
526 657 638 696 esset,
670 663 762 706 quae
792 653 831 688 in
853 653 966 698 ipsius
989 657 1168 699 potestate
1191 665 1264 689 non

176 699 260 734 suite
284 708 369 734 nam
393 698 424 734 si
446 708 542 743 eam,
566 708 658 743 quae
682 709 719 733 ιιι
741 698 854 743 ipsius
876 703 1056 744 potestate
1078 699 1166 742 fuit,
1190 710 1264 735 non

174 744 221 779 im
248 744 350 787 levit,
381 754 448 789 pro
473 753 515 780 eo
539 744 727 779 habendus
751 747 822 785 est,
855 743 916 789 qui
939 744 1056 779 noluit
1078 744 1177 780 adire
1200 745 1263 780 he-

173 755 380 832 reditatem,
412 788 555 834 quando
587 789 674 823 nihil
706 788 894 824 habiturus
926 789 1153 825 emolumenti
1177 800 1262 825 con-

175 833 454 870 dicioni-merito
479 844 551 869 non
574 834 744 879 paruerit.

224 878 275 916 14
304 878 501 915 mmmm
514 879 605 915 libro
646 878 899 925 uadraqesimo
916 878 967 915 ad
978 879 1133 915 edictum
1162 879 1262 915 Non-

175 934 367 970 numquam
392 928 519 960 contra
540 924 628 959 tabu
643 933 684 959 as
703 924 880 959 bonorum
898 925 1162 969 possessionem
1184 926 1262 969 quis

173 970 283 1006 habet
310 969 390 1005 iure
420 969 617 1005 secundum
640 968 783 1005 tabulas
808 969 983 1005 bonorum
1005 970 1261 1015 possessionis:

173 1019 215 1051 ut
236 1018 327 1061 puta
348 1015 452 1051 heres
475 1014 660 1050 institutus
684 1017 740 1050 est
762 1015 1008 1060 emancipatus
1031 1015 1145 1059 filius,
1170 1016 1262 1051 alius

171 1060 420 1105 emancipatus
453 1059 688 1106 praeteritus,
733 1059 918 1095 institutus
957 1061 1100 1105 accepit
1136 1064 1263 1096 contra

172 1106 317 1141 tabulas
352 1105 529 1141 bonorum
564 1104 845 1150 possessionem,
903 1106 1093 1141 raeteritus
1125 1106 1260 1141 omisit:

172 1150 433 1196 apertissimum
457 1153 527 1193 est,
552 1154 594 1184 ut
616 1154 766 1195 cogatur
789 1160 884 1185 omm
909 1160 952 1185 us
975 1150 1123 1195 perinde
1146 1151 1263 1196 legata

172 1200 375 1242 praestare,
405 1199 514 1240 atque
537 1195 567 1231 si
591 1195 817 1230 commissum
842 1195 995 1230 edictum
1018 1206 1091 1231 non
1115 1195 1261 1232 fuisset:

174 1251 240 1277 nec
263 1242 359 1277 enim
381 1241 524 1276 occasio
549 1240 763 1285 emancipati
785 1240 972 1285 praeteriti
994 1241 1101 1276 debet
1118 1241 1261 1276 institu-

173 1291 248 1321 tum
280 1286 381 1321 lucro
413 1286 587 1328 adficere,
627 1296 708 1320 cum
738 1286 954 1330 praeteritus
983 1285 1062 1321 iure
1092 1296 1158 1322 suo
1189 1297 1263 1322 non

170 1336 189 1366 ·1
241 1335 375 1366 utatur.
415 1331 451 1365 Si
475 1331 520 1366 ab
545 1340 616 1365 uno
641 1340 685 1365 ex
709 1330 791 1365 filiis
814 1331 946 1366 herede
964 1331 1128 1367 instituto
1149 1332 1261 1367 nomi-

171 1377 284 1412 natim
306 1376 413 1412 alicui
437 1386 482 1411 ex
504 1375 626 1411 liberis
649 1375 929 1421 parentibusque
951 1376 1108 1421 legatum
1139 1376 1263 1413 datum

173 1422 220 1458 sit
242 1426 278 1457 et
299 1421 482 1466 acceperit
503 1421 680 1456 bonorum
707 1421 971 1466 possessionem
1001 1426 1128 1457 contra
1155 1423 1262 1457 tabu-

172 1467 227 1503 las
252 1477 333 1502 cum
356 1467 454 1509 aliis,
477 1466 604 1502 melius
629 1470 683 1502 est
705 1467 860 1511 probare
884 1477 1025 1510 omnes,
1051 1468 1111 1512 qui
1136 1471 1263 1503 contra

171 1512 315 1548 tabulas
338 1512 515 1547 bonorum
536 1511 801 1557 possessionem
824 1515 1058 1557 acceperunt,
1083 1513 1261 1558 cogendos

171 1557 209 1593 id
230 1557 387 1602 legatum
409 1560 607 1603 praestare.

220 1601 270 1640 15
297 1602 351 1638 ΡΑ
360 1611 456 1638 Ubus
475 1602 567 1638 libro
591 1601 872 1648 quadraqesimo
922 1603 1012 1638 rimo
1036 1603 1087 1638 ad
1108 1603 1261 1639 edictum

171 1648 208 1684 Is
232 1648 293 1694 qui
315 1647 352 1682 in
374 1650 555 1693 potestate
578 1651 634 1683 est
655 1647 872 1692 praeteritus
907 1652 1010 1693 egata
1028 1659 1103 1684 non
1119 1648 1263 1684 debebit

171 1696 368 1739 praestare,
393 1693 461 1728 etsi
485 1696 613 1728 contra
634 1692 779 1728 tabulas
803 1693 978 1728 bonorum
998 1694 1263 1738 possessionem

171 1738 329 1785 petierit,
358 1738 442 1783 quia
465 1741 502 1774 et
524 1748 598 1773 non
620 1738 733 1783 petita
756 1738 932 1773 bonorum
955 1739 1184 1784 possessione
1207 1739 1261 1774 in-

170 1784 295 1819 testati
317 1783 551 1819 hereditatem
574 1783 769 1828 optineret:
794 1794 861 1819 nec
885 1783 978 1820 enim
1002 1785 1165 1829 exceptio
1190 1784 1263 1820 doli

170 1829 256 1865 mali
286 1829 371 1864 huic
403 1833 510 1864 nocet
543 1831 580 1864 et
610 1828 806 1864 absurdum
837 1832 894 1864 est
924 1839 1006 1864 eum
1038 1830 1116 1874 cogi
1145 1830 1263 1875 legata

170 1879 375 1920 praestare,
401 1874 485 1919 quia
507 1874 685 1909 bonorum
708 1875 969 1919 possessionem
992 1875 1154 1920 petierit,
1179 1886 1262 1910 cum

172 1924 208 1956 et
231 1920 307 1955 sine
330 1920 399 1954 hac
423 1918 657 1954 hereditatem
679 1919 867 1956 habiturus
891 1920 938 1956 sit
957 1931 1023 1955 suo
1042 1921 1130 1956 iure.
1166 1920 1262 1956 unde

171 1966 201 2001 si
241 1965 313 2000 duo
347 1964 532 2010 praeteriti
568 1968 669 2007 sunt,
712 1965 958 2011 emancipatus
997 1969 1034 2001 et
1068 1966 1100 2001 is
1131 1965 1193 2011 qui
1223 1966 1262 2000 in

170 2013 350 2056 potestate
378 2014 449 2054 est,
490 2009 635 2055 quidam
672 2020 739 2045 nec
775 2011 1040 2055 emancipatum
1075 2014 1261 2055 praestare

171 2056 302 2091 debere
333 2055 450 2100 legata
482 2054 702 2097 existimant,
733 2054 818 2099 quia
841 2055 972 2091 effectu
995 2055 1119 2091 fratris
1143 2056 1262 2091 aufert

170 2104 309 2145 partem
334 2100 531 2142 dimidiam,
564 2110 646 2135 cum
669 2100 729 2135 et³
752 2100 783 2135 si
806 2100 865 2136 hic
887 2111 962 2136 non
985 2105 1139 2146 peteret,
1172 2112 1260 2137 suus

171 2145 270 2181 solus
294 2155 368 2180 rem
392 2145 580 2180 habiturus
600 2148 709 2180 esset.
747 2145 833 2189 quid
856 2156 941 2190 ergo
965 2147 1046 2182 est?
1070 2147 1133 2182 ubi
1155 2157 1260 2192 prae-

170 2190 298 2226 teritus
322 2191 370 2226 sit
392 2200 490 2232 suus,
514 2189 633 2225 verius
651 2194 706 2225 est
726 2190 823 2234 quod
843 2190 977 2226 dictum
996 2195 1069 2227 est:
1094 2192 1157 2227 ubi
1175 2203 1259 2228 vero

169 2235 328 2281 scriptus
351 2239 407 2271 est
429 2239 466 2270 et
488 2235 708 2270 voluntatem
731 2236 845 2280 patris
868 2236 994 2279 habet,
1019 2237 1126 2272 debet
1147 2238 1261 2273 teneri

169 2281 368 2326 legatariis,
409 2280 549 2316 etiamsi
583 2280 742 2316 omiserit
777 2281 951 2316 bonorum
984 2283 1258 2327 possessionem.

173 2330 185 2360 1
239 2325 311 2362 Sed
334 2325 365 2360 si
388 2336 481 2361 unus
504 2325 749 2370 emancipatus
773 2326 875 2362 heres
901 2327 1057 2372 scriptus
1081 2328 1145 2371 sit,
1170 2328 1261 2363 alter

170 2371 384 2416 praeteritus
416 2375 453 2406 et
482 2371 623 2415 utrique
657 2374 786 2405 contra
809 2372 952 2407 tabulas
976 2373 1152 2408 bonorum
1176 2384 1260 2418 pos-

170 2416 364 2452 sessionem
400 2416 621 2461 acceperint,
663 2419 699 2451 et
727 2415 913 2452 institutus
945 2417 1070 2453 eadem
1099 2422 1261 2464 praestat

169 2471 262 2506 quae
285 2461 513 2506 praeteritus.
552 2461 615 2496 sed
635 2461 666 2496 si
685 2461 782 2497 solus
804 2461 908 2498 heres
928 2462 1114 2499 institutus
1134 2467 1261 2499 contra

169 2507 312 2542 tabulas
347 2507 523 2542 bonorum
555 2506 819 2551 possessionem
853 2508 1051 2552 acceperit,
1094 2509 1259 2544 omnibus

165 2552 315 2587 debebit
346 2551 463 2596 legata
491 2555 695 2596 praestare,
736 2552 883 2596 perinde
919 2557 1027 2598 atque
1061 2553 1092 2589 si
1126 2554 1260 2590 adisset

170 2596 414 2632 hereditatem.
463 2596 527 2632 sed
557 2597 589 2632 si
617 2596 773 2642 scriptus
804 2597 947 2642 quidem
971 2598 1099 2634 adierit
1121 2599 1258 2635 heredi-

170 2646 298 2685 tatem,
330 2642 546 2687 praeteritus
571 2646 689 2678 autem
713 2642 888 2678 bonorum
912 2644 1175 2688 possessionem
1198 2655 1259 2680 ac-

172 2687 325 2732 ceperit:
367 2687 426 2722 hic
459 2687 620 2732 quidem,
682 2688 719 2722 ui
757 2688 959 2723 bonorum⁴
997 2690 1259 2734 possessionem

171 2732 368 2777 acceperit,
402 2732 508 2768 certis
532 2742 694 2777 persoms
717 2732 836 2777 legata
859 2733 1019 2776 debebit,
1050 2734 1094 2770 de
1124 2735 1259 2780 scripto

172 2781 291 2812 autem
316 2778 508 2822 quaeritur.
545 2782 582 2812 et
601 2777 801 2823 complures
820 2781 950 2823 putant
970 2779 1075 2814 certis
1096 2780 1258 2824 personis

170 2826 208 2858 et
228 2831 309 2857 eum
328 2826 512 2867 praestare
532 2822 671 2866 debere,
693 2823 789 2868 quod
808 2826 898 2868 puto
916 2824 1036 2860 verius
1056 2835 1150 2860 esse:
1175 2836 1258 2860 nam

170 2871 208 2903 et
230 2871 376 2912 praetor
398 2867 467 2902 hac
491 2868 629 2903 ratione
659 2878 739 2903 eum
762 2872 902 2911 tuetur,
935 2869 1031 2914 quod
1062 2880 1106 2905 ex
1137 2870 1257 2906 liberis

172 2915 191 2947 2
239 2915 295 2947 est
313 2912 373 2957 qui
394 2916 519 2947 contra
535 2912 679 2948 tabulas
695 2917 817 2966 petere
831 2918 1036 2959 potuerunt.
1068 2915 1126 2949 Ita
1139 2919 1257 2950 autem

169 2957 324 2992 tuendus
358 2961 412 2991 est
440 2958 477 2991 in
507 2962 645 3010 partem
676 2958 875 3002 dimidiam,
907 2959 938 2994 si
969 2963 1033 2994 aut
1055 2970 1101 2995 ex
1124 2961 1258 2997 maiore

170 3006 272 3048 parte
302 3012 408 3047 quam
439 3002 583 3037 dimidia
614 3004 716 3039 heres
747 3003 931 3039 institutus
963 3005 1010 3040 sit
1041 3008 1105 3040 aut
1131 3015 1178 3041 ex
1201 3015 1257 3041 se-

170 3047 295 3083 misse:
328 3047 424 3092 quod
453 3046 484 3082 si
506 3057 551 3082 ex
575 3048 708 3084 minore
731 3053 834 3093 parte
857 3058 965 3094 quam
989 3049 1134 3085 dimidia
1155 3050 1258 3086 insti-

170 3095 270 3128 tutus
300 3093 364 3135 sit,
396 3091 546 3127 dicimus
576 3103 649 3128 non
677 3103 722 3129 ex
752 3094 885 3130 maiore
914 3098 1036 3139 parte,
1068 3105 1175 3140 quam
1203 3096 1257 3130 in-

171 3137 317 3173 stitutus
348 3137 413 3179 sit,
448 3136 618 3173 tuendum
650 3148 730 3173 eum
762 3149 858 3174 esset
892 3149 965 3184 qua
996 3140 1088 3175 enim
1119 3140 1257 3176 ratione

169 3182 364 3218 maiorem⁶
392 3186 531 3228 partem
556 3182 689 3218 habere
713 3188 851 3228 potest,
885 3195 967 3219 cum
991 3195 1058 3220 nec
1082 3185 1257 3221 bonorum

170 3228 431 3272 possessionem
459 3227 601 3272 accepit
632 3238 697 3263 nec
721 3238 765 3263 ex
789 3229 923 3264 maiore
946 3234 1048 3274 parte
1071 3229 1256 3266 institutus

170 3276 190 3307 3
237 3272 309 3308 sit?
348 3272 413 3315 Ei,
438 3282 528 3318 quae
552 3272 670 3308 dotem
693 3283 765 3308 non
789 3274 916 3316 habet,
941 3274 1077 3309 nullum
1100 3275 1256 3320 legatum

169 3321 191 3352 4
238 3317 444 3359 debebitur,
468 3318 561 3354 «licet
589 3317 657 3353 sub
688 3323 878 3362 praetextu
906 3318 999 3354 dotis
1022 3320 1170 3364 legetur.
1217 3320 1256 3356 Si

170 3365 340 3398 extraneo
369 3362 499 3398 herede
523 3362 685 3398 instituto
710 3363 776 3398 sub
801 3364 870 3398 hac
894 3364 1103 3400 condicione
1125 3375 1254 3418 excep-

168 3411 228 3443 tae
258 3417 434 3461 personae
462 3408 633 3453 legatum·
649 3407 713 3451 sit,
745 3408 777 3443 si
808 3408 929 3444 heredi
960 3409 1082 3445 decem
1106 3409 1255 3454 dederit,

170 3452 222 3487 ita
242 3462 276 3488 ei
294 3452 491 3498 legatorum
509 3453 605 3489 actio
624 3451 779 3496 dabitur,
803 3452 835 3488 si
853 3453 896 3497 ei,
921 3454 984 3499 qui
1003 3458 1130 3490 contra
1148 3455 1253 3491 tabu-

170 3498 223 3533 las
252 3498 427 3534 bonorum
444 3498 719 3545 ‘possessionem
750 3498 906 3543 accepit,
940 3498 1096 3543 dederit,
1127 3510 1200 3536 non
1222 3500 1255 3537 si

170 3612 210 3647 (1)
233 3609 354 3643 vivut
364 3610 417 3644 P·
513 3613 556 3653 (2)
580 3611 722 3653 gradum
733 3611 768 3645 F
1128 3614 1171 3656 (4)
1194 3612 1254 3647 bo·

171 3665 244 3686 rum
256 3655 291 3688 17
375 3656 419 3698 (ὅ)
441 3656 566 3689 maiore
579 3656 615 3689 F
698 3658 741 3698 (o)
766 3655 874 3699 neptis
885 3655 919 3689 F·
1013 3658 1056 3696 (7)
1080 3658 1150 3691 sivo
1160 3658 1254 3691 here·

171 3699 227 3732 des
237 3699 353 3742 scripti
364 3702 444 3734 sunt
454 3701 523 3734 sive
533 3700 645 3744 legata
655 3704 865 3744 aeceperunt,
882 3702 922 3734 ut
940 3711 1009 3735 uon
1025 3702 1136 3735 minus
1154 3712 1254 3745 quam

859 3612 902 3652 (3)
926 3613 960 3644 et
972 3612 1035 3646 del.

1258 77 1344 127 55⁸)

1486 0 1557 106 t,

1555 114 1599 135 x&
1628 114 1629 117 =
1804 97 1868 129 DE
1895 97 2085 131 means
2112 97 2415 133 tumultum

1333 204 1457 240 heredi
1477 204 1662 248 instituto,
1694 206 1779 252 quia
1806 206 2003 243 absurdum
2030 210 2088 245 est
2107 208 2207 246 illum
2231 210 2416 247 commoda

1333 249 1544 286 hereditatis
1573 250 1724 294 habere,
1760 251 1869 288 alium
1899 263 2009 289 onera
2038 253 2215 292 sustinere
2243 254 2282 291 in
2310 265 2415 302 prae-

1333 293 1461 330 stando
1485 294 1497 329 1
1565 298 1614 331 to.
1649 296 1714 332 sed
1735 300 1774 333 et
1796 297 1828 333 si
1843 297 1939 334 Titio
1961 297 2083 335 iussus
2097 297 2207 336 fuerit
2220 298 2318 344 dare,
2341 311 2415 338 non

1331 339 1382 374 illi
1419 339 1480 375 sed
1498 304 1578 376 effic
1602 340 1688 377 dare
1711 341 1827 378 debet.

1382 365 1432 422 i6
1464 383 1658 422 Urmws
1678 386 1769 423 libro
1793 390 1923 434 quarto
1947 387 2231 434 disputationum
2282 390 2320 427 Si
2343 390 2414 427 duo

1332 432 1579 482 proponantur
1598 440 1679 484 esse
1702 442 1795 468 unus
1818 433 1855 467 in
1875 436 2054 477 potestate
2071 435 2299 479 praeteritus,
2323 436 2414 473 alius

1332 478 1578 520 emancipatus
1595 479 1795 519 institutus,
1813 481 1965 523 apparet
1980 478 2206 515 commissum
2223 490 2302 517 esse
2319 481 2414 517 edic-

1333 523 1410 572 tum
1431 530 1498 564 per
1519 529 1619 563 eum,
1651 521 1712 566 qui
1734 522 1771 557 in
1818 526 1973 558 otestate
1995 527 2070 559 est:
2101 526 2140 559 et
2169 524 2201 560 si
2223 526 2328 561 ambo
2350 536 2414 572 pe·

1334 567 1462 600 tissent
1484 569 1611 601 contra
1631 566 1774 604 tabulas
1824 578 1972 603 onorum
1991 568 2264 613 possessionem,
2287 570 2318 607 is
2336 571 2414 616 qui-

1333 609 1429 652 dem,
1453 610 1513 655 qui
1536 610 1574 645 in
1595 614 1775 655 potestate
1797 613 1945 655 mansit,
1970 623 2050 648 cum
2075 623 2150 649 rem
2173 615 2220 650 ab
2243 616 2414 651 intestato

1333 654 1483 707 habeat,
1514 666 1587 691 non
1614 657 1815 701 praestabit
1842 657 1963 694 liberis
1993 662 2031 694 et
2053 660 2262 704 parentibus
2287 660 2414 706 legata.

1333 704 1578 745 emancipatus
1609 711 1692 737 vero
1724 702 1894 747 numquid
1925 713 1993 739 nec
2020 703 2099 748 ipse
2120 708 2301 749 praestat,
2332 706 2416 752 quia

1332 745 1366 780 ei
1388 754 1465 780 rem
1487 746 1666 789 auferret,
1691 747 1752 792 qui
1774 750 2023 793 praestaturus
2047 759 2119 785 non
2142 753 2239 793 erat,
2264 751 2295 786 si
2318 750 2416 787 solus

1333 790 1453 826 esset?
1490 790 1553 826 sed
1575 792 1692 827 verius
1716 795 1772 828 est
1793 792 1849 828 vel
1872 792 1968 828 hunc
1992 794 2118 830 saltem
2142 795 2272 831 debere
2294 795 2415 831 liberis

1332 838 1369 870 et
1397 836 1608 881 parentibus
1638 841 1823 882 praestare
1855 838 1887 872 le
1933 841 1984 873 ta.
2036 839 2187 884 proinde
2221 841 2254 877 si
2290 845 2417 876 contra

1332 880 1474 916 tabulas
1498 891 1570 916 non
1593 882 1748 962 accefft’
1780 847 1968 918 dicenfffim
1999 887 2056 919 est
2078 885 2251 920 tuendum
2274 895 2356 921 eum
2378 886 2416 921 in

1330 929 1470 970 partem
1487 930 1525 962 et
1541 926 1664 972 utique
1698 927 1804 963 ‘beris
1823 928 2103 974 parentibusque
2119 929 2239 975 legata
2252 934 2415 984 praesta-

1331 975 1463 1006 turum.
1502 971 1565 1007 sed
1584 982 1631 1006 an
1649 975 1687 1008 et
1705 973 1880 1015 omnibus,
1905 973 2049 1009 dubito:
2073 978 2192 1010 tamen
2209 985 2294 1021 quia
2308 975 2417 1021 plena

1329 1015 1472 1051 fruatur
1508 1017 1709 1060 voluntate,
1743 1017 1887 1063 plenum
1920 1022 1958 1053 et
1991 1019 2199 1064 obsequium
2231 1025 2417 1066 praestare

1331 1061 1516 1097 testatoris
1538 1062 1669 1098 iudicio
1691 1074 1759 1111 pro
1783 1073 1849 1098 sua
1854 1067 1976 1116 ,parte
2000 1063 2117 1100 debet.

1379 1103 1429 1143 17
1462 1106 1654 1143 IULIANUS
1686 1109 1776 1144 libro
1814 1109 2021 1155 trzqensimo
2055 1113 2160 1145 sexto
2195 1110 2415 1157 diqestorum

1331 1151 1369 1186 Si
1392 1152 1617 1197 emancipato
1640 1152 1714 1189 filio
1737 1153 1933 1198 praeterito
1955 1157 2060 1198 pater
2081 1158 2291 1191 extraneum
2313 1156 2416 1192 here·

1331 1197 1411 1232 dem
1439 1197 1656 1233 instituisset
1687 1201 1723 1232 et
1753 1199 1800 1234 ab
1831 1208 1873 1234 eo
1905 1209 1981 1234 rem
2004 1199 2159 1244 legasset
2181 1210 2295 1246 eaque
2316 1201 2418 1237 adita

1329 1241 1530 1294 hereditate
1569 1242 1651 1278 dolo
1691 1243 1816 1288 scripti
1854 1243 1997 1280 heredis
2033 1245 2204 1290 perisset,
2246 1246 2416 1283 adversus

1331 1291 1595 1332 emanmpatum
1618 1288 1716 1324 utilis
1740 1289 1835 1324 actio
1859 1289 1939 1324 dari
1961 1289 2106 1325 debebit
2128 1290 2162 1326 ei
2179 1290 2318 1327 scilicet
2334 1302 2418 1337 per-

1330 1342 1451 1385 sonae,
1477 1333 1535 1367 eui
1557 1333 1650 1368 filius
1675 1334 1794 1379 legata
1814 1338 2002 1379 praestare
2025 1335 2174 1379 cogitur,
2204 1336 2289 1382 quia
2310 1347 2414 1382 prae-

1330 1381 1401 1413 tori
1449 1379 1647 1423 ropositum
1671 1383 1727 1414 est
1751 1379 1827 1414 sine
1852 1379 1984 1415 iniuria
2015 1383 2215 1416 ceterarum
2243 1392 2415 1427 persona-

1330 1434 1412 1502 rlum·
1456 1434 1604 1459 onorum
1623 1424 1885 1469 possessionem
1905 1428 2032 1461 contra
2050 1426 2194 1462 tabulas
2213 1427 2417 1463 testamenti

1360 1478 1425 1503 ari.

1379 1510 1430 1551 18
1453 1513 1680 1548 Apamam
1707 1513 1799 1550 libro
1831 1518 1962 1560 quarto
1992 1517 2241 1561 quaestionum
2293 1516 2417 1562 Nepos

1332 1558 1394 1604 qui
1414 1558 1453 1593 in
1475 1561 1655 1603 potestate
1677 1559 1808 1595 mansit
1830 1563 1869 1595 et
1890 1560 1984 1596 filius
2015 1571 2103 1597 suus
2134 1561 2284 1597 heredes
2314 1561 2415 1597 insti-

1330 1603 1401 1639 tuti
1430 1607 1533 1639 sunt:
1568 1604 1692 1648 nepoti
1719 1605 1876 1650 legatum
1907 1605 2022 1641 dedit:
2056 1609 2162 1651 pater
2189 1607 2265 1642 eius
2295 1616 2415 1642 eman-

1331 1649 1472 1694 cipatus
1505 1649 1598 1693 petit
1627 1649 1803 1685 bonorum
1833 1650 2113 1695 possessionem:
2151 1661 2265 1704 nepos
2298 1652 2416 1698 legato

1332 1697 1522 1729 contentus
1547 1697 1613 1729 est.
1661 1694 1804 1740 quidam
1824 1695 1863 1730 in
1885 1706 1967 1731 eum
1990 1696 2121 1740 solum,
2153 1707 2214 1742 qui
2235 1697 2274 1732 in
2295 1701 2416 1742 potes-

1330 1743 1406 1775 tate
1429 1742 1544 1782 esset,
1568 1739 1677 1783 legati
1701 1740 1878 1776 actionem
1901 1741 2024 1786 nepoti
2046 1741 2200 1777 dandam
2222 1742 2416 1787 responde-

1329 1788 1434 1827 runt,
1466 1784 1550 1830 quia
1573 1785 1607 1820 ei
1629 1785 1719 1820 nihil
1741 1785 1927 1821 auferatur
1949 1790 1987 1822 et
2008 1787 2254 1832 emancipatus
2276 1791 2416 1832 partem

1330 1830 1395 1865 filii
1422 1830 1479 1865 sui
1511 1834 1682 1875 occupet,
1713 1830 1752 1865 in
1783 1841 1854 1875 qua
1884 1842 1976 1868 onus
2006 1832 2206 1877 legatorum
2234 1843 2308 1868 non
2330 1843 2414 1868 con-

1330 1875 1487 1910 sisteret.
1534 1874 1598 1910 sed
1625 1876 1760 1912 rectius
1792 1876 1933 1912 dicetur
1955 1877 1994 1912 in
2016 1878 2278 1922 emancipatum
2301 1878 2416 1914 solum

1331 1919 1484 2000 dangram
1494 1930 1586 2000 ¹:esse
1609 1921 1787 1957 actionem
1810 1922 1952 1967 nepoti,
1983 1925 2022 1958 et
2052 1922 2195 1968 quidem
2223 1931 2298 1959 non
2319 1923 2417 1958 ultra

1354 1975 1402 2000 ua
1447 1976 1493 2000 an
1511 1976 1576 2008 em,

1331 1977 1353 2011 q
1379 2008 1430 2048 19
1466 2010 1571 2046 IDEM
1594 2011 1686 2047 libro
1717 2012 1843 2057 quinto
1873 2013 2122 2058 quaestionum
2176 2012 2278 2058 quia,
2316 2016 2354 2049 et
2385 2012 2416 2048 si

1330 2066 1452 2091 omnes
1476 2056 1652 2101 petissent
1674 2057 1850 2092 bonorum
1872 2058 2151 2103 possessionem,
2176 2058 2282 2094 semis
2304 2068 2415 2103 nepo-

1329 2102 1401 2137 tis⁶
1423 2102 1520 2136 inter
1542 2111 1623 2137 eum
1646 2105 1684 2138 et
1706 2105 1845 2147 patrem
1869 2103 1945 2139 eius
1969 2103 2196 2139 divideretur.

1375 2144 1429 2184 20
1453 2146 1691 2182 Manatum
1718 2148 1810 2183 libro
1833 2152 1965 2193 quarto
1988 2148 2198 2195 reqularum
2252 2148 2291 2184 Si
2320 2148 2415 2184 filius

1329 2193 1573 2237 emancipatus
1611 2195 1738 2228 contra
1775 2193 1918 2230 tabulas
1947 2194 2124 2229 bonorum
2152 2193 2415 2239 possessionem

1327 2237 1483 2317 pegigrit,
1509 2237 1662 2318 ιιιειέᾱοέ
1686 2237 1828 2318 (ιιιὶιιίἒιιιιι
1847 2238 1979 2319 {iberes
1998 2242 2036 2274 et
2050 2242 2220 2319 pargtes
2237 2240 2416 2319 constat}

1329 2294 1367 2318 se
1446 2293 1477 2318 si
1507 2293 1581 2318 vari
1664 2293 1734 2318 ona
1863 2294 1940 2320 uer1
1994 2294 2082 2320 exce
2217 2294 2355 2319 ersoms

1329 2330 1503 2363 testatore
1534 2328 1658 2364 mortis
1689 2339 1820 2371 causa,
1848 2340 1915 2374 pro
1944 2333 2026 2364 rata
2054 2294 2241 2365 cgnfereliit
2263 2328 2310 2364 ad
2331 2329 2414 2364 viri-

1329 2374 1399 2408 lem
1421 2373 1646 2418 emancipato
1657 2374 1682 2416 ⁹,
1714 2374 1810 2409 sicut
1839 2374 1973 2410 accidit
1999 2374 2038 2409 in
2060 2374 2287 2419 portionibus
2310 2374 2413 2410 here-

1332 2422 1345 2452 1
1396 2417 1535 2453 ditariis
1558 2422 1596 2454 et
1618 2419 1756 2463 legatis.
1803 2418 1980 2455 Intestato
2004 2423 2124 2455 autem
2147 2423 2287 2455 mortuo
2310 2423 2414 2465 patre

1328 2473 1437 2517 super
1457 2463 1720 2499 donationibus
1749 2464 1875 2500 mortis
1906 2475 2016 2500 causa
2046 2464 2153 2500 factis
2181 2475 2253 2500 uon
2280 2465 2415 2510 poterit

1327 2508 1421 2544 filius
1448 2509 1555 2588 *q‘ueri
1567 2510 1606 2551 ¹⁰,
1639 2509 1807 2554 quoniam
1838 2509 2057 2555 comparatio
2089 2509 2189 2545 nulla
2215 2510 2413 2555 legatorum

1329 2564 1470 2590 occurri
1489 2582 1496 2588 .

1375 2596 1425 2636 21
1459 2598 1708 2635 mmmmm
1734 2599 1835 2635 libro·
1857 2600 1962 2635 tertio
1993 2599 2129 2635 decimo
2163 2600 2413 2646 quaestionum

1328 2644 1367 2680 Si
1388 2644 1508 2689 portio
1531 2644 1750 2687 hereditatis,
1777 2654 1884 2690 quam
1903 2648 2054 2689 excepta
2070 2654 2225 2690 persona
2241 2644 2412 2681 beneficio

1327 2690 1414 2734 legis
1438 2689 1571 2725 habere
1594 2690 1723 2734 potuit,
1747 2689 1967 2734 repudietur,
1990 2700 2057 2734 pro
2081 2700 2124 2725 ea
2148 2699 2287 2743 quoque
2308 2693 2413 2735 parte

1327 2735 1442 2777 filius,
1472 2735 1534 2779 qui
1562 2735 1736 2770 bonorum
1762 2735 2027 2780 possessionem
2049 2738 2207 2788 accepit,
2238 2746 2311 2771 non
2333 2735 2412 2771 aliis

1329 2790 1436 2826 quam
1459 2780 1617 2825 exceptis
1641 2780 1805 2825 personis
1827 2779 1946 2825 legata
1967 2781 2177 2825 praestabit.

1374 2822 1428 2862 22
1452 2825 1561 2860 Iesu
1579 2825 1670 2860 libro
1691 2826 1816 2870 quinto
1834 2835 2089 2871 responsorum
2121 2825 2305 2861 Bonorum
2327 2836 2411 2871 pos-

1327 2870 1485 2906 sessione
1516 2873 1643 2906 contra
1670 2870 1813 2906 tabulas
1844 2870 2051 2906 testamenti
2071 2870 2268 2915 praeterito
2291 2880 2411 2906 eman·

1329 2915 1448 2960 cipato
1483 2915 1557 2950 filio
1592 2914 1696 2957 data,
1736 2916 1891 2960 scriptus
1928 2915 2032 2951 heres
2068 2915 2160 2951 alter
2196 2914 2310 2958 filius,
2351 2915 2411 2960 qui

1326 2960 1588 3014 possession-
1618 2961 1765 3013 accepit
1786 2961 1842 2996 vel
1873 2961 1952 2995 iure
1986 2960 2087 3013 civili·
2113 2963 2303 2996 contentus
2339 2971 2411 2996 nou

1327 3005 2151 3088 acgffffissgglaggaaffssgusz'ignaelizizeffiuss
2172 3051 2410 3097 epitomarum

1326 3095 1384 3138 Hi,
1409 3095 1539 3141 quibus
1561 3095 1618 3131 vel
1647 3095 1811 3131 relictum
1839 3095 1896 3131 vel
1925 3094 2060 3131 virilem
2087 3094 2189 3131 divus
2212 3095 2300 3131 Pius
2323 3106 2410 3131 con-

1327 3140 1462 3177 servari
1485 3141 1691 3181 constituit,
1721 3151 1767 3176 ex
1790 3141 1920 3183 servis,
1952 3140 2013 3186 qui
2034 3140 2238 3176 libertatem
2260 3145 2410 3186 propter

1327 3187 1500 3221 bonorum
1522 3185 1784 3230 possessionem
1808 3189 1935 3222 contra
1954 3185 2097 3221 tabulas
2116 3189 2302 3231 acceptam
2323 3195 2408 3221 con·

1326 3241 1364 3267 se
1389 3230 1427 3265 ui
1448 3241 1521 3265 non
1543 3234 1751 3275 potuerunt,
1777 3230 1867 3267 nihil
1889 3230 2084 3266 habebunt.

1400 3274 1426 3312 4
1461 3275 1516 3310 Ta
1523 3285 1739 3312 rpnomzws
1766 3276 1858 3312 libro
1887 3279 1993 3311 sexto
2022 3275 2159 3311 decimo
2194 3274 2407 3322 disputatio-

1325 3331 1410 3355 num
1455 3320 1651 3356 Intervenit
1677 3321 1742 3356 illa
1769 3320 1950 3367 quaestio,
1982 3320 2125 3365 quando
2148 3330 2295 3357 numero
2318 3320 2406 3356 libe-

1323 3375 1445 3401 rorum
1467 3375 1548 3401 esse
1571 3365 1701 3402 debeat
1722 3366 1753 3402 is
1778 3365 1837 3401 cui
1859 3365 2014 3410 legatum
2043 3365 2167 3401 datum
2198 3369 2269 3410 est,
2300 3369 2342 3400 ut
2371 3365 2407 3400 id

1323 3410 1418 3446 ferre
1438 3411 1555 3456 possit
1577 3421 1600 3446 a
1626 3411 1700 3447 filio
1729 3414 1857 3447 contra
1886 3410 2029 3446 tabulas
2060 3411 2234 3446 bonorum
2263 3421 2405 3456 posses-

1323 3455 1458 3492 sionem
1480 3455 1692 3501 accipiente.
1734 3459 1773 3492 et
1819 3455 1915 3490 lacet
1936 3455 2103 3492 sufficere
2124 3455 2162 3491 in
2185 3465 2230 3491 ea
2251 3455 2405 3491 necessi-

1322 3500 1447 3536 tudine
1469 3503 1558 3536 tunc
1580 3511 1671 3544 esse,
1695 3466 1838 3546 quando
1862 3499 1938 3536 dies
1961 3500 2068 3546 legati
2091 3499 2195 3537 cedit.

1321 3612 1430 3647 virili·
1447 3613 1559 3657 portio
1577 3612 1791 3657 relinquatur
1806 3614 2013 3657 emancipato
2032 3615 2092 3648 ine.

1323 3660 1367 3700 (9)
1391 3658 1661 3702 emancipatosF
1751 3660 1811 3700 (10)
1836 3659 1953 3701 quaeri
1966 3660 2001 3693 F

2221 3615 2265 3654 (8)
2290 3614 2324 3648 et
2342 3615 2403 3649 ina.
