2528 3918
168 129 440 174 XXXXVIII
474 133 538 173 16.
566 133 617 174 17

166 254 220 291 rei
243 253 345 289 divus
369 252 547 289 Traianus
577 252 681 289 utiles
709 262 787 289 esse
815 253 1071 300 interpretatus
1100 258 1173 296 est,
1205 264 1250 290 ex

165 299 223 334 die
247 298 394 342 scilicet,
419 308 489 343 quo
512 297 626 334 feriae
649 297 772 334 finitae
794 303 888 335 sunt.
936 303 973 335 et
995 303 1142 335 senatus
1167 309 1249 335 cen-

165 344 238 380 suit
268 344 352 379 eas¹
382 343 457 379 dies
490 342 633 386 cedere,
669 343 798 388 quibus
834 344 983 390 quisque
1014 354 1115 379 reum
1146 355 1250 380 suum

164 392 326 434 repetere
354 388 479 434 possit.
535 388 605 423 hoc
637 392 779 424 autem²
815 389 998 434 repetendi
1028 389 1079 424 rei
1110 393 1250 434 tempus

163 445 243 514 ngpr
267 433 373 470 aliter
404 433 515 477 cedit,
548 444 655 479 quam
685 434 717 470 si
747 439 939 470 accusator
968 445 1110 479 quoque
1133 434 1251 479 potuit

164 489 187 514 a
245 489 275 514 e.

214 522 261 561 11
289 523 394 560 IDEM
423 523 514 560 libro
542 523 725 570 singulari
751 524 797 560 dc
824 524 1000 559 adulteris
1045 523 1250 568 Quaereba-

165 574 235 612 tur,
257 579 304 604 an
320 568 370 611 lii,
391 568 452 614 qui
472 568 517 604 ab
536 569 766 604 accusatione
784 574 944 614 tempore
964 568 1100 604 exclusi
1118 573 1250 612 essent,

164 614 202 649 in
224 618 370 649 senatus
394 613 597 649 consultum
620 613 881 659 Turpillianum
910 614 1123 649 inciderunt.
1170 624 1246 650 res-

164 659 291 704 pondit
307 670 379 694 non
398 664 564 704 oportere
581 658 738 695 dubitari
756 659 936 695 calumnia
954 669 1027 694 non
1042 658 1162 704 puniri
1178 669 1250 700 eos,

165 704 226 750 qui
249 704 532 749 praescriptione
555 704 726 749 temporis
753 704 890 740 exclusi
914 714 1059 740 causam
1083 703 1250 740 adulterii

164 748 324 796 perferre
346 760 420 785 non
441 753 648 795 potuerunt.

214 791 265 831 12
290 793 485 830 Uipsanas
505 794 596 830 libro
615 794 771 830 secundo
792 794 837 829 de
856 793 1046 829 adulteriis
1087 793 1125 829 Si
1141 793 1250 829 inter-

163 839 326 875 veniente
347 838 495 886 publica
517 839 711 876 abolitione
735 849 779 874 ex
803 843 948 874 senatus
978 838 1143 875 consulto
1154 840 1179 881 ³,
1211 843 1252 874 ut

164 884 244 920 fieri
274 884 429 927 adsolet,
461 884 518 921 vel
548 885 594 921 ob
623 884 795 919 laetitiam
823 884 980 929 aliquam
1002 884 1058 920 vel
1080 884 1251 920 honorem

164 929 292 966 domus
315 929 454 965 divinae
477 930 533 966 vel
555 940 600 966 ex
624 929 744 974 aliqua
768 939 888 971 causa,
914 940 959 965 ex
983 930 1079 974 qua⁴
1103 934 1249 966 senatus

166 975 306 1010 censuit
328 974 557 1011 abolitionem
575 986 719 1010 reorum
738 974 825 1016 fieri,
850 985 917 1010 nec
935 974 1031 1010 intra
1051 974 1127 1010 dies
1145 985 1249 1020 prae-

164 1019 309 1056 stitutos
331 1030 432 1056 reum
454 1019 653 1066 repetierit:
687 1019 875 1055 dicendum
907 1023 963 1055 est
991 1030 1134 1055 cessare
1158 1020 1249 1055 Tur-

163 1065 349 1111 pillianum
380 1070 528 1101 senatus
559 1065 771 1101 consultum.
819 1075 887 1100 nec
910 1063 1003 1100 enim
1026 1064 1166 1100 videtur
1189 1065 1249 1100 de-

163 1110 310 1154 sistere,
346 1110 408 1155 qui
444 1114 646 1155 exemptum
676 1120 776 1145 reum
806 1121 881 1146 non
912 1109 1045 1146 defert:
1084 1110 1251 1146 eximitur

163 1160 285 1191 autem
306 1157 473 1192 reorum⁵
496 1155 690 1191 abolitione
712 1155 979 1191 interveniente.

213 1197 263 1239 13
282 1200 441 1237 Panos
456 1200 548 1237 libro
569 1201 673 1235 tertio
691 1200 736 1235 de
751 1200 926 1236 adulteris
959 1199 1150 1236 Destitisse
1171 1210 1251 1236 eum

163 1245 397 1292 accipiemus,
429 1245 490 1297 qui
519 1245 558 1280 in
586 1250 700 1281 totum
716 1245 884 1298 ‘animum
914 1244 1043 1326 agendi
1074 1245 1250 1297 deposuit,

170 1295 183 1326 1
234 1302 307 1327 non
330 1291 391 1336 qui
410 1290 547 1326 distulit
564 1295 842 1326 accusationem.
881 1290 926 1326 Se
972 1301 1032 1335 qui
1051 1292 1252 1335 permissu⁶

163 1336 210 1372 im
237 1336 388 1372 cratoris
412 1336 458 1372 ab
482 1335 712 1371 accusatione
736 1335 880 1378 destitit,
904 1335 1100 1381 impunitus
1124 1340 1189 1371 est.

211 1347 265 1419 {4
296 1381 491 1418 ULPIAist
513 1381 605 1416 libro
627 1381 778 1427 septimo
802 1380 847 1416 de
869 1381 996 1427 officio
1014 1381 1250 1427 proconsulis

164 1426 275 1463 Divus
304 1425 509 1461 Hadrianus
538 1425 657 1461 Salvio
683 1425 775 1461 Caro
804 1425 1012 1471 proconsuli
1037 1425 1164 1462 Cretae
1194 1437 1250 1462 re·

162 1472 307 1518 scripsit
336 1475 509 1514 tutorem,
541 1471 604 1517 qui
626 1471 753 1522 pupilli
777 1481 889 1507 causa
911 1471 1117 1507 instituerat
1140 1482 1247 1507 accu-

163 1517 357 1559 sationem,
398 1516 566 1552 defuncto
606 1516 760 1562 pupillo,
801 1516 904 1552 cuius
940 1526 1051 1551 causa
1080 1526 1252 1552 accusare

163 1573 227 1599 coe
255 1567 348 1604 erat,
380 1572 453 1598 non
477 1572 556 1597 esse
580 1561 777 1606 cogendum
801 1561 1068 1598 accusationem
1089 1561 1246 1606 implere.

214 1606 231 1644 1
288 1606 431 1643 Macen
455 1606 545 1642 libro
564 1606 723 1642 secundo
737 1606 994 1653 publicar-unffi
1039 1606 1084 1642 In
1104 1610 1251 1643 senatus

164 1652 367 1688 consultum
397 1651 659 1697 Turpillianum
694 1651 878 1694 incidunt,
916 1652 978 1697 qui
1017 1651 1254 1688 subiecissent

163 1702 410 1740 accusatores,
449 1701 513 1733 aut
544 1696 696 1733 subiecti
722 1697 969 1742 postulassent
996 1707 1064 1732 nec
1119 1697 1251 1742 eregis-

164 1747 243 1779 sent
265 1753 364 1785 reos,
394 1747 459 1778 aut
488 1742 592 1778 aliter
644 1752 727 1777 uam
757 1742 951 1779 abolitione
974 1742 1073 1778 facta
1121 1742 1252 1778 estitis-

163 1794 260 1826 sent:
285 1788 415 1834 quique
440 1787 628 1839 chirograp
656 1798 716 1822 um
740 1787 785 1823 ob
807 1788 1050 1824 accusandum
1071 1787 1253 1824 dedissent

189 1833 409 1870 actionemve
426 1833 583 1877 aliquam
599 1836 694 1868 inter
720 1832 909 1869 osuissent.
946 1833 1016 1868 hoc
1035 1837 1154 1868 autem
1173 1843 1250 1868 ver-

163 1845 249 1915 gum
278 1882 357 1914 ‘nec
381 1878 637 1931 peregissent’⁸
667 1888 689 1913 a
744 1878 928 1914 universos
961 1889 1071 1923 supra
1099 1878 1252 1923 scriptos

168 1930 181 1959 1
232 1923 411 1978 pertinere
442 1923 631 1958 dicendum
662 1927 727 1959 est.
774 1924 834 1958 An
863 1923 910 1958 ad
941 1934 1021 1966 eos,
1056 1923 1118 1968 qui
1145 1923 1253 1959 hodie

164 1969 208 2005 de
231 1968 374 2005 iudiciis
398 1968 552 2014 publicis
576 1971 678 2004 extra
701 1968 862 2004 ordinem
886 1973 1122 2013 cognoscunt,
1148 1979 1250 2004 sena-

162 2020 222 2051 tus
246 2013 450 2050 consultum
472 2013 660 2059 pertineat,
686 2013 886 2058 quaeritur:
913 2013 977 2049 sed
994 2014 1066 2048 iam
1085 2013 1155 2049 hoc
1174 2013 1252 2049 iure

163 2071 208 2096 ex
227 2059 338 2096 sacris
356 2058 672 2095 constitutionibus
690 2058 834 2101 utimur,
859 2062 900 2094 ut
916 2059 1093 2104 pertineat
1111 2059 1187 2094 ita⁹
1208 2069 1254 2094 ex

164 2109 184 2141 2
231 2104 378 2150 singulis
411 2104 530 2139 causis
561 2103 721 2148 singulae
746 2114 884 2149 poenae
906 2104 1117 2149 irrogentur.
1165 2105 1251 2147 Eos,

163 2150 209 2186 de
233 2160 382 2196 quorum
407 2148 586 2185 calumnia
609 2148 667 2194 agi
690 2159 763 2184 non
785 2149 1017 2194 permittitur,
1051 2149 1083 2185 si
1106 2148 1251 2185 destite-

163 2197 253 2239 rint,
285 2205 359 2231 non
381 2194 539 2230 incidere
560 2194 599 2229 in
621 2204 774 2239 poenam
797 2194 904 2230 huius
928 2198 1075 2230 senatus
1099 2194 1253 2230 consulti

164 2246 184 2277 3
233 2239 546 2277 constitutionibus
571 2242 727 2275 cavetur.
775 2239 813 2275 Si
843 2242 991 2285 propter
1021 2243 1172 2275 mortem
1199 2239 1253 2274 rei

164 2289 356 2322 accusator
378 2284 566 2328 destiterit,
589 2295 663 2320 non
680 2288 805 2337 potest
827 2284 898 2321 hoc
918 2288 1065 2321 senatus
1086 2284 1251 2320 consulto

165 2331 296 2374 teneri,
358 2330 419 2365 uia
448 2334 564 2366 morte
594 2329 647 2365 rei
677 2329 847 2365 iudicium
877 2330 1044 2372 solvitur,
1081 2329 1150 2365 nisi
1179 2330 1253 2365 tale

165 2377 299 2412 crimen
347 2375 416 2418 uit,
450 2375 552 2411 cuius
584 2375 678 2411 actio
707 2378 744 2410 et
765 2374 936 2411 adversus
959 2374 1108 2411 heredes
1132 2374 1251 2418 durat,

165 2421 272 2458 veluti
295 2420 503 2456 maiestatis.
543 2419 638 2456 idem
661 2420 699 2455 in
721 2420 951 2460 accusatione
974 2420 1253 2473 repetundarum

165 2471 187 2503 4
233 2470 300 2508 est,
324 2465 409 2511 quia
431 2466 521 2501 haec
546 2476 689 2511 quoque
711 2470 826 2501 morte
849 2476 922 2501 non
944 2466 1105 2501 solvitur.
1150 2465 1251 2501 Cete-

164 2523 244 2548 rum
267 2511 313 2555 si,
345 2514 473 2557 postea
496 2521 603 2556 quam
626 2515 818 2547 accusator
841 2510 996 2555 destitit,
1021 2521 1105 2546 reus
1129 2510 1251 2546 deces-

165 2557 262 2601 serit,
286 2567 358 2592 non
380 2556 462 2592 ideo
486 2556 599 2600 magis
623 2556 791 2592 delictum
815 2556 1037 2592 accusatoris
1060 2556 1250 2592 relevatur.

165 2613 247 2638 nam
260 2604 288 2624 ¹⁰
327 2612 409 2637 eum
439 2601 500 2646 qui
528 2601 637 2637 semel
668 2601 820 2645 destitit,
859 2601 891 2637 si
920 2605 1049 2648 postea
1079 2611 1253 2637 accusare

164 2651 313 2693 paratus
345 2647 411 2689 sit,
441 2657 514 2682 non
544 2656 624 2682 esse
654 2646 871 2682 audiendum
895 2646 1047 2682 Severus
1079 2650 1116 2682 et
1138 2647 1252 2682 Anto-

165 2697 185 2727 5
232 2693 339 2728 ninus
378 2695 594 2728 statuerunt.
650 2691 718 2736 Qui
753 2696 836 2737 post
868 2691 1138 2737 inscriptionem
1169 2695 1253 2727 ante

163 2738 263 2774 litem
296 2740 533 2773 contestatam
562 2747 657 2773 anno
689 2736 745 2772 vel
774 2735 917 2772 biennio
946 2746 1052 2781 agere
1082 2747 1155 2773 non
1184 2747 1251 2788 po-

165 2783 301 2818 tuerint
338 2782 445 2817 variis
482 2781 686 2827 praesidum
723 2781 1020 2827 occupationibus
1055 2781 1112 2817 vel
1146 2785 1253 2817 etiam

166 2827 321 2864 civilium
345 2827 545 2862 officiorum
568 2826 842 2863 necessitatibus
861 2826 1024 2871 districti,
1047 2826 1086 2862 in
1105 2831 1252 2863 senatus

166 2876 188 2909 6
235 2872 437 2909 consultum
460 2882 533 2907 non
555 2871 724 2908 incident.
772 2871 996 2924 Quamquam
1026 2872 1126 2917 prius
1152 2882 1253 2908 reum

166 2917 245 2963 quis
276 2917 472 2959 detulerat,
504 2918 579 2952 et¹¹
611 2917 642 2952 si
696 2920 754 2953 ost
784 2917 1031 2959 abolitionem,
1063 2920 1253 2962 antequam

165 2973 249 2999 reus
271 2967 513 3008 repeteretur,
542 2962 614 2998 alia
641 2973 664 2997 a
690 2962 788 2998 olitio
818 2962 1080 3014 supervenerit:
1112 2972 1185 2998 non
1209 2973 1253 2998 ex

166 3007 367 3054 superiore,
405 3007 469 3043 sed
507 3017 552 3043 ex
586 3007 744 3044 secunda
764 3007 968 3044 'abohtione
997 3007 1075 3044 dies
1107 3007 1253 3053 triginta

167 3064 244 3089 com
272 3057 431 3088 utantur.

216 3098 233 3135 1
280 3099 309 3120 ¹²
330 3097 490 3133 Panos
517 3096 608 3133 libro
632 3098 688 3132 sin
716 3097 814 3133 ulari
839 3097 885 3133 de
908 3097 1083 3134 adulteris
1127 3097 1251 3134 Domi-

167 3144 284 3179 tianus
308 3143 510 3189 rescripsit,
543 3141 640 3187 quod
694 3152 714 3177 e
743 3142 841 3178 feriis
866 3146 903 3178 et
915 3143 943 3164 ¹³
973 3142 1158 3179 abolendis
1181 3143 1252 3179 reis

167 3189 309 3231 dicitur,
333 3198 407 3224 non
455 3187 607 3223 ertinere
631 3186 678 3222 ad
701 3197 834 3229 servos,
859 3187 920 3233 qui
939 3187 1102 3223 accusati
1118 3188 1156 3223 in
1176 3188 1251 3224 vin-

167 3234 256 3270 culis
281 3243 360 3269 esse
383 3233 421 3268 iu
447 3238 563 3275 entur,
588 3242 634 3268 ne
647 3233 674 3253 ¹⁴
696 3231 866 3267 iudicium
888 3232 1047 3269 finiatur.

216 3275 266 3316 17
287 3278 541 3314 Mommmos
561 3277 653 3314 libro
669 3279 820 3324 septimo
838 3278 974 3314 decimo
994 3288 1251 3324 responsorum

167 3324 303 3360 Lucius
326 3319 443 3359 Titius
467 3322 587 3360 Seium
617 3332 718 3358 reum
747 3321 831 3359 falsi
862 3322 949 3359 iecit
976 3327 1015 3360 et
1042 3323 1251 3368 priusquam

168 3440 211 3480 (ι)
236 3448 291 3471 eos
310 3438 384 3472 odd.
477 3438 521 3479 (2)
546 3437 723 3480 requiritur
741 3435 842 3478 enim,
863 3437 929 3469 nisi
947 3438 1026 3470 liaec
1046 3439 1146 3470 verba
1166 3437 1253 3470 alius

169 3484 311 3516 auctoris
322 3490 396 3516 sune
448 3485 493 3525 (3)
513 3482 754 3515 interveniente
766 3481 901 3524 publica
913 3480 1094 3514 abolitione
1107 3492 1147 3515 ex
1157 3492 1252 3515 senae

169 3531 223 3560 tus
235 3527 387 3560 connato
399 3528 462 3561 del.
509 3528 552 3570 (⁴)
569 3526 674 3560 velex
686 3526 754 3560 alia
765 3536 833 3568 qua
842 3536 942 3560 causa
954 3539 1016 3559 scr.
1065 3528 1110 3568 (5)
1127 3527 1193 3560 reis
1201 3527 1253 3560 17²

168 3575 214 3614 (6)
237 3573 428 3615 permissum
453 3574 489 3606 F
586 3576 628 3613 (7)
654 3571 857 3605 iudiciorum
877 3573 937 3604 im,
961 3571 1012 3605 Γ*
1122 3573 1166 3611 (8)
1192 3582 1253 3605 nec

168 3618 370 3660 pepigissent
388 3618 448 3660 F1,
466 3617 668 3660 repegissent
688 3618 764 3658 (del.
785 3620 859 3659 nec)
878 3616 929 3649 F²
1019 3618 1064 3657 (9)
1088 3619 1127 3649 ιιι
1147 3619 1206 3650 ins.
1224 3617 1255 3650 S

169 3665 230 3703 (ιο)
255 3673 331 3694 nam
345 3664 406 3696 del.
462 3664 520 3705 (ιι)
543 3663 651 3695 etdel.
709 3666 767 3703 (ιι)
793 3662 1071 3706 qfiD.48‚s‚2,i
1130 3664 1188 3702 (ia)
1213 3661 1254 3695 de

169 3709 229 3741 ins.
242 3708 292 3739 h'2
338 3710 398 3747 (Η)
415 3708 468 3750 ne]
482 3708 585 3740 donec
598 3710 649 3740 vi'r
661 3708 771 3740 «lactus
783 3708 874 3749 apud
889 3707 1054 3740 Cuiacium
1103 3708 1160 3745 (15)
1179 3717 1253 3749 per-

168 3756 324 3793 sequetur
340 3753 372 3784 F
441 3757 502 3794 (ic)
527 3752 707 3784 liei-eunius
720 3753 781 3785 del.
796 3752 847 3784 F⁰
925 3755 983 3792 (ιτ)
1008 3750 1173 3783 diceretur
1189 3764 1250 3784 scr.

1239 129 1317 176 810
1535 130 1555 179 ’Ῑ

1474 57 1545 126 '¹5

1624 144 1685 175 DE
1713 144 1893 184 REQum.
1924 145 2012 176 VEL
2040 145 2223 178 Anam.
2252 146 2394 178 DAMN-

1315 259 1588 300 persequeretur
1600 257 1639 299 ¹⁸,
1669 256 1888 303 indulgentia
1915 267 2058 294 reorum
2087 257 2236 294 crimina
2262 259 2397 296 abolita

1317 304 1411 351 sunt.
1459 310 1604 352 quaero,
1629 301 1661 353 si
1682 306 1808 354 postea
1830 313 1911 338 eum
1934 302 2061 339 iterato
2084 313 2184 338 reum
2206 314 2279 340 non
2301 304 2396 340 fece·

1316 348 1384 386 rit,
1414 355 1521 396 anm
1544 345 1621 381 Tur
1646 346 1804 383 illianum
1828 351 1974 383 senatus
1999 348 2199 383 consultum
2221 348 2394 386 inciderit.

1317 389 1518 426 Herenmus
1531 392 1558 413 ¹⁶
1629 390 1809 429 odestinus
1842 392 2027 438 respondit
2057 393 2286 429 abolitionem
2317 404 2395 430 reo-

1317 445 1407 477 rum,
1432 446 1524 515 qutaie
1546 435 1689 480 publice
1711 437 1925 483 indulgetur,
1949 438 1994 474 ad
2017 438 2086 474 hoc
2107 448 2218 483 genus
2242 438 2398 476 criminis

1318 490 1390 516 non
1413 490 1478 525 per
1509 490 1602 516 nere.

1367 521 1417 562 18
1443 524 1636 561 Piemms
1655 525 1797 562 Ivsws
1817 527 1909 564 libro
1925 527 2049 573 primo
2073 527 2118 562 de
2141 529 2399 564 constitutioni-

1319 570 1385 605 bus
1436 570 1673 615 Imperatores
1704 572 1906 608 Antoninus
1936 576 1972 607 et
1993 572 2110 608 Verus
2132 572 2285 618 Augusti
2307 573 2398 608 Iulio

1317 614 1412 650 Vero
1435 615 1712 667 rescripserunt,
1743 627 1825 652 cum
1855 617 1943 653 satis
1967 617 2029 653 diu
2050 618 2149 653 litem
2170 618 2323 654 traxisse
2345 617 2398 653 di·

1319 664 1421 695 cetur
1434 661 1471 704 ¹⁷,
1510 660 1620 696 invito
1651 660 1853 697 adversario
1883 673 1957 698 non
1988 673 2095 708 posse
2124 673 2204 698 eum
2234 663 2398 698 abolitio·

1323 708 1338 740 1
1387 715 1468 741 nem
1491 705 1666 751 accipere.
1713 706 1802 741 Item
1824 707 2103 759 rescripserunt,
2129 707 2198 743 nisi
2220 707 2401 743 evidenter

1318 750 1492 795 probetur
1526 751 1728 787 consentire
1762 750 2022 796 adversarium,
2061 752 2291 788 abolitionem
2328 762 2400 788 non

1319 798 1339 830 2
1386 795 1474 847 dari.
1516 795 1606 831 Item
1627 796 1899 841 rescripserunt,
1924 807 2005 832 cum
2027 797 2065 833 in
2088 797 2233 833 crimine
2256 797 2402 843 capitali

1318 840 1546 876 abolitionem
1570 845 1611 876 ut
1632 841 1670 876 in
1693 852 1733 878 re
1781 842 1964 877 ecuniaria
1986 842 2134 887 petitam
2157 852 2236 878 esse
2256 842 2400 885 diceret,

1318 885 1590 938 restaurandam
1613 896 1691 922 esse
1714 852 1824 922 aigilo
1848 886 1964 922 minus
1988 886 2243 933 cognitionem,
2274 887 2327 922 ita
2350 891 2400 931 ut,

1319 941 1350 966 si
1372 941 1445 1011 nop
1458 931 1656 1011 ¹2probasset
1678 932 1747 968 hoc
1772 931 1867 977 quod
1890 936 2123 978 proponeret,
2154 943 2228 969 non
2257 932 2402 978 impune

1319 986 1400 1011 eum
1436 986 1458 1011 a
1475 986 1589 1012 urum.

1781 1114 1895 1153 XVII
1906 1113 1945 1153 ¹⁸.

1364 1179 1426 1212 DE
1462 1179 2211 1258 REQUIRENDISNffiISABSENTIBUS
2242 1180 2356 1214 DAM-

1369 1289 1387 1327 1
1417 1289 1651 1326 Marcianos
1676 1291 1767 1327 libro
1790 1291 1947 1327 secundo
1963 1291 2195 1337 publicorum
2209 1292 2237 1314 ¹⁹
2281 1291 2404 1327 Diviw

1320 1335 1441 1371 Severi
1470 1340 1507 1372 et
1535 1336 1708 1372 Antonini
1737 1336 1861 1380 Magni
1891 1335 2106 1381 rescriptum
2135 1340 2208 1381 est,
2246 1347 2293 1372 ne
2324 1337 2404 1382 quis

1320 1381 1450 1417 absens
1481 1381 1670 1426 puniatur:
1706 1385 1743 1417 et
1771 1381 1842 1418 hoc
1871 1380 1950 1417 iure
1980 1381 2126 1425 utimur,
2162 1392 2208 1418 ne
2238 1381 2404 1418 absentes

1321 1426 1552 1462 damnentur:
1590 1436 1705 1471 neque
1735 1426 1830 1462 enim
1860 1426 2022 1462 inaudita
2052 1436 2162 1462 causa
2193 1437 2403 1472 quemquam

1324 1474 1339 1506 1
1387 1471 1550 1507 damnari
1573 1471 1764 1516 aequitatis
1787 1471 1878 1507 ratio
1902 1471 2050 1516 patitur.
2090 1471 2167 1508 ²¹Si
2184 1475 2304 1508 autem

1319 1516 1397 1552 vius
1421 1516 1501 1562 quis
1525 1516 1712 1562 puniatur,
1736 1521 1825 1562 puta
1846 1516 1885 1552 in
1908 1527 1999 1562 opus
2022 1516 2156 1553 metalli
2178 1517 2235 1553 vel
2257 1517 2286 1553 s'
2350 1527 2404 1552 em

1320 1572 1471 1615 poenam
1495 1562 1569 1598 sive
1593 1562 1800 1607 capitalem:
1833 1562 1902 1598 hoc
1930 1572 2018 1598 casu
2041 1572 2115 1598 non
2138 1566 2193 1598 est
2215 1562 2286 1598 irro
2359 1561 2406 1597 da

1320 1618 1358 1642 ιιι
1381 1607 1565 1643 absentem
1587 1617 1723 1652 poena,
1755 1606 1820 1643 sed
1844 1607 1975 1643 absens
1997 1606 2231 1652 requirendus
2326 1610 2403 1643 ota-

1321 1655 1341 1687 2
1389 1656 1448 1687 tus
1458 1653 1490 1674 ²²
1504 1656 1569 1696 est,
1590 1656 1631 1687 ut
1647 1651 1787 1698 copiam
1803 1651 1861 1688 sui
1875 1655 2045 1698 praestet.
2079 1651 2268 1688 Praesides
2284 1656 2404 1687 autem

1345 1697 1585 1733 rovinciarum
1608 1697 1705 1732 circa
1723 1697 1956 1742 requirendos
1975 1697 2167 1733 adnotatos
2186 1697 2256 1733 hoc
2275 1696 2406 1732 debent

1336 1752 1450 1786 acere,
1465 1746 1506 1777 ut
1519 1752 1581 1779 eos
1597 1752 1686 1787 quos
1701 1742 1950 1778 adnotaverint
1967 1742 2091 1778 edictis
2108 1742 2234 1778 adesse
2247 1742 2404 1785 iubeant,

1322 1792 1363 1823 ut
1410 1788 1499 1823 ossit
1520 1787 1744 1824 innotescere
1768 1787 1819 1823 eis
1848 1786 1984 1832 quod2⁸
2015 1787 2176 1823 adnotati
2207 1791 2308 1830 sunt,
2342 1786 2406 1822 sed

1321 1837 1358 1869 et
1408 1836 1519 1868 tteras
1541 1832 1589 1868 ad
1606 1832 1846 1878 magistratus,
1870 1832 1933 1868 ubi
1956 1832 2168 1875 consistunt,
2190 1831 2343 1875 mittere,
2367 1836 2407 1867 ut

1320 1888 1386 1923 per
1408 1888 1471 1914 eos
1493 1878 1608 1923 possit
1629 1878 1852 1914 innotescere
1880 1877 2112 1923 requirendos
2141 1887 2203 1913 eos
2232 1887 2311 1914 esse
2341 1877 2405 1913 ad·

1322 1929 1342 1958 3
1389 1927 1544 1959 notatos.
1579 1923 1630 1958 Et
1653 1933 1698 1959 ex
1720 1923 1791 1959 hoc
1814 1933 1929 1958 annus
1949 1926 2178 1975 computatur
2195 1921 2243 1958 ad
2259 1933 2299 1958 se
2318 1932 2405 1968 pur·

1321 1971 1343 2004 4
1388 1967 1537 2014 gandos.
1592 1968 1663 2004 Sed
1692 1972 1729 2004 et
1755 1968 1976 2014 Papinianus
2013 1968 2105 2004 libro
2136 1971 2240 2004 sexto
2268 1967 2405 2003 decimo

1320 2023 1575 2066 responsorum
1616 2013 1686 2067 scri
1713 2013 1761 2049 sit
1796 2012 2047 2065 requirendum
2082 2012 2294 2066 adnotatum
2302 2014 2333 2035 ²⁴
2373 2012 2406 2065 si

1320 2068 1525 2156 {stiffi
1539 2058 2290 2156 „ggaeggsgqqffiamffigffifffffig
2316 2062 2405 2155 ἓξὲξ

1321 2148 1554 2185 vindicentur.
1590 2159 1674 2184 nain
1697 2153 1734 2185 et
1757 2159 1787 2185 si
1809 2153 1905 2184 intra
1923 2159 2056 2184 annum
2071 2152 2234 2184 mortuus
2254 2152 2311 2191 sit,
2336 2158 2405 2184 cri-

1321 2194 1424 2230 minis
1455 2204 1566 2230 causa
1595 2194 1735 2246 expirat
1762 2198 1799 2230 et
1826 2194 1921 2239 perit
1947 2198 1985 2229 et
2014 2194 2110 2230 bona
2140 2193 2216 2229 eius
2247 2193 2295 2229 ad
2323 2203 2405 2229 suc-

1322 2249 1481 2276 cessores
1506 2243 1807 2275 transmittuntur.

1367 2282 1393 2322 2
1417 2283 1560 2320 Maesa
1590 2284 1681 2320 libro
1705 2284 1863 2321 secundo
1882 2283 2112 2337 publicorum
2125 2283 2155 2305 ¹⁹
2198 2283 2295 2319 Anni
2322 2293 2406 2328 spa·

1321 2330 1409 2365 tium
1438 2329 1485 2365 ad
1509 2329 1721 2374 occupanda
1744 2330 1840 2365 bona
1863 2339 1955 2372 eius,
1987 2328 2049 2374 qui
2076 2327 2313 2374 requirendus
2342 2327 2405 2364 ad-

1324 2378 1338 2410 1
1389 2378 1535 2410 notatus
1566 2379 1637 2416 est,
1668 2375 1834 2420 pertinet.
1888 2373 1958 2410 Sed
1990 2374 2021 2409 si
2048 2383 2113 2418 per
2143 2373 2266 2418 viginti
2292 2383 2406 2409 annos

1320 2420 1430 2456 fiscus
1460 2420 1556 2456 bona
1584 2430 1657 2456 non
1687 2419 1933 2466 occupaverit,
1969 2422 2096 2464 postea
2126 2419 2283 2464 praescri
2308 2418 2406 2454 tione

1320 2465 1377 2502 vel
1400 2465 1446 2501 ab
1470 2465 1548 2510 ipso
1572 2475 1633 2500 reo
1658 2465 1713 2500 vel
1737 2465 1784 2501 ab
1806 2463 1998 2500 heredibus
2021 2463 2098 2499 eius
2120 2463 2288 2499 submove
2312 2463 2403 2498 itur:

1367 2507 1392 2548 3
1424 2509 1660 2545 Maec-uivus
1693 2510 1783 2545 libro
1815 2508 1973 2545 secundo
2009 2508 2236 2589 dedpublicis
2264 2508 2407 2544 iudiciis

1322 2565 1581 2601 quamcumque
1604 2555 1696 2590 enim
1720 2554 1962 2600 quaestionem
1985 2563 2058 2598 apu
2103 2552 2249 2596 fiscum,
2278 2553 2311 2589 si
2333 2563 2406 2589 non

1322 2601 1392 2636 alia
1415 2600 1463 2636 sit
1510 2611 1550 2636 ro
1577 2599 1632 2635 ria
1654 2598 1901 2645 praescriptio,
1924 2598 2048 2644 viginti
2070 2608 2245 2634 annorum
2263 2598 2406 2634 silentio

1322 2645 1481 2692 praescri
1506 2645 1519 2680 i
1568 2645 1613 2680 ‘vi
1635 2645 1814 2690 principes
1837 2644 2037 2680 voluerunt.

1368 2689 1394 2728 4
1418 2690 1561 2726 Macra
1585 2690 1676 2726 libro
1697 2690 1854 2726 secundo
1876 2689 1921 2725 de
1933 2688 2094 2736 publicis
2113 2688 2297 2724 iudiciis„
2331 2689 2406 2724 An-

1322 2747 1390 2772 nus
1419 2735 1547 2771 exinde
1577 2735 1837 2780 computandus
1869 2738 1939 2777 est,
1972 2744 2018 2769 ex
2048 2743 2120 2779 quo
2148 2743 2192 2769 ea
2221 2733 2406 2769 adnotatio

1322 2792 1415 2827 quae
1424 2782 1455 2803 ²⁰
1491 2780 1547 2816 vel
1581 2779 1698 2816 edicto
1727 2780 1784 2816 vel
1813 2779 1939 2815 litteris
1967 2779 2015 2814 ad
2043 2778 2272 2823 magistratus
2301 2778 2406 2814 factis

1326 2831 1339 2862 1
1389 2825 1534 2872 publice
1555 2825 1721 2861 innotuit.
1767 2825 1864 2870 Ergo
1895 2828 1933 2860 et
1963 2823 2087 2870 viginti
2114 2833 2290 2859 annorum
2317 2827 2406 2859 tem-

1322 2882 1390 2917 pus
1411 2870 1540 2907 exinde
1558 2870 1647 2907 fisco
1669 2874 1886 2912 numeratur,
1908 2880 1953 2905 ex
1973 2879 2044 2914 quo
2062 2868 2245 2905 adnotatio
2262 2868 2406 2914 publice

1322 2920 1343 2952 2
1390 2916 1555 2953 innotuit.
1602 2915 1645 2952 In
1668 2925 1806 2951 summa
1828 2914 2011 2951 sciendum
2038 2917 2093 2950 est
2114 2914 2214 2949 nulla
2236 2913 2406 2959 temporis

1322 2961 1606 3008 praescriptione
1637 2970 1768 2997 causae
1798 2959 2004 2996 defensione
2013 2960 2044 2981 ²⁷
2073 2958 2285 2995 summoveri
2313 2969 2403 3004 euin,

1323 3007 1385 3053 qui
1410 3005 1645 3052 requirendus
1667 3005 1860 3042 adnotatus
1883 3009 1949 3041 est.

1368 3051 1393 3089 5
1410 3051 1664 3087 MODESTINUS
1686 3051 1777 3087 libro
1791 3050 2002 3086 duodecimo
2015 3048 2278 3096 pandectarum
2300 3047 2406 3083 Man-

1322 3097 1415 3133 datis
1448 3100 1595 3132 cavetur
1623 3095 1718 3131 intra
1746 3106 1880 3131 annum
1902 3093 2194 3140 requirendorum
2223 3094 2319 3130 bona
2342 3093 2404 3129 ob·

1322 3142 1471 3188 signari,
1502 3145 1559 3184 ut,
1589 3140 1622 3177 si
1651 3140 1821 3176 redierint
1843 3144 1880 3176 et
1902 3150 1942 3176 se
1963 3138 2208 3191 purgaverint,
2231 3138 2404 3190 integi-ani

1321 3198 1396 3223 rem
1418 3197 1521 3224 suam
1544 3185 1720 3222 habeant:
1746 3186 1778 3221 si
1800 3195 1915 3231 neque
1937 3183 2186 3230 responderint
2207 3193 2322 3228 neque
2345 3193 2405 3229 qui

1321 3243 1362 3269 se
1393 3231 1588 3269 defendant
1616 3231 1828 3273 habuerint,
1862 3235 1949 3266 tunc
1979 3233 2062 3275 post
2084 3238 2218 3264 annum
2250 3228 2347 3264 bona
2367 3228 2405 3263 in

1325 3281 1339 3313 1
1389 3277 1513 3314 fiscum
1538 3280 1724 3321 coguntur.
1760 3275 1811 3311 Et
1832 3275 1928 3311 intra
1950 3284 2083 3310 annum
2105 3273 2221 3309 medio
2245 3277 2316 3309 tem
2342 3282 2405 3308 ore

1321 3321 1500 3360 moventia
1527 3321 1559 3358 si
1588 3331 1659 3367 qua
1688 3325 1791 3364 sunt,
1823 3330 1870 3356 ne
1892 3324 1957 3356 aut
1978 3329 2079 3355 mora
2109 3318 2287 3354 deteriora
2390 3321 2404 3352 t

1366 3437 1429 3478 (is)
1454 3435 1537 3469 sab.
1558 3442 1640 3475 imi:
1666 3436 1732 3469 Ed.
1750 3443 1779 3469 ⁵.
1794 3453 1841 3460 —
1860 3434 1946 3468 Bas.
1960 3435 2015 3476 60,
2027 3441 2075 3468 49.
2090 3451 2137 3458 -
2158 3434 2209 3478 cs:
2226 3434 2304 3468 cod.
2317 3435 2350 3476 9,
2365 3441 2402 3468 io

1323 3484 1382 3524 (ιο)
1405 3479 1607 3514 iudiciorum
1624 3481 1703 3514 add.
1717 3481 1768 3514 Ρ
1827 3480 1891 3522 (20)
1916 3478 2069 3512 divorum
2079 3491 2143 3513 scr.
2202 3481 2260 3521 (ιι)
2285 3479 2406 3513 exciuit

1321 3533 1420 3570 capue
1431 3527 1471 3560 de
1484 3527 1661 3559 absentium
1673 3527 1705 3559 in
1716 3538 1841 3569 poenae
1853 3526 1987 3558 leviores
1999 3525 2205 3558 damnatione
2257 3525 2322 3566 (22)
2345 3523 2402 3556 ad-

1320 3570 1487 3605 notandus
1501 3583 1564 3604 ecr.
1657 3572 1722 3613 (2³)
1746 3581 1801 3603 eos
1812 3580 1894 3612 quos
1906 3569 1941 3602 F
2025 3572 2087 3611 (24)
2111 3568 2331 3611 requirendus
2345 3568 2402 3601 ad-

1321 3618 1456 3649 notatus
1466 3627 1528 3649 scr.
1614 3617 1676 3657 (25)
1701 3615 1912 3658 publicorum
1923 3613 2126 3647 iudiciorum
2140 3612 2191 3647 F*
2272 3616 2338 3656 (2⁶)
2361 3613 2402 3646 ad

1320 3660 1558 3739 ἑρῶιιέἑοιιὲωιι
1578 3671 1671 3693 reum
1690 3660 1836 3703 pertinet
1854 3660 2014 3693 nimiiiave
2032 3661 2092 3693 ιἰιε.
2201 3659 2266 3701 (27)
2290 3657 2399 3692 desen·
