2528 3918
135 149 192 202 ar
219 167 592 200 LIBERATIOMBUS

136 283 232 318 facto
254 282 370 317 virum
391 283 534 316 vetante
558 279 639 314 Seia
669 287 750 313 eum
772 276 922 312 fundum
947 276 1110 312 Cornelio
1135 278 1212 312 tuto

135 327 354 364 redditurum
378 335 473 368 esse,
504 324 610 360 sicuti
639 323 687 365 si,
720 332 800 357 cum
829 325 976 367 pactum
1001 325 1215 358 conventum

137 372 273 407 nullum
291 369 559 410 intercessisset,
581 368 729 403 divortio
749 366 845 402 facto
862 367 990 402 mulier
1006 367 1111 402 iussit
1134 377 1215 402 eum

134 417 284 452 fundum
309 416 472 452 Cornelio
496 413 616 456 reddi,
632 412 758 448 deinde
781 416 972 457 antequam
994 412 1214 454 redderetur,

136 462 314 503 vetuisset,
340 471 412 496 non
435 462 514 495 tuto
533 458 751 494 redderetur.
784 456 848 492 sed
871 458 902 492 si
925 462 1114 501 antequam
1133 457 1216 492 Seia

135 511 280 549 vetaret,
306 506 469 541 Cornelio
486 515 566 539 eum
588 503 739 538 fundum
760 501 972 537 reddidisset
986 512 1052 537 nec
1071 512 1215 538 causam

135 552 319 587 habuisset
347 549 570 586 existimandi
598 548 636 584 id
662 548 773 583 invita
804 546 886 582 Seia
913 547 1093 583 facturum
1126 557 1216 588 esse,

135 607 201 632 nec
231 597 356 632 melius
385 606 451 630 nec
482 594 629 640 aequius
661 603 739 628 esse
762 592 999 628 existimarem
1029 602 1109 627 eum
1133 592 1214 626 fun-

137 642 219 677 dum
243 642 345 677 Seiae
368 640 479 676 reddi.

183 684 234 725 83
271 686 498 721 POMPONIUS
537 685 627 720 libro
670 687 801 729 quarto
844 682 980 718 decimo
1023 692 1072 717 ex
1105 682 1216 717 variis

137 732 346 768 lectionibus
380 730 419 766 Si
441 734 504 765 tuo
527 739 628 765 servo
653 728 836 763 credidero
860 737 1009 772 eumque
1032 727 1215 762 redemero

137 782 172 812 et
194 778 224 813 is
248 776 484 811 manumissus
507 774 594 809 mihi
618 774 778 816 solverit,
802 783 875 808 non
897 782 936 807 re
963 775 1045 807 etet.

183 819 237 860 84
269 821 475 856 Procnes
510 820 600 855 libro
632 819 782 865 septimo
813 818 929 862 epistu
945 828 1048 852 arum
1099 816 1216 861 Egisti

137 868 181 902 de
204 867 343 912 peculio
369 866 460 901 servi
483 865 624 899 nomine
648 873 729 898 cum
748 863 906 898 domino:
931 872 1004 897 non
1026 872 1104 898 esse
1127 862 1214 897 libe-

137 918 235 947 ratos
261 911 488 947 fideiussores
519 910 594 945 eius
623 907 817 953 respondit.
865 910 904 941 at
925 907 956 941 si
978 907 1070 942 idem
1093 917 1215 943 servus

138 969 182 992 ex
221 957 361 1002 peculio
404 966 468 990 suo
518 954 692 1000 permissa
739 952 1044 988 administratione
1084 953 1217 997 peculii

137 1012 298 1037 nummos
332 1001 514 1042 sol-visset,
554 999 724 1034 liberatos
760 1007 837 1032 esse
877 996 1104 1033 fideiussores
1140 998 1215 1033 eius

137 1051 235 1130 rec8tg
256 1047 558 1128 lffitzlssrmrvs
598 1089 689 1125 libro
726 1088 850 1134 primo
894 1088 1003 1123 edicti
1035 1088 1219 1123 monitoria·

139 1137 295 1173 Solidum
314 1147 386 1172 non
409 1135 557 1171 solvitur
575 1145 648 1170 non
667 1133 784 1168 minus
803 1132 1003 1177 quantitate
1045 1143 1128 1167 uam
1148 1133 1215 1168 die.

183 1179 236 1220 86
272 1181 430 1216 Pavws
460 1181 550 1216 libro
585 1185 710 1215 octavo
746 1178 796 1213 ad
828 1178 983 1213 edictum
1064 1189 1107 1213 oc
1140 1178 1217 1214 iure

138 1228 279 1268 utimur,
303 1231 344 1261 ut
366 1226 438 1261 litis
462 1224 687 1270 procuratori
710 1234 784 1259 non
806 1226 903 1258 recte
927 1223 1102 1258 solvatur:
1135 1233 1218 1258 nam

137 1277 174 1308 et
203 1272 398 1307 absurdum
430 1274 502 1313 est,
535 1270 594 1305 cui
623 1268 774 1304 iudicati
803 1269 897 1303 actio
926 1279 1002 1303 non
1032 1268 1152 1311 datur,
1185 1269 1218 1304 ei

137 1322 220 1352 ante
248 1327 324 1352 rem
353 1316 545 1351 iudicatam
578 1315 667 1351 solvi
698 1325 816 1360 posse.
864 1313 895 1348 si
923 1317 1041 1349 tamen
1073 1313 1119 1349 ad
1149 1315 1218 1349 hoc

138 1363 243 1398 datus
272 1363 336 1404 sit,
371 1366 410 1396 ut
438 1365 475 1396 et
505 1361 614 1396 solvi¹
645 1360 778 1405 possit,
817 1358 985 1394 solvendo
1018 1369 1059 1394 eo
1088 1359 1216 1394 libera-

138 1409 267 1443 bitur2.

184 1450 236 1490 87
264 1451 407 1488 Casus
435 1452 525 1488 libro
548 1451 739 1486 vicensimo
764 1450 985 1495 dz'qestorum
1031 1448 1220 1493 Quodlibet

140 1498 295 1533 debitum
337 1497 491 1532 solutum
526 1506 548 1530 a
589 1498 825 1540 procuratore
866 1504 943 1530 meo
978 1505 1050 1529 non
1083 1498 1218 1539 repeto,

139 1543 321 1588 quoniam,
365 1553 446 1577 cum
483 1542 561 1586 quis
600 1545 870 1585 procuratorem
908 1539 1063 1574 omnium
1101 1549 1219 1574 rerum

139 1599 283 1623 suarum
313 1586 513 1629 constituit,
547 1586 586 1620 id
617 1596 757 1630 quoque
786 1585 957 1620 mandare
986 1584 1140 1626 videtur,
1179 1589 1220 1619 ut

140 1633 372 1668 creditoribus
395 1632 469 1668 suis
500 1631 688 1676 pecuniam
712 1631 826 1666 solvat
849 1639 965 1675 neque
987 1635 1070 1674 post
1093 1640 1135 1665 ea
1158 1640 1217 1664 ex-

138 1678 353 1723 pectandum
377 1682 441 1719 est,
466 1681 507 1711 ut
528 1680 647 1711 ratum
669 1675 813 1711 habeat.

186 1720 238 1760 88
263 1722 465 1758 Scan-vom
497 1721 589 1756 libro
613 1722 739 1766 quinto
764 1721 983 1766 dz'qestorum
1030 1719 1143 1753 Filiae
1165 1719 1218 1753 in—

139 1772 270 1804 testato
293 1767 390 1814 patri
411 1767 551 1802 heredis
574 1765 716 1810 negotia
732 1770 847 1801 mater
869 1765 980 1810 gessit
1001 1768 1037 1799 et
1059 1774 1117 1799 res
1135 1774 1218 1799 ven-

140 1813 273 1848 dendas
309 1822 375 1858 per
409 1811 628 1856 argentarios
670 1810 767 1846 dedit
802 1810 910 1863 idque
945 1810 1062 1854 ipsum
1097 1809 1220 1844 codice

140 1858 382 1903 conscriptum
419 1861 493 1892 est:
539 1855 753 1901 argentarii³
795 1865 1000 1891 umversum
1035 1854 1219 1889 redactum

139 1903 350 1938 venditionis
374 1902 554 1937 solverunt
577 1904 613 1936 et
641 1904 726 1946 post
748 1900 961 1936 solutionem
989 1909 1114 1935 novem
1143 1899 1219 1934 fere

139 1948 252 1991 annis,
277 1947 448 1992 quidquid
465 1946 641 1991 agendum
660 1948 748 1987 erat,
772 1945 914 1980 nomine
932 1944 1090 1990 pupillae
1106 1948 1220 1979 mater

140 1994 211 2037 egit
234 2002 381 2036 eamque
410 1993 537 2027 marito
561 1994 712 2036 nuptum
741 1990 929 2025 collocavit
951 1994 988 2025 et
1009 1999 1066 2024 res
1090 1989 1123 2024 ei
1145 1993 1218 2024 tra-

141 2038 239 2073 didit.
286 2037 486 2082 quaesitum
509 2040 580 2080 est,
604 2046 652 2071 an
674 2035 795 2081 puella
819 2046 899 2070 cum
923 2034 1131 2079 argentariis
1154 2034 1219 2069 ali-

141 2093 246 2128 quam
269 2082 444 2118 actionem
467 2082 594 2123 habet,
619 2080 760 2125 quando
784 2091 857 2115 non
879 2081 959 2125 ipsa
981 2079 1151 2124 stipulata
1173 2079 1221 2114 sit

141 2128 292 2173 pretium
313 2138 443 2169 rerum,
468 2137 558 2171 quae
577 2127 614 2160 in
631 2125 889 2161 venditionem⁴
914 2125 1019 2160 datae
1037 2128 1132 2166 sunt,
1157 2124 1220 2160 sed

140 2177 264 2208 mater.
311 2171 510 2217 respondit,
541 2171 571 2206 si
596 2171 640 2206 de
664 2181 704 2205 eo
731 2173 977 2214 quaereretur,
1006 2179 1054 2204 an
1075 2170 1153 2205 iure
1177 2180 1220 2205 ea

141 2218 317 2254 solutione
348 2216 541 2261 argentarii
567 2216 709 2251 liberati
740 2218 877 2257 essent,
913 2214 1121 2259 responderi
1142 2214 1220 2249 iure

140 2263 320 2298 liberatos.
371 2261 579 2298 emamus:
615 2261 740 2296 subest
768 2260 861 2295 enim
890 2260 953 2294 illa
982 2270 1027 2294 ex
1056 2259 1219 2294 iurisdic-

140 2309 238 2343 tione
260 2307 417 2352 pendens
442 2305 619 2351 quaestio,
644 2315 691 2340 an
714 2306 829 2350 pretia
851 2315 986 2347 rerum,
1017 2314 1107 2349 quae
1131 2305 1219 2339 scle-

140 2354 229 2388 bant
247 2362 325 2388 esse
342 2352 509 2397 pupillae,
534 2351 629 2386 bona
648 2350 718 2385 fide
737 2350 884 2385 solvisse
902 2350 1088 2384 videantur
1105 2349 1219 2392 matri,

142 2408 233 2443 quae
260 2398 316 2433 ius
348 2396 662 2432 administrationis
691 2406 763 2431 non
798 2395 970 2430 habebat:
1009 2394 1160 2439 ideoque
1191 2395 1222 2429 si

141 2444 209 2478 hoc
233 2443 410 2484 sciebant,
442 2452 516 2477 non
545 2441 759 2483 liberantur,
791 2440 929 2476 scilicet
959 2440 989 2475 si
1013 2443 1126 2475 mater
1149 2439 1219 2475 sol-

141 2488 255 2523 vendo
279 2498 352 2523 non
375 2488 432 2522 sit.

188 2530 241 2570 89
272 2532 381 2568 IDEM
412 2532 503 2567 libro
536 2531 727 2567 vicensimo
757 2540 853 2565 nono
892 2530 1110 2573 diqestorum
1163 2529 1222 2563 Ex

141 2578 304 2623 pluribus
335 2577 452 2612 causis
491 2580 527 2611 et
559 2575 801 2620 chirographis
841 2574 996 2611 creditor
1026 2575 1078 2608 ita
1108 2574 1219 2609 cavit:

143 2623 293 2658 ‘Titius⁵
328 2622 489 2657 Maevius
522 2621 601 2655 dico
639 2631 696 2656 me
735 2619 917 2664 accepisse
954 2623 990 2654 et
1023 2619 1156 2654 habere
1186 2623 1222 2654 et

145 2671 306 2713 ‘accepto
331 2667 455 2702 tulisse
479 2677 501 2701 a
525 2666 613 2701 Gaio
639 2665 734 2700 Titio
757 2664 933 2708 reliquum
957 2674 1061 2699 omne
1083 2665 1221 2699 ratione

144 2713 273 2758 ‘posita
296 2712 373 2746 eius
397 2711 585 2756 pecuniae,
618 2720 725 2754 quam
757 2709 842 2743 mihi
865 2708 1008 2744 Stichus
1032 2708 1113 2744 Gaii
1136 2709 1222 2744 Titii

144 2762 276 2792 ‘servus
301 2757 465 2791 caverat'.
504 2755 701 2800 quaesitum
725 2758 789 2797 est,
814 2764 861 2788 an
884 2764 928 2789 ex
952 2754 1079 2789 ceteris
1104 2754 1221 2789 chiro-

142 2802 304 2847 graphis,
337 2811 428 2845 quae
451 2811 522 2836 non
547 2800 689 2835 Stichus
713 2799 824 2842 cavit,
855 2799 918 2834 sed
946 2799 1022 2844 ipse
1046 2798 1186 2834 debitor
1195 2800 1220 2841 ⁶,

142 2848 280 2891 integra
303 2851 422 2881 manet
446 2846 539 2880 actio
564 2855 609 2880 ex
631 2844 775 2890 reliquis
800 2844 1044 2888 chirographis
1075 2854 1141 2888 per
1166 2843 1220 2889 ip-

144 2902 222 2927 sum
245 2891 440 2926 debitorem
465 2891 590 2925 cautis.
637 2889 821 2935 respondit
845 2899 922 2924 eam
945 2889 1057 2924 solam
1085 2888 1220 2932 obliga-

142 2936 275 2972 tionem
309 2935 533 2977 dissolutam,
570 2945 613 2969 ex
649 2945 720 2979 qua
756 2934 911 2969 solutum
949 2938 1221 2978 proponeretur.

148 2985 161 3015 1
212 2981 347 3016 Lucius
385 2980 500 3015 Titius
536 2990 580 3014 ex
616 2979 754 3015 duobus
791 2978 1055 3023 chirographis,
1094 2979 1222 3023 quibus

145 3025 401 3071 quadringenta
431 3025 462 3060 ei
493 3035 516 3060 a
542 3024 622 3060 Seio
655 3024 892 3066 debebantur,
925 3024 1036 3059 altero
1069 3027 1220 3067 centum,

145 3071 255 3106 altero
279 3074 488 3112 trecentum,
521 3069 664 3114 scripsit
686 3069 778 3112 Seio,
803 3073 843 3103 ut
866 3069 971 3104 unius
996 3068 1223 3113 chirographi

144 3119 286 3150 centum
307 3126 371 3160 per
393 3115 570 3149 Maevium
597 3117 633 3149 et
657 3114 850 3158 Septicium
880 3114 948 3149 sibi
978 3113 1220 3148 mitterentur:

144 3170 288 3205 quaero,
313 3170 360 3195 an
378 3160 489 3202 Seius,
515 3160 546 3195 si
561 3159 699 3194 Maevio
723 3162 761 3194 et
778 3158 934 3203 Septicio
958 3168 1002 3194 ex
1024 3162 1222 3194 trecentum

145 3215 284 3250 quoque
308 3205 454 3240 solvisse
478 3215 516 3240 se
541 3204 647 3246 dicat,
671 3204 842 3239 liberatus
868 3204 924 3239 sit.
972 3203 1166 3247 respondit,
1190 3203 1223 3239 si

144 3260 210 3285 nec
232 3250 422 3291 mandavit,
446 3255 487 3284 ut
511 3260 555 3284 ex
577 3253 775 3283 trecentum
798 3248 1004 3289 solveretur,
1034 3258 1101 3283 nec
1125 3248 1221 3283 solu-

145 3297 164 3329 2
212 3298 288 3329 tum
316 3299 435 3329 ratum
463 3294 603 3335 habuit,
634 3304 706 3328 non
735 3303 812 3328 esse
840 3292 1039 3328 liberatum.
1087 3293 1221 3328 Lucius

146 3339 261 3374 Titius
292 3339 430 3373 duabus
466 3338 773 3383 stipulationibus,
809 3348 882 3372 una
921 3338 1120 3383 quindecim
1154 3338 1221 3373 sub

145 3384 263 3418 usuris
286 3384 491 3427 maioribus,
516 3384 629 3419 altera
652 3382 775 3427 viginti
797 3383 864 3418 sub
887 3383 1006 3418 usuris
1030 3382 1221 3418 levioribus
1237 3411 1246 3422 ,

145 3428 262 3463 Seium
293 3428 416 3463 eadem
445 3429 502 3464 die
530 3428 714 3472 obligavit,
746 3427 798 3461 ita
820 3431 861 3461 ut
883 3428 1006 3472 viginti
1026 3427 1126 3472 prius
1150 3428 1220 3462 sol-

144 3477 325 3515 verentur,
357 3473 394 3507 id
424 3477 479 3508 est
508 3473 626 3508 idibus
656 3472 941 3516 Septembribus:
974 3472 1113 3508 debitor
1140 3476 1223 3517 post

145 3518 237 3552 diem
268 3518 452 3562 utriusque
483 3517 721 3562 stipulationis
753 3517 933 3552 cedentem
967 3517 1071 3552 solvit
1101 3516 1223 3569 viginti

144 3573 208 3598 sex
230 3572 342 3607 neque
367 3562 501 3597 dictum
524 3568 578 3597 est
601 3563 645 3597 ab
671 3563 794 3605 altero,
817 3572 883 3606 pro
906 3571 976 3606 qua
994 3561 1222 3607 stipulatione

145 3673 185 3717 (1)
210 3675 241 3707 ei
257 3677 315 3708 ins.
330 3675 381 3707 F2
472 3676 515 3715 (2)
540 3675 570 3707 ei
586 3674 803 3707 liberabimur
820 3686 882 3707 scr.
975 3676 1018 3714 (3)
1042 3673 1142 3705 matri
1160 3675 1220 3706 ins.

146 3724 188 3759 (4)
213 3719 403 3752 venditione
416 3719 448 3751 F
533 3720 576 3761 (5)
601 3720 697 3751 Titus
709 3733 771 3752 scr.
861 3721 903 3758 (6)
929 3728 968 3750 ex
980 3719 1135 3750 ceteris..
1144 3742 1152 3749 .
1166 3717 1222 3749 de-

146 3763 234 3796 bitor
246 3765 307 3797 del.
389 3766 433 3803 (7)
459 3764 555 3796 etiam
572 3765 632 3797 del.
714 3766 758 3804 (8)
783 3773 852 3796 non
865 3765 924 3796 ins.
940 3764 967 3795 S
1045 3764 1089 3802 (9)
1115 3765 1148 3794 et
1161 3763 1221 3794 del.

1208 148 1294 198 753

2077 156 2307 199 XXXXVI
2335 160 2360 200 3

1282 274 1489 328 solveretur.
1534 283 1747 325 quaer0,·an
1772 275 1866 320 quod
1888 277 2043 312 solutum
2066 281 2120 313 est
2143 288 2222 314 eam
2245 279 2360 324 stipu-

1282 321 1450 356 lationem
1473 322 1731 362 muneraverit,
1763 320 1863 356 cuius
1888 321 1961 357 dies
1984 326 2068 357 ante
2091 324 2215 367 cessit,
2246 323 2284 359 id
2307 328 2362 360 est

1283 370 1324 401 ut
1346 366 1377 400 v'
1403 365 1467 400 ‘nti
1490 363 1596 400 sortis
1620 363 1738 416 soluta
1760 365 1946 401 videantur
1968 371 2004 402 et
2026 368 2063 402 in
2087 378 2214 404 usuras
2239 379 2362 404 eorum

1284 421 1347 446 sex
1395 415 1465 445 ata.
1512 408 1698 453 respond1t
1719 410 1830 453 magis
1853 410 1891 446 id
1914 413 1990 447 acci
2016 413 2029 447 i
2052 423 2097 448 ex
2119 424 2186 449 usu
2211 424 2299 449 esse.

1329 453 1383 494 90
1407 454 1516 491 IDEM
1533 454 1623 490 libro
1644 455 1831 490 vicensimo
1852 460 1956 491 sexto
1976 424 2194 503 ogyestorum
2236 458 2360 501 Filius,

1285 501 1346 545 qui
1368 500 1640 535 administrabat
1662 502 1703 533 ut
1724 499 1827 534 heres
1877 504 1999 536 aterna
2027 503 2139 546 bona,
2175 504 2362 548 pecuniam

1283 556 1328 581 ex
1350 545 1407 581 his
1432 544 1638 598 Sempronio
1662 547 1820 579 mutuam
1868 546 1939 580 edit
1969 551 2004 582 et
2034 548 2181 583 eandem
2203 549 2361 594 particu-

1283 591 1381 625 latim
1403 594 1557 636 receplt,
1586 589 1713 625 deinde
1737 599 1775 624 se
1798 590 1987 633 abstinuit,
2018 593 2101 637 quia
2122 593 2237 629 minor
2259 594 2362 629 annis

1283 639 1379 679 erat,
1411 636 1457 671 ab
1489 645 1532 670 ea
1559 634 1776 670 hereditate:
1807 636 2004 679 quaesitum
2029 641 2098 680 est,
2130 643 2275 674 curator
2297 640 2362 675 bo-

1282 691 1410 715 norum
1444 680 1557 725 patris
1592 680 1806 715 constitutus
1841 690 1888 714 an
1918 681 2083 717 adversus
2117 684 2362 728 Sempronium

1282 726 1405 760 utilem
1428 726 1605 761 actionem
1627 725 1746 761 habet.
1794 725 1978 770 respondit
2000 727 2086 761 nihil
2108 730 2270 773 proponi,
2301 740 2363 764 cur

1283 782 1356 806 non
1378 770 1426 813 is,
1459 770 1520 815 qui
1542 770 1705 806 solvisset
1726 770 1765 805 id
1787 770 1882 815 quod
1905 774 2066 806 mutuum
2089 773 2140 807 ita
2163 778 2361 818 acceperat,

1283 816 1454 851 liberatus
1478 819 1584 851 esset.

1330 858 1380 898 91
1408 860 1540 895 LABEO
1563 860 1655 896 libro
1679 863 1784 895 sexto
1801 859 1982 906 pithanon
2006 872 2029 895 α
2052 860 2167 897 Paulo
2192 865 2363 909 epitoma-

1285 909 1402 941 torum
1454 905 1491 940 Si
1530 905 1670 941 debitor
1705 909 1789 940 tuus
1824 915 1898 940 non
1931 905 2007 940 vult
2038 915 2060 939 a
2090 910 2125 940 te
2155 907 2299 943 liberari
2329 912 2364 943 et

1283 961 1453 996 praesens
1473 954 1538 992 est,
1563 961 1635 985 non
1657 954 1777 995 potest
1798 950 1929 985 invitus
1953 960 1975 984 a
1996 953 2033 985 te
2057 951 2154 986 solvi.
2191 952 2247 987 ΡΛ
2255 963 2297 988 Ul.
2305 963 2364 988 vs:

1283 997 1387 1032 immo
1418 996 1613 1031 debitorem
1643 1000 1745 1030 tuum
1774 995 1881 1031 etiam
1909 997 2132 1039 praesentem
2157 997 2283 1032 etiam⁷
2307 998 2362 1032 in-

1284 1042 1394 1076 vitum
1416 1041 1568 1076 liberare
1590 1041 1642 1075 ita
1665 1040 1799 1085 poteris
1829 1040 2079 1085 supponendo,
2112 1051 2133 1075 a
2165 1052 2234 1086 quo
2266 1042 2362 1077 debi-

1283 1092 1360 1121 tum
1390 1086 1545 1121 novandi
1574 1096 1685 1122 causa
1713 1085 1914 1131 stipuleris:
1947 1085 2044 1130 quod
2072 1086 2208 1122 etiamsi
2238 1098 2364 1132 accep-

1284 1136 1359 1167 tum
1382 1142 1455 1167 non
1478 1131 1624 1174 feceris,
1655 1135 1774 1166 tamen
1804 1130 1939 1174 statim,
1973 1130 2069 1174 quod
2098 1132 2145 1166 ad
2167 1135 2203 1167 te
2226 1133 2363 1176 attinet,

1285 1187 1342 1229 res
1366 1177 1515 1256 perlibtiit:
1542 1186 1624 1212 nam
1648 1180 1684 1211 et
1705 1180 1883 1221 petentem
1905 1178 1942 1211 te
1965 1175 2038 1212 doli
2060 1177 2144 1211 mali
2167 1178 2364 1223 praescrip-

1284 1226 1335 1258 tio
1359 1232 1424 1257 exc
1439 1233 1463 1256 u
1489 1225 1535 1257 et.

1331 1264 1385 1304 92
1417 1266 1645 1302 Poupomvs
1676 1266 1767 1302 libro
1796 1277 1891 1301 nono
1922 1266 2158 1312 epistularum
2213 1266 2251 1301 Si
2279 1267 2366 1301 mihi

1286 1313 1440 1347 alienum
1464 1322 1603 1347 servum
1628 1311 1704 1346 dari
1727 1311 1932 1356 promiseris
1961 1314 2025 1346 aut
2047 1314 2257 1347 testamento
2282 1312 2367 1347 dare

1284 1358 1405 1393 iussus
1432 1357 1544 1392 fueris
1574 1357 1675 1400 isque
1704 1367 1846 1399 servus,
1878 1360 2068 1401 antequam
2098 1366 2162 1401 per
2189 1360 2225 1392 te
2254 1360 2367 1392 staret

1286 1413 1355 1448 quo
1389 1403 1505 1437 minus
1536 1402 1657 1445 dares,
1687 1411 1710 1436 a
1740 1401 1881 1437 domino
1912 1401 2150 1437 manumissus
2180 1401 2243 1444 sit,
2274 1401 2365 1437 haec

1284 1447 1515 1483 manumissio
1545 1447 1650 1482 morti
1678 1447 1802 1482 similis
1834 1447 1898 1482 sit:
1935 1447 1967 1482 si
1997 1450 2114 1482 autem
2148 1446 2366 1490 decessisset,

1289 1497 1303 1528 1
1352 1503 1426 1528 non
1448 1492 1613 1527 tenearis.
1662 1491 1734 1527 Sed
1756 1495 1792 1527 et
1816 1492 1847 1527 si
1870 1488 1948 1537 quis
1972 1502 2128 1535 servum,
2163 1502 2266 1537 quem
2290 1492 2369 1527 dari

1285 1537 1464 1618 gromisit,
1496 1538 1601 1572 heres
1632 1547 1655 1572 a
1686 1537 1827 1573 domino
1859 1538 2014 1583 scriptus
2038 1537 2284 1573 statuliberum
2307 1537 2367 1572 de·

1310 1583 1387 1624 erit,
1411 1584 1595 1618 liberatur.

1332 1625 1384 1666 93
1410 1627 1614 1664 Scaevoia
1638 1627 1729 1662 libro
1751 1627 1934 1673 sinqulari
1956 1628 2204 1672 quaestionum
2221 1627 2369 1674 publice

1287 1676 1523 1709 tractatarum
1565 1672 1604 1708 Si
1626 1672 1696 1707 duo
1721 1673 1774 1707 rei
1797 1673 1868 1707 sint
1890 1672 2086 1716 stipulandi
2109 1676 2145 1707 et
2168 1673 2258 1707 alter
2281 1673 2367 1707 alte-

1286 1729 1365 1753 rum
1398 1717 1566 1753 heredem
1600 1717 1763 1762 scripsit,
1800 1717 2008 1760 videndum,
2049 1727 2096 1752 an
2131 1717 2369 1753 confundatur

1288 1763 1467 1808 obligatio.
1513 1762 1632 1807 placet
1654 1773 1727 1797 non
1751 1762 1931 1798 confundi.
1973 1773 2043 1815 quo
2067 1763 2201 1798 bonum
2224 1766 2279 1798 est
2300 1763 2369 1798 hoc

1288 1808 1429 1844 dicere?
1453 1808 1560 1853 quod,
1586 1808 1617 1843 si
1639 1807 1802 1843 intendat
1824 1807 1903 1842 dari
1925 1807 1995 1842 sib1
2015 1812 2190 1852 oportere,
2214 1808 2269 1842 vel
2288 1807 2368 1843 ideo

1288 1853 1366 1888 dari
1389 1856 1531 1898 oportet
1552 1852 1633 1898 ipsi,
1658 1852 1754 1897 quod
1776 1853 1878 1888 heres
1902 1852 2049 1896 exstitit,
2073 1853 2129 1888 vel
2151 1852 2243 1896 ideo,
2274 1852 2367 1897 quod

1286 1898 1432 1952 proprio
1457 1898 1599 1933 nomine
1623 1897 1656 1932 ei
1679 1898 1878 1933 deberetur.
1927 1898 2051 1942 atquin
2074 1908 2202 1942 magna
2226 1901 2280 1933 est
2302 1898 2367 1932 hu-

1286 1955 1342 1980 lus
1366 1943 1419 1978 rei
1442 1942 1659 1978 differentia:
1691 1952 1775 1977 nam
1804 1943 1836 1978 si
1866 1942 1957 1977 alter
1989 1953 2031 1978 ex
2063 1943 2134 1978 reis
2162 1943 2261 1987 pacti
2284 1953 2368 1978 con-

1287 1989 1382 2024 venti
1403 1988 1591 2033 temporali
1614 1988 1824 2032 exceptione
1848 1988 2058 2023 summoveri
2080 1988 2230 2033 poterit,
2259 1988 2367 2023 inter-

1288 2034 1373 2076 erit,
1411 2034 1442 2068 is
1474 2033 1535 2077 qui
1562 2033 1666 2068 heres
1698 2032 1832 2068 exstitit
1860 2038 2026 2068 utrumne
2055 2043 2122 2068 suo
2152 2033 2302 2068 nomine.
2322 2043 2367 2067 an

1287 2078 1502 2114 hereditario
1527 2088 1571 2113 ex
1597 2078 1748 2120 eriatur,
1781 2081 1823 2113 ut
1851 2078 1903 2113 ita
1930 2078 2047 2122 possis
2079 2078 2366 2120 animadvertere,

1294 2128 1305 2157 l
1357 2123 1556 2168 exceptioni
1592 2133 1680 2158 ocus
1704 2122 1750 2158 sit
1772 2133 1839 2158 nec
1862 2133 1918 2158 ne.
1961 2122 2052 2157 Item
2075 2123 2106 2158 si
2128 2122 2198 2157 duo
2222 2124 2274 2158 rei
2297 2123 2368 2158 sint

1288 2167 1518 2214 promittendi
1541 2170 1578 2203 et
1600 2168 1690 2202 alter
1712 2167 1864 2203 alterum
1885 2167 2053 2202 heredem
2076 2167 2229 2212 scripsit,
2262 2169 2367 2202 ⁸con-

1290 2216 1309 2248 2
1355 2213 1518 2248 funditur
1541 2212 1721 2257 obligatio.
1767 2212 1837 2248 Sed
1860 2213 1921 2247 et⁹
1943 2213 1975 2248 si
1993 2223 2076 2248 reus
2096 2212 2261 2247 heredem
2281 2212 2367 2248 fide-

1288 2259 1464 2294 iussorem
1494 2258 1694 2302 scripserit,
1726 2257 1955 2293 confunditur
1982 2257 2162 2310 obligatio.
2209 2261 2245 2293 et
2267 2257 2367 2301 quasi

1287 2303 1453 2348 generale
1476 2303 1561 2347 quid
1583 2302 1808 2338 retinendum
1831 2306 1900 2346 est,
1924 2306 1984 2346 ut,
2008 2303 2072 2337 ubi
2095 2302 2126 2337 ei
2150 2303 2367 2347 obligationi,

1290 2359 1381 2394 quae
1418 2348 1596 2393 sequellae
1633 2348 1751 2383 locum
1787 2348 1938 2392 optinet,
1978 2347 2184 2392 principalis
2220 2347 2366 2389 accedit,

1291 2393 1442 2429 confusa
1465 2393 1512 2428 sit
1534 2392 1720 2437 obligatio:
1746 2393 1910 2437 quotiens
1934 2392 2025 2428 duae
2049 2392 2120 2427 sint
2142 2392 2365 2437 principales,

1289 2439 1403 2473 altera
1426 2438 1529 2473 alteri
1552 2438 1671 2483 potius
1694 2437 1850 2472 adicitur
1872 2437 1919 2472 ad
1941 2438 2129 2480 actionem,
2154 2447 2258 2481 quam
2282 2447 2365 2472 con-

1290 2487 1309 2518 3
1355 2483 1533 2518 fusionem
1561 2493 1699 2528 parere.
1749 2482 1842 2526 Quid
1871 2492 1973 2526 ergo,
2005 2483 2035 2517 si
2058 2482 2246 2517 fideiussor
2268 2492 2367 2516 reum

1289 2527 1455 2564 heredem
1480 2527 1687 2572 scripserit?
1719 2527 1957 2563 confundetur
1980 2527 2147 2571 obligatio
2173 2526 2366 2562 secundum

1290 2573 1411 2608 Sabini
1433 2572 1655 2614 sententiam,
1680 2572 1764 2607 licet
1785 2572 1960 2607 Proculus
1985 2571 2180 2607 dissentiat.

1336 2615 1390 2655 94
1414 2617 1658 2653 Papmmvzss
1689 2617 1779 2652 libro
1808 2621 1934 2652 octavo
1964 2618 2211 2662 quaestionum
2259 2616 2296 2651 Si
2325 2616 2366 2657 is,

1290 2663 1349 2698 cui
1372 2673 1533 2698 nummos
1558 2662 1695 2697 debitor
1727 2662 1831 2697 solvit
1858 2661 2010 2704 alienos,
2041 2662 2192 2696 nummis
2222 2660 2366 2705 integris

1288 2711 1414 2753 pergat
1442 2712 1564 2753 petere
1587 2707 1682 2752 quod
1705 2707 1774 2742 sibi
1797 2706 1986 2749 debeatur,
2017 2716 2084 2742 nec
2116 2707 2243 2741 offerat
2272 2705 2367 2751 quod

1294 2757 1306 2787 1
1357 2753 1506 2798 accepit,
1526 2752 1736 2797 exceptione
1753 2752 1825 2787 doli
1844 2751 2131 2787 summovebitur.
2167 2751 2230 2786 sin
2250 2754 2367 2785 autem

1291 2808 1494 2834 communes
1524 2807 1685 2832 nummos
1717 2797 1858 2832 credam
1893 2801 1956 2831 aut
1987 2797 2139 2840 solvam,
2180 2795 2365 2831 confestim

1289 2854 1355 2888 pro
1378 2846 1482 2888 parte
1504 2853 1583 2877 mea
1605 2845 1774 2877 nascetur
1796 2847 1832 2876 et
1855 2842 1947 2876 actio
1972 2846 2008 2876 et
2030 2841 2208 2882 liberatio,
2233 2841 2306 2875 sive
2329 2840 2364 2875 in

1290 2888 1437 2932 singulis
1462 2887 1613 2922 nummis
1638 2887 1918 2922 communionem
1937 2897 2002 2931 pro
2021 2886 2171 2920 indiviso
2192 2885 2269 2929 quis
2290 2894 2366 2919 esse

1289 2934 1472 2976 intellegat
1503 2932 1575 2967 sive
1605 2933 1643 2967 in
1671 2932 1822 2976 pecunia
1852 2942 1924 2966 non
1948 2941 2100 2975 corpora
2124 2930 2271 2973 cogitet,
2302 2928 2365 2963 sed

1292 2982 1310 3012 2
1358 2978 1602 3022 quantitatem.
1639 2976 1709 3012 Sed
1731 2980 1768 3019 ¹et
1790 2976 1821 3011 si
1842 2975 2031 3011 fideiussor
2051 2975 2184 3009 alienos
2207 2983 2364 3008 nummos

1288 3023 1326 3057 in
1356 3032 1501 3058 causam
1531 3021 1769 3057 fideiussionis
1798 3021 1913 3064 dedit,
1947 3019 2164 3064 consumptis
2188 3019 2242 3052 his
2267 3027 2364 3051 man-

1291 3068 1363 3102 dati
1386 3077 1491 3112 agere
1514 3070 1651 3111 potest:
1685 3069 1721 3101 et
1750 3066 1829 3102 ideo
1861 3066 1891 3102 si
1922 3076 1999 3100 eam
2028 3064 2210 3109 pecuniam
2242 3061 2364 3104 solvat,

1290 3123 1394 3157 quam
1418 3112 1665 3156 subripuerat,
1695 3111 1854 3146 mandati
1876 3114 1966 3155 aget,
1991 3113 2177 3154 postquam
2202 3106 2288 3141 furti
2310 3105 2364 3141 vel

1291 3163 1309 3191 3
1358 3167 1403 3192 ex
1431 3166 1540 3192 causa
1572 3156 1804 3191 condictionis
1819 3157 1847 3177 ¹⁰
1872 3154 2099 3200 praestiterit.
2146 3152 2279 3186 Fabius
2307 3150 2364 3202 Ia-

1290 3202 1436 3237 nuarius
1461 3201 1657 3245 Papiniano
1688 3201 1848 3237 salutem,
1897 3201 1986 3234 Cum
2017 3199 2130 3232 Titius
2162 3196 2251 3247 Gaio
2283 3195 2363 3230 Seio

1290 3247 1436 3282 deberet
1471 3256 1515 3280 ex
1544 3256 1654 3281 causa
1682 3245 1940 3280 fideicommissi
1971 3247 2102 3278 certam
2133 3244 2365 3285 quantltatem

1291 3294 1327 3326 et
1348 3291 1597 3326 tantundem¹¹
1622 3291 1735 3326 eidem
1759 3301 1803 3325 ex
1827 3290 1896 3324 alia
1919 3298 2043 3329 causa,
2077 3295 2168 3336 quae
2189 3285 2263 3329 peti
2286 3284 2363 3329 qui-

1291 3337 1369 3371 dem
1393 3346 1466 3371 non
1487 3339 1640 3381 poterat,
1665 3346 1708 3371 ex
1732 3336 1906 3370 solutione
1930 3336 2047 3367 autem
2069 3330 2274 3375 petitionem
2293 3339 2363 3363 non

1289 3383 1463 3426 praestat,
1501 3380 1589 3415 Titii
1622 3391 1745 3416 servus
1776 3382 1876 3414 actor
1906 3378 2052 3412 absente
2082 3375 2223 3409 domino
2260 3373 2364 3424 solvit

1290 3436 1367 3461 eam
1392 3435 1576 3467 summam,
1601 3436 1692 3471 quae
1714 3424 1869 3460 efficeret
1883 3423 1910 3444 ¹²
1933 3421 1978 3456 ad
2002 3419 2234 3471 quantitatem
2257 3427 2364 3452 unius

1290 3470 1417 3512 debiti,
1450 3474 1663 3515 cautumque
1692 3474 1747 3505 est
1778 3470 1810 3503 ei
1839 3467 1992 3503 solutum
2023 3475 2066 3499 ex
2094 3473 2256 3498 umverso
2286 3471 2362 3497 cre·

1291 3515 1383 3550 dito:
1418 3525 1566 3558 quaero,
1598 3515 1635 3550 id
1663 3514 1756 3559 quod
1779 3513 1933 3547 solutum
1956 3512 2011 3544 est
2032 3510 2070 3544 in
2093 3517 2197 3553 quam
2222 3517 2364 3558 causam

1291 3565 1478 3604 acceptum
1507 3560 1655 3595 videtur.
1703 3556 1886 3602 respondi,
1919 3555 1950 3591 si
1982 3553 2120 3598 quidem
2144 3551 2239 3587 Titio
2264 3551 2364 3586 Seius

1292 3675 1350 3712 (ιο)
1374 3674 1549 3714 postquam
1561 3682 1600 3703 ex
1612 3680 1707 3702 causa
1719 3669 1861 3700 furtivae
1873 3665 2092 3699 condictionis
2103 3678 2164 3697 scr.
2211 3665 2267 3702 (11)
2290 3665 2364 3696 tan·-

1291 3717 1423 3749 tandem
1435 3730 1497 3749 scr.
1593 3718 1649 3755 (12)
1673 3713 1837 3745 sufficeret
1848 3712 1877 3745 S

2054 3811 2095 3843 05
