2528 3918
123 138 468 171 'I‘ERTULLIANUM
496 140 553 170 ET
583 138 892 170 ORI’HITIANUM

122 249 358 285 admittendas
382 249 428 284 ad
452 250 626 285 bonorum
646 248 908 293 possessionem
932 248 1028 283 unde
1050 248 1203 293 proximi

123 295 265 339 cognati
295 298 444 330 matrem
474 298 509 329 et
540 294 658 328 filiam.
708 293 771 328 sed
801 293 898 338 quod
926 293 1019 328 idem
1043 294 1202 330 Iulianus

122 340 265 384 scripsit
295 343 442 374 matrem
475 349 518 374 ex
546 342 692 374 senatus
717 339 880 374 consulto
911 349 984 373 non
1007 349 1114 383 posse
1139 340 1201 373 ad-

122 385 228 426 mitti,
260 384 290 420 si
320 384 393 419 filia
422 384 460 419 in
488 384 662 419 bonorum
691 383 918 428 possessione
947 383 1101 428 petenda
1126 394 1202 419 ces-

122 430 270 472 saverit,
307 440 427 465 verum
460 439 533 464 non
570 429 654 464 erit:
689 429 850 464 succedit
882 429 976 464 enim
1013 429 1118 464 filiae.
1168 433 1204 464 et

121 475 199 510 ideo
221 474 406 510 dicendum
430 474 497 508 erit
519 477 679 516 matrem,
705 474 819 509 donec
836 474 910 508 filia
923 474 1099 510 bonorum
1118 485 1201 519 pos-

122 520 314 555 sessionem
337 523 458 564 petere
487 522 625 564 potest,
659 519 833 555 bonorum
855 520 1117 564 possessionem
1143 530 1201 554 ac-

123 566 239 610 cipere
262 575 333 600 non
355 574 478 608 posse,
511 564 678 608 quoniam
702 564 897 600 succedere
921 565 1023 609 quasi
1045 565 1203 609 legitima

127 614 164 644 10
212 613 425 654 speraretur.
459 608 496 643 Si
513 609 687 644 bonorum
701 610 928 654 possessione
944 614 1094 654 accepta
1107 609 1202 644 filius

121 655 362 699 emancipatus
395 654 608 689 abstinuerit
640 665 677 689 se
716 655 915 690 hereditate
946 665 1011 699 per
1045 656 1081 689 in
1111 656 1200 689 inte-

120 710 220 743 grum
249 698 528 741 restitutionem,
566 710 687 734 verum
719 705 773 734 est
814 703 958 734 senatus
999 700 1201 735 consultum

121 754 224 788 posse
255 744 373 779 locum
404 745 551 779 habere:
583 745 646 779 sed
670 744 700 779 si
723 745 831 780 fuerit
862 755 985 780 rursus
1009 745 1200 786 immixtus,

125 793 157 823 ll
208 799 331 824 rursus
357 789 461 824 debet
479 794 592 825 mater
616 790 806 825 abstinere.
845 790 882 825 Si
902 790 980 834 quis
1001 801 1045 825 ex
1067 790 1199 831 liberis,

120 834 201 868 dum
232 837 287 870 est
317 834 354 869 in
386 838 506 878 utero,
540 835 577 870 in
609 835 837 880 possessione
870 836 998 871 missus
1023 836 1086 878 sit,
1119 846 1201 870 mox

121 882 224 914 natus
255 879 303 915 sit
332 883 368 914 et
397 884 479 915 ante
516 880 693 915 bonorum
721 880 982 925 possessionem
1016 884 1200 925 acceptam

118 924 324 967 decesserit,
355 935 403 959 an
426 925 532 960 matri
555 931 701 967 noceat,
726 926 935 968 videndum,
961 926 1063 970 quasi
1087 927 1199 961 bono-

120 980 195 1003 rum
225 980 421 1014 possessor.
471 975 506 1005 et
536 975 623 1016 puto
661 982 733 1006 non
765 982 913 1014 nocere,
948 972 978 1006 si
1010 982 1082 1006 non
1114 982 1201 1007 suus

119 1014 210 1059 patri
234 1015 481 1059 adgnascitur:
506 1026 621 1061 neque
645 1016 737 1051 enim
761 1015 917 1051 sufficit¹
941 1016 1034 1051 mitti
1056 1017 1094 1051 in
1116 1027 1200 1061 pos-

118 1059 320 1102 sessionem,
346 1060 415 1096 nisi
438 1065 544 1096 natus
566 1072 706 1106 quoque
725 1062 906 1106 acceperit
929 1062 1104 1096 bonorum
1116 1072 1199 1106 pos-

119 1105 322 1140 sessionem.
370 1106 478 1150 igitur
515 1110 549 1141 et
590 1107 620 1142 si
659 1107 795 1141 furioso
837 1107 980 1141 decreto
1013 1107 1125 1151 petita
1156 1107 1203 1141 sit

117 1151 294 1194 possessio
328 1154 363 1186 et
394 1152 601 1196 priusquam
638 1153 715 1196 ipse
747 1152 872 1186 montis
904 1163 1050 1196 compos
1080 1151 1200 1186 factus

118 1196 291 1230 bonorum
312 1197 570 1240 possessionem
594 1197 747 1241 petierit,
774 1198 975 1239 decesserit,
1001 1197 1107 1231 matri
1130 1208 1202 1231 non

123 1244 159 1274 12
208 1241 376 1276 obstabit.
414 1242 484 1277 Sed
508 1243 538 1278 si
562 1243 653 1287 quis,
680 1254 759 1277 cum
784 1246 900 1277 status
926 1242 1203 1277 controversiam

116 1290 314 1330 pateretur,
348 1287 610 1322 Carbonianam
635 1288 747 1323 solam
772 1287 970 1332 acceperit,
1003 1298 1049 1322 an
1073 1291 1202 1322 noceat

117 1332 222 1366 matri
246 1332 419 1367 bonorum
438 1333 628 1377 possessio,
655 1333 855 1377 quaesitum
880 1333 1021 1377 quidem
1040 1337 1112 1367 est:
1139 1332 1201 1367 sed

118 1388 197 1411 cum
221 1377 310 1412 haec
334 1382 493 1422 tempore
517 1378 673 1420 finiatur,
699 1378 887 1413 dicendum
911 1381 965 1413 est
988 1378 1095 1412 matri
1118 1382 1201 1422 post

116 1426 254 1466 tempus
271 1434 344 1458 non
360 1434 489 1459 nocere
505 1427 578 1466 aut,
605 1424 635 1458 si
650 1423 813 1467 impubes
831 1423 1034 1465 decesserit,
1052 1427 1200 1458 matrem

121 1470 157 1501 13
206 1478 311 1512 posse
336 1467 485 1502 admitti.
524 1468 594 1503 Sed
618 1469 648 1504 si
672 1468 800 1502 infanti
823 1479 887 1513 per
910 1472 1065 1504 tutorem
1088 1469 1202 1513 petita

116 1513 162 1547 sit
193 1513 392 1557 possessio,
422 1513 506 1548 licet
537 1514 657 1549 statim
682 1513 888 1557 decesserit,
922 1513 1110 1549 dicendum
1136 1513 1203 1549 erit

115 1558 220 1592 matri
240 1558 437 1594 obstitisse:
464 1569 535 1594 non
553 1559 645 1594 enim
667 1559 789 1594 similis
810 1563 864 1594 est
885 1558 927 1602 ei,
953 1569 1046 1603 quae
1065 1559 1201 1594 furioso

116 1606 156 1637 14
206 1603 322 1638 datur.
359 1604 415 1639 Ita
439 1604 579 1639 demum
604 1608 723 1639 autem
742 1608 854 1639 mater
878 1609 1024 1640 senatus
1050 1604 1202 1639 consulti

116 1648 285 1683 beneficio
318 1649 560 1696 excludetur&
594 1651 623 1684 si
655 1650 748 1684 filius
774 1649 862 1684 adiit
884 1650 1074 1694 legitimam
1098 1650 1200 1684 here-

115 1694 277 1730 ditatem:
313 1698 469 1730 ceterum
494 1695 524 1730 si
549 1695 707 1730 omiserit
737 1695 930 1739 legitimam
953 1695 1198 1736 hereditatem,

113 1743 228 1774 mater
258 1750 302 1775 ex
339 1744 486 1776 senatus
527 1741 690 1775 consulto
724 1740 943 1775 Tertulliano
981 1739 1199 1775 admittetur.

114 1785 176 1819 sed
208 1784 239 1819 si
267 1796 338 1820 non
368 1785 415 1821 sit
437 1786 534 1821 solus
565 1785 633 1820 iste
656 1785 749 1820 filius
781 1785 960 1830 legitimus
984 1786 1105 1827 heres,
1139 1785 1202 1820 sed

114 1830 185 1865 sint
209 1830 267 1874 qui
293 1841 373 1865 cum
398 1842 439 1866 eo
464 1831 716 1873 admittantur,
749 1841 815 1866 nec
843 1831 882 1865 in
913 1834 1053 1875 partem
1077 1840 1200 1866 eorum

120 1879 155 1910 15
204 1879 316 1911 mater
346 1886 389 1910 ex
420 1881 567 1911 senatus
601 1876 762 1911 consulto
795 1876 862 1910 erit
891 1876 1064 1911 vocanda.
1115 1876 1199 1910 Obi-

114 1920 206 1956 citur
237 1921 341 1955 matri
370 1925 473 1966 pater
496 1922 533 1956 in
557 1921 743 1966 utriusque
776 1922 878 1956 bonis
909 1925 983 1955 tam
1006 1921 1070 1955 filii
1095 1932 1200 1965 quam

114 1966 217 2007 filiae,
242 1967 315 2002 sive
334 1967 438 2002 heres
463 1967 536 2002 sive
560 1967 735 2002 bonorum
754 1977 939 2011 possessor
963 1966 1103 2001 existat.
1138 1966 1201 2001 sed

112 2022 227 2057 neque
258 2022 345 2047 avus
375 2023 490 2058 neque
514 2023 667 2057 proavus
698 2012 735 2046 in
759 2011 980 2046 Tertulliano
1005 2011 1111 2046 matri
1135 2022 1199 2046 no-

113 2061 212 2100 cent,
254 2058 414 2103 quamvis
445 2058 614 2093 fiduciam
646 2057 900 2092 contraxerint.
949 2061 1053 2102 pater
1082 2061 1199 2091 autem

113 2106 252 2137 tantum
271 2103 458 2145 naturalis,
484 2114 556 2138 non
580 2103 687 2138 etiam
711 2102 901 2147 adoptivus
925 2102 1031 2136 matri
1052 2104 1198 2137 nocet³z

112 2148 228 2183 verius
259 2152 314 2183 est
347 2149 457 2192 enim,
490 2159 569 2183 cum
601 2152 704 2193 pater
737 2158 815 2182 esse
846 2147 1007 2189 desierit,
1041 2158 1063 2182 a
1086 2152 1199 2182 matre

113 2203 191 2228 eum
233 2194 389 2229 excludi:
428 2194 490 2229 sed
531 2204 598 2229 nec
638 2193 685 2228 ad
722 2193 896 2228 bonorum
935 2192 1199 2237 possessionem

113 2242 239 2273 contra
262 2239 404 2274 tabulas
428 2250 510 2274 eum
533 2238 683 2280 admitti,
710 2249 790 2273 cum
814 2242 918 2283 pater
942 2249 1020 2274 esse
1045 2238 1197 2273 desierit.

118 2287 155 2318 16
203 2283 456 2329 Undecumque
485 2288 606 2319 autem
638 2284 818 2328 acceperit
850 2284 1026 2319 bonorum
1056 2294 1198 2328 posses-

113 2329 248 2364 sionem
289 2333 393 2374 pater
423 2329 617 2371 naturalis,
652 2329 726 2364 sive
759 2329 937 2373 legitimus
970 2329 1042 2364 sive
1075 2333 1200 2363 contra

118 2378 153 2408 17
202 2375 362 2417 tabulas,
403 2386 446 2410 ex
479 2375 601 2418 quavis
632 2378 735 2419 parte
767 2374 925 2409 excludit
954 2377 1114 2409 matrem.
1163 2374 1200 2409 Si

112 2419 159 2455 sit
181 2419 356 2464 adgnatus
383 2420 542 2455 defuncti
565 2423 602 2455 et
625 2419 798 2455 naturalis
822 2425 926 2464 pater
949 2420 996 2455 sit
1018 2420 1055 2454 in
1086 2419 1198 2464 adop-

111 2465 184 2499 tiva
207 2465 351 2507 familia,
378 2466 446 2500 sit⁴
471 2470 507 2501 et
530 2469 653 2508 mater,
678 2465 898 2500 admittimus
922 2468 1082 2506 matrem,
1111 2475 1199 2509 quo-

116 2513 155 2545 18
203 2510 299 2545 niam
329 2515 467 2555 patrem
497 2511 673 2555 adgnatus
703 2510 866 2546 exclusit.
915 2510 953 2545 Si
976 2510 1023 2545 sit
1047 2521 1199 2545 consan-

111 2555 240 2599 guinea
271 2566 374 2591 soror
405 2556 582 2598 defuncti,
619 2556 689 2591 sit⁴
719 2559 755 2591 et
785 2559 916 2598 mater,
953 2556 999 2590 sit
1030 2560 1066 2590 et
1096 2560 1201 2600 pater

112 2601 305 2645 adoptatus
343 2601 399 2636 vel
436 2602 699 2646 emancipatus:
745 2601 775 2635 si
812 2601 1077 2646 consanguinea
1115 2601 1200 2636 velit

112 2646 244 2681 habere
267 2646 511 2690 hereditatem,
536 2650 685 2681 matrem
710 2656 753 2680 ex
774 2651 920 2681 senatus
942 2646 1105 2681 consulto
1126 2657 1200 2680 una

112 2702 193 2726 cum
216 2701 260 2727 ea
282 2691 418 2734 venire,
443 2697 581 2736 patrem
606 2690 747 2726 excludi
769 2691 905 2735 placet:
930 2691 961 2726 si
986 2691 1199 2736 consangui-

112 2747 179 2771 nea
210 2737 391 2781 repudiet,
424 2742 573 2772 matrem
603 2747 646 2772 ex
679 2740 823 2771 senatus
854 2737 1018 2771 consulto
1051 2741 1200 2781 propter

113 2785 250 2826 patrem
274 2793 346 2817 non
369 2783 504 2817 venire:
531 2785 567 2817 et
583 2782 742 2826 quamvis
760 2781 849 2816 alias
866 2792 938 2817 non
955 2781 1068 2817 soleat
1085 2786 1199 2817 mater

112 2831 321 2872 exspectare
345 2827 661 2871 consanguineam,
693 2826 778 2861 velit
807 2837 874 2862 nec
903 2837 948 2861 ne
972 2827 1072 2862 adire
1095 2827 1198 2862 here-

112 2872 277 2914 ditatem,
310 2883 406 2907 nunc
436 2876 556 2907 tamen
588 2875 894 2917 exspectaturam:
936 2872 1199 2916 consanguinea

112 2917 204 2952 enim
235 2921 307 2961 est,
340 2928 432 2962 quae
463 2921 602 2963 patrem
635 2917 801 2952 excludit.
848 2917 1060 2962 repudiante
1092 2917 1199 2961 igitur

113 2963 375 3007 consanguinea
404 2963 580 2998 bonorum
609 2963 871 3007 possessionem
906 2962 1055 2997 habebit
1085 2966 1199 2998 mater

113 3019 193 3043 cum
217 3013 318 3053 patre
342 3008 446 3053 quasi
470 3012 637 3052 cognata,
670 3007 733 3043 sed
761 3012 797 3044 et
819 3008 857 3043 in
880 3009 949 3043 hac
972 3018 1110 3043 moram
1133 3019 1197 3052 pa-

112 3053 219 3088 tietur
241 3064 308 3088 nec
332 3057 414 3088 ante
438 3053 590 3097 accipiet
614 3054 788 3088 bonorum
807 3053 1070 3098 possessionem
1092 3064 1198 3097 quam

111 3102 215 3142 pater
243 3099 400 3143 petierit,
434 3099 601 3143 quoniam
632 3099 816 3134 omittente
849 3110 889 3134 00
919 3102 1039 3143 potest
1068 3108 1112 3133 ex
1142 3109 1197 3134 se-

114 3145 155 3178 19
201 3148 307 3179 natus
332 3145 495 3180 consulto
520 3143 721 3180 succedere.
771 3143 841 3179 Sed
870 3148 905 3179 et
929 3144 959 3179 si
982 3144 1061 3188 ipsa
1086 3147 1200 3179 mater

113 3187 235 3223 eadem
266 3188 313 3224 sit
344 3192 379 3224 et
409 3200 512 3225 soror
543 3189 822 3233 consanguinea,
854 3193 895 3224 ut
917 3192 1006 3234 puta
1031 3189 1199 3233 quoniam

112 3238 216 3277 pater
244 3234 368 3270 matris
397 3238 563 3279 nepotem
594 3244 698 3269 suum
734 3244 778 3269 ex
806 3234 879 3269 filia
911 3234 1113 3279 adoptavit,
1151 3234 1199 3269 sit

112 3281 298 3323 praeterea
321 3283 357 3314 et
379 3283 482 3324 pater
504 3279 695 3315 naturalis:
727 3279 817 3314 haec
847 3283 962 3315 mater
993 3280 1023 3315 si
1055 3278 1198 3324 quidem

113 3323 215 3368 quasi
244 3325 507 3369 consanguinea
537 3325 671 3367 veniat,
704 3324 869 3359 excludet
892 3328 1048 3370 patrem:
1080 3324 1110 3359 si
1141 3324 1197 3360 ius

113 3368 395 3412 consanguineae
418 3369 616 3414 repudiavit
638 3370 694 3405 vel
711 3370 837 3415 capitis
854 3369 1093 3405 deminutione
1110 3370 1197 3404 ami-

113 3413 174 3457 sit,
207 3423 252 3448 ex
283 3417 428 3449 senatus
459 3415 620 3450 consulto
649 3414 769 3450 venire
792 3419 940 3460 propter
962 3418 1101 3460 patrem
1125 3425 1198 3450 non

112 3461 247 3503 potest,
283 3469 322 3493 re
348 3459 494 3495 udiante
531 3470 614 3495 vero
650 3463 752 3505 patre
782 3461 948 3495 rursum⁵
977 3470 1022 3495 ex
1051 3463 1196 3495 senatus

114 3506 156 3538 20
205 3513 291 3539 cons
332 3507 369 3539 to
393 3507 513 3549 potest
534 3504 664 3541 venire.
699 3504 738 3540 Si
752 3508 868 3540 mater
882 3505 1116 3540 hereditatem
1134 3505 1198 3539 filii

114 3617 154 3657 (ι)
178 3616 227 3648 ita
239 3617 297 3650 ins.
382 3624 423 3654 (2)
448 3617 697 3650 excluditurF²

115 3661 177 3694 del.
190 3659 242 3694 F1²
357 3662 401 3702 (5)
426 3672 540 3694 rursus
552 3663 585 3694 F
590 3662 604 3682 ²

113 3705 277 3738 bonorum
297 3707 361 3748 ΙΝ,
380 3706 475 3739 bonis
495 3718 609 3739 eorum
627 3705 680 3740 F⁶

114 3750 351 3796 Schultinqium
443 3753 487 3794 (8)
513 3754 595 3785 esset
606 3752 657 3785 Ρ

778 3621 819 3659 (3)
844 3619 1009 3651 noceatF
1088 3620 1129 3661 (4)
1154 3618 1198 3650 sit

698 3663 743 3704 (6)
768 3663 932 3696 bonorum
943 3663 1144 3705 possessione
1157 3663 1194 3702 S,

812 3710 854 3749 (7)
879 3710 981 3741 cesset
1003 3721 1032 3741 v.
1054 3710 1084 3741 d.
1106 3709 1198 3751 apud

753 3754 798 3796 (9)
823 3754 1010 3797 rescriptum
1024 3754 1140 3787 Severi
1151 3754 1197 3786 ad

1194 120 1277 169 589

2054 127 2285 170 XXXVIII
2322 131 2368 169 17

1272 248 1410 282 filiaeve
1439 258 1512 283 non
1544 246 1673 281 adierit
1703 257 1746 282 ex
1770 252 1917 284 senatus
1943 249 2106 285 consulto
2132 250 2368 293 Tertulliano,

1272 293 1308 327 in
1338 294 1515 328 bonorum
1548 291 1777 336 possessione
1789 295 1802 313 ‘⁵
1838 295 2024 338 antiquum
2060 295 2118 331 ius
2156 295 2370 331 servandum

1272 342 1344 373 est:
1372 349 1452 372 cum
1477 337 1571 372 enim
1592 338 1710 372 esset⁷
1735 338 1910 381 praelatio
1930 343 2042 375 matre
2062 341 2246 376 omittente
2265 351 2369 376 sena-

1273 387 1312 418 21
1363 387 1421 418 tus
1448 381 1605 418 consulti
1629 382 1852 424 beneficium,
1878 384 1933 418 ius
1958 385 2120 420 succedit
2143 390 2256 422 vetus.
2299 387 2370 423 Sed

1273 428 1303 463 si
1345 433 1460 463 mater
1501 427 1744 472 repudiaverit
1783 428 1959 463 bonorum
2002 431 2280 474 possessionem,
2326 432 2369 467 de

1272 473 1439 508 adeunda
1470 476 1590 507 autem
1621 472 1822 507 hereditate
1856 473 2045 517 deliberet,
2083 476 2270 511 dicendum
2302 478 2370 512 erit

1271 519 1465 562 adgnatum
1490 529 1563 553 non
1576 517 1782 558 succedere,
1809 519 1976 560 quoniam
1997 521 2153 555 nondum
2172 532 2294 556 verum
2314 527 2367 558 est

1272 566 1314 598 22
1340 574 1435 598 >non
1470 563 1588 598 adisse
1621 567 1782 597 matrem.
1842 562 1945 606 Quod
1980 570 2098 599 autem
2130 566 2282 602 diximus
2313 568 2368 602 ius

1271 608 1459 652 antiquum
1492 608 1627 643 servari
1656 611 1772 642 matre
1802 618 1875 642 non
1905 609 2079 652 adeunte,
2114 612 2170 646 cui
2194 622 2369 656 personae

1271 653 1454 688 deferatur
1478 653 1679 695 hereditas,
1704 652 1913 696 videndum,
1940 658 2059 689 utrum
2084 656 2131 697 ei,
2158 667 2249 701 quae
2274 668 2369 692 nunc

1296 699 1434 733 roxima
1461 698 1657 742 invenitur,
1693 708 1774 732 cum
1798 702 1913 733 mater
1936 700 2118 743 repudiat,
2150 712 2195 735 an
2221 702 2253 737 ei
2278 714 2369 747 quae

1270 710 1355 787 Fuit,
1388 754 1469 778 cum
1492 743 1663 778 intestato
1691 743 1889 779 decessisse
1914 749 2050 779 certum
2074 747 2176 780 estss?
2212 751 2251 781 ut
2280 752 2368 792 puta

1271 789 1340 823 fuit
1357 793 1523 833 patruus,
1551 799 1633 823 cum
1652 789 1824 823 intestato
1846 788 2046 830 decederet,
2072 795 2106 825 et
2121 793 2240 835 patrui
2256 793 2367 827 filius:

1272 845 1351 868 cum
1377 838 1490 868 mater
1515 834 1762 878 repudiasset,
1788 837 1919 878 patruo
1944 835 2104 870 nondum
2129 836 2282 872 delatam
2307 839 2367 872 110-

1271 880 1459 914 reditatem
1476 883 1601 923 ,atque
1633 879 1714 914 ideo
1748 879 1918 914 defuncto
1944 890 1985 915 eo
2010 885 2124 915 matre
2149 882 2369 917 deliberante

1273 928 1314 960 23
1363 924 1487 969 patrui
1527 925 1640 959 filium
1681 924 1813 958 vocari.
1872 925 1933 959 ⁹81
1970 930 2085 961 mater
2122 937 2192 961 non
2228 928 2370 972 petierit

1272 974 1411 1005 tutores
1436 969 1585 1005 idoneos
1610 969 1692 1004 filiis
1719 969 1793 1004 suis
1818 970 1872 1003 vel
1897 970 2077 1014 prioribus
2102 973 2281 1007 excusatis
2313 984 2368 1008 re·

1270 1016 1423 1050 iectisve.
1440 1025 1513 1050 non
1539 1014 1728 1050 confestim
1753 1014 1905 1049 aliorum
1923 1016 2068 1051 nomina
2089 1017 2288 1059 ediderit¹⁰,
2313 1019 2369 1053 ius

1271 1072 1343 1095 non
1376 1060 1486 1094 habet
1509 1059 1804 1094 vindicandorum
1829 1060 1898 1095 sibi
1922 1061 2097 1095 bonorum
2122 1062 2369 1098 intestatorum

1272 1106 1437 1140 filiorum.
1486 1109 1522 1140 et
1554 1106 1696 1149 quidem
1726 1106 1757 1139 si
1790 1116 1863 1140 non
1886 1106 1993 1150 petit,
2025 1106 2169 1142 incidit:
2203 1108 2254 1142 ait
2277 1108 2369 1144 enim

1272 1151 1339 1186 ‘vel
1371 1162 1443 1186 non
1476 1151 1623 1195 petere’.
1673 1149 1736 1185 sed
1766 1160 1788 1184 a
1819 1161 1888 1194 quo
1919 1162 1992 1186 11011
2022 1153 2168 1196 petere?
2212 1153 2371 1197 loquitur

1273 1196 1414 1240 quidem
1439 1195 1482 1230 de
1507 1199 1675 1240 praetore
1701 1196 1930 1231 constitutio:
1961 1197 2025 1232 sed
2054 1201 2141 1241 puto
2169 1201 2204 1233 et
2227 1198 2263 1232 in
2287 1210 2369 1243 pro-

1271 1242 1396 1276 vinciis
1422 1241 1540 1276 locum
1566 1242 1719 1282 habere,
1754 1241 1893 1277 etiamsi
1918 1252 1940 1276 a
1964 1243 2231 1287 magistratibus
2255 1245 2369 1278 muni-

1273 1287 1448 1331 cipalibus
1474 1298 1546 1321 non
1571 1290 1681 1331 petat,
1709 1287 1878 1330 quoniam
1902 1290 1938 1321 et
1960 1287 2229 1332 magistratibus
2253 1290 2366 1323 muni-

1271 1335 1315 1366 24
1364 1332 1540 1376 cipalibus
1559 1332 1667 1366 dandi
1685 1332 1884 1366 necessitas
1903 1332 2110 1378 iniimgitur.
2157 1334 2250 1377 Quid
2274 1345 2369 1379 ergo,

1271 1377 1302 1413 si
1331 1377 1452 1421 petiit,
1487 1378 1550 1412 sed
1582 1377 1765 1412 admonita
1788 1377 1843 1411 vel
1868 1388 1890 1411 a
1914 1377 2050 1413 libertis
2074 1379 2128 1413 vel
2153 1389 2175 1413 a
2199 1381 2370 1424 cognatis,

1273 1433 1319 1457 an
1344 1422 1479 1457 incidat
1502 1423 1540 1456 in
1564 1426 1711 1458 senatus
1737 1423 1939 1457 consultum
1957 1424 2008 1458 ¹¹⁴?
2044 1428 2079 1458 et
2103 1428 2190 1468 puto
2214 1435 2292 1460 eam
2316 1426 2371 1460 in-

1273 1467 1409 1508 cidere,
1443 1468 1474 1502 si
1507 1467 1694 1512 compulsa
1723 1467 1827 1508 fecit,
1859 1479 1931 1503 non
1964 1469 2013 1508 si,
2047 1479 2128 1504 cum
2153 1473 2274 1514 petere
2299 1482 2371 1505 non

1273 1517 1315 1547 25
1365 1517 1613 1555 cunctaretur,
1651 1513 1835 1547 admonita
1871 1517 1935 1548 est.
1992 1513 2084 1558 Quid
2120 1515 2150 1549 si
2185 1519 2288 1560 pater
2319 1517 2371 1551 eis

1272 1558 1346 1603 peti
1370 1558 1605 1602 prohibuerat
1629 1561 1802 1600 tutorem,
1836 1559 2004 1606 quoniam
2034 1570 2098 1603 per
2121 1564 2271 1596 matrem
2295 1572 2370 1596 rem

1273 1614 1396 1638 eorum
1421 1603 1665 1639 administrari
1688 1603 1827 1638 voluit?
1862 1604 2012 1646 incidet,
2038 1605 2068 1640 si
2092 1616 2158 1641 nec
2182 1610 2282 1650 petat
2305 1618 2370 1642 nec

1272 1652 1315 1684 26
1363 1649 1519 1692 legitime
1549 1648 1700 1683 tutelam
1732 1648 1971 1684 administrat.
2026 1649 2130 1694 Quod
2163 1651 2193 1686 si
2228 1652 2370 1696 penitus

1271 1698 1311 1728 2'1
1362 1694 1482 1738 egenis
1507 1693 1589 1728 filiis
1614 1704 1688 1729 non
1712 1694 1818 1738 petit,
1847 1693 2105 1739 ignoscendum
2130 1700 2184 1731 est
2208 1698 2250 1731 ei.
2299 1697 2369 1732 Sed

1271 1740 1300 1773 si
1325 1739 1418 1774 forte
1443 1740 1575 1774 absens
1600 1750 1623 1773 a
1646 1738 1785 1774 libertis
1810 1743 2005 1784 praeventa
2029 1745 2084 1775 est
2115 1741 2169 1776 vel
2202 1743 2246 1777 ab
2277 1743 2368 1785 aliis,

1271 1784 1461 1819 dicendum
1481 1789 1535 1819 est
1554 1795 1632 1819 eam
1651 1795 1725 1819 non
1743 1784 1898 1826 excludi,
1917 1785 1985 1820 nisi
2004 1785 2097 1821 forte
2117 1798 2197 1821 cum
2216 1787 2366 1822 frustra-

1272 1832 1314 1864 28
1363 1833 1478 1870 retur,
1516 1829 1553 1864 id
1593 1829 1753 1874 contigit.
1807 1830 1908 1866 Filiis
1948 1835 2068 1866 autem
2103 1843 2175 1867 non
2214 1833 2368 1877 petendo

1271 1875 1429 1919 punitur,
1456 1875 1578 1919 utique
1603 1878 1639 1910 et
1661 1875 1818 1910 filiabus.
1860 1875 1945 1919 quid
1969 1877 1999 1911 si
2023 1877 2239 1921 nepotibus?
2271 1878 2367 1913 simi-

1272 1924 1314 1954 29
1362 1920 1442 1955 liter
1466 1931 1538 1955 non
1562 1920 1715 1964 petendo
1742 1920 1901 1964 punitur.
1939 1920 2032 1964 Quid
2047 1923 2077 1956 si
2095 1926 2277 1958 curatores
2296 1935 2368 1959 non

1270 1965 1397 2010 petiit?
1433 1966 1543 2000 verba
1563 1965 1729 2009 rescripti
1750 1965 1929 2009 deficiunt,
1955 1967 2019 2002 sed
2040 1967 2229 2003 dicendum
2248 1972 2312 2010 est,
2338 1969 2367 2005 si

1271 2010 1414 2056 quidem
1450 2011 1696 2055 impuberibus
1730 2015 1916 2046 curatores
1949 2022 2021 2047 non
2058 2013 2180 2057 petiit,
2219 2014 2364 2059 eandem

1271 2066 1349 2090 esse
1387 2056 1581 2098 rationem,
1623 2056 1655 2091 si
1689 2056 1762 2090 iam
1793 2057 2008 2100 puberibus,
2045 2068 2188 2094 cessare
2226 2059 2365 2095 debere.

1271 2104 1314 2135 30
1363 2100 1456 2145 Quid
1490 2101 1520 2136 si
1553 2111 1634 2135 cum
1665 2111 1841 2146 praegnas
1873 2106 1981 2144 esset,
2023 2103 2126 2138 bonis
2161 2115 2234 2139 non
2265 2106 2366 2149 petiit

1270 2147 1499 2182 curatorem?
1531 2146 1611 2181 dico
1643 2147 1680 2181 in
1711 2147 1924 2182 sententiam
1948 2148 2122 2183 incidere:
2157 2159 2239 2184 nam
2273 2154 2308 2185 et
2338 2151 2366 2185 si

1270 2191 1368 2236 apud
1392 2192 1513 2227 hostes
1537 2192 1667 2227 habuit
1690 2192 1931 2237 impuberem,
1955 2193 2050 2228 idem
2074 2194 2141 2229 erit
2165 2195 2365 2230 dicendum.

1270 2241 1308 2271 31
1362 2237 1455 2280 Quid
1471 2238 1501 2271 si
1519 2236 1657 2272 furioso
1678 2241 1834 2272 tutorem
1854 2239 1908 2272 vel
1929 2242 2131 2273 curatorem
2150 2250 2223 2274 non
2239 2241 2366 2285 petiit?

1270 2286 1311 2316 32
1360 2282 1473 2326 magis
1497 2286 1571 2324 est,
1606 2286 1646 2317 ut
1669 2282 1817 2318 incidat.
1866 2283 1949 2318 Non
1980 2284 2095 2319 solum
2125 2289 2245 2319 autem
2274 2296 2366 2330 quae

1270 2339 1343 2363 non
1366 2328 1470 2372 petiit
1495 2332 1701 2370 coercetur,
1734 2328 1798 2363 sed
1829 2332 1865 2363 et
1889 2339 1980 2373 quae
2003 2329 2228 2365 defunctorie
2251 2331 2364 2375 petiit.

1270 2377 1310 2407 ut
1341 2374 1514 2418 rescripto
1548 2373 1770 2415 declaratur,
1806 2374 1861 2407 vel
1891 2374 2073 2419 privilegio
2104 2375 2280 2410 munitum
2310 2378 2365 2411 vel

1270 2422 1458 2454 oneratum
1482 2418 1597 2453 tribus
1621 2423 1711 2463 puta
1735 2419 1868 2460 tutelis,
1895 2419 1959 2454 sed
1981 2420 2033 2454 ita
2053 2419 2204 2462 demum,
2230 2421 2261 2456 si
2282 2421 2365 2456 data

1270 2467 1312 2498 33
1361 2474 1471 2508 opera
1501 2464 1570 2498 hoc
1600 2463 1696 2499 fecit.
1751 2463 1845 2507 Quid
1875 2475 1976 2509 ergo,
2014 2465 2045 2500 si
2075 2466 2165 2500 tales
2196 2466 2300 2511 petiit
2329 2472 2365 2502 et

1268 2513 1507 2553 susceperunt
1530 2509 1642 2544 nihilo
1667 2509 1783 2543 minus
1808 2509 1864 2543 vel
1887 2509 2022 2544 detenti
2046 2511 2155 2545 sunt?
2193 2516 2365 2547 excusata

1270 2557 1313 2588 34
1361 2554 1430 2589 erit
1458 2557 1583 2588 mater.
1633 2553 1726 2597 Quid
1750 2554 1781 2589 si
1804 2554 1987 2598 indignos,
2019 2555 2056 2590 id
2080 2559 2134 2591 est
2157 2556 2275 2592 minus
2299 2558 2363 2592 ha-

1269 2599 1357 2634 biles
1383 2599 1430 2634 ad
1453 2600 1605 2634 tutelam
1628 2599 1782 2644 petierit,
1810 2600 1978 2643 quoniam
2001 2601 2140 2636 sciebat
2163 2605 2362 2646 praetorem

1270 2656 1331 2679 eos
1362 2655 1436 2680 non
1467 2644 1660 2679 daturum?
1701 2644 1786 2688 quid
1809 2649 1929 2679 tamen
1953 2645 2025 2681 si¹²
2050 2645 2148 2681 dedit
2172 2657 2232 2682 eos
2257 2658 2362 2692 prae-

1269 2694 1326 2725 tor
1362 2690 1486 2725 matris
1522 2690 1729 2735 petitionem
1768 2692 1938 2725 secutus?
1984 2691 2055 2726 iam
2085 2692 2227 2736 quidem
2256 2703 2362 2737 prae-

1267 2735 1356 2771 toris
1381 2735 1553 2770 delictum
1578 2739 1649 2777 est,
1675 2735 1739 2770 sed
1762 2739 1798 2769 et
1821 2735 1945 2771 matris
1967 2735 2136 2780 punimus
2163 2738 2359 2773 consilium.

1269 2784 1310 2815 35
1359 2781 1473 2825 Igitur
1510 2781 1540 2815 si
1574 2780 1668 2815 sorte
1698 2780 1859 2815 excusati
1890 2781 1962 2816 sint
1991 2781 2043 2816 illi
2073 2782 2129 2817 vel
2158 2783 2360 2827 improbati,

1269 2829 1311 2860 36
1359 2826 1466 2861 debet
1497 2829 1612 2860 mater
1643 2826 1732 2861 alios
1763 2825 1840 2860 sine
1864 2836 1964 2861 mora
1986 2830 2118 2871 petere.
2166 2828 2263 2873 Ergo
2289 2829 2362 2864 sive

1267 2882 1339 2906 non
1354 2871 1498 2916 petierit
1513 2872 1586 2906 sive
1599 2871 1747 2906 idoneos
1763 2881 1836 2905 non
1850 2871 2003 2915 petierit,
2023 2872 2203 2917 punietur,
2223 2874 2360 2910 etiamsi

1268 2920 1308 2951 37
1359 2916 1434 2951 dati
1458 2916 1590 2951 fuerint
1614 2916 1730 2950 minus
1755 2915 1875 2951 idonei
1899 2921 2066 2961 praetore
2090 2923 2242 2954 errante.
2278 2919 2358 2954 Ido-

1266 2971 1353 2997 neos
1378 2965 1498 2996 autem
1522 2964 1643 2996 utrum
1666 2960 1902 2997 facultatibus
1926 2972 1973 2997 an
1996 2966 2033 2998 et
2056 2963 2215 2998 moribus
2239 2968 2359 3009 petere

1268 3006 1414 3048 debeat,
1446 3006 1681 3041 dubitationis
1711 3016 1790 3042 esse
1819 3010 1949 3050 potest.
1998 3011 2086 3053 puto
2111 3013 2230 3043 autem
2253 3008 2359 3044 facile

1268 3054 1310 3086 38
1359 3051 1392 3086 ei
1415 3051 1563 3095 ignosci,
1589 3052 1621 3087 si
1642 3051 1841 3096 locupletes
1865 3052 1937 3087 sint
1956 3053 2004 3095 hi,
2030 3063 2120 3098 quos
2138 3053 2251 3097 petiit.
2289 3053 2358 3088 Sed

1268 3100 1303 3131 et
1336 3097 1367 3132 si
1404 3096 1585 3142 prioribus
1622 3096 1802 3132 excusatis
1840 3098 2026 3134 reiectisve
2062 3109 2135 3133 non
2172 3098 2357 3133 confestim

1267 3145 1310 3177 39
1358 3141 1510 3177 aliorum
1534 3142 1679 3177 nomina
1703 3142 1864 3184 ediderit,
1889 3143 2048 3187 punitur.
2091 3143 2183 3187 Quid
2206 3153 2300 3187 ergo,
2326 3144 2356 3178 si

1267 3198 1339 3223 non
1370 3186 1505 3222 fuerint
1537 3197 1660 3222 omnes
1692 3188 1853 3223 excusati
1882 3188 1937 3223 vel
1966 3199 2038 3223 non
2063 3198 2183 3223 omnes
2208 3188 2355 3223 reiecti?

1266 3232 1475 3274 videndum,
1507 3242 1554 3267 an
1583 3232 1616 3267 ei
1644 3232 1856 3277 imputetur,
1889 3244 1953 3268 cur
1981 3233 2018 3268 in
2046 3233 2163 3268 locum
2193 3232 2355 3268 excusati

1266 3281 1309 3312 40
1357 3287 1430 3312 11011
1458 3277 1576 3322 petiit:
1614 3281 1651 3313 et
1678 3282 1766 3323 puto
1797 3278 2057 3323 imputandum.
2107 3277 2199 3321 Quid
2230 3277 2261 3312 si
2293 3277 2353 3312 de-

1268 3323 1438 3358 cesserint
1468 3323 1636 3367 quidam‘?
1673 3327 1780 3369 puto,
1809 3323 1894 3358 licet
1922 3323 2031 3358 verba
2060 3322 2240 3364 deficiant,
2273 3332 2352 3356 sen-

1266 3371 1306 3402 41
1357 3367 1504 3402 tentiam
1535 3368 1798 3404 constitutionis
1827 3368 1945 3404 locum
1974 3368 2117 3403 habere.
2166 3367 2235 3402 Sed
2259 3367 2353 3411 quod

1267 3412 1419 3448 diximus
1446 3412 1590 3448 ‘reiecti'
1615 3416 1735 3449 utrum
1759 3413 1812 3448 sic
1831 3413 2025 3457 accipimus
2051 3414 2083 3446 ‘a
2099 3415 2263 3456 praetore
2281 3423 2352 3446 non

1267 3458 1364 3492 ‘dati'
1396 3467 1442 3492 an
1473 3462 1509 3492 et
1538 3458 1570 3493 si
1598 3458 1758 3503 suspecti
1781 3458 1914 3493 fuerint
1937 3457 2062 3492 remoti
2085 3457 2139 3492 vel
2164 3457 2208 3491 ob
2234 3457 2350 3501 negle-

1265 3503 1420 3548 gentiam
1438 3503 1494 3538 vel
1513 3503 1691 3548 ignaviam
1708 3504 1867 3548 repulsi?
1892 3503 1996 3537 etiam
2014 3503 2079 3537 hos
2101 3501 2180 3546 quis
2199 3502 2352 3538 reiectos

1271 3617 1422 3660 Caspium
1432 3617 1598 3659 Rufinum,
1614 3618 1660 3650 ad
1672 3618 1760 3660 quod
1764 3618 1927 3659 pertinent
1938 3627 2021 3658 quae
2033 3622 2219 3658 sequuntur,
2235 3616 2352 3658 leyitur

1265 3674 1368 3705 supra
1384 3662 1430 3694 D.
1446 3662 1499 3704 26,
1522 3669 1550 3703 6,
1573 3670 1601 3703 2,
1622 3669 1639 3695 2
1766 3663 1824 3703 (10)
1851 3659 2106 3693 nomineviderit
2124 3660 2192 3701 F1,
2216 3660 2351 3712 nomine

1266 3706 1469 3794 {isderit52
1485 3753 1498 3785 t
1557 3708 1612 3749 (11)
1637 3707 1674 3739 111
1692 3709 1824 3740 senatus
1842 3704 2030 3738 consultum
2051 3705 2110 3737 del.
2132 3717 2200 3738 cum
2217 3706 2349 3739 Culucio

1279 3760 1310 3786 12
1351 3762 1410 3795 qui
1445 3762 1472 3784 si
1499 3763 1596 3785 amen
1610 3765 1673 3785 scr.
