2528 3918
172 87 338 131 XXXV
366 90 394 132 3

1257 85 1341 135 518

1474 0 1544 78 ἢ

1535 82 1538 103 k

1866 101 1908 134 81
1935 100 2012 135 cm
2037 102 2149 135 ruis
2177 101 2303 142 Qum
2329 105 2416 136 PER

172 217 243 254 que
265 208 348 244 fidei
372 209 565 252 commisit,
599 213 641 246 ut
675 209 799 248 decem
827 210 951 248 uncias
981 210 1056 247 filio
1088 210 1267 247 communi
1339 213 1359 246 5
1406 209 1593 248 incertum.
1646 210 1763 248 Hodie
1796 214 1917 247 tamen
1949 210 2134 249 subsimile
2161 212 2209 248 ali
2233 213 2295 250 uid
2317 214 2358 251 fit
2379 216 2416 252 in

172 264 253 290 cum
278 257 478 290 moreretur
500 254 724 299 restitueret,
766 255 857 293 duas
891 260 1012 292 autem
1042 256 1169 292 uncias
1203 266 1266 309 ne-
1337 258 1359 292 6
1405 254 1698 293 fideicommissis.
1745 256 1837 293 Cum
1867 254 1999 293 dicitur
2027 256 2087 293 lex
2107 256 2210 294 Falci
2238 258 2245 266 ’
2299 259 2418 297 locum

171 299 258 345 poti.
284 299 486 344 quaesitum
510 303 576 344 est,
600 310 649 336 an
671 300 709 337 id
732 311 884 347 quoque,
910 301 1006 346 quod
1030 311 1074 337 ex
1097 300 1266 337 adminis-

172 344 329 380 tratione
360 354 481 380 rerum
516 345 614 390 apud
643 345 814 383 maritum
845 346 1021 382 resedisse
1052 346 1264 388 constiterit,

172 399 254 424 cum
286 389 414 425 ceteris
456 390 562 427 bonis
599 401 667 437 pro
697 395 781 427 rata
811 391 933 428 decem
973 391 1162 428 unciarum
1191 390 1264 427 filio

170 433 312 470 restitui
336 434 476 471 debeat.
513 435 700 482 respondit
720 436 777 481 id,
801 436 897 482 quod
921 436 1104 472 debuisset
1126 436 1264 472 heredi-

175 483 187 514 1
239 479 329 522 tati,
360 479 398 515 in
428 480 606 518 rationem
635 481 756 518 venire
787 481 929 518 debere.
983 481 1119 525 Filiae,
1159 491 1266 527 quam

171 529 516 607 ἳᾶῗέῑιζὲὲῗῖἕὲ
548 527 579 562 ²³³
620 526 783 608 Qube?
815 526 1047 607 qffmmfft,
1077 526 1267 607 ‘mi-¹3⁶

501 582 522 608 ο
600 582 624 608 a
684 582 727 608 us
899 583 941 608 us
1000 582 1077 608 eres
1110 582 1172 608 exs
1255 586 1264 608 z

172 615 209 650 in
231 615 372 651 ratione
401 615 490 661 legis
522 598 553 652 F
591 617 707 653 cidiae
729 582 898 663 pogginda
926 616 1109 654 desiderat
1139 616 1268 653 deduci

173 663 299 702 sortes,
325 670 369 696 ex
388 664 559 707 quarum²
583 663 702 698 usuris
721 662 889 698 alimenta
906 662 955 698 im
983 663 1073 699 ubes
1097 662 1267 699 defuncta

171 715 218 741 ex
239 716 396 751 persona
417 707 615 743 testati-leis
638 717 726 743 suae
774 708 913 744 Iuribus
925 707 969 745 de
995 709 1047 744 ita
1068 707 1265 754 praestitit:

171 751 755 834 issffltssffl‘aissssassssfflm
768 753 962 835 edffiss‘gs
983 753 1270 836 &mim

174 844 195 876 2
231 842 323 878 tium
337 852 377 878 se
390 842 651 879 restituturum.
676 809 863 889 respoi’idit
874 810 1009 881 deber}
1018 854 1155 881 cavere.
1179 843 1269 880 Post

173 886 308 922 aditam
336 887 572 925 hereditatem
604 888 758 925 triennio
788 893 917 925 exacto
949 890 1132 935 legatariis
1163 890 1267 925 lieres

172 931 286 978 legem
308 932 510 969 Falcidiam
537 934 687 980 opponit
709 933 864 978 idcirco,
889 934 985 980 quod
1007 934 1269 972 administravit

171 977 306 1014 tutelas
338 982 510 1022 testator,
551 990 702 1024 quarum
738 979 832 1016 ratio
862 980 1022 1016 nondum
1050 980 1190 1016 reddita
1221 979 1269 1016 sit

171 1026 209 1058 et
239 1023 336 1068 quod
365 1028 471 1069 neget
509 1027 650 1060 tantum
679 1023 793 1070 redigi
831 1035 877 1061 ex
914 1025 1118 1062 nominibus
1148 1035 1267 1071 posse,

171 1072 346 1114 quantum
369 1069 408 1105 in
433 1069 604 1105 cautione
637 1069 830 1106 deductum
861 1074 927 1107 est.
975 1071 1178 1116 quaesitum
1199 1074 1267 1113 est,

172 1123 221 1149 an
243 1114 404 1150 rationes
428 1113 594 1151 defuncti
616 1119 653 1151 et
675 1115 833 1151 omnium
861 1115 1181 1152 instrumentorum
1203 1116 1267 1151 lie·

172 1158 423 1195 reditariorum
450 1164 486 1195 et
508 1160 744 1206 pupillarium
765 1160 945 1197 rationum
967 1161 1149 1207 legatariis
1173 1160 1266 1197 desi·

173 1203 383 1241 derantibus
409 1205 514 1241 lieres
538 1205 790 1242 describendi²
820 1210 1037 1251 potestatem
1060 1206 1181 1243 facere
1203 1206 1265 1242 de-

153 1249 275 1292 beat,
299 1260 346 1286 ne
368 1250 407 1285 in
457 1254 612 1286 otestate
643 1250 720 1286 eius
745 1251 792 1286 sit
814 1251 978 1296 proferre
1002 1251 1100 1297 quod
1122 1251 1208 1288 velit
1231 1255 1267 1288 et

171 1295 393 1375 {gritilgic'in
418 1295 581 1375 f{iai-idem
603 1295 775 1376 gletgialzaigii
803 1296 1033 1377 inducantur.
1079 1296 1266 1342 respondit

173 1351 370 1431 probaui-l,²3
382 1351 639 1431 guagiingitpin
662 1351 850 1439 boii-is.exp
866 1353 972 1378 ome
996 1352 1059 1386 ea,
1083 1353 1150 1388 per
1173 1353 1265 1388 quae

219 1428 273 1468 96
306 1430 537 1467 8014370143
571 1431 664 1467 libro
698 1442 755 1467 sm
788 1432 888 1468 ulari
919 1434 1170 1479 quaestionum
1193 1444 1266 1480 pu-

174 1475 266 1512 blice
289 1479 528 1512 tractatarum
561 1476 668 1513 Miles
689 1477 731 1520 si,
775 1488 835 1513 um
852 1488 1015 1559 gaganus
1034 1482 1123 1520 erat,
1140 1477 1268 1515 fecerit

172 1524 436 1564 testamentum,
460 1521 608 1558 militiae
632 1526 792 1568 tempore
812 1533 855 1559 co
883 1523 1009 1567 ‘cillos,
1032 1523 1092 1560 lex
1103 1523 1267 1560 Falcidia

172 1566 211 1646 ihii
220 1566 409 1648 liqultfflms
434 1567 555 1603 locum
579 1577 653 1604 non
676 1567 805 1611 habet,
835 1568 874 1604 in
902 1572 1116 1605 testamento
1146 1569 1266 1606 locum

197 1621 219 1647 a
245 1622 266 1648 e
290 1623 305 1647 i
321 1639 330 1648 .

673 1751 771 1792 111⁴.

203 1817 246 1850 SI
270 1816 348 1850 CUI
370 1817 495 1859 PLUS,
521 1817 651 1856 QUAM
673 1817 765 1851 PER
787 1818 953 1851 LEGEM
976 1817 1235 1852 FALGIDIAM

273 1861 526 1905 LlCUER1T⁵,
548 1863 772 1896 LEGATUM
795 1863 906 1896 ESSE
929 1862 1133 1896 DIOETUR
1142 1863 1167 1896 ⁶.

223 1926 242 1966 1
277 1927 472 1965 mmm
498 1929 590 1965 libro
621 1932 751 1977 septua
778 1930 887 1965 esimo
912 1940 1009 1966 nono
1033 1929 1083 1965 ad
1111 1929 1266 1966 edictum

173 1973 213 2010 Si
244 1972 305 2009 cui
335 1973 418 2018 plus
449 1985 557 2020 quam
584 1974 728 2011 licuerit
751 1941 895 2020 {legetur
916 1978 954 2010 et
985 1974 1143 2011 dubitari
1172 1974 1267 2012 iuste

173 2018 306 2064 possit,
338 2023 460 2054 utrum
489 2019 548 2056 lex
571 2019 736 2056 Falcidia
763 2020 884 2056 locum
913 2020 1084 2056 habitura
1113 2023 1170 2056 est
1199 2030 1266 2056 nec

174 2074 229 2107 ne,
253 2064 422 2101 subvenit
443 2069 591 2110 praetor
613 2065 749 2109 heredi,
776 2065 863 2102 utei
885 2065 1080 2110 legatarius
1105 2065 1265 2109 satisdet,

174 2113 234 2153 ut,
273 2109 306 2146 si
337 2110 547 2155 apparuerit
588 2121 670 2146 eum
705 2111 859 2156 amplius
893 2110 1093 2155 legatorum
1123 2111 1265 2146 nomine

175 2154 313 2200 cepisse
336 2165 443 2200 quam
468 2165 488 2191 e
509 2155 588 2200 lege
611 2155 776 2191 Falcidia
807 2166 936 2201 capere
966 2156 1108 2200 licebit,
1140 2156 1266 2202 quanti

173 2210 218 2236 ea
241 2210 298 2236 res
324 2199 405 2243 erit,
429 2204 568 2236 tantam
617 2201 782 2237 ecuniam
794 2200 856 2236 det
878 2200 1054 2246 dolusque
1077 2201 1194 2237 malus
1218 2201 1264 2237 ab

179 2249 189 2280 1
242 2255 284 2282 eo
308 2244 475 2282 afuturus
498 2246 556 2282 sit.
640 2256 731 2291 eque
753 2246 914 2289 interest,
937 2250 1058 2281 utrum
1080 2246 1119 2281 in
1140 2246 1263 2299 primis

173 2290 306 2327 tabulis
328 2290 399 2326 hoc
430 2290 496 2326 fiat
517 2301 564 2326 an
600 2291 639 2326 in
668 2291 908 2337 pupillaribus
939 2301 988 2327 an
1014 2291 1054 2327 in
1083 2295 1174 2328 utris
1199 2302 1263 2327 ue:

172 2335 303 2372 etenim
340 2335 454 2381 legem
494 2335 694 2372 Falcidiam
733 2336 841 2373 semel
876 2347 956 2373 esse
996 2303 1263 2380 admittendam,

172 2381 313 2418 etiamsi
336 2381 469 2427 duplex
492 2381 540 2418 sit
563 2385 837 2424 testamentum,
871 2381 944 2417 iam
967 2381 1143 2425 convenit,
1179 2393 1264 2418 con-

173 2425 318 2463 tributis
340 2426 470 2472 legatis
494 2431 569 2462 tam
591 2426 665 2470 liis,
698 2437 790 2473 quae
813 2427 859 2463 ab
889 2427 969 2473 ipso
994 2427 1133 2473 pupillo
1158 2437 1265 2472 quam

174 2475 194 2507 2
240 2471 309 2514 his,
334 2482 427 2517 quae
443 2482 466 2508 a
481 2472 680 2509 substituto
695 2472 895 2518 impuberi⁷
910 2471 1038 2512 relicta
1061 2476 1156 2509 sunt.
1206 2472 1265 2508 ⁸Si

174 2528 247 2553 non
269 2516 399 2553 fuisset
422 2517 637 2563 interposita
668 2518 715 2554 sti
741 2518 854 2554 ulatio
876 2528 923 2554 ex
944 2527 1102 2563 persona
1123 2517 1263 2564 pupilli,

174 2562 307 2598 tutelae
338 2563 432 2598 actio
461 2562 586 2599 heredi
618 2563 704 2616 pup'
735 2563 743 2571 ⁶
776 2563 948 2600 adversus
979 2567 1136 2600 tutorem
1168 2574 1264 2599 com·

174 2607 277 2653 petit.
309 2607 383 2651 sed,
405 2611 446 2643 ut
461 2607 681 2653 Pomponius
701 2608 763 2651 ait,
788 2612 826 2644 et
842 2608 913 2654 ipsi
929 2609 1066 2662 pupillo
1088 2613 1124 2645 et
1143 2608 1265 2644 heredi

173 2653 278 2691 eius⁹
326 2652 438 2690 oterit
461 2653 635 2690 committi
656 2653 854 2700 stipulatio,
876 2654 968 2700 ips1⁹
991 2664 1063 2700 quo
1083 2664 1172 2690 casu
1185 2654 1263 2690 vivo

174 2710 218 2736 eo
254 2664 423 2752 Faffcidia·
459 2699 586 2753 incipit
615 2700 740 2753 locum·
758 2700 903 2753 liabere.
951 2699 995 2735 de
1016 2699 1152 2753 tutelae
1175 2710 1262 2753 quo3

175 2748 194 2780 3
266 2755 312 2798 ue
354 2748 494 2798 actione
535 2744 631 2797 idem
671 2745 807 2781 scribit.
838 2744 1055 2797 ‚Marcellus
1094 2748 1160 2798 ait:
1203 2755 1264 2790 qui

174 2801 296 2872 33⁶0...
329 2794 494 2887 1333..ss
516 2790 620 2881 ἓξὲξ
642 2790 873 2872 hffl'titfiissn
899 2789 1261 2872 “iffimeihffluffii

179 2880 305 2916 ¹⁰niliil
328 2891 350 2916 a
373 2880 508 2926 pupillo
532 2884 684 2917 testator
694 2881 836 2926 legavit,
859 2880 1065 2917 sedaTitio
1084 2885 1261 2917 trecenta:

175 2930 296 2962 utrum
331 2925 505 2968 ducenta,
545 2925 678 2971 inquit,
721 2925 1004 2971 praestabuntur
1037 2936 1085 2961 an
1119 2930 1261 2962 centum

176 2971 287 3052 affl
309 2971 1261 3062 meimvfaessi?k‘gffinissnnffissffi‘ssffiufflffi

177 3071 325 3107 erogare
348 3060 524 3106 compelli,
550 3066 645 3097 certe
669 3072 735 3098 nec
758 3061 874 3097 minus
887 3062 932 3097 ¹¹:
958 3071 1069 3098 secun
1094 3061 1261 3107 umquod

174 3106 341 3149 eveniret,
358 3110 401 3142 ut
414 3116 488 3142 non
501 3105 570 3141 soli
585 3107 827 3142 committatur
839 3106 1038 3152 stipulatio,
1060 3106 1125 3143 sed
1148 3107 1260 3143 omni-

176 3153 245 3188 bus
269 3151 462 3188 heredibus
485 3150 747 3196 interponenda
777 3156 850 3194 est,
874 3151 939 3188 sed
970 3162 1082 3188 causa
1105 3152 1259 3198 cognita.

176 3201 195 3232 4
219 3196 419 3232 Falcidiam
431 3196 551 3233 locum
566 3196 698 3232 habere
713 3201 749 3232 et
765 3197 964 3242 legatorum
977 3196 1106 3234 modus
1122 3196 1211 3233 facit
1225 3201 1262 3234 et

174 3242 268 3279 aeris
291 3242 400 3278 alieni
423 3252 526 3278 onus.
574 3245 612 3277 et
633 3241 665 3277 si
688 3242 829 3286 quidem
852 3241 996 3279 evidens
1020 3253 1081 3278 aes
1105 3242 1260 3279 alienum

174 3291 230 3324 est
250 3287 306 3323 vel
331 3291 486 3331 certum,
515 3286 632 3322 facilis
656 3291 711 3322 est
735 3298 813 3322 com
840 3287 973 3323 utatio:
998 3288 1030 3323 si
1052 3291 1171 3323 autem
1195 3287 1259 3323 ad-

174 3333 246 3369 huc
268 3333 443 3368 incertum
467 3336 532 3375 est,
556 3331 642 3378 quia
663 3331 756 3367 forte
776 3343 817 3367 ve
843 3332 1004 3369 condicio
1029 3333 1105 3369 eius
1128 3332 1260 3379 pendet

173 3378 227 3414 vel
251 3377 407 3414 creditor
428 3377 527 3413 litem
550 3380 771 3414 contestatus
795 3382 850 3413 est
868 3382 904 3413 et
927 3377 1080 3414 necdum
1102 3377 1146 3413 lis
1158 3377 1260 3414 finita

173 3426 239 3466 est,
265 3422 497 3467 dubitabitur,
522 3426 694 3468 quantum
717 3421 897 3467 legatariis
917 3423 1090 3458 debeatur
1111 3427 1259 3468 propter

174 3539 215 3581 (ι)
226 3548 367 3581 quorum
376 3539 407 3571 F
449 3539 493 3579 (2)
506 3547 560 3578 an,
572 3537 717 3570 ratione·
727 3535 876 3569 defuncti
888 3535 1057 3578 legatariis
1068 3535 1256 3570 desideran-

174 3584 274 3625 tibus,
292 3583 442 3617 omnium
460 3582 757 3615 instrumentorum
775 3581 1053 3615 hereditariomm
1066 3584 1100 3614 et
1109 3581 1255 3625 pupilla-

175 3629 263 3662 rium
274 3628 444 3662 rationum
458 3628 552 3660 hei-ee
564 3625 770 3660 describendi
781 3639 843 3660 scr.
984 3631 1026 3666 (3)
1051 3625 1140 3659 idem
1154 3626 1202 3660 Ρ

220 3675 265 3715 (4)
288 3674 585 3718 Ed.1...·1;Pap,s.
599 3680 628 3706 ο.
641 3690 687 3696 -
700 3671 785 3705 Bas.
801 3673 853 3712 11,
866 3678 883 3705 2
954 3673 995 3712 (5)
1021 3670 1138 3704 liceret
1150 3673 1215 3705 ind.
1225 3671 1260 3705 F

177 3722 221 3756 (a)
245 3718 375 3751 dicatur
388 3717 438 3751 F’
575 3719 617 3759 (Ἰ)
642 3715 813 3759 impubere
824 3715 877 3750 Γ*

1335 300 1486 343 habere,
1516 301 1650 338 arbiter
1673 301 1752 338 dari
1773 301 1866 338 solet
1893 301 1940 337 ad
1969 302 2162 338 ineundam
2185 304 2418 349 quantitatem

1335 345 1530 399 bonorum,
1561 346 1704 383 tametsi
1732 357 1827 384 unus
1857 346 1994 393 aliquid
2022 347 2202 401 modicum
2236 348 2416 403 fideicom-

1335 395 1784 483 1¹1²3²1³1⁸¹21¹3be¹i⁰22⁰223123f¹¹3131
1802 396 2153 474 ffirffipmmmnmo
2153 395 2419 476 igrffiaffi

1335 481 1429 517 solet
1449 485 1570 517 tamen
1592 481 1639 518 ab
1662 481 1791 518 herede
1813 483 1920 518 etiam
1944 483 2071 519 ceteris
2096 482 2297 520 denuntiari
2318 485 2417 522 fidei-

1337 526 1609 569 commissariis,
1632 530 1674 562 ut
1696 527 1842 564 veniant
1864 527 1911 563 ad
1933 528 2109 563 arbitrum
2131 528 2250 574 ibique
2274 540 2418 567 causam

1336 581 1439 607 suam
1462 575 1588 616 agant,
1617 571 1828 618 plerumque
1858 576 1895 608 et
1917 572 2173 617 creditoribus,
2207 579 2248 610 ut
2270 575 2315 611 de
2336 586 2419 612 aere

1336 616 1641 670 alieno-probent.
1688 616 1798 653 habet
1827 622 1949 653 tamen
1971 617 2146 654 rationem
2167 618 2205 654 in
2227 619 2418 666 legatariis,

1337 665 1422 697 item
1455 672 1493 696 in
1527 661 1880 705 fideicommissariis,
1920 667 1979 705 ut,
2020 663 2051 699 si
2085 664 2214 700 offerat
2245 665 2283 700 in

1338 706 1434 752 quod
1456 706 1624 742 relictum
1652 711 1708 743 est
1740 707 1844 744 heres
1875 707 2080 745 desiderans
2113 719 2238 746 cavere
2261 710 2328 746 sibi
2350 712 2419 747 hac

1339 755 1356 786 7
1406 751 1453 788 sti
1479 751 1647 804 ulatione,
1673 752 1851 789 audiatur.
1899 752 1938 789 Si
1967 753 2086 799 legata
2118 755 2293 800 quaedam
2312 767 2418 808 prae-

1338 796 1432 833 senti
1491 806 1511 832 e
1533 797 1658 833 relicta
1681 797 1763 840 sint,
1811 797 1963 833 uaedam
1985 798 2053 835 sub
2066 799 2286 844 condicione,
2309 805 2418 838 inter-

1337 841 1503 888 ponenda
1525 841 1594 878 erit
1616 842 1688 878 ista
1710 843 1780 888 stip
1843 844 1893 879 tio
1921 847 2068 889 propter
2097 844 2216 890 legata
2240 845 2418 882 condicio·

1337 887 1436 923 nalia
1449 914 1458 930 ,
1502 886 1692 924 dummodo
1728 898 1772 923 ea
1804 888 1944 934 legata,
1987 898 2079 940 quae
2116 892 2299 935 praesenti
2338 892 2419 935 sint,

1337 933 1477 978 integra
1500 932 1694 986 solvantur.
1739 933 1901 970 Iulianus
1924 933 2076 1001 demque
2099 935 2241 978 scribit,
2272 936 2303 972 si
2332 948 2420 982 pure

1337 982 1374 1014 et
1397 978 1465 1014 sub
1490 977 1699 1014 condicione
1720 978 1735 1014 l
1778 982 1840 1014 ata
1862 978 2015 1014 fuerint²
2055 990 2102 1016 ne
2124 980 2317 1017 exsistente
2335 993 2419 1018 con-

1338 1023 1477 1059 dicione
1499 1023 1559 1058 lex
1581 1022 1743 1059 Falcidia
1780 1034 1885 1059 ocum
1908 1023 2058 1067 habeat,
2088 1035 2162 1061 non
2192 1026 2295 1062 aliter
2324 1027 2420 1073 lega—

1338 1072 1474 1111 torum,
1500 1078 1592 1113 quae
1613 1079 1705 1114 pure
1727 1067 1814 1104 data
1836 1073 1939 1111 sunt,
1974 1069 2151 1106 actionem
2181 1070 2259 1106 dari
2281 1071 2419 1115 debere,

1338 1124 1445 1159 quam
1479 1113 1510 1149 si
1549 1117 1696 1149 cautum
1733 1113 1843 1149 fuerit
1877 1114 2001 1150 heredi
2013 1115 2040 1136 ¹⁴
2079 1118 2224 1160 ‘quanto
2257 1127 2314 1152 am
2340 1117 2419 1160 lius,

1338 1162 1357 1194 8
1403 1161 1522 1204 ‘quam
1540 1169 1605 1205 per
1623 1158 1736 1204 legem
1747 1158 1947 1195 Falcidiam
1963 1159 2114 1203 licuerit,
2136 1162 2294 1207 ceperit’.
2342 1162 2421 1199 dem

1335 1204 1497 1240 Iulianus
1522 1204 1648 1240 scribit
1678 1214 1777 1247 eum,
1814 1204 1873 1240 cui
1901 1204 2082 1251 quadrans
2112 1206 2180 1242 sub
2213 1207 2422 1244 condicione

1334 1254 1372 1286 et
1395 1249 1552 1285 dodrans
1574 1259 1665 1295 pure
1688 1249 1828 1295 legatus
1859 1254 1931 1293 est,
1968 1260 2093 1286 cavere
2115 1251 2245 1288 debere
2277 1255 2420 1298 ‘quanto

1337 1295 1520 1341 ‘amplius,
1545 1305 1652 1340 quam
1673 1305 1740 1340 per
1761 1295 1775 1330 1
1819 1305 1875 1330 em
1896 1295 2095 1331 Falcidiam
2117 1296 2241 1340 liceat,
2275 1299 2419 1344 ceperit,

1335 1343 1355 1375 9
1402 1339 1527 1376 reddi’.
1574 1339 1675 1376 Haec
1699 1340 1745 1376 sti
1832 1340 1884 1376 tio
1912 1340 1992 1377 ideo
2022 1341 2141 1377 locum
2171 1342 2295 1387 habet,
2327 1345 2419 1389 quia„

1335 1385 1402 1421 etsi
1425 1386 1539 1431 repeti
1567 1389 1689 1431 potest
1706 1351 1770 1439 ‘iffi
1779 1385 1875 1432 quod
1904 1386 2077 1439 solutum·
2091 1391 2163 1430 est,
2194 1391 2314 1424 tamen
2344 1389 2419 1427 fieii'

1334 1435 1466 1477 potest,
1502 1434 1544 1466 ut
1577 1441 1651 1466 non
1685 1435 1733 1467 sit
1761 1430 1929 1467 solvendo
1957 1442 1989 1467 is
2020 1442 2079 1468 cui
2113 1433 2270 1469 solutum
2301 1439 2356 1470 est
2377 1445 2420 1471 ac

1339 1480 1379 1512 10
1426 1486 1493 1522 per
1516 1475 1587 1512 hoc
1609 1480 1734 1528 pereat
1745 1475 1841 1522 quod
1865 1476 1988 1512 datum
2000 1481 2064 1513 est.
2097 1477 2140 1512 In
2162 1479 2286 1516 mortis
2312 1490 2422 1516 causa

1335 1531 1478 1567 quoque
1501 1521 1755 1557 donationibus
1779 1525 1900 1568 potest
1929 1522 2001 1557 dici
2030 1523 2125 1558 hanc
2155 1523 2422 1577 stipulationem

1339 1571 1374 1602 11
1425 1577 1504 1603 esse
1536 1566 1842 1613 interponendam.
1897 1566 1997 1602 Haec
2033 1568 2142 1604 verba
2179 1570 2421 1615 stipulationis

1335 1612 1444 1658 ‘quod
1479 1612 1633 1658 amplius
1668 1612 1868 1658 legatorum
1901 1612 2043 1648 nomine
2078 1614 2232 1659 ceperis,
2267 1626 2373 1660 quam
2400 1627 2422 1653 e

1336 1657 1424 1703 ‘lege
1457 1657 1622 1694 Falcidia
1654 1668 1783 1703 capere
1804 1657 1936 1694 licebit’
1960 1668 2033 1693 non
2056 1662 2196 1694 tantum
2219 1670 2300 1696 eum
2324 1671 2422 1697 com—

1334 1702 1578 1748 prehendunt,
1608 1702 1670 1748 qui
1698 1702 1851 1749 amplius
1881 1713 1968 1739 acce
1993 1704 2037 1746 it,
2068 1714 2175 1749 quam
2204 1705 2239 1741 ei
2261 1705 2422 1743 Falcidia

1334 1747 1514 1794 permisit,
1548 1751 1589 1783 ut
1617 1747 1746 1784 reddat
1779 1752 1933 1794 partem,
2012 1749 2097 1784 beat
2118 1754 2276 1795 partem,
2299 1761 2420 1787 verum

1334 1793 1442 1829 etiam
1465 1803 1548 1829 eum
1571 1793 1634 1839 qui
1655 1797 1771 1829 totum
1793 1793 1899 1830 debet
1919 1794 2107 1830 restituere
2153 1796 2283 1831 etenim
2306 1797 2419 1833 scien-

1335 1838 1421 1875 dum
1443 1843 1498 1875 est
1519 1838 1634 1884 legem
1644 1838 1844 1874 Falcidiam
1865 1839 2045 1875 interdum
2066 1843 2205 1885 partem
2228 1841 2303 1877 eius
2326 1843 2421 1888 quod

1335 1883 1458 1920 datum
1483 1888 1547 1927 est,
1571 1883 1751 1920 interdum
1773 1888 1890 1920 totum
1911 1894 2092 1921 revocare.
2134 1896 2216 1921 cum
2239 1887 2332 1922 enim
2355 1888 2419 1924 lia-

1334 1929 1411 1965 bita
1432 1929 1571 1965 ratione
1594 1930 1689 1965 aeris
1712 1929 1819 1965 alieni
1841 1929 2006 1966 Falcidia
2028 1930 2188 1975 ineatur,
2211 1931 2420 1979 plerumque

1335 1974 1461 2017 evenit,
1484 1979 1525 2010 ut
1549 1979 1749 2020 emergente
1761 1975 1880 2011 debito
1892 1975 1948 2011 vel
1967 1975 2175 2012 condicione
2199 1977 2291 2014 aeris
2314 1978 2419 2014 alieni

1334 2020 1528 2056 exsistente
1551 2023 1667 2056 totum
1691 2020 1787 2066 quod
1809 2020 1962 2066 legatum
1986 2027 2042 2057 est
2064 2021 2310 2059 exhauriatur.
2357 2024 2420 2060 sed

1335 2069 1372 2101 et
1404 2065 1624 2100 libertatium
1654 2065 1817 2102 condicio
1855 2065 2037 2102 interdum
2075 2067 2249 2103 exsistens
2289 2067 2419 2105 efficiet

1333 2111 1490 2156 legatum
1514 2110 1656 2147 omnino
1680 2121 1753 2147 non
1776 2111 1919 2155 deberi,
1955 2111 2086 2158 quippe
2110 2123 2192 2148 cum
2214 2113 2338 2150 habita
2359 2125 2418 2150 ra-

1334 2156 1431 2192 tione
1461 2155 1681 2192 libertatium
1719 2160 1755 2192 et
1791 2156 1953 2193 deductis
1989 2157 2114 2202 pretiis
2142 2168 2265 2194 eorum
2276 2160 2302 2181 ¹⁶
2332 2163 2419 2196 tunc

1338 2204 1378 2237 12
1426 2200 1569 2237 demum
1591 2201 1789 2247 legatorum
1819 2201 1962 2238 ineatur
1992 2202 2095 2238 ratio.
2142 2202 2185 2238 In
2207 2204 2418 2249 quibusdam

1334 2250 1455 2282 autem
1477 2247 1702 2283 testamentis
1714 2246 1877 2283 Falcidia
1900 2247 2040 2292 quidem
2061 2247 2180 2284 locum
2203 2259 2276 2285 non
2298 2249 2417 2294 habet,

1334 2295 1572 2328 verumtamen
1595 2291 1648 2327 ita
1670 2292 1892 2335 observatur,
1916 2297 1967 2336 ut,
1991 2292 2076 2328 licet
2099 2293 2332 2338 quadrantem
2354 2295 2418 2332 he-

1333 2347 1391 2373 res
1414 2347 1488 2373 non
1510 2336 1683 2380 retineat,
1711 2341 1832 2373 tamen
1862 2337 2037 2373 hactenus
2068 2338 2187 2383 legata
2210 2338 2417 2384 debeantur,

1334 2386 1510 2428 quatenus
1533 2382 1736 2428 patrimonii
1759 2382 1850 2418 vires
1880 2382 2083 2426 sufficiunt,
2117 2383 2241 2429 utique
2264 2384 2417 2422 deducto

1332 2437 1416 2463 aere
1438 2427 1566 2471 alieno,
1591 2427 1676 2462 item
1699 2427 1861 2464 deductis
1884 2428 2007 2473 pretiis
2031 2438 2164 2471 eorum,
2188 2430 2248 2482 qui
2270 2429 2418 2467 liberta·

1332 2477 1406 2508 tem
1435 2473 1474 2508 in
1506 2476 1721 2509 testamento
1750 2472 1807 2508 vel
1838 2472 2009 2509 directam
2038 2473 2095 2509 vel
2124 2472 2416 2513 fideicommissa-

1339 2521 1376 2554 13
1422 2518 1512 2554 riam
1546 2522 1776 2563 acceperunt.
1831 2517 1902 2554 Sed
1938 2523 1974 2554 et
2014 2518 2186 2563 legatario
2221 2521 2417 2557 cavendum

1337 2566 1378 2598 14
1424 2567 1496 2606 est,
1531 2573 1554 2598 a
1585 2574 1656 2616 quo
1688 2562 1998 2600 fideicommissum
2028 2563 2250 2610 relinquitur.
2302 2566 2415 2603 Inter·

1332 2608 1418 2645 dum
1440 2619 1514 2645 non
1535 2608 1550 2643 1
1646 2608 1847 2653 Falcidiae,
1872 2608 1936 2645 sed
1959 2609 2066 2645 etiam
2089 2609 2238 2646 alterius
2267 2610 2355 2656 legis
2377 2611 2416 2648 in

1331 2654 1402 2690 hac
1431 2653 1664 2700 stipulatione
1692 2654 1783 2690 ratio
1814 2653 1979 2690 facienda
2011 2658 2082 2697 est,
2115 2659 2156 2690 ut
2178 2659 2267 2700 puta
2297 2657 2328 2692 si
2350 2667 2415 2702 pa-

1331 2703 1458 2735 tronus
1481 2709 1526 2735 ex
1549 2709 1631 2735 asse
1653 2699 1756 2735 heres
1786 2698 1972 2736 institutus
1995 2699 2043 2736 sit
2066 2704 2102 2735 et
2122 2710 2213 2745 pure
2235 2702 2415 2746 quincunx

1331 2744 1470 2791 legatus
1493 2745 1541 2780 sit
1564 2748 1600 2780 et
1626 2745 1695 2780 sub
1726 2744 1935 2780 condicione
1963 2743 2098 2790 aliquid
2127 2755 2237 2790 supra
2260 2746 2414 2783 debitam

1331 2794 1485 2835 patrono
1509 2793 1666 2835 partem:
1697 2799 1780 2825 nam
1808 2789 1847 2824 in
1868 2790 1966 2825 hunc
1990 2800 2113 2826 casum
2135 2790 2228 2827 ratio
2251 2790 2415 2828 facienda

1331 2839 1388 2871 est
1408 2835 1504 2870 illius
1526 2834 1631 2880 legis,
1662 2845 1754 2879 quae
1776 2838 1948 2880 patronos
1971 2839 2091 2879 vocat,
2119 2845 2192 2871 non
2214 2835 2300 2881 legis
2328 2837 2413 2873 Fal-

1335 2883 1374 2916 15
1423 2880 1547 2916 cidiae.
1594 2878 1634 2915 Si
1655 2890 1724 2922 res,
1750 2890 1841 2925 quae
1864 2880 1981 2924 legata
2004 2880 2059 2923 sit,
2084 2879 2182 2925 apud
2203 2879 2414 2926 legatarium

1330 2925 1520 2979 interierit,
1545 2924 1771 2970 probandum
1799 2928 1855 2961 est
1877 2925 2087 2971 exceptione
2109 2926 2273 2962 succurri
2295 2926 2329 2962 ei
2352 2927 2413 2972 qui

1330 2974 1585 3053 Ρτὲωὶξῗῦιυε
1605 3013 1698 3069 fibro
1727 3016 2004 3068 septyayesinio·
2025 3015 2150 3062 quinto
2180 3015 2231 3051 ad
2258 3015 2411 3053 edictum

1331 3060 1470 3097 etiamsi
1492 3064 1617 3107 quanti
1640 3069 1684 3095 ea
1706 3069 1764 3096 res
1788 3063 1836 3096 sit
1858 3063 2033 3106 promisit,

1376 3104 1400 3145 3
1432 3106 1626 3143 Uimws
1646 3105 1737 3141 libro
1765 3115 1804 3141 sc
1832 3108 1895 3141 tua
1920 3106 2029 3141 eximo
2060 3115 2155 3140 nono
2187 3105 2237 3141 ad
2258 3105 2411 3143 edictum

1329 3152 1399 3188 nisi
1427 3151 1498 3188 si¹⁰
1526 3150 1609 3188 dolo
1636 3150 1750 3196 ipsius
1820 3150 1890 3196 ‘qui
1942 3149 2078 3186 factum
2106 3149 2168 3186 sit:
2203 3155 2290 3187 tunc
2319 3151 2412 3188 enim

1330 3197 1437 3233 etiam
1460 3206 1507 3232 ex
1529 3195 1602 3232 doli
1618 3195 1789 3239 clausula,
1815 3205 1906 3242 quae
1928 3195 1967 3230 in
1989 3195 2060 3231 ista
2082 3195 2312 3240 stipulatione
2325 3207 2409 3233 con-

1328 3242 1477 3285 tinetur,
1512 3240 1693 3277 tenebitur
1727 3244 1763 3276 et
1797 3239 2029 3286 replicatione
2043 3241 2070 3261 ¹⁷
2104 3250 2143 3275 re
2169 3241 2228 3276 elli
2266 3241 2408 3287 poterit.

1330 3290 1345 3322 1
1395 3286 1495 3322 Haec
1519 3286 1650 3328 cautio,
1675 3295 1767 3331 quae
1789 3289 1937 3331 propter
1958 3284 2112 3330 legemF
2152 3285 2278 3321 cidiam
2300 3286 2409 3323 inter-

1328 3335 1348 3368 2
1395 3331 1551 3377 ponitur,
1575 3330 1822 3367 fideiussorum
1844 3330 1955 3366 habet
1976 3331 2263 3375 praestationem.
2311 3331 2351 3367 Si
2372 3333 2409 3368 in

1352 3377 1448 3413 lures
1471 3376 1547 3412 dies
1570 3376 1724 3422 pecunia
1746 3375 1864 3421 legata
1886 3379 1951 3417 est,
1977 3386 2058 3411 cum
2070 3380 2207 3411 certum
2228 3375 2276 3411 sit
2297 3376 2410 3422 legem

1326 3388 1528 3458 Falcidiam
1551 3421 1670 3457 locum
1694 3420 1843 3463 habere,
1867 3430 1940 3456 non
1963 3420 2201 3466 stipulationi,
2225 3419 2289 3457 sed
2312 3432 2408 3458 com-

1327 3538 1372 3577 (ο)
1398 3538 1432 3568 et
1443 3534 1558 3568 heredi
1570 3535 1642 3569 eius
1654 3542 1683 3568 ct
1692 3534 1757 3577 ipsi
1770 3534 1832 3568 del.

1326 3583 1397 3613 tuni
1409 3590 1494 3622 quae
1506 3579 1625 3613 desunt
1636 3578 1766 3623 erogari
1777 3589 1798 3611 a
1810 3578 1887 3613 Soio
1900 3580 1960 3614 im.

1327 3627 1385 3667 (13)
1411 3624 1488 3658 data
1501 3627 1534 3658 et
1545 3625 1640 3659 lieres
1652 3624 1803 3658 timuerit
1815 3626 1875 3658 ins.

1326 3672 1384 3705 (ιο)
1408 3670 1534 3712 eorum]
1547 3680 1716 3704 servorum
1726 3682 1789 3704 scr.

1926 3535 1986 3577 (10)
2010 3534 2175 3569 aiimAE’
2244 3537 2306 3587 fiii)
2330 3545 2407 3588 cen·

2007 3627 2082 3676 a,
2106 3583 2198 3658 ..1332
2213 3579 2406 3668 Ἣ

1904 3671 1964 3713 (16)
1988 3670 2155 3704 ndeLF’
2265 3671 2322 3711 (ιτ)
2348 3677 2404 3702 σι-

1014 3719 1060 3759 (8)
1083 3719 1116 3748 et
1128 3718 1188 3750 ins.
1201 3717 1235 3749 F
1239 3716 1254 3737 ²
1323 3715 1431 3758 ceptio
1444 3716 1504 3750 inc.

2517 3688 2528 3721 ὲ

2502 3734 2528 3918 l
