2528 3918
89 153 149 184 DE
178 152 235 183 LE.
239 150 406 183 arruns
436 149 687 189 TUTORIBUS

87 267 152 300 aut
174 272 247 298 non
270 265 311 297 ut
331 260 344 296 l
387 269 407 295 e
428 258 735 305 praecipiebatur,
760 258 1027 295 confirmandus
1052 262 1107 295 est
1129 259 1176 295 ad

87 307 234 346 tutelam
255 315 362 351 geren
468 301 617 356 perinde
646 312 691 338 ac
715 302 747 338 si
770 313 815 339 ex
838 307 1052 340 testamento
1077 307 1177 341 tutor

87 356 192 395 esset,
215 350 252 387 id
274 354 330 387 est
351 352 393 385 ut
415 347 603 385 satisdatio
628 347 660 383 ei
682 347 894 384 remittatur.

132 395 158 434 4
182 395 341 431 PAUhvs
372 394 465 430 libro
488 393 675 440 sinqulari
696 393 743 428 de
766 394 1064 431 excusationibus
1086 397 1176 431 tute-

86 442 203 479 larum
261 438 298 475 Si
346 442 494 475 atronus
525 438 580 474 vel
611 438 725 483 quivis
766 442 957 475 extraneus
988 439 1176 486 impuberi,

86 496 190 533 quem
220 485 306 520 here
332 494 387 519 em
417 483 633 525 instituerit,
664 487 822 520 tutorem
853 484 991 520 dederit
1015 489 1051 521 et
1074 488 1177 521 extra

86 541 130 568 ea
152 529 239 566 nibil
261 529 298 565 in
322 528 426 565 bonis
448 528 582 564 habeat
604 528 761 574 pupillus
775 555 784 571 ,
817 539 890 565 non
922 530 1016 566 male
1040 530 1177 566 dicetur

82 574 253 613 iudicium
277 573 353 610 eius
377 573 598 619 sequendum
611 583 700 617 esse,
726 574 787 619 qui
811 578 847 610 et
868 585 1062 620 personam
1087 575 1174 618 eius,

85 630 189 667 quem
222 622 378 655 tutorem
413 629 492 654 esse
525 619 693 662 voluerit,
728 619 868 655 noverit
892 624 928 656 et
956 621 1175 667 impuberem

84 666 136 702 ita
157 664 290 707 dilexit,
315 668 357 700 ut
379 674 460 700 eum
482 663 650 700 heredem
672 664 884 701 institueret.

128 707 153 748 5
177 709 423 746 Papmfflos
451 709 542 745 libro
578 709 766 745 undecimo
803 711 1054 756 quaestionum
1101 710 1174 746 Tu-

84 759 179 792 tores
202 764 225 790 a
246 757 376 800 patruo
389 757 605 790 testamento
630 754 735 790 datos
758 754 863 790 iussit
885 759 1032 801 praetor
1044 755 1173 801 magis-

83 803 198 836 tratus
222 799 452 835 confimare:
476 800 515 835 hi
539 800 740 836 cautionem
764 810 906 846 quoque
924 801 1090 849 accipere
1113 801 1174 836 de-

83 845 234 882 buerunt
256 854 324 880 nec
346 844 511 880 voluntas
536 845 621 888 eius,
640 845 701 891 qui
724 848 880 882 tutorem
903 845 990 882 dare
1013 856 1085 882 non
1108 856 1173 892 po-

82 890 168 933 tuit,
212 890 468 935 neglegentiam
506 890 777 935 magistratuum
813 895 973 926 excusat.
1023 891 1175 937 denique

82 939 226 983 praetor
247 946 320 971 non
345 938 429 971 ante
453 934 634 971 decretum
656 936 885 980 interponere
916 939 1037 981 potest
1067 947 1174 982 quam

82 990 146 1028 per
166 979 431 1026 inquisitionem
448 980 586 1016 idoneis
610 981 861 1026 pronuntiatis.
885 981 981 1016 unde
1001 982 1173 1028 sequitur,

82 1029 141 1069 ut,
166 1025 196 1061 si
219 1026 353 1061 tutelae
366 1028 375 1046 ¹
408 1030 569 1071 tempore
593 1025 762 1061 solvendo
787 1037 860 1062 non
882 1025 1039 1070 fuerunt,
1064 1027 1102 1062 in
1124 1026 1172 1070 id,

82 1069 177 1118 quod
211 1070 255 1106 de
289 1070 393 1107 bonis
430 1081 551 1106 eorum
587 1071 721 1106 servari
763 1082 837 1107 non
871 1072 1009 1117 possit,
1047 1076 1174 1108 contra

81 1127 116 1152 m
163 1115 308 1151 ‘stratus
332 1116 427 1151 actio
453 1116 679 1152 decernatur.

175 1160 283 1196 lom
302 1161 395 1197 libro
420 1163 547 1207 quinto
570 1172 827 1208 responsorum
875 1161 914 1197 Si
946 1161 1019 1198 filio
1043 1163 1172 1208 puberi

80 1209 182 1261 pater
204 1209 358 1242 tutorem
384 1211 448 1242 aut
470 1207 647 1253 impuberi
672 1210 874 1242 curatorem
899 1207 1056 1251 dederit,
1082 1207 1173 1244 citra

79 1263 116 1289 ιιι
140 1251 341 1288 uisitionem
364 1255 510 1297 praetor
534 1262 595 1288 eos
621 1251 834 1288 confirmare
858 1252 1012 1289 debebit.

173 1296 519 1333 Hmuoommws
539 1297 631 1334 libro
643 1297 800 1334 secundo
814 1298 906 1333 iuris
929 1299 1171 1345 epitomarum

79 1342 243 1380 Naturali
266 1342 351 1386 filio,
377 1343 435 1378 cui
454 1342 543 1378 nihil
565 1343 727 1379 relictum
748 1346 813 1386 est,
838 1346 938 1378 tutor
955 1343 1092 1379 frustra
1107 1343 1170 1378 da-

83 1392 97 1424 1
145 1393 205 1424 tur
227 1398 250 1423 a
272 1391 375 1433 patre
399 1398 465 1423 nec
489 1388 566 1423 sine
587 1387 817 1434 inquisitione
841 1388 1086 1424 confirmatur.
1134 1388 1172 1424 Si

79 1436 283 1480 quaeratur,
307 1443 355 1468 an
380 1443 424 1468 ex
454 1433 681 1478 inquisitione
711 1436 810 1469 recte
842 1433 948 1469 datus
980 1434 1028 1469 sit
1061 1437 1171 1477 tutor,

78 1483 247 1525 quattuor
280 1478 372 1513 haec
408 1478 669 1514 consideranda
705 1481 806 1514 sunt:
855 1488 903 1514 an
939 1479 999 1515 hic
1035 1479 1172 1515 dederit

77 1525 137 1570 qui
161 1524 247 1560 dare
270 1523 405 1568 potuit,
440 1527 475 1559 et
507 1524 567 1559 ille
590 1534 676 1559 acce
702 1524 771 1559 erit
794 1523 853 1559 cui
873 1523 993 1560 fuerat
1017 1524 1170 1567 dandus,

79 1574 114 1605 et
136 1569 166 1605 is
191 1569 321 1604 datur2
345 1569 447 1604 cuius
467 1569 577 1604 dandi
599 1569 658 1605 fac
698 1573 754 1605 tas
768 1573 855 1612 erat,
870 1572 905 1604 et
921 1580 987 1615 pro
1000 1570 1171 1606 tribunali

80 1614 260 1651 decretum
282 1613 544 1659 interpositum.

123 1657 147 1697 8
174 1659 454 1696 Tammmws
474 1660 566 1696 libro
587 1662 719 1706 quarto
732 1659 870 1695 decimo
882 1659 1170 1713 disputationum

77 1705 118 1741 In
142 1704 385 1741 confirmando
418 1707 538 1741 tutore
567 1705 638 1741 hoc
668 1708 814 1750 praetor
843 1704 1022 1751 inquirere
1053 1705 1169 1748 debet,

77 1760 122 1786 an
145 1750 328 1786 duraverit
358 1750 470 1802 patris
502 1750 690 1786 voluntas:
731 1749 828 1795 quod
857 1750 895 1785 in
925 1750 1025 1786 facili
1049 1754 1115 1793 est,
1139 1751 1171 1787 si

75 1796 237 1842 proximo
262 1796 411 1831 mort1s³
435 1798 596 1841 tempore
619 1798 757 1831 tutores
781 1806 855 1832 non
886 1795 964 1832 iure
986 1796 1042 1831 vel
1066 1806 1170 1832 cura-

41 1880 44 1883 ,
76 1844 172 1876 tores
196 1840 379 1885 scripserit
401 1844 515 1886 pater.
549 1851 633 1876 nam
657 1840 688 1876 si
712 1844 796 1876 ante
820 1851 953 1884 annos,
985 1845 1028 1876 ut
1051 1842 1169 1887 spatio

77 1885 189 1922 medio
248 1886 380 1921 otuerit
410 1886 637 1922 facultatium
661 1885 736 1922 dati
759 1896 832 1922 non
855 1886 934 1922 iure
957 1887 1087 1922 tutoris
1097 1887 1122 1909 ³·
1147 1897 1170 1922 a

77 1935 178 1985 patre
239 1931 290 1966 eri
328 1930 521 1967 deminutio
536 1958 545 1974 ,
581 1932 637 1967 vel
671 1942 810 1967 morum
845 1934 929 1967 ante
965 1932 1081 1967 celata
1115 1932 1170 1968 vel

76 1977 262 2022 ignorata⁴
303 1977 444 2012 emersit
476 1976 686 2022 improbitas
700 2003 710 2019 ,
746 1979 810 2012 aut
844 1976 1052 2013 inimicitiae
1087 1988 1169 2014 cum

77 2025 178 2068 patre
202 2026 424 2064 exarserunt,

121 2064 145 2104 9
179 2066 341 2103 Panos
368 2067 459 2103 libro
491 2067 677 2114 sinqulari
706 2066 751 2102 de
791 2067 1060 2114 cognitionibus
1112 2067 1168 2104 vel

78 2123 158 2149 cum
189 2112 277 2148 fisco
312 2112 467 2158 aliquem
499 2115 724 2148 contractum
757 2111 970 2148 damnosum
1004 2112 1167 2150 miscuis-

77 2159 180 2194 sent⁵

122 2201 141 2240 1
148 2201 172 2241 O
180 2183 189 2199 ⁹
199 2202 254 2238 Ta
260 2212 480 2238 YPHomiws
491 2202 582 2239 libro
593 2207 724 2249 quarto
734 2202 871 2238 decimo
881 2202 1168 2250 disputationum

74 2248 262 2284 utilitatem
284 2248 502 2294 pupillorum
525 2251 671 2293 praetor
702 2247 882 2293 sequitur,
916 2258 990 2284 non
1012 2249 1083 2285 scri
1109 2252 1167 2285 tu-

74 2303 150 2329 ram
173 2293 379 2330 testamenti
410 2293 465 2329 vel
497 2293 754 2329 codicillorum.
798 2303 881 2328 nam
904 2293 1018 2339 patris
1042 2304 1085 2330 vo
1102 2306 1166 2330 un-

74 2341 182 2374 tatem
205 2342 352 2384 praetor
374 2338 426 2374 ita
449 2338 615 2384 accipere
638 2338 754 2381 debet,
779 2338 810 2373 si
833 2349 907 2374 non
929 2338 1000 2374 fuit
1021 2339 1166 2385 ignarus

74 2383 208 2419 scilicet
233 2394 374 2427 eorum,
405 2394 499 2436 quae
529 2384 633 2436 ipsa⁰
663 2387 809 2429 praetor
841 2383 884 2419 de
915 2387 1037 2420 tutore
1069 2395 1166 2421 com-

73 2433 174 2474 perta
205 2429 325 2464 habet.
363 2429 448 2474 quid
480 2429 632 2482 demque
663 2429 694 2464 si
724 2432 852 2474 postea
883 2428 928 2465 de
962 2439 1004 2466 eo
1018 2457 1028 2473 ,
1062 2441 1167 2476 quem

74 2474 198 2519 pater⁷
231 2477 445 2510 testamento
474 2474 689 2510 codicillisve
713 2485 786 2510 non
808 2474 886 2510 iure
910 2474 1028 2519 dedit,
1052 2476 1166 2521 scrip-

75 2518 120 2554 sit
143 2522 297 2555 tutorem
322 2530 400 2555 esse
422 2519 542 2555 nolle?
574 2530 702 2565 nempe
725 2530 798 2555 non
829 2520 991 2565 sequitur
1014 2521 1167 2566 primam

76 2565 291 2600 voluntatem
314 2568 471 2610 praetor,
496 2575 518 2600 a
542 2575 614 2610 qua
636 2568 741 2610 pater
765 2564 939 2601 discessit.

122 2607 169 2647 11
209 2609 413 2646 Seuerou
458 2610 549 2646 libro
585 2611 750 2647 vicesimo
786 2610 1007 2657 diqestorum
1076 2611 1168 2647 Avia

75 2655 262 2700 nepotibus
287 2658 488 2691 curatorem
520 2655 618 2691 dedit
647 2655 919 2692 fideicommisso
957 2656 990 2692 ei
1019 2656 1165 2692 relicto:

97 2700 272 2736 uaesitum
296 2704 360 2743 est,
386 2711 433 2736 an
456 2700 707 2736 administrare
738 2704 884 2737 curator
916 2702 1080 2747 compelli
1105 2701 1165 2738 de-

73 2710 166 2781 geat.
191 2745 375 2791 respondit
399 2750 601 2782 curatorem
621 2745 763 2791 quidem
786 2757 860 2782 non
884 2756 973 2789 esse,
998 2746 1062 2782 sed
1085 2757 1167 2783 cum

73 2789 206 2836 aliquid
241 2790 273 2827 ei
308 2794 521 2827 testamento
558 2791 681 2827 datum
717 2795 811 2827 esset
824 2818 833 2834 ‚
865 2791 978 2827 teneri
1010 2802 1090 2828 eum
1122 2803 1167 2829 ex

75 2833 357 2879 fideicommisso,
382 2837 412 2872 si
436 2847 508 2872 non
534 2846 657 2872 curam
680 2836 891 2883 susciperet,
916 2836 984 2872 nisi
1007 2836 1045 2873 id
1069 2838 1166 2883 quod

74 2879 107 2915 ei
130 2879 252 2917 datum
277 2884 371 2917 esset
394 2881 505 2917 nollet
527 2885 648 2927 petere
672 2886 735 2918 aut
758 2881 909 2918 reddere
940 2885 1035 2918 esset
1057 2893 1164 2928 para-

79 2927 94 2960 1
141 2929 210 2962 tus.
258 2926 348 2962 Item
381 2927 584 2973 quaesitum
619 2931 693 2970 est,
718 2937 765 2963 an
795 2927 864 2963 iste
889 2931 1036 2963 curator
1059 2929 1164 2965 satis-

75 2968 160 3007 dare
191 2972 381 3017 nepotibus
413 2971 552 3008 debeat.
600 2972 786 3017 respondit
821 2973 925 3018 quasi
962 2977 1163 3010 curatorem

74 3025 146 3051 non
182 3015 311 3052 debere
324 3043 334 3060 ,
366 3017 431 3053 sed
467 3028 548 3053 cum
583 3017 895 3054 fideicommissum
930 3018 977 3053 ab
1013 3028 1054 3055 eo
1089 3020 1164 3065 peti

73 3064 207 3105 posset,
232 3061 496 3098 fideicommissi
520 3062 662 3099 nomine
685 3063 861 3099 satisdare
885 3063 1025 3100 debere.

560 3202 638 3240 1111
646 3201 672 3242 ⁸.

306 3265 368 3298 DE
393 3266 634 3300 LEGITIMIS
660 3267 926 3302 TUTORIBUS.

123 3326 142 3366 1
184 3328 378 3367 omanus
415 3331 506 3368 libro
548 3336 680 3377 quarto
723 3333 861 3370 decimo
903 3334 954 3370 ad
986 3333 1161 3372 Sabinum

73 3371 267 3418 Legitimae
290 3377 424 3412 tutelae
446 3377 522 3422 lege
546 3378 733 3414 duodecim
763 3379 968 3415 tabularum
998 3380 1162 3433 adgnatis

74 3415 213 3455 delatae
242 3424 328 3456 sunt
357 3425 392 3456 et
424 3423 713 3468 consanguineis,
745 3423 829 3459 item
877 3424 1024 3468 atronis,
1048 3425 1086 3461 1d
1109 3429 1163 3462 est

73 3459 131 3498 his
163 3464 223 3509 qui
253 3464 301 3500 ad
331 3465 522 3511 legitimam
556 3468 789 3504 hereditatem
820 3435 901 3505 ad'm

76 3505 144 3543 hoc
157 3515 302 3560 ‚summa
324 3511 562 3562 providentia,
595 3516 637 3548 ut
669 3513 730 3559 qui
753 3518 939 3559 sperarent
961 3514 1056 3551 hanc
1079 3526 1160 3551 suc-

76 3559 290 3598 cessionem,
322 3555 415 3591 idem
445 3560 631 3594 tuerentur
661 3559 776 3601 bona,
801 3569 845 3595 ne
869 3559 1159 3605 dilapidarentur.

903 3469 960 3505 itti
1001 3471 1159 3516 possint:

77 3663 116 3703 (ι)
141 3664 254 3698 finitae
266 3667 327 3700 ins.
377 3668 420 3708 (2)
445 3667 544 3701 dutus
555 3681 616 3704 scr.
667 3672 709 3712 (3)
734 3672 835 3704 morti
846 3685 909 3706 scr.
965 3674 1020 3715 (3⁸)
1034 3674 1157 3707 tutoris

76 3716 142 3742 non
156 3709 228 3742 iure
237 3710 290 3743 ΙΝ
381 3713 423 3753 (4)
449 3713 630 3755 ignor-anta
641 3715 675 3748 F
779 3718 822 3757 (5)
848 3717 1029 3751 inivissent
1040 3730 1104 3752 van
1119 3720 1158 3752 de

88 3751 198 3787 Water
292 3757 335 3796 (6)
361 3756 433 3799 ipse
446 3758 519 3792 edd.
613 3762 655 3802 (7)
680 3763 777 3802 pater
789 3761 851 3795 del.

1162 132 1252 183 337

2098 141 2244 185 XXVI
2259 145 2298 185 3.
2314 146 2341 186 4

1250 263 1266 294 1
1314 259 1499 295 Interdum
1522 259 1609 296 alibi
1632 263 1687 297 est
1709 260 1901 305 hereditas,
1926 262 2011 299 alibi
2034 263 2165 308 tutela,
2190 267 2232 301 ut
2250 268 2344 317 puta

1246 303 1278 339 si
1309 303 1358 340 sit
1389 304 1655 351 consanguinea
1684 306 1839 351 pupillo:
1884 318 1967 343 nam
1996 308 2176 346 hereditas
2200 310 2342 356 quidem

1246 348 1294 385 ad
1325 348 1519 395 adgnatam
1549 350 1721 396 pertinet,
1752 352 1865 387 tutela
1904 357 2024 389 autem
2054 353 2102 390 ad
2132 354 2339 400 adgnatum.

1246 394 1331 431 item
1354 394 1392 430 in
1414 395 1601 437 libertinis,
1615 395 1646 431 si
1669 395 1717 431 sit
1728 400 1882 442 patrona
1905 402 1941 434 et
1951 400 2096 444 patroni
2118 399 2233 436 filius:
2257 411 2340 436 nam

1245 439 1396 475 tutelam
1418 440 1564 486 patroni
1587 439 1693 484 filius,
1717 441 1951 478 hereditatem
1973 448 2129 489 patrona
2152 445 2339 492 optinebit:

1245 485 1457 521 tantundem
1483 496 1529 521 ue
1560 485 1629 521 erit
1660 490 1696 522 et
1726 486 1758 522 si
1788 486 1835 522 sit
1866 489 2009 532 patroni
2040 489 2114 526 filia
2144 494 2181 527 et
2214 501 2339 537 nepos.

1246 532 1266 564 2
1315 529 1353 565 Si
1384 497 1482 576 apud
1513 531 1637 567 hostes
1670 531 1718 567 sit
1747 530 1879 575 frater,
1910 533 2088 570 inferioris
2119 536 2251 580 gradus
2276 536 2339 572 ad-

1244 578 1353 655 {nam
1378 576 1492 612 tutela
1515 587 1588 612 non
1611 575 1789 612 defertur:
1826 588 1908 612 nam
1933 582 1968 614 et
1991 579 2022 614 si
2070 584 2218 617 atronus
2242 581 2340 627 apud

1270 623 1366 656 ostes
1390 621 1448 664 sit,
1472 621 1617 667 patroni
1639 621 1712 657 filio
1736 622 1850 658 tutela
1881 633 1953 658 non
1986 623 2030 659 de
2048 629 2162 661 ertur:
2196 626 2261 662 sed
2284 627 2338 662 in·

1245 668 1265 701 3
1313 665 1417 701 terim
1448 676 1470 702 a
1500 670 1669 712 praetore
1699 666 1817 702 datur.
1873 667 2057 704 Interdum
2089 675 2208 707 autem
2232 672 2340 708 etiam

1245 709 1322 746 sine
1352 711 1553 747 hereditate
1583 712 1697 748 tutela
1740 711 1916 756 defertur,
1948 714 2126 750 interdum
2158 716 2339 753 hereditas

1246 755 1323 791 sine
1345 756 1472 799 tutela,
1496 760 1538 792 ut
1560 760 1650 802 puta
1673 757 1711 792 in
1736 767 1778 793 eo
1803 758 1864 803 qui
1895 758 2066 802 latitavit,
2093 771 2174 796 cum
2198 772 2340 798 servum

1245 811 1350 836 suum
1379 805 1528 847 rogatus
1569 805 1664 838 esset
1701 803 1968 839 manumittere:
2010 815 2094 840 nam
2127 807 2340 850 generaliter

1244 845 1347 882 divus
1369 846 1456 882 Pius
1480 847 1665 892 rescripsit
1686 847 1832 884 Aurelio
1856 848 1972 884 Basso
2003 849 2060 885 ius
2091 852 2234 896 patroni
2259 862 2339 888 eum

1243 901 1316 927 non
1339 891 1492 935 habere,
1514 892 1571 928 his
1602 892 1738 928 verbis:
1776 893 1899 930 ‘Plane
1929 895 2172 939 tergiversatio
2205 907 2339 942 eorum,

1244 936 1318 982 ‘qui
1341 937 1547 973 subvertere
1570 937 1882 974 fideicommissam
1912 939 2113 976 libertatem
2144 942 2271 986 velint,
2296 953 2338 980 eo

1244 981 1362 1018 ‘modo
1386 983 1569 1027 puniatur,
1594 983 1708 1019 neius
1720 984 1865 1036 patroni
1876 984 2069 1030 adquirant
2090 986 2128 1021 in
2154 997 2208 1030 eo,
2233 998 2339 1033 quem

1244 1027 1406 1063 ‘liberum
1431 1038 1510 1063 esse
1532 1028 1683 1064 nolunt'.
1719 1028 1814 1064 idem
1837 1030 1925 1071 erit,
1958 1030 1989 1065 si
2011 1030 2106 1067 filiae
2130 1032 2338 1077 adsignatus

1242 1072 1392 1108 libertus
1424 1072 1489 1108 sit:
1530 1073 1643 1109 tutela
1676 1074 1820 1119 quidem
1855 1075 1952 1120 apud
1975 1075 2106 1112 fratres
2130 1078 2339 1121 remanebit,

1242 1121 1284 1153 ut
1307 1117 1502 1154 Marcellus
1526 1122 1648 1161 notat,
1672 1119 1828 1164 legitima
1852 1123 1972 1156 autem
2003 1121 2185 1157 hereditas
2209 1123 2257 1158 ad
2280 1134 2338 1159 so-

1242 1172 1361 1199 rorem
1384 1163 1586 1209 pertinebit.

1288 1205 1314 1245 2
1338 1207 1447 1244 IDEM
1465 1208 1557 1245 libro
1583 1209 1766 1256 triqesimo
1782 1211 1933 1256 septimo
1966 1211 2017 1247 ad
2047 1210 2223 1248 Sabinum
2269 1212 2339 1248 Le-

1241 1253 1400 1299 gitimam
1422 1254 1574 1289 tutelam
1598 1254 1726 1300 capitis
1751 1254 1994 1292 deminutione
2005 1257 2131 1302 pupilli
2155 1257 2261 1293 etiam
2285 1268 2339 1302 ea,

1242 1309 1336 1344 quae
1359 1299 1459 1335 salva
1472 1299 1616 1336 civitate
1638 1300 1822 1345 contingit,
1845 1300 1960 1336 amitti
1971 1301 2071 1337 nulla
2083 1302 2260 1339 dubitatio
2275 1308 2339 1339 est.

1289 1341 1314 1382 3
1339 1343 1449 1380 IDEM
1468 1345 1560 1381 libro
1585 1346 1769 1392 triqesimo
1783 1348 1910 1382 octavo
1935 1346 1985 1382 ad
1995 1346 2172 1384 Sabinum
2209 1348 2340 1384 Tutela

1241 1389 1408 1435 legitima,
1433 1400 1527 1435 quae
1549 1390 1713 1435 patronis
1738 1390 1898 1426 defertur
1922 1402 1942 1427 e
1963 1391 1996 1427 le
2021 1403 2040 1428 e
2071 1392 2260 1429 duodecim
2283 1398 2338 1430 ta-

1241 1434 1428 1478 bularum,
1452 1446 1526 1471 non
1550 1435 1693 1481 quidem
1724 1436 1926 1481 specialiter
1955 1447 1998 1473 ve
2042 1439 2254 1475 nominatim
2278 1440 2338 1475 de-

1241 1480 1342 1515 lata⁹
1376 1484 1448 1523 est,
1474 1480 1538 1516 sed
1560 1491 1626 1527 per
1650 1482 1922 1527 consequentias
1946 1482 2219 1528 hereditatium,
2245 1495 2339 1531 quae

1244 1528 1258 1560 1
1311 1536 1356 1562 ex
1385 1526 1466 1571 ipsa
1499 1526 1576 1571 lege
1606 1526 1768 1572 patronis
1800 1526 1906 1563 datae
1937 1532 2032 1564 sunt.
2089 1529 2187 1575 Ergo
2212 1540 2336 1566 manu-

1241 1570 1370 1607 missor
1401 1582 1446 1606 ex
1476 1571 1552 1617 lege
1585 1571 1774 1608 duodecim
1805 1573 2010 1609 tabularum
2042 1577 2142 1610 tutor
2166 1579 2239 1618 est,
2264 1575 2338 1612 sive

1241 1620 1370 1662 sponte
1402 1616 1609 1652 manumisit
1643 1618 1718 1653 sive
1753 1617 1860 1653 etiam
1895 1619 2101 1664 compulsus
2137 1631 2182 1656 ex
2226 1631 2338 1657 causa

1242 1665 1262 1697 2
1310 1661 1575 1698 fideicommissi
1617 1663 1833 1699 manumisit.
1906 1663 1977 1699 Sed
2020 1667 2056 1701 et
2090 1665 2121 1701 si
2156 1665 2226 1702 hac
2261 1667 2338 1712 lege

1242 1707 1336 1750 emit,
1362 1711 1403 1742 ut
1426 1707 1703 1750 manumitteret,
1729 1711 1765 1744 et
1789 1719 1833 1744 ex
1857 1709 2114 1746 constitutione
2139 1710 2209 1747 divi
2220 1711 2337 1747 Marci

1241 1752 1287 1788 ad
1310 1752 1495 1788 Aufidium
1518 1753 1742 1789 Victorinum
1765 1754 1927 1799 pervenit
1958 1754 2005 1790 ad
2035 1755 2257 1800 libertatem,
2283 1757 2335 1792 di-

1241 1801 1261 1833 3
1310 1798 1462 1834 cendum
1487 1801 1543 1834 est
1565 1802 1721 1834 tutorem
1746 1809 1834 1835 esse.
1883 1800 1997 1836 Plane
2020 1800 2051 1836 si
2074 1800 2168 1837 forte
2193 1812 2237 1837 ex
2260 1802 2335 1838 Ru-

1239 1843 1365 1879 briano
1391 1847 1538 1879 senatus
1563 1844 1726 1880 consulto
1750 1845 1952 1889 pervenerit
1966 1845 2013 1881 ad
2036 1845 2249 1890 libertatem,
2263 1859 2336 1884 non

1238 1888 1387 1924 habebit
1417 1892 1574 1924 tutorem
1605 1900 1686 1925 eum
1717 1889 1778 1942 qui
1808 1894 1955 1935 rogatus
1990 1894 2063 1934 est,
2095 1891 2160 1927 sed
2190 1892 2336 1929 orcinus

1238 1933 1388 1969 libertus
1412 1934 1562 1970 effectus
1587 1934 1635 1970 ad
1656 1934 1828 1971 familiam
1852 1937 2035 1972 testatoris
2058 1937 2264 1982 pertinebit.
2298 1938 2335 1974 in

1239 1989 1311 2025 qua
1334 1979 1454 2024 specie
1483 1979 1610 2025 incipit
1639 1980 1753 2016 tutela
1788 1981 1834 2016 ad
1864 1981 1995 2017 liberos
2026 1982 2170 2028 patroni
2200 1983 2335 2029 primos

1237 2024 1434 2070 pertinere,
1467 2035 1560 2070 quae
1599 2025 1646 2061 ad
1677 2029 1851 2071 patronos
1892 2037 1966 2062 non
2003 2027 2196 2072 pertinuit:
2241 2029 2337 2075 quod

1238 2069 1381 2116 quidem
1403 2070 1441 2105 in
1465 2070 1630 2106 omnibus
1643 2071 1775 2107 orcinis
1788 2071 1925 2107 libertis
1948 2072 2069 2108 locum
2091 2073 2202 2110 habet
2225 2077 2335 2110 testa-

1237 2118 1259 2150 4
1305 2119 1426 2151 mento
1449 2115 1677 2152 manumissis
1691 2117 1728 2152 ¹⁰.
1785 2116 1823 2152 Si
1853 2117 1924 2152 duo
1957 2117 2122 2170 pluresve
2144 2120 2334 2155 manumit-

1237 2164 1327 2202 tant,
1363 2171 1486 2196 omnes
1521 2164 1658 2197 tutores
1696 2165 1798 2197 sunt:
1842 2162 1907 2198 sed
1943 2173 1973 2198 si
2004 2163 2131 2199 mulier
2166 2165 2213 2200 sit
2243 2165 2336 2201 inter

1237 2206 1526 2249 manumissores,
1552 2206 1742 2243 dicendum
1766 2210 1821 2243 est
1844 2208 1940 2243 solos
1963 2209 2144 2245 masculos
2174 2209 2254 2246 fore
2277 2214 2334 2246 tu-

1238 2254 1258 2286 5
1306 2254 1413 2287 tores.
1451 2251 1521 2287 Sed
1540 2252 1572 2287 si
1595 2252 1724 2297 aliquis
1737 2262 1781 2288 ex
1804 2253 1966 2298 patronis
1992 2253 2196 2298 decesserit,
2221 2257 2335 2292 tutela

1236 2306 1348 2342 penes
1373 2299 1510 2333 ceteros
1534 2301 1707 2343 patronos
1732 2302 1797 2341 est,
1823 2299 1983 2344 quamvis
2015 2299 2074 2335 ille
2107 2299 2220 2336 filium
2252 2302 2332 2336 reli-

1237 2342 1365 2388 querit.
1403 2341 1467 2377 sed
1491 2345 1527 2377 et
1550 2343 1581 2378 si
1605 2343 1651 2378 ab
1675 2343 1841 2379 hostibus
1871 2343 1981 2380 fuerit
2013 2348 2142 2390 captus
2157 2372 2166 2388 ,
2190 2346 2333 2382 interim

1237 2388 1304 2423 soli
1339 2388 1565 2433 compatroni
1599 2391 1736 2424 tutores
1770 2392 1864 2424 sunt.
1906 2389 2011 2425 simili
2042 2390 2147 2426 modo
2183 2395 2219 2427 et
2242 2392 2332 2427 siin

1236 2433 1444 2468 servitutem
1468 2433 1635 2469 redactus
1660 2433 1717 2476 sit,
1743 2444 1789 2479 ap
1816 2438 1894 2470 aret
1917 2438 2055 2471 ceteros
2081 2445 2159 2471 esse
2181 2440 2331 2478 tutores.

1238 2481 1258 2513 6
1306 2477 1377 2513 Sed
1401 2478 1432 2513 si
1455 2488 1578 2514 omnes
1602 2479 1746 2531 patroni
1803 2480 2013 2522 ecesserint‚
2038 2483 2126 2516 tunc
2150 2482 2263 2517 tutela
2286 2482 2333 2518 ad

1237 2526 1256 2557 7
1304 2523 1436 2558 liberos
1462 2534 1586 2559 eorum
1607 2524 1734 2569 mcipit
1755 2525 1946 2570 pertinere.
1992 2525 2148 2562 Proinde
2178 2526 2210 2562 si
2241 2527 2332 2563 alter

1237 2578 1281 2604 ex
1312 2568 1474 2614 patronis
1506 2568 1638 2611 filium,
1670 2569 1762 2605 alter
1793 2573 1960 2615 nepotem
1991 2570 2186 2616 reliquerit,
2210 2575 2332 2608 utrum

1236 2613 1284 2649 ad
1315 2613 1431 2649 solum
1463 2613 1575 2649 filium
1607 2625 1654 2649 an
1677 2625 1760 2650 vero
1787 2618 1822 2650 et
1853 2615 1900 2650 ad
1923 2619 2089 2660 nepotem
2112 2616 2226 2653 tutela
2249 2628 2330 2663 per-

1235 2659 1359 2701 tineat,
1385 2659 1467 2704 quia
1491 2663 1527 2694 et
1550 2670 1662 2704 nepos
1685 2660 1724 2694 in
1746 2660 1883 2695 familia
1913 2661 2026 2705 patris
2058 2661 2114 2696 sui
2145 2662 2330 2707 proximus

1236 2705 1316 2740 est?
1347 2704 1418 2740 hoc
1449 2705 1638 2750 apparebit
1669 2715 1712 2740 ex
1743 2705 1905 2749 legitimis
1929 2706 2207 2743 hereditatibus:
2243 2708 2330 2754 legi-

1234 2749 1322 2784 tima
1345 2752 1465 2784 autem
1484 2750 1669 2790 hereditas
1694 2749 1741 2785 ad
1765 2750 1880 2786 solum
1905 2750 2017 2786 filium
2041 2752 2205 2797 pertinet.
2246 2764 2330 2800 ergo

1236 2798 1272 2830 et
1295 2795 1408 2830 tutela
1432 2794 1478 2830 ad
1503 2795 1618 2830 solum
1642 2795 1755 2830 filium
1779 2795 1974 2839 descendit,
1998 2800 2082 2842 post
2106 2797 2218 2834 filium
2242 2802 2330 2835 tunc

1235 2842 1255 2875 8
1303 2839 1350 2875 ad
1372 2843 1550 2885 nepotem.
1599 2840 1730 2885 Quaeri
1753 2844 1892 2886 potest,
1928 2841 1959 2877 si
1988 2842 2133 2887 patroni
2163 2842 2258 2880 filius
2282 2844 2330 2880 sit

1233 2888 1391 2920 remotus
1422 2885 1478 2920 vel
1511 2888 1723 2928 excusatus,
1756 2895 1804 2921 an
1837 2887 1960 2932 nepoti
1987 2888 2101 2924 tutela
2133 2887 2327 2925 deferatur.

1234 2933 1271 2966 et
1301 2929 1495 2966 Marcellus
1538 2930 1575 2966 in
1607 2940 1650 2966 ea
1681 2931 1858 2967 sententia
1898 2935 1974 2975 est,
2005 2935 2047 2968 ut
2078 2933 2224 2970 succedi
2255 2945 2328 2971 non

1233 2985 1362 3055 {3¹:³³3
1374 2975 1528 3056 ⁵533&
1545 2975 1840 3057 233331‘20‘21333?
1874 2977 2041 3058 {iffi
2057 2979 2327 3060 &titanis

1839 3047 1848 3063 ‚
2311 3044 2326 3052 -

1234 3068 1254 3101 9
1301 3065 1473 3101 mittatur.
1510 3065 1593 3102 Non
1616 3069 1758 3102 tantum
1782 3071 1901 3103 autem
1923 3072 2049 3112 morte,
2072 3079 2196 3105 verum
2220 3070 2326 3106 etiam

1234 3110 1362 3156 capitis
1386 3110 1627 3147 deminutione
1650 3112 1830 3148 successio
1844 3112 1952 3149 debet
1973 3114 2010 3150 in
2033 3114 2190 3160 legitima
2213 3114 2326 3150 tutela

1233 3155 1389 3192 admitti:
1429 3166 1540 3201 quare
1572 3156 1603 3192 si
1640 3157 1835 3202 proximior
1865 3159 1984 3204 capite
2025 3159 2226 3195 deminutus
2259 3163 2323 3202 est,

1233 3202 1293 3247 qui
1342 3205 1399 3236 ost
1423 3212 1503 3237 eum
1527 3205 1583 3237 est
1605 3202 1768 3238 succedit
1789 3203 1828 3238 in
1850 3204 1984 3240 tutelae
2004 3204 2321 3240 administratione.

1238 3250 1275 3281 ιο
1334 3246 1486 3292 iparens
1498 3245 1610 3282 filium
1621 3247 1678 3284 vel
1690 3247 1799 3284 filiam
1809 3249 1864 3284 vel
1876 3253 2042 3294 nepotem
2054 3249 2109 3285 vel
2120 3249 2323 3295 neptemvel

1232 3291 1398 3337 deinceps
1421 3291 1634 3337 impuberes,
1659 3303 1749 3339 quos
1772 3294 1810 3329 in
1833 3298 2011 3339 potestate
2034 3294 2176 3337 habeat,
2202 3303 2321 3329 eman-

1232 3337 1336 3382 cipet,
1361 3336 1472 3372 vicem
1494 3336 1639 3383 legitimi
1662 3339 1790 3374 tutoris
1815 3340 1966 3375 sustinet
1978 3340 2027 3374 ¹²:

1277 3380 1304 3418 4
1336 3380 1590 3418 Mooasmws
1618 3383 1709 3420 libro
1741 3390 1872 3430 quarto
1904 3384 2191 3437 differentiarum
2273 3393 2319 3419 uo

1232 3426 1400 3462 defuncto
1433 3427 1463 3462 si
1494 3427 1595 3463 liberi
1625 3428 1807 3474 perfectae
1839 3433 1966 3465 aetat1s
1998 3429 2189 3471 exsistant,
2226 3427 2251 3463 fi
2276 3439 2318 3463 u-

1232 3471 1332 3507 ciarii
1354 3474 1492 3508 tutores
1515 3472 1636 3509 fratris
1660 3474 1715 3510 vel
1739 3475 1870 3510 sororis
1896 3474 2114 3509 efficiuntur.

1278 3515 1302 3553 5
1346 3515 1541 3553 [Inpurus
1571 3519 1661 3555 libro
1699 3521 1751 3555 tri
1775 3521 1883 3554 esimo
1944 3520 2045 3554 uinto
2081 3518 2132 3553 ad
2164 3517 2319 3553 edictum

1231 3561 1423 3607 Legitimos
1447 3565 1583 3599 tutores
1607 3574 1710 3600 nemo
1736 3532 1809 3606 dist,
1834 3564 1896 3599 sed
1934 3574 1977 3598 ex
2002 3562 2189 3598 duodecim
2212 3562 2318 3597 tabu-

1274 3675 1318 3716 (s)
1332 3674 1501 3710 Sab.1...3.
1516 3683 1605 3716 5...9;
1621 3677 1706 3720 Pap.
1722 3684 1773 3716 103
1789 3677 1852 3709 Ed.
1868 3683 1893 3709 4.
1909 3683 1935 3709 ιι
1949 3693 1993 3698 -
2007 3674 2091 3708 Bas,
2106 3676 2160 3715 37,
2172 3682 2188 3708 4
2200 3693 2245 3698 --
2262 3674 2316 3718 Cf.

1229 3718 1308 3751 Inst.
1327 3721 1538 3760 1,15.17.1s;
1567 3722 1645 3755 Cod.
1659 3723 1691 3764 5,
1706 3729 1741 3756 30
1836 3722 1879 3762 (9)
1905 3720 1983 3752 data
1995 3731 2057 3752 scr.
2163 3719 2223 3761 (ιο)
2251 3722 2316 3752 tes-

1228 3767 1377 3797 tamento
1391 3766 1605 3799 manumissis
1619 3767 1681 3800 del.
1775 3766 1829 3807 (11)
1855 3768 1889 3796 et
1902 3763 1952 3797 F²
2022 3765 2079 3806 (¹2)
2103 3764 2273 3798 sustinent
2287 3762 2324 3798 F

2002 3821 2045 3853 43
