2528 3918
98 126 159 161 DE
186 123 487 159 EXEBCITORIA
515 122 713 156 Ac'rioim

96 238 260 275 offerenti
301 237 456 274 creditor
498 235 759 281 possessionem
803 231 988 285 restituere
1025 234 1180 278 cogetur.

99 288 115 320 1
163 283 344 319 Debitoris
377 281 490 323 filius,
549 280 586 316 ui
619 282 741 315 manet
775 279 812 313 iu
843 281 957 324 patris
992 279 1181 323 potestate,

95 329 231 366 frustra
253 328 381 374 pignus
403 337 427 362 a
457 336 518 362 cre
541 326 633 360 itore
662 323 775 370 patris
806 323 1047 369 peculiaribus
1078 333 1181 358 num-

95 375 161 410 mis
193 375 394 426 comparat:
427 375 463 407 et
491 370 570 407 ideo
602 370 633 406 si
662 372 836 421 patronus
861 368 1031 404 debitoris
1056 371 1182 404 contra

94 419 237 456 tabulas
262 428 337 454 eius
359 416 621 463 possessionem
645 418 842 460 acceperit,
875 413 1022 449 dominii
1043 416 1182 459 partem

94 463 286 511 optinebit:
318 473 401 499 nam
424 461 600 507 pecunia,
628 471 736 541 (fliam
759 459 853 495 filius
878 470 923 495 ex
945 470 984 495 re
1007 458 1121 504 patris
1144 458 1182 493 in

95 513 115 545 2
185 508 312 544 retium
335 507 450 550 dedit,
482 507 610 552 pignus
656 506 824 541 ‘beratur.
874 504 998 540 Soluta
1029 514 1182 557 pecunia

95 565 154 591 cre
181 554 249 590 ‘tor
271 552 532 599 possessionem
555 551 723 597 pignoris,
748 560 840 596 quae
864 550 1060 594 corporahs
1085 548 1181 594 apud

94 610 175 637 eum
207 598 294 642 fuit,
337 598 525 634 restituere
559 597 665 632 debet
699 606 765 632 nec
801 595 992 641 quicquam
1028 595 1180 640 amplius

93 648 276 692 praestare
307 644 445 689 cogitur
457 643 479 678 ¹.
515 643 636 688 itaque
660 641 691 677 si
714 640 830 677 medio
864 644 1023 685 tempore
1052 640 1180 686 pignus

94 690 249 727 creditor
296 689 410 742 ignori
441 688 605 731 dederits
628 687 770 723 domino
802 686 961 722 solvente
990 686 1180 738 pecuniam

93 746 199 782 quam
223 700 347 770 deguit
370 733 518 787 secundi
540 732 698 786 pignoris
722 742 837 777 neque
855 735 1057 778 persecutio
1079 730 1179 767 dabi-

92 785 151 817 tur
174 791 197 816 n
242 789 287 815 ue
311 782 462 815 retentio
486 779 716 824 rehnquetur.

138 790 376 863 41e2AU11US
392 824 482 860 libro
504 825 609 860 tertio
629 823 878 874 quaestionum
924 820 1016 857 Rem
1028 821 1180 857 alienam

116 871 229 917 ignori
252 870 391 913 dedisti,
416 869 542 905 deinde
565 869 729 905 dominus
748 868 800 903 rei
817 877 893 903 eius
914 877 992 903 esse
1012 867 1179 913 coepisti:

139 920 198 952 tur
222 916 318 952 utilis
342 915 436 951 actio
460 915 498 961 pi
521 914 691 950 neraticia
716 912 895 950 creditori.
921 923 994 948 non
1014 917 1068 948 est
1086 912 1179 948 idem

92 961 298 1005 dicendum,
332 961 363 996 si
393 970 457 1006 ego
489 926 603 1003 fitio,
635 958 696 1005 qui
726 969 801 995 rem
823 967 939 994 meam
962 957 1181 1004 obligaverat

91 1007 167 1044 sine
191 1017 270 1043 mea
293 1007 494 1047 voluntate.
518 1006 622 1041 heres
647 1005 815 1041 extitero:
848 1004 918 1040 hoc
951 1003 1043 1040 enim
1073 1003 1179 1039 modo

91 1050 890 1150 3³53&33:³3303i00‘323353i31322n3ss133
909 1048 1180 1139 {imisit

91 1147 267 1179 actionem
290 1142 441 1179 eundem
466 1152 543 1179 esse
567 1141 757 1183 dominum,
783 1140 843 1186 qui
867 1139 975 1176 etiam
991 1140 1180 1185 pecuniam

92 1189 206 1224 debet.
242 1188 305 1225 sed
329 1188 360 1224 si
384 1187 606 1224 convenisset
626 1187 670 1223 de
690 1187 847 1240 pignore,
871 1189 914 1221 ut
932 1195 977 1221 ex
996 1195 1062 1221 suo
1081 1195 1179 1221 men-

90 1233 192 1271 dacio
225 1237 414 1279 arguatur,
447 1233 608 1279 improbe
638 1232 789 1275 resistit,
824 1241 895 1277 quo
930 1230 1047 1266 minus
1082 1231 1180 1267 utilis

91 1279 185 1315 actio
210 1283 404 1316 moveatur.

135 1322 189 1362 42
214 1325 461 1360 PAPINJANUS
478 1323 570 1359 libro
591 1323 695 1359 tertio
714 1331 970 1370 responsorum
1017 1321 1180 1358 Creditor

88 1370 231 1414 iudicio,
256 1369 352 1416 quod
375 1369 419 1406 de
441 1369 588 1415 pignore
612 1368 696 1404 dato
720 1367 952 1414 proponitur,
982 1370 1025 1403 ut
1055 1378 1178 1413 super-

89 1415 201 1452 fluum
223 1416 329 1462 pretii
353 1426 434 1452 cum
457 1414 576 1451 usuris
598 1414 784 1457 restituat,
815 1412 893 1449 iure
925 1411 1083 1459 cogitur,
1113 1423 1180 1449 nec

1176 105 1254 153 185

1938 105 2045 152 ΧΠ]
2077 105 2289 151 7—XIIII
2323 110 2340 150 1

1252 229 1452 266 audiendus
1484 229 1571 273 erit,
1603 230 1634 266 si
1657 230 1740 266 velit
1764 234 1960 277 emptorem
1983 230 2166 278 delegare,
2197 241 2280 267 cuin
2309 230 2346 267 in

1252 275 1475 328 venditione,
1500 285 1592 321 quae
1615 275 1658 310 fit
1681 285 1724 311 ex
1747 277 1889 320 fact02,
1921 287 2026 314 suum
2058 275 2215 313 creditor
2238 286 2346 322 nego-

1252 325 1352 404 tmtffi
1365 324 1583 402 Εὲξῖἓνοιιι
1593 364 1686 401 libro
1706 366 1832 411 quinto
1851 366 2073 414 diqestorum
2120 367 2260 404 Locum
2278 378 2344 413 pu-

1251 423 1331 447 rum
1352 411 1506 464 ‘pignori
1541 409 1708 463 creditori
1737 410 1906 456 obligavit
1938 413 2041 458 eique
2071 412 2347 450 instrumentum

1252 467 1308 493 em
1334 460 1441 493 tionis
1472 455 1638 492 tradidit:
1675 458 1711 491 et
1743 466 1824 492 cum
1856 467 1935 493 eum
1965 458 2086 494 locum
2115 458 2346 494 inaedificare

1250 503 1375 546 velet,
1407 505 1506 538 mota
1529 501 1598 537 sibi
1622 501 1867 537 controversia
1890 513 1913 538 a
1935 502 2051 539 vicino
2077 503 2121 539 de
2144 503 2346 547 latitudine,

1251 547 1348 593 quod
1378 548 1468 583 alias
1499 547 1655 593 probare
1685 557 1759 583 non
1788 550 1950 599 poterat,
1982 549 2073 593 petit
2103 559 2126 584 a
2157 549 2344 593 creditore,

1251 597 1292 629 ut
1305 593 1583 629 instrumentum
1602 602 1625 627 a
1644 602 1684 628 se
1703 591 1875 628 traditum
1895 594 2120 630 auctoritatis
2141 595 2344 631 exhiberet:

1249 638 1650 720 33⁰d3¹ss¹13u22¹ffi33332
1672 637 1987 719 53150‘534‘353
2004 639 2214 721 ἑζῖὤῗῗῗῖ
2232 643 2346 722 ἓῖἓέῑῗ

1250 733 1308 766 tor
1330 695 1644 782 pecuniamPpetat
1666 694 1800 782 vel'piq
1832 740 1875 765 us
1895 711 2081 781 ‚vindicetz
2113 712 2184 766 doli
2215 741 2344 777 excep-

1249 776 1347 811 tione
1378 775 1499 821 posita
1521 774 1630 810 iudex
1652 774 1759 810 huius
1831 785 1904 810 mni
1927 774 2103 811 rationem
2126 776 2260 812 habere
2284 776 2344 812 de·

1249 821 1345 856 beat.
1385 819 1589 866 respondit,
1621 819 1652 855 si
1675 830 1821 865 operam
1845 831 1918 856 non
1942 819 2117 864 dedisset,
2149 825 2190 857 ut
2212 822 2344 858 instru-

1249 865 1359 902 menti
1392 865 1568 901 facultate
1604 865 1782 901 subducta
1819 865 1959 901 debitor
1994 870 2201 911 caperetur,
2237 877 2344 912 posse

1250 911 1447 947 debitorem
1478 910 1632 957 pecunia
1663 911 1783 947 soluta
1813 911 2048 957 pigneraticia
2079 922 2203 957 agere:
2236 922 2346 958 opera

1249 960 1370 993 autem
1399 956 1436 992 in
1468 966 1510 992 eo
1535 955 1620 992 data
1643 960 1730 992 tunc
1755 959 1791 992 et
1813 960 1898 992 ante
1920 956 2110 1002 pecuniam
2133 957 2285 993 solutam
2308 958 2346 993 in

1253 1005 1268 1038 1
1316 1002 1355 1038 id
1378 1001 1475 1048 quod
1497 1002 1648 1038 interest
1671 1013 1752 1038 cum
1777 1002 1952 1038 creditore
1976 1013 1998 1038 a
2023 1002 2044 1038 '.
2093 1002 2209 1039 Titius
2241 1004 2346 1039 cum³

1249 1048 1440 1130 plefiuniam
1456 1047 1807 1129 .¹¹iutt(¹‚²²mufi⁰⁰epit
1838 1058 1861 1084 a
1885 1047 1976 1130 (gaio
2022 1047 2176 1129 ’eithUb
2200 1048 2346 1129 pilgngre

1249 1104 1304 1175 ξεῖ
1313 1104 1485 1183 ,effus
1497 1103 1586 1174 1sexs
1595 1103 1912 1175 oiqficigosantiillssae
1920 1103 2282 1175 easiidililrioorddfleog
2298 1105 2345 1175 sd

1249 1184 1607 1267 ἓῇἓὲῑὲἭἛξῗὲ
1620 1184 2243 1266 εἰὲιΡοδῗέθιῗἪῗὲιὲἷὲῗαὲώ
2267 1195 2345 1266 ἳὶἓὲ

1250 1286 1294 1312 ex
1317 1275 1437 1329 operis
1460 1241 1561 1311 ἰξυῖ»,
1592 1279 1666 1319 est,
1697 1241 1818 1311 utrgm
1842 1256 1959 1311 Tit'ius
1983 1275 2124 1312 debitor
2147 1286 2195 1311 an
2212 1241 2345 1313 ’δεξιον

1250 1321 1406 1358 creditor
1436 1320 1655 1366 adgnoscere
1687 1319 1828 1359 debeat.
1864 1331 1922 1357 res
1949 1321 2051 1357 ondit
2081 1320 2279 1359 secundum
2304 1331 2346 1357 ea

1249 1377 1342 1413 quae
1364 1370 1652 1413 proponerentur
1675 1366 1721 1403 ob
1745 1365 1801 1410 id,
1834 1377 1904 1412 quo
1954 1376 1996 1403 eo
2021 1366 2166 1403 nomine
2187 1366 2344 1403 intertri-

1248 1412 1359 1449 menti
1381 1412 1584 1456 accidisset,
1610 1413 1707 1449 ‘non
1729 1412 1854 1448 teneri.

818 1877 999 1928 LIBER
1029 1877 1300 1938 QUARTUS
1330 1876 1604 1928 DECIMUS.

607 2008 626 2047 Ι
636 2006 663 2048 ⁸.

320 2076 382 2108 DE
406 2073 718 2107 EXERCITORIA
742 2072 950 2108 ΑοΤιοΝΕ.

137 2141 155 2180 1
199 2141 394 2178 Uaramus
425 2140 516 2177 libro
551 2141 742 2177 vicensimo
778 2142 904 2177 octavo
939 2139 990 2176 ad
1023 2139 1177 2176 edictum

89 2188 286 2224 Utilitatem
318 2186 423 2222 huius
457 2185 565 2222 edicti
587 2190 712 2231 patere
735 2196 838 2221 nemo
862 2189 918 2222 est
941 2196 1002 2266 ‘diu
1025 2185 1174 2231 ignoret.

87 2244 171 2269 nam
195 2243 276 2268 cum
298 2231 474 2268 interdum
497 2231 628 2277 ignari,
660 2231 761 2267 cuius
784 2231 856 2267 sint
879 2241 948 2267 con
975 2230 1099 2268 'cionis
1121 2230 1178 2267 vel

87 2278 221 2324 quales,
245 2288 327 2313 cum
350 2277 527 2322 magistris
550 2280 696 2322 propter
718 2276 907 2322 navigandi
928 2276 1177 2312 necessitatem

87 2324 359 2366 contrahamus,
384 2333 537 2368 aequum
559 2322 629 2358 fuit
651 2333 750 2366 eum,
782 2322 844 2375 qui
866 2321 1072 2368 magistrum
1096 2322 1177 2357 navi

86 2368 274 2450 imlposuit,
298 2368 429 2411 teneri,
453 2371 494 2404 ut
516 2371 676 2411 tenetur,
702 2367 763 2414 qui
784 2367 983 2404 institorem
1005 2367 1177 2404 tabernae

87 2425 128 2451 ve
165 2425 210 2450 ne
234 2414 306 2450 otio
331 2413 549 2460 praeposuit,
575 2423 655 2449 cum
678 2413 725 2449 sit
743 2413 857 2449 maior
875 2413 1071 2450 necessitas
1091 2423 1175 2449 con-

87 2460 214 2496 trahen
240 2460 247 2467 '
280 2470 362 2495 cum
391 2458 560 2504 magistro
595 2470 701 2504 quam
732 2459 906 2495 iustitore.
952 2458 1088 2539 ι(ἓιιιίρρθ
1118 2468 1176 2494 res

87 2506 240 2551 patitur,
271 2508 313 2540 ut
342 2504 386 2540 de
411 2503 621 2540 condicione
645 2505 722 2549 quis
746 2504 920 2540 institoris
979 2503 1119 2549 'spiciat
1142 2506 1177 2539 et

86 2551 162 2586 sic⁷
195 2549 402 2586 contrahat:
434 2550 472 2585 in
501 2549 600 2585 navis
625 2550 793 2595 magistro
817 2560 890 2585 non
912 2549 983 2592 ita,
1014 2559 1098 2584 nam
1120 2549 1174 2584 in-

85 2596 227 2631 terdum
249 2595 350 2632 locus
374 2598 446 2630 tem
472 2606 514 2630 us
538 2605 611 2631 non
634 2595 769 2641 patitur
791 2594 932 2640 plenius
955 2594 1176 2630 deliberandi

89 2645 103 2676 1
156 2640 355 2677 consilium.
452 2640 623 2685 agisti-um
658 2640 758 2676 navis
795 2640 959 2686 accipere
994 2640 1174 2682 debemus,

88 2689 108 2722 2
158 2686 217 2722 cui
245 2686 356 2722 totius
388 2686 487 2721 navis
512 2696 599 2721 cura
621 2685 792 2721 mandata
816 2689 881 2722 est.
929 2684 1001 2721 Sed
1031 2685 1062 2721 si
1094 2695 1175 2722 cum

86 2732 246 2777 quolibet
268 2734 460 2767 nautarum
483 2731 531 2767 sit
563 2734 807 2774 contractum,
839 2741 913 2767 non
943 2730 1049 2766 datur
1081 2730 1174 2766 actio

85 2777 124 2813 in
146 2777 389 2819 exercitorem,
415 2787 629 2822 quamquam
654 2787 698 2813 ex
717 2776 845 2813 delicto
867 2775 1021 2812 cuiusvis
1042 2786 1174 2819 eorum,

86 2822 146 2868 qui
169 2822 269 2858 navis
293 2821 514 2867 navigandae
537 2832 648 2858 causa
670 2822 708 2857 in
731 2822 926 2864 nave'sint,
952 2821 1057 2857 detur
1079 2821 1174 2857 actio

85 2867 122 2903 in
146 2867 395 2903 exercitorem:
420 2867 490 2903 alia
512 2867 605 2903 enim
630 2870 685 2903 est
703 2866 939 2903 contrahendi
958 2877 1080 2910 causa,
1105 2866 1176 2902 alia

86 2912 322 2958 delinquendi,
347 2912 377 2948 si
396 2912 538 2958 quidem
557 2913 618 2958 qui
636 2913 844 2958 magistrum
861 2912 1061 2993 Klraeponit,
1089 2923 1173 2948 con-

85 2958 179 2993 trahi
203 2968 284 2993 cum
308 2968 349 2994 eo
373 2958 554 3003 permittit,
579 2958 641 3004 qui
664 2961 794 2994 nautas
813 2957 860 2994 ad
889 2958 970 3001 'bet‚
995 2968 1068 2993 non
1089 2968 1173 2993 con-

85 3003 179 3038 trahi
199 3013 281 3039 cum
301 3003 351 3038 eis
370 3003 554 3048 permittit,
578 3003 641 3039 sed
666 3003 773 3048 culpa
798 3007 834 3040 et
857 3003 939 3039 dolo
966 3013 1089 3038 carere
1114 3013 1174 3038 eos

86 3051 105 3083 3
154 3059 280 3084 curare
304 3048 419 3084 debet.
467 3048 631 3094 Magistri
655 3052 774 3084 autem
796 3048 1028 3094 imponuntur
1051 3048 1173 3084 locan-

86 3093 140 3129 dis
164 3094 313 3129 navibus
336 3093 391 3129 vel
414 3092 462 3129 ad
483 3104 618 3129 merces
649 3094 704 3129 vel
734 3094 937 3130 vectoribus
970 3093 1173 3130 conducen-

86 3139 163 3175 dis⁸
198 3139 466 3175 armamentisve
502 3139 676 3175 emendis:
718 3139 783 3175 sed
821 3139 959 3175 etiamsi
994 3138 1172 3175 mercibus

85 3183 241 3220 emendis
264 3184 319 3220 vel
343 3183 536 3220 vendendis
558 3183 668 3219 fuerit
689 3194 777 3230 prae
804 3184 934 3227 ositus,
967 3185 1074 3220 etiam
1104 3184 1173 3220 hoc

85 3232 106 3264 4
152 3230 294 3265 nomine
326 3229 460 3274 obligat
483 3230 725 3265 exercitorem.
803 3229 883 3265 uius
907 3233 1027 3266 autem
1051 3229 1173 3265 condi-

86 3274 196 3310 cionis
220 3275 267 3310 sit
289 3274 457 3319 magister
479 3274 558 3317 iste,
582 3274 670 3310 nihil
692 3275 851 3317 interest,
875 3278 995 3310 utrum
1018 3275 1108 3310 liber
1127 3285 1174 3310 an

86 3329 224 3362 servus,
259 3323 296 3355 et
330 3323 450 3355 utrum
485 3320 691 3356 exercitoris
727 3330 774 3355 an
808 3320 964 3356 alienus:
1009 3319 1072 3356 sed
1107 3330 1173 3355 nec

86 3364 187 3400 cuius
211 3364 338 3401 aetatis
361 3364 428 3408 sit,
452 3365 630 3408 intererit,
654 3365 723 3401 sibi
744 3365 961 3410 imputaturo
986 3365 1046 3411 qui
1069 3375 1173 3411 prae-

85 3412 104 3444 5
152 3410 281 3454 posuit.
328 3410 541 3455 Magistrum
565 3414 685 3446 autem
715 3411 912 3456 accipimus
942 3421 1015 3446 non
1046 3410 1173 3453 solum,

87 3464 191 3506 quem
214 3455 390 3491 exercitur
413 3455 640 3501 praeposuit,
672 3455 736 3491 sed
768 3460 803 3491 et
835 3465 934 3498 eum,
967 3466 1073 3501 quem
1097 3466 1172 3491 ma-

85 3503 213 3544 gister:
245 3503 281 3535 et
310 3499 379 3535 hoc
412 3501 596 3536 consultus
620 3501 779 3536 Iulianus
802 3501 841 3536 in
862 3501 1049 3545 ignorante
1073 3510 1173 3536 exer-

87 3544 198 3580 citore
220 3544 423 3590 respondit:
456 3549 614 3582 ceterum
645 3546 676 3582 si
708 3546 777 3582 scit
799 3549 836 3581 et
858 3556 988 3592 passus
1014 3549 1069 3582 est
1092 3555 1174 3581 eum

87 3662 127 3699 (i)
153 3655 284 3691 debitor
296 3662 356 3691 ins.
370 3658 445 3691 Ant.
459 3658 568 3692 Faber
633 3661 676 3701 (2)
701 3662 801 3702 pacto
818 3659 970 3694 euinctus
1027 3661 1069 3701 (3)
1095 3670 1170 3692 cum

88 3702 243 3736 del-Hal.
315 3704 356 3745 (4)
381 3703 552 3736 seioiusF
615 3706 657 3746 (5)
683 3705 796 3737 Seium
808 3706 867 3738 ins.

134 3751 178 3789 (ο)
203 3747 284 3781 Sab.
297 3766 342 3772 —-
354 3747 439 3781 Βαε.
453 3749 508 3789 53,
521 3755 546 3782 1.
559 3767 604 3773 —
620 3748 669 3793 Cf.
687 3748 765 3785 cod.
779 3751 810 3789 4,
825 3757 862 3783 25
1031 3751 1075 3791 (τ)
1100 3749 1130 3782 εἰ
1142 3749 1177 3782 F

1246 2004 1285 2041 in
1307 2014 1398 2040 nave
1421 2003 1625 2050 magisterIo
1649 2002 1768 2057 fungi,
1799 2002 1878 2049 ipse
1908 2012 1991 2039 eum
2012 2002 2225 2050 imposuisse
2248 2003 2343 2041 vide·

1246 2053 1317 2086 tur.
1378 2059 1447 2086 uae
1477 2048 1656 2086 sententia
1685 2048 1773 2084 mihi
1803 2047 1944 2084 videtur
1974 2049 2190 2094 probabilis:
2224 2050 2344 2086 omnia

1247 2095 1340 2131 enim
1354 2061 1463 2131 (lacta
1486 2094 1646 2140 magistri
1669 2094 1781 2130 debeo
1813 2097 2000 2140 praestare
2031 2095 2094 2140 qui
2125 2105 2204 2131 eum
2236 2106 2342 2141 prae-

1272 2141 1352 2177 osui
1361 2141 1387 2184 ⁹,
1412 2140 1570 2186 alioquin
1595 2140 1848 2176 contrahentes
1872 2139 2113 2220 decggilentur:
2139 2143 2175 2177 et
2197 2140 2340 2177 facilius

1246 2152 1316 2222 Eoo
1339 2186 1377 2221 in
1401 2186 1569 2231 magistro
1594 2195 1701 2231 quam
1724 2185 1889 2221 institore
1912 2195 1935 2220 a
1996 2182 2171 2222 ‘ttendum
2194 2189 2343 2232 propter

1246 2232 1447 2268 utilitatem.
1485 2230 1571 2284 quid
1600 2235 1722 2267 tamen
1753 2230 1784 2267 si
1815 2230 1867 2267 sic
1890 2230 2100 2276 magistrum
2123 2242 2210 2277 prae
2237 2232 2342 2275 osuit,

1246 2288 1292 2314 ne
1327 2277 1435 2313 alium
1470 2287 1503 2312 ei
1537 2276 1663 2313 liceret
1695 2286 1783 2322 prae
1809 2276 1942 2312 onere?
1984 2286 2032 2312 an
2063 2276 2182 2313 adhuc
2232 2277 2343 2313 uliani

1247 2322 1462 2359 sententiam
1485 2321 1725 2366 admittimus,
1749 2321 1783 2358 vi
1809 2321 1941 2357 endum
1965 2325 2038 2358 est:
2070 2321 2165 2368 finge
2189 2322 2282 2359 enim
2307 2325 2339 2358 et

1245 2368 1454 2404 nominatim
1479 2378 1559 2403 eum
1582 2367 1821 2413 prohibuisse,
1846 2377 1891 2403 ne
1911 2367 2005 2403 Titio
2027 2367 2194 2413 magistro
2215 2367 2340 2404 utaris.

1246 2413 1436 2450 dicendum
1467 2416 1588 2449 tamen
1621 2413 1688 2449 erit
1711 2423 1753 2449 eo
1777 2422 1892 2459 usque
1915 2412 2183 2458 producendam
2206 2413 2341 2449 utilita-

1246 2463 1266 2496 6
1311 2463 1384 2495 tem
1407 2458 1660 2504 navigantium.
1708 2458 1844 2494 Navem
1877 2457 2042 2511 accipere
2075 2457 2245 2494 debemus
2269 2458 2343 2495 sive

1245 2505 1419 2540 marinam
1443 2504 1516 2540 sive
1538 2503 1746 2540 fluviatilem
1766 2504 1838 2539 sive
1858 2503 1896 2539 in
1915 2503 2035 2548 ahquo
2056 2507 2182 2549 stagno
2201 2503 2343 2549 naviget

1246 2553 1263 2586 7
1314 2550 1388 2586 sive
1411 2549 1559 2586 schedia
1578 2549 1635 2586 sit.
1684 2548 1767 2585 Non
1787 2551 1909 2585 autem
1929 2558 1973 2584 ex
1991 2549 2088 2585 omni
2106 2559 2218 2585 causa
2233 2559 2340 2603 prae-

1244 2599 1301 2632 tor
1333 2595 1396 2631 dat
1425 2595 1463 2631 in
1495 2595 1725 2631 exercitorem
1756 2594 1952 2637 actionem,
1988 2593 2052 2630 sed
2084 2593 2159 2630 eius
2190 2605 2243 2631 rei
2274 2605 2340 2631 no-

1245 2641 1349 2684 mine,
1375 2640 1476 2677 cuius
1490 2642 1518 2662 ¹⁰
1541 2640 1591 2676 ibi
1614 2639 1840 2693 praepositus
1864 2638 1984 2682 fuerit,
2007 2639 2046 2675 id
2071 2642 2126 2676 est
2149 2639 2180 2676 si
2201 2639 2239 2675 in
2259 2649 2338 2676 eam

1244 2698 1319 2723 rem
1342 2685 1569 2732 praepositus
1594 2689 1659 2728 Sit,
1692 2688 1733 2720 ut
1763 2688 1852 2730 puta
1882 2684 1913 2720 si
1945 2684 1992 2720 ad
2024 2695 2115 2721 onus
2140 2685 2339 2721 vehendum

1243 2732 1403 2768 locatum
1434 2731 1481 2767 sit
1510 2735 1574 2767 aut
1605 2731 1652 2766 ali
1678 2740 1743 2766 uas
1774 2741 1832 2766 res
1863 2730 1989 2765 emerit
2018 2730 2123 2767 utiles
2159 2731 2340 2776 naviganti

1243 2778 1299 2814 vel
1334 2778 1365 2813 si
1395 2776 1481 2822 quid
1511 2776 1656 2812 reficien
1682 2786 1725 2811 ae
1755 2775 1855 2811 navis
1888 2785 1999 2811 causa
2029 2779 2256 2812 contractum
2286 2777 2341 2813 vel

1243 2823 1442 2868 impensum
1476 2825 1532 2858 est
1561 2822 1616 2857 vel
1648 2821 1679 2857 si
1710 2820 1796 2866 quid
1827 2824 1960 2857 nautae
1983 2831 2175 2867 operarum
2198 2821 2340 2858 nomine

1245 2871 1264 2904 8
1311 2871 1445 2913 petent.
1494 2865 1587 2920 Quid
1611 2866 1642 2902 si
1665 2869 1825 2901 mutuam
1850 2866 2040 2912 pecuniam
2063 2867 2267 2912 sumpserit,
2290 2877 2338 2903 an

1245 2913 1320 2949 eius
1351 2913 1403 2948 rei
1426 2922 1568 2948 nomine
1591 2911 1753 2948 videatur
1775 2912 1940 2957 gestum?
1976 2915 2012 2947 et
2033 2911 2194 2957 Pegasus
2219 2912 2338 2948 existi-

1243 2963 1336 3001 mat,
1362 2958 1392 2993 si
1416 2957 1463 2993 ad
1486 2968 1591 2993 usum
1616 2957 1692 2992 eius
1715 2956 1787 3000 rei,
1819 2957 1856 2992 in
1889 2967 1996 3002 quam
2019 2958 2246 3003 praepositus
2271 2961 2336 3001 est,

1243 3003 1352 3039 fuerit
1374 3005 1569 3045 mutuatus,
1594 3001 1748 3038 dandam
1772 3002 1967 3046 actionem,
1993 3013 2100 3048 quam
2125 3003 2338 3039 sententiam

1243 3053 1330 3130 gum
1363 3058 1502 3084 veram:
1536 3047 1622 3093 quid
1652 3047 1746 3083 enim
1776 3047 1807 3084 si
1838 3047 1885 3083 ad
1921 3048 2128 3085 armandam
2158 3049 2337 3084 instruen-

1269 3104 1369 3130 amve
1391 3103 1517 3129 navem
1539 3093 1595 3128 vel
1626 3097 1757 3129 nautas
1789 3092 2010 3129 exhibendos
2040 3097 2225 3130 mutuatus
2258 3093 2337 3129 est?

1244 3142 1264 3175 9
1312 3138 1416 3175 Unde
1446 3138 1587 3184 quaerit
1619 3136 1764 3191 Ofilius,
1800 3138 1831 3174 si
1865 3138 1913 3174 ad
1946 3139 2176 3175 reficiendam
2211 3148 2336 3174 navem

1243 3188 1426 3220 mutuatus
1458 3194 1619 3219 nummos
1651 3195 1688 3219 in
1719 3194 1804 3220 suos
1835 3194 1923 3220 usus
1956 3185 2187 3227 converterit,
2219 3194 2267 3219 an
2298 3183 2336 3218 in

1244 3230 1476 3266 exercitorem
1509 3228 1614 3264 detur
1645 3229 1751 3265 actio.
1789 3232 1824 3265 et
1847 3229 1916 3272 ait,
1949 3229 1980 3265 si
2003 3230 2072 3265 hac
2097 3230 2173 3275 lege
2197 3228 2335 3273 accepit

1244 3275 1345 3321 quasi
1368 3275 1406 3310 in
1429 3284 1555 3309 navem
1573 3274 1810 3319 impensurus,
1834 3285 1918 3310 mox
1936 3275 2087 3310 mutavit
2105 3275 2333 3315 voluntatem,

1243 3320 1355 3355 teneri
1376 3319 1611 3372 exercitorem
1633 3319 1893 3373 imputaturum
1906 3320 1996 3373 sibi,
2022 3319 2211 3372 curtalem
2255 3328 2334 3370 rae3

1243 3369 1429 3446 Ξὲἒὲῑῖῗὲῑὲ
1445 3363 1596 3446 {Pio}
1605 3365 1808 3455 sssssciiffissr
1815 3362 2334 3459 ⁰533¹¹331¹32e22335f3303533

1243 3456 1341 3491 navis
1366 3464 1513 3490 causam
1536 3455 1688 3500 accipit,
1721 3459 1848 3492 contra
1871 3465 1966 3491 esse:
2000 3465 2108 3507 quam
2132 3453 2331 3488 distinctio·

1246 3504 1287 3535 10
1333 3510 1414 3535 nem
1436 3499 1567 3536 Pedius
1591 3501 1732 3546 probat.
1781 3500 1851 3536 Sed
1882 3504 1918 3536 et
1948 3500 1978 3536 si
2008 3510 2045 3534 in
2070 3498 2192 3544 pretiis
2216 3507 2332 3532 rerum

1244 3549 1444 3591 emptarum
1466 3544 1593 3581 fefellit
1615 3546 1800 3592 magister,
1833 3544 2038 3581 exercitoris
2063 3543 2129 3579 erit
2153 3542 2332 3584 damnum,

1242 3660 1286 3701 (8)
1311 3658 1538 3692 conducendis
1560 3666 1617 3693 aut
1637 3660 1700 3693 del.
1716 3667 1774 3693 aut
1781 3666 1858 3703 post
1869 3655 2059 3691 vectoribus
2073 3658 2132 3691 ins.
2147 3656 2199 3690 vel
2218 3657 2330 3690 nautis

1240 3705 1285 3747 (9)
1309 3705 1359 3738 εἰσ
1371 3704 1408 3745 S,
1421 3705 1619 3747 praeposuit
1631 3705 1666 3737 F
1753 3706 1811 3745 (10)
1838 3703 1893 3735 cui
1905 3715 1965 3736 scr.

2015 3803 2058 3839 24
