2528 3918
115 155 232 188 mms
260 154 447 195 amour

166 264 241 304 107
278 266 402 302 ans
436 266 528 303 libro
551 264 677 312 primo
713 263 765 300 ad
794 264 949 301 edictum
974 263 1204 311 provinciale

116 312 205 346 Cum
227 319 328 347 servo
353 311 454 347 nulla
476 310 571 346 actIo
595 313 662 346 est.

164 353 242 394 108
274 355 434 392 Panos
468 356 559 392 libro
616 357 724 391 uarto
762 355 812 391 ad
839 354 992 391 edictum
1046 354 1139 390 Fere
1166 354 1204 389 in

114 401 279 437 omnibus
302 402 517 447 poenalibus
538 401 576 436 iu
601 400 679 436 iciis
703 403 740 436 et
759 399 869 436 aetati
889 403 926 435 et
943 400 1206 445 imprudentiae

115 447 350 482 succurritur.

165 490 244 529 109
268 492 377 528 Iona!
401 491 493 528 libro
525 491 651 544 quinto
683 491 734 526 ad
755 490 908 526 edictum
963 490 1110 526 Nullum
1137 490 1205 525 cri-

115 547 196 572 men
225 537 363 583 patitur
391 537 439 580 is,
478 547 539 582 qui
569 547 641 572 uon
674 535 858 582 prohibet,
898 545 980 571 cum
1013 536 1206 581 prohibere

142 586 246 618 otest.

116 592 139 628 p
166 626 245 666 110
268 627 374 663 IDEM
404 627 495 663 libro
523 630 629 662 sexto
658 627 708 663 ad
731 627 884 662 edictum
940 626 982 661 In
1014 636 1077 668 eo,
1110 625 1206 671 quod

119 675 133 708 1
184 672 266 718 plus
298 672 363 715 sit,
394 682 468 708 sem
496 682 535 708 er
563 672 658 708 inest
686 677 722 707 et
752 672 879 707 minus.
927 671 1042 708 Nemo
1067 671 1207 707 alienae

115 718 167 752 rei
190 717 432 764 expromissor
454 718 466 752 i
492 727 605 753 oneus
628 717 783 760 videtur,
815 717 885 753 nisi
908 717 961 753 si¹
995 727 1076 752 cum
1101 717 1205 752 satis-

116 765 137 797 2
186 762 341 799 datione.
399 763 563 808 Pupillus
600 763 678 808 pati
714 772 823 808 posse
861 773 935 798 non
976 762 1205 807 intellegitur.

117 810 137 843 3
185 807 256 844 Ubi
278 808 387 844 verba
410 809 603 844 coniuncta
623 818 697 844 uon
716 810 812 851 sunt,
838 807 975 844 sufficit
993 807 1206 843 alterutrum

116 855 139 888 4
184 863 264 888 esse
291 853 438 889 factum.
485 853 699 889 Mulieribus
722 855 810 888 tunc
834 853 1115 889 succurrendum
1139 855 1205 897 est,

118 909 200 934 cum
223 898 473 941 defendantur,
498 909 571 935 non
594 902 635 933 ut
657 898 799 934 facilius
823 898 1097 934 calumnientur.

165 942 241 981 111
273 943 396 980 ans
423 945 514 981 libro
543 943 701 980 secundo
731 944 782 979 ad
803 945 957 980 edictum
975 942 1207 991 provinciale

115 988 312 1034 Pupillum,
345 990 406 1035 qui
428 989 612 1035 proximus
634 989 818 1034 pubertati
842 989 907 1031 sit,
933 998 1103 1035 capacem
1128 997 1207 1023 esse

120 1038 134 1069 1
184 1038 222 1069 et
243 1033 387 1070 furandi
409 1039 447 1072 et
467 1034 619 1070 iniuriae
642 1034 841 1070 faciendae.
877 1034 920 1070 In
944 1034 1110 1070 heredem
1133 1043 1207 1068 non

116 1079 234 1115 solent
255 1080 416 1116 actiones
439 1080 612 1124 transire,
646 1090 739 1125 quae
761 1080 931 1125 poenales
955 1082 1040 1116 sunt
1063 1089 1108 1114 ex
1131 1088 1206 1113 ma-

114 1124 246 1167 leficio,
271 1125 380 1160 veluti
402 1125 507 1169 furti,
532 1125 654 1161 damni
675 1125 839 1169 iniuriae,
864 1125 899 1161 vi
922 1126 1098 1161 bonorum
1122 1134 1205 1169 rap-

114 1174 246 1212 torum,
269 1170 490 1206 iniuriarum.

164 1213 244 1252 112
269 1215 325 1251 PA
333 1225 429 1251 orvs
456 1215 547 1252 libro
579 1218 705 1251 octavo
735 1215 786 1251 ad
813 1215 968 1251 edictum
1021 1214 1123 1251 Nihil
1151 1214 1206 1250 iu-

115 1264 246 1304 terest,
277 1261 357 1306 ipso
388 1261 466 1296 iure
499 1261 578 1306 quis
609 1261 788 1297 actionem
818 1271 893 1297 non
915 1260 1049 1296 habeat
1070 1270 1118 1296 an
1142 1269 1207 1306 per

115 1316 203 1341 exce
227 1306 361 1341 tionem
383 1306 594 1343 infirmetur.

165 1350 183 1388 1
219 1349 243 1389 3
278 1351 404 1388 Gams
440 1351 532 1388 libro
568 1352 673 1388 tertio
709 1351 759 1387 ad
793 1351 947 1388 edictum
975 1349 1207 1399 provinciale

116 1396 159 1432 In
182 1400 259 1433 toto
283 1400 319 1432 et
341 1407 427 1443 pars
451 1397 663 1433 continetur.

165 1440 244 1479 114
270 1441 428 1478 ΡΑυισε
456 1442 547 1479 libro
571 1453 668 1478 nono
699 1442 750 1478 ad
772 1442 927 1478 edictum
973 1442 1017 1477 In
1041 1440 1205 1477 obscuris

115 1486 244 1533 inspici
274 1487 406 1530 solere,
442 1487 538 1533 quod
566 1487 792 1524 verisimilius
824 1491 880 1524 est
908 1490 972 1523 aut
1001 1486 1098 1533 quod
1128 1486 1204 1532 ple-

115 1542 266 1577 rumque
288 1532 367 1568 fieri
390 1533 492 1574 solet.

164 1576 270 1615 115²
293 1577 400 1614 IDEM
419 1579 511 1614 libro
530 1578 668 1615 decimo
687 1578 738 1614 ad
756 1578 910 1616 edictum
957 1577 996 1614 Si
1014 1577 1094 1624 quis
1115 1577 1204 1613 obli-

119 1625 133 1658 1
182 1623 326 1668 gatione
355 1624 529 1660 liberatus
553 1623 616 1667 sit,
645 1627 767 1670 potest
789 1623 900 1660 videri
924 1623 1073 1669 cepisse.
1122 1622 1206 1658 Non

115 1671 236 1722 potest
258 1668 368 1705 videri
391 1669 590 1715 accepisse,
622 1669 685 1715 qui
713 1669 907 1717 stipulatus
931 1671 1052 1715 potest
1075 1678 1204 1713 excep-

114 1717 212 1749 tione
235 1715 459 1750 summoveri.

165 1757 244 1801 116
275 1759 470 1796 ULPIANUS
498 1760 590 1796 libro
614 1760 803 1796 undecimo
833 1759 884 1795 ad
905 1759 1061 1795 edictum
1107 1758 1206 1794 Nihil

117 1805 306 1841 consensui
337 1809 412 1840 tam
444 1805 665 1841 contrarium
688 1807 759 1850 est,
793 1805 854 1851 qui
883 1805 952 1840 ac³
980 1804 1099 1840 bonae
1121 1803 1206 1839 fidei

118 1849 247 1887 iudicia
270 1851 438 1895 sustinet,
471 1861 577 1896 quam
600 1851 653 1886 vis
677 1854 786 1896 atque
807 1853 945 1886 metus:
978 1860 1084 1897 quem
1108 1859 1205 1885 com-

118 1899 132 1930 1
183 1896 338 1941 probare
370 1900 495 1932 contra
527 1897 640 1932 bonos
671 1906 788 1932 mores
817 1899 884 1932 est.
937 1895 1020 1932 Non
1052 1894 1204 1940 capitur,

116 1943 136 1975 2
184 1941 245 1986 qui
250 1941 317 2022 &s
333 1942 517 1987 publicum
530 1942 703 1987 sequitur.
729 1941 811 1978 Non
826 1941 992 1978 videntur
1007 1941 1070 1987 qui
1084 1943 1206 1976 errant

116 1996 249 2022 consen
298 1995 328 2022 e.

166 2029 243 2069 117
270 2031 326 2067 ΡΑ
335 2041 429 2068 ULUs
451 2031 543 2068 libro
566 2032 755 2069 undecimo
780 2031 830 2068 ad
852 2031 1006 2068 edictum
1053 2030 1206 2066 Praetor

115 2076 292 2157 Eogogum
330 2087 576 2123 possessorem
613 2077 754 2113 heredis
789 2078 871 2113 loco
900 2077 939 2112 in
968 2076 1065 2112 omni
1096 2086 1208 2112 causa

140 2132 162 2157 a
189 2132 208 2158 e
227 2150 235 2157 .

166 2164 245 2205 118
277 2166 472 2203 Uzmasws
500 2167 592 2203 libro
616 2167 828 2204 duodecimo
860 2168 911 2203 acl
932 2167 1087 2204 edictum
1138 2166 1206 2211 Qui

115 2213 153 2248 in
184 2213 356 2249 servitute
385 2216 459 2255 est,
499 2223 698 2258 usucapere
729 2224 803 2249 non
833 2216 971 2259 potest:
1010 2222 1094 2248 nam
1124 2222 1206 2248 cum

115 2257 354 2304 possideatur,
378 2258 563 2306 possidere
585 2269 659 2293 non
681 2258 830 2294 videtur.

166 2301 270 2341 119⁴
294 2303 403 2339 IDEM
422 2304 513 2340 libro
538 2305 643 2339 tertio
668 2303 804 2340 decimo
829 2303 879 2339 ad
897 2303 1051 2340 edictum
1097 2302 1206 2339 Non-'²

117 2349 261 2392 alienat,
286 2349 348 2394 qui
371 2348 556 2385 dumtaxat
579 2349 711 2384 omittit
733 2349 1006 2395 possessionem.

165 2392 244 2432 120
269 2394 325 2430 ΡΑ
333 2404 428 2430 ozas
454 2394 545 2430 libro
574 2394 786 2430 duodecimo
810 2395 860 2430 ad
881 2395 1036 2430 edictum
1090 2393 1205 2429 Nemo

115 2439 196 2485 plus
215 2439 391 2475 commodi
408 2439 530 2475 heredi
551 2450 617 2476 suo
635 2439 813 2486 relinquit,
838 2449 946 2485 quam
964 2439 1043 2493 ipse
1064 2439 1203 2474 habuit.

165 2483 239 2522 121
273 2484 381 2520 IDEM
412 2485 504 2522 libro
540 2486 645 2521 tertio
674 2485 812 2522 decimo
849 2485 899 2521 ad
928 2485 1082 2521 eductum
1137 2483 1205 2528 9111

114 2540 187 2566 11011
210 2530 299 2583 facit
322 2530 419 2577 quod
441 2530 562 2597 facere
585 2530 704 2584 (1011οι2
728 2531 868 2584 videtur
891 2530 1011 2566 facere
1032 2529 1205 2566 adversus

114 2575 507 2663 311,εὲὛὲοὲοὲᾱὲἚὲ
525 2579 706 2657 acii-5³33
729 2576 825 2666 {33¹3
847 2575 1112 2657 ὲῖἰῗθὲᾯῗὲε
1131 2585 1204 2667 ἓὲἔῗ

165 2663 243 2703 122
276 2666 396 2703 GAws
430 2666 521 2703 libro
554 2667 681 2712 quinto
713 2667 764 2702 ad
793 2666 947 2702 edictum
973 2665 1204 2713 provinciale

116 2711 282 2747 Libertas
305 2711 469 2747 omnibus
492 2711 601 2747 rebus
624 2711 856 2748 favorabilior
878 2715 944 2748 est.

166 2754 244 2794 123
285 2755 481 2793 {summos
508 2756 600 2793 libro
660 2761 765 2793 uarto
797 2757 934 2793 decimo
967 2757 1017 2793 ad
1047 2757 1202 2793 edictum

119 2806 133 2837 1
176 2802 296 2856 ‚Nemo
327 2801 444 2855 alieno
472 2801 614 2838 nomine
652 2812 714 2847 ege
738 2812 845 2847 agere
867 2805 999 2855 potest.
1047 2802 1202 2848 Tempo-

114 2857 212 2884 raria
259 2850 449 2884 ermutatio
470 2848 528 2883 ius
550 2848 754 2893 provinciae
777 2858 850 2883 non
872 2851 1030 2883 innovat.

164 2890 216 2930 12
269 2891 427 2928 Pavws
454 2892 544 2928 libro
567 2897 674 2929 sexto
698 2893 836 2929 decimo
860 2892 910 2928 ad
932 2893 1086 2929 edictam
1134 2892 1203 2928 Ubi

115 2948 187 2974 non
209 2948 313 2981 voce,
338 2936 402 2973 sed
423 2938 628 2984 praesentia
650 2949 740 2984 opus
765 2942 838 2981 est,
869 2941 1010 2982 mutus,
1042 2938 1074 2974 si
1096 2938 1203 2974 intel-

113 2983 246 3019 lectum
279 2982 408 3025 habet,
447 2986 569 3029 potest
602 2983 715 3019 videri
752 2983 982 3029 respondere.
1035 2983 1128 3019 idem
1165 2983 1202 3018 in

119 3032 133 3064 1
184 3027 313 3065 surdo:
346 3028 405 3064 hic
429 3027 570 3073 quidem
594 3032 631 3064 et
652 3029 869 3075 respondere
891 3032 1023 3083 potest.
1070 3028 1201 3064 Furio-

115 3084 177 3111 sus
209 3073 369 3109 absentis
397 3073 478 3109 loco
509 3076 564 3109 est
593 3077 631 3109 et
651 3074 704 3110 ita
726 3074 947 3120 Pompomus
970 3074 1063 3111 libro
1086 3074 1201 3121 primo

115 3118 349 3164 epistularum
372 3118 506 3154 scribit.

164 3162 242 3201 125
275 3163 399 3200 Gams
432 3163 524 3199 libro
555 3164 681 3216 quinto
718 3164 767 3200 ad
795 3164 949 3201 edictum
973 3165 1203 3211 provinciale

114 3208 401 3245 Favorabiliores
425 3208 478 3244 rei
499 3212 620 3254 potius
645 3219 751 3254 quam
774 3214 915 3246 actores
939 3210 1130 3246 habentur.

163 3251 266 3292 126⁷
297 3253 493 3290 Urpzazws
519 3253 611 3290 libro
642 3255 769 3300 quinto
800 3254 938 3291 decimo
969 3255 1020 3291 ad
1047 3255 1200 3291 edictum

119 3302 131 3334 1
183 3298 320 3336 Nemo⁸
349 3298 484 3345 praedo
508 3302 582 3341 est,
611 3299 672 3344 qui
694 3300 850 3345 pretium
871 3300 1081 3336 numeravit.
1128 3300 1200 3337 Lo-

115 3343 1201 3435 211ρέξὲἯο11ιῖ111τοῦῗυὲἓῗιὲιωᾷηὲἒὲαιιέτᾞοᾶξῗίἓῗέὲξ

839 3417 849 3435 1

113 3433 340 3481 possidentis.

113 3548 155 3591 (1)
177 3547 282 3582 sidet.
295 3549 369 3583 cdd.
462 3550 506 3592 (2)
527 3549 698 3594 μευ.
712 3550 744 3590 3,
758 3556 788 3591 e,
801 3555 818 3583 2

113 3593 262 3628 videntur
273 3601 348 3628 ante
361 3595 398 3628 id
408 3595 568 3638 quaedam
581 3595 784 3629 intercidisse

112 3639 156 3678 (5)
180 3647 289 3681 neque
300 3639 390 3672 enim
402 3639 447 3673 D.
464 3639 483 3674 l.
496 3653 577 3685 qam.

113 3693 199 3726 quae
217 3693 286 3717 non
305 3683 413 3718 facere
431 3685 541 3718 iussus
559 3686 609 3718 est

113 3729 160 3771 (8)
184 3728 273 3773 enim
286 3730 345 3763 ins.
360 3729 406 3763 D.
422 3730 442 3763 l.
455 3743 535 3775 qem.
585 3731 631 3774 (9)
653 3729 900 3773 locopretiorF
941 3732 1002 3772 (10)
1026 3729 1129 3763 ΞΒ.
1143 3731 1199 3771 44,

114 3781 143 3817 7,
163 3781 220 3814 σος
243 3775 287 3819 cs:
307 3774 388 3808 Inst.
411 3777 445 3818 4,
465 3783 495 3818 9,
515 3783 528 3810 1
636 3777 692 3818 (11)
716 3775 911 3819 praesertim
930 3788 989 3810 om.
1011 3775 1053 3807 D.
1076 3775 1095 3808 l.
1116 3785 1198 3819 yem.

912 3550 956 3592 (3)
979 3559 1018 3582 ao
1031 3551 1199 3583 abundat:

872 3595 916 3637 (4)
939 3595 1044 3629 =D.
1057 3596 1090 3637 4,
1103 3603 1131 3637 τ,
1144 3602 1197 3636 4,1

671 3640 716 3682 (ὓ)
741 3639 822 3682 quia
832 3650 901 3672 non
913 3639 1005 3683 facit]
1022 3641 1200 3684 requiritur

1172 137 1285 186 ,8711

745 3687 789 3726 (τ)
811 3697 865 3729 pr.
886 3702 931 3715 =
950 3685 997 3718 D.
1016 3687 1048 3726 5,
1068 3693 1097 3726 a,
1115 3691 1159 3726 13,
1181 3692 1198 3719 s
1268 3685 1329 3725 (16)
1349 3696 1403 3727 pr.
1421 3699 1468 3713 ===
1483 3683 1529 3715 D.
1551 3684 1579 3722 1,
1597 3688 1625 3723 3,
1642 3688 1675 3714 14

2239 151 2357 194 L17

1324 261 1401 318 127
1427 264 1481 299 ΡΑ
1490 274 1533 300 υι
1540 275 1584 301 vs
1605 266 1696 303 libro
1716 268 1879 304 vicesimo
1901 270 1951 306 ad
1966 271 2119 308 edictum
2151 272 2240 309 Cum
2257 283 2359 320 prae-

1273 313 1332 345 tor
1354 320 1392 344 111
1415 309 1582 345 heredem
1606 312 1668 347 dat
1690 314 1881 358 actionem,
1907 320 2083 360 quatenus
2107 317 2153 353 ad
2177 328 2257 354 eum
2281 329 2360 365 per-

1273 355 1387 397 venit,
1420 354 1572 408 sufficit,
1604 357 1634 391 si
1665 358 1719 393 vel
1749 364 1925 396 momento
1958 361 2005 397 ad
2029 372 2109 397 eum
2133 364 2293 408 pervenit
2316 375 2361 400 ex

1274 399 1358 436 (1010
1383 399 1553 435 defunct1.

1324 441 1403 482 128
1428 445 1538 481 IDEM
1557 445 1647 482 libro
1671 458 1766 483 nono
1790 449 1926 486 decimo
1951 451 2001 488 ad
2022 452 2175 489 edictum
2221 454 2263 489 In
2283 455 2362 507 pari

1278 494 1292 526 1
1326 500 1456 543 ‚causa
1478 501 1667 543 possessor
1690 494 1808 536 potior
1830 494 1955 531 haberi
1979 496 2095 533 debet.
2143 499 2208 543 Hi,
2241 510 2301 544 qul
2324 500 2362 535 in

1274 545 1479 572 umversum
1501 547 1558 572 1118
1582 538 1791 581 succedunt,
1816 540 1956 576 heredis
1980 542 2060 578 loco
2087 544 2274 580 habentur.

1325 579 1404 618 129
1428 580 1535 616 IDEM
1557 581 1648 617 libro
1671 583 1861 620 vicensimo
1879 587 2003 632 primo
2026 588 2076 623 ad
2098 589 2252 624 edictum
2298 589 2360 625 Ni-

1277 630 1291 662 1
1343 626 1393 662 hil
1424 626 1508 662 dolo
1539 626 1695 662 creditor
1726 628 1832 671 facit,
1888 631 1923 665 ui
1954 642 2057 667 suum
2086 634 2223 679 recipit.
2273 635 2361 670 Cum

1274 671 1486 718 principalis
1510 682 1623 707 causa
1645 683 1718 708 non
1742 674 1923 720 consistit,
1956 687 2002 712 ne
2032 687 2076 713 ea
2104 679 2245 723 quidem
2270 690 2362 725 quae

1274 727 1314 754 se
1339 720 1475 753 uuntur
1496 717 1615 753 locum
1639 717 1783 754 habent.
2066 738 2068 741 ν

1351 760 1404 800 30
1417 763 1446 784 ¹⁰
1476 761 1673 798 Harmas
1700 763 1792 800 libro
1823 769 1948 801 octavo
1972 767 2107 803 decimo
2137 769 2187 804 ad
2209 770 2361 805 edictum

1275 808 1479 854 Numquam
1499 808 1671 850 actiones,
1694 810 1906 854 praesertim
1920 813 1946 833 ¹¹
1970 813 2150 857 poenales,
2175 813 2219 849 de
2238 815 2362 850 eadem

1275 863 1315 889 re
1338 857 1595 889 concurrentes
1621 852 1692 889 alia
1714 854 1821 889 aliam
1845 857 2031 891 consumit.

1325 896 1400 935 131
1436 898 1596 934 PAULUS
1629 899 1721 935 libro
1750 900 1916 936 vicesimo
1947 903 2104 938 secvmdo
2134 904 2184 939 ad
2210 905 2362 941 edictum

1275 944 1344 997 Qui
1368 943 1451 980 dolo
1464 943 1827 997 desierit-possidere,
1852 956 1918 990 pro
1938 947 2142 991 possidente
2162 949 2361 992 damnatur,

1275 999 1360 1035 quia
1407 1000 1449 1025 ro
1473 999 1701 1035 possessione
1725 990 1829 1026 dolus
1854 994 1918 1027 est.

1324 1031 1374 1072 13
1419 1035 1447 1056 ¹²
1473 1034 1598 1071 GAws
1619 1034 1709 1071 libro
1728 1037 1879 1082 septimo
1903 1037 1953 1072 ml
1971 1037 2123 1074 edictum
2137 1040 2364 1086 provinciale

1275 1080 1327 1115 Im
1356 1080 1459 1115 eritia
1484 1080 1612 1128 culpae
1636 1080 1900 1117 adnumeratur.

1351 1123 1403 1163 33
1436 1125 1543 1160 IDEM
1578 1125 1670 1161 libro
1705 1130 1831 1162 octavo
1866 1127 1916 1162 ad
1951 1128 2104 1164 edictum
2137 1130 2365 1175 provinciale

1275 1170 1404 1207 Melior
1428 1170 1590 1206 condicio
1614 1174 1740 1206 nostra
1762 1182 1829 1217 per
1852 1182 1974 1208 servos
1998 1173 2075 1209 fieri
2097 1178 2235 1219 potest,
2268 1175 2364 1210 dete-

1275 1216 1350 1252 rior
1372 1216 1451 1252 fieri
1475 1226 1547 1251 non
1570 1219 1701 1261 potest.
2303 1244 2307 1248 .

1325 1259 1405 1299 134
1436 1260 1633 1297 ULPJANUS
1668 1262 1760 1298 libro
1788 1263 1954 1298 vicesimo
1982 1264 2101 1310 primo
2136 1265 2185 1300 ad
2212 1265 2363 1301 edictum

1275 1307 1358 1343 Non
1388 1306 1605 1342 fraudantur
1634 1307 1849 1351 creditores,
1882 1318 1962 1343 cum
1993 1309 2077 1354 quid
2108 1320 2181 1345 non
2209 1311 2363 1354 adquiri-

1274 1356 1335 1388 tur
1358 1362 1381 1388 a
1403 1352 1586 1395 debitore,
1616 1353 1680 1388 sed
1710 1363 1792 1388 curn
1825 1353 1911 1399 quid
1942 1354 1987 1389 de
2010 1355 2113 1390 bonis
2138 1355 2364 1391 deminuitur.

1282 1402 1291 1433 1
1344 1397 1458 1434 Nemo
1483 1407 1528 1434 ex
1552 1408 1617 1433 suo
1642 1398 1771 1434 delicto
1795 1398 1975 1435 meliorem
2000 1409 2102 1435 suam
2123 1400 2366 1436 condicionem

1275 1444 1399 1479 facere
1422 1446 1553 1489 potest.

1325 1486 1404 1528 135
1429 1488 1538 1524 lom
1565 1488 1656 1525 libro
1687 1489 1855 1524 vicesimo
1880 1490 1984 1525 tertio
2015 1490 2065 1526 ad
2094 1490 2246 1527 edictum
2299 1491 2366 1533 Ea,

1275 1545 1368 1580 quae
1392 1533 1472 1569 dari
1494 1533 1728 1580 impossibilia
1747 1537 1833 1570 sunt
1852 1535 1908 1570 vel
1929 1545 2021 1581 quae
2041 1535 2078 1571 in
2098 1546 2216 1572 rerum
2237 1539 2367 1572 natura

1275 1591 1348 1615 non
1372 1583 1468 1622 sunt,
1493 1589 1558 1624 pro
1583 1589 1656 1614 non
1680 1579 1830 1615 adiectis
1854 1580 2044 1616 habentur.

1326 1622 1406 1663 136
1439 1624 1496 1660 ΡΑ
1505 1634 1600 1661 σιω]
1643 1624 1735 1660 libro
1784 1628 1908 1661 octavo
1946 1626 2083 1662 decimo
2121 1626 2172 1662 ad
2209 1626 2364 1663 edictum

1275 1671 1379 1707 Bona
1408 1670 1498 1706 fides
1529 1670 1741 1706 tantundem
1769 1670 1968 1716 possidenti
1991 1674 2170 1716 praestat,
2195 1675 2367 1718 quantum

1274 1717 1419 1759 veritas,
1444 1716 1610 1762 quotiens
1633 1715 1692 1751 lex
1715 1715 1968 1761 impedimento
1993 1727 2065 1752 non
2088 1720 2154 1752 est.

1326 1759 1404 1799 137
1419 1762 1447 1783 ¹³
1477 1760 1673 1797 {swanus
1701 1761 1793 1798 libro
1812 1762 1978 1797 vicesimo
1999 1763 2125 1808 quinto
2145 1762 2195 1797 ad
2213 1762 2364 1799 edictum

1274 1807 1344 1852 Qui
1372 1810 1521 1874 auetore
1550 1806 1669 1843 iudice
1694 1807 1930 1852 comparavit,
1963 1807 2080 1843 bonae
2109 1807 2192 1843 fidei
2222 1818 2363 1854 posses-

1274 1863 1335 1888 sor
1359 1855 1415 1888 est
1456 1880 1464 1888 .

1324 1895 1403 1936 138
1434 1896 1491 1933 ΡΔ
1499 1906 1595 1933 σιω
1627 1897 1718 1933 libro
1750 1897 1917 1933 vicesimo
1948 1908 1987 1933 se
2016 1898 2100 1934 timo
2132 1898 2181 1933 ad
2210 1898 2362 1942 edictu(

1275 1943 1399 1979 OmnIs
1418 1942 1610 1986 hereditas,
1635 1943 1797 1988 quamvis
1815 1946 1944 1988 postea
1963 1953 1984 1978 a
2010 1947 2123 1986 eatur,
2147 1947 2267 1979 tamen
2285 1954 2367 1979 cum

1278 1992 1292 2024 1
1343 1993 1505 2034 tempore
1533 1988 1661 2024 mortis
1697 1988 1939 2024 continuatur.
2000 1988 2204 2034 Numquam
2236 1989 2367 2025 crescit

1275 2045 1321 2070 ex
1371 2037 1430 2070 ost
1451 2034 1550 2069 facto
1598 2033 1758 2069 raeteriti
1781 2033 1903 2069 delicti
1927 2034 2139 2070 aestimatio.
2291 2050 2293 2052 ·

1325 2079 1341 2116 1
1378 2077 1404 2117 9
1427 2079 1551 2116 GAIUS
1585 2079 1664 2115 ibro
1682 2079 1733 2114 ad
1751 2079 1904 2115 edictum
1916 2080 2105 2126 praetoris
2117 2080 2251 2115 urbam·
2281 2079 2365 2115 Om-

1274 2135 1339 2161 nes
1359 2124 1531 2167 actiones,
1556 2134 1649 2169 quae
1671 2128 1786 2160 morte
1810 2128 1873 2160 aut
1893 2128 2053 2170 tempore
2072 2128 2233 2171 pereunt,
2258 2125 2367 2160 semel

1278 2174 1293 2206 1
1342 2170 1504 2206 inclusae
1534 2169 1667 2205 iudicio
1699 2170 1819 2205 salvae
1847 2173 2067 2215 permanent.
2114 2170 2198 2206 Non
2227 2170 2367 2206 videtur

1274 2216 1434 2262 perfecte
1451 2215 1626 2260 cuiusque
1641 2215 1678 2250 id
1694 2225 1784 2258 esse,
1805 2215 1901 2261 quod
1916 2225 1961 2252 ex
1978 2225 2065 2251 casu
2082 2215 2214 2251 auferri
2234 2219 2364 2261 potest.

1325 2260 1404 2299 140
1447 2260 1642 2297 ULPIANUS
1682 2260 1774 2297 libro
1812 2262 2137 2308 quinquagensimo
2174 2264 2279 2297 sexto
2317 2261 2367 2296 ad

1275 2306 1430 2343 edictum
1478 2306 1655 2342 Absentia
1678 2306 1771 2350 eius,
1802 2306 1863 2351 qui
1894 2306 1946 2342 rei
1974 2306 2142 2352 publicae
2166 2315 2277 2341 causa
2299 2306 2363 2341 ab·

1275 2355 1331 2388 est
1344 2354 1382 2395 ¹⁵,
1407 2362 1523 2397 neque
1546 2351 1580 2387 ei
1603 2361 1719 2397 neque
1743 2351 1804 2386 alii
1829 2351 2002 2387 damnosa
2025 2361 2104 2387 esse
2127 2351 2244 2387 debet.

1324 2395 1399 2435 141
1417 2398 1445 2419 ¹⁶
1476 2396 1637 2432 PAULUS
1668 2397 1760 2433 libro
1792 2397 2116 2444 quinquaqensimo
2149 2399 2281 2443 quarto
2316 2395 2363 2431 ad

1274 2442 1430 2479 edictum
1477 2441 1581 2486 Quod
1611 2445 1737 2478 contra
1767 2442 1942 2478 rationem
1973 2441 2059 2477 iuris
2089 2444 2272 2486 receptum
2297 2444 2364 2476 est.

1277 2492 1290 2523 1
1341 2498 1414 2524 11011
1434 2491 1490 2523 est
1508 2487 1777 2533 producendum
1794 2487 1841 2522 ad
1861 2487 2117 2532 consequentia
2129 2488 2166 2521 ¹⁷.
2205 2486 2274 2522 Uni
2291 2486 2363 2522 duo

1273 2543 1339 2579 pro
1364 2533 1480 2569 solido
1504 2532 1652 2568 heredes
1678 2543 1756 2568 esse
1780 2543 1851 2568 non
1875 2536 2038 2579 possunt.

1324 2576 1402 2616 142
1424 2578 1532 2614 IDEM
1552 2578 1644 2614 libro
1666 2579 1753 2624 quin
1781 2578 1991 2624 uaqensimo
2011 2580 2118 2613 sexto
2142 2577 2192 2612 ad
2209 2576 2362 2612 edictum

1273 2624 1342 2668 Qui
1365 2627 1480 2668 tacet,
1504 2634 1578 2659 non
1601 2623 1725 2668 utique
1763 2626 1900 2659 atetur:
1934 2622 1997 2659 sed
2019 2626 2140 2658 tamen
2163 2632 2284 2658 verum
2309 2624 2364 2656 est

1272 2680 1353 2705 eum
1377 2680 1451 2705 non
1471 2678 1613 2714 negare.

1322 2712 1401 2753 143
1427 2714 1623 2750 ULPIANUs
1644 2713 1735 2750 libro
1755 2713 2008 2760 sexaqensimo
2024 2712 2182 2748 secundo
2199 2711 2248 2747 ad
2270 2711 2362 2747 edic-

1273 2764 1347 2795 tum
1395 2759 1499 2805 Quod
1520 2759 1609 2804 ipsis
1634 2759 1694 2803 qui
1719 2762 1977 2794 contraxerunt
1999 2757 2130 2800 obstat,
2159 2760 2197 2793 et
2219 2765 2361 2792 succes-

1272 2805 1415 2841 soribus
1439 2815 1564 2841 eorum
1587 2804 1756 2840 obstabit.

1321 2849 1400 2888 144
1414 2851 1441 2872 ¹⁸
1463 2849 1522 2885 ΡΛ
1529 2859 1573 2885 σι
1580 2859 1625 2885 vs
1644 2849 1735 2886 libro
1754 2849 2009 2896 sexayensimo
2025 2846 2182 2884 secundo
2203 2847 2252 2882 ad
2267 2845 2359 2897 eda'c-

1275 2899 1288 2931 1
1341 2900 1414 2931 tum
1461 2895 1545 2931 Non
1570 2905 1674 2930 omne
1698 2894 1792 2939 quod
1816 2894 1901 2930 licet
1923 2894 2112 2929 honestum
2136 2894 2201 2927 est.
2234 2890 2276 2925 In
2298 2892 2360 2925 sti-

1270 2941 1515 2987 pulationibus
1544 2940 1582 2975 id
1605 2944 1746 2984 tempus
1771 2942 1972 2984 spectatur,
2003 2948 2073 2984 quo
2105 2935 2358 2972 contrahimus.

1321 2985 1400 3024 145
1412 2987 1441 3007 ¹⁹
1470 2985 1667 3022 ULPJANUS
1688 2985 1779 3020 libro
1798 2985 2052 3031 sexaqensimo
2068 2986 2174 3017 sexto
2198 2980 2248 3016 ad
2266 2980 2359 3015 edic-

1271 3034 1346 3067 tum
1387 3031 1542 3067 Nemo²⁰
1565 3029 1704 3066 videtur
1720 3028 1889 3066 fraudare
1908 3038 1981 3071 eos,
2003 3027 2063 3073 qui
2084 3026 2202 3062 sciunt
2218 3027 2255 3061 et
2274 3034 2358 3060 con-

1270 3076 1440 3113 sentiunt.

1320 3119 1399 3159 146
1424 3120 1481 3156 PA
1489 3130 1532 3156 UL
1540 3129 1584 3156 Us
1611 3119 1702 3155 libro
1731 3118 1985 3165 sexaqensimo
2008 3115 2165 3152 secundo
2188 3114 2239 3150 ad
2265 3113 2358 3149 edic-

1271 3170 1345 3202 tum
1380 3166 1484 3211 Quod
1508 3165 1587 3211 quis
1611 3164 1696 3200 dum
1719 3174 1842 3200 servus
1866 3166 1922 3199 est
1944 3162 2024 3207 egit,
2048 3161 2222 3206 prolicere
2245 3158 2358 3194 libero

1270 3212 1368 3247 facto
1392 3222 1466 3247 non
1489 3213 1620 3255 potest.
2150 3250 2158 3258 ⁸

1319 3254 1398 3294 147
1420 3256 1544 3292 GAJUs
1565 3254 1656 3291 libro
1679 3254 1846 3290 vicesimo
1870 3254 2001 3298 quarto
2025 3250 2075 3286 ad
2096 3249 2250 3285 eductum
2267 3258 2358 3295 pro-

1271 3301 1424 3338 vinciale
1468 3301 1616 3346 Semper
1640 3311 1657 3335 s
1684 3298 1810 3335 ecialia
1831 3296 2057 3342 generalibus
2080 3294 2213 3347 insunt.
2262 3339 2270 3346 “
2310 3338 2318 3346 .

1319 3343 1398 3384 148
1431 3345 1592 3381 Pacius
1626 3345 1655 3381 li
1675 3356 1717 3380 ro
1751 3346 1856 3379 sexto
1885 3341 2022 3377 decimo
2062 3340 2178 3376 breves
2208 3337 2356 3374 eductu·

1271 3391 1380 3427 Cuius
1411 3390 1560 3427 effectus
1594 3389 1758 3426 omnibus
1793 3386 1956 3433 prodest,
1992 3385 2069 3422 eius
2100 3387 2136 3419 et
2165 3386 2286 3429 partes
2309 3382 2358 3418 ad

1271 3446 1392 3473 omnes
1419 3435 1611 3482 pertinent.

1268 3549 1386 3582 habent
1397 3549 1479 3582 Ineae.
1572 3548 1633 3588 (12)
1657 3547 1698 3590 ej:
1712 3545 1758 3578 D.
1772 3546 1804 3585 9,
1817 3551 1846 3587 2,
1860 3551 1877 3578 s
1970 3543 2030 3584 (18)
2052 3557 2099 3571 =
2114 3541 2161 3574 D.
2178 3542 2230 3582 11,
2242 3547 2271 3582 ’1,
2284 3546 2355 3592 14,1

1268 3595 1326 3634 (14)
1351 3593 1432 3636 quia
1443 3593 1550 3626 bonae
1561 3591 1639 3624 fidei
1657 3600 1820 3634 possessor
1840 3590 1889 3621 est
1908 3590 1941 3621 et
1960 3586 2145 3620 dominium
2166 3585 2276 3626 babet,
2296 3594 2356 3627 qur

1267 3640 1402 3671 auctore
1421 3638 1532 3671 iudice
1551 3635 1755 3678 comparavit
1771 3635 1818 3667 D.
1840 3634 1861 3667 l.
1878 3646 1959 3678 yem.
2108 3631 2167 3672 (15)
2192 3629 2308 3662 absent
2330 3628 2364 3662 F

1812 3682 1870 3719 (17)
1893 3676 2145 3718 consequentias
2164 3675 2210 3707 D.
2233 3675 2254 3708 1.
2271 3687 2352 3719 qem.

1942 3723 2004 3764 (19)
2026 3737 2072 3752 ==
2089 3722 2134 3754 D.
2157 3721 2211 3762 42,
2234 3727 2264 3762 8,
2284 3726 2314 3762 ο,
2335 3726 2352 3753 ⁹

1269 3730 1328 3770 (18)
1355 3733 1372 3768 ς
1393 3736 1406 3763 1
1423 3745 1470 3758 ==
1488 3727 1534 3760 D.
1557 3728 1612 3768 45,
1630 3734 1656 3768 1,
1675 3733 1711 3760 78
1726 3737 1782 3769 pr.

1833 3769 1892 3812 (21)
1915 3767 2067 3802 brevium
2087 3765 2138 3799 Ρ

1266 3774 1333 3818 (2⁰)
1356 3773 1445 3807 enim
1465 3773 1524 3808 ins.
1543 3771 1590 3805 D.
1609 3771 1629 3805 l.
1648 3782 1728 3816 qem.
