2528 3918
214 102 395 146 VIIII4

345 224 451 259 robat
474 227 510 259 et
533 227 587 258 est
608 233 748 258 verum:
780 233 863 258 nam
886 227 923 259 et
945 223 976 258 si
999 232 1121 258 servus
1143 221 1304 257 indefen-

331 273 435 304 uctus
459 269 524 310 sit,
550 267 748 304 aestimatio
773 268 848 303 eius
871 266 1083 313 imputanda
1109 270 1172 302 est.
1210 270 1306 301 certe

218 326 291 351 non
314 318 453 349 tantum
477 312 706 358 duplationis,
730 312 794 348 sed
818 317 853 348 et
877 311 1110 348 condictionis
1133 310 1306 346 rationem

217 359 419 396 habendam
439 358 599 393 Iulianus
617 361 733 403 putat.
747 358 757 378 ¹
787 356 875 393 furti
885 356 1041 392 faciendi
1051 360 1191 401 tempus
1204 365 1305 401 spec-

216 404 365 440 tandum
389 413 486 445 esse,
511 413 558 438 an
582 402 740 438 eiusdem
762 402 917 438 familiae
941 402 1012 437 sint
1035 401 1144 436 servi:
1169 411 1253 435 nam
1277 400 1306 435 si

217 451 268 492 hi,
293 449 352 492 qui
375 448 530 494 plurium
553 447 775 483 dominorum
800 451 922 489 erunt,
947 447 1052 481 unius
1077 455 1156 481 esse
1179 449 1308 490 postea

219 504 282 531 coe
310 493 412 536 erint,
436 493 537 528 locus
562 492 679 528 edicto
704 503 776 528 non
801 492 878 527 erit.

265 537 288 576 3
355 538 641 574 szzlsrmws
675 538 767 572 libro
798 536 954 573 secundo
986 535 1096 571 edicti
1125 535 1310 572 monitoria·

218 586 251 620 ls
285 583 343 629 qui
373 584 411 618 in
443 583 561 618 aliena
583 586 763 628 potestate
787 585 842 616 est
866 581 895 616 si
928 591 1058 616 noxam
1091 580 1309 615 commisisse

220 630 381 668 dicatur,
414 628 445 664 si
468 638 542 664 non
565 627 796 669 defendatur,
831 626 990 661 ducitur:
1026 630 1061 660 et
1085 625 1115 660 si
1138 635 1307 670 praesens

220 678 274 710 est
305 673 490 753 dgminus,
523 672 665 708 tradere
696 682 775 707 eum
809 676 844 706 ct
868 671 911 706 de
936 670 1017 705 dolo
1042 669 1135 705 malo
1160 670 1307 715 promit·

219 725 295 755 tere
342 719 435 754 ebet.

266 761 318 801 33
347 763 575 798 Poispomvs
603 762 693 797 libro
726 764 856 806 quarto
888 760 1023 795 decimo
1055 759 1105 794 ad
1134 758 1308 795 Sabinum

219 808 351 845 Noxali
373 807 504 843 iudicio
529 807 659 842 invitus
684 816 785 841 nemo
811 815 852 840 co
878 805 950 839 itur
974 804 1083 839 alium
1107 804 1308 847 defendere,

220 853 285 889 sed
306 862 428 889 carere
448 852 553 888 debet
573 862 614 886 eo
638 861 741 896 quem
762 860 833 885 non
872 849 1016 891 efendit,
1041 849 1072 884 si
1091 859 1214 884 servus
1236 854 1307 884 est:

221 898 315 945 quod
340 898 370 933 si
393 897 482 932 liber
506 901 561 932 est
584 896 644 942 qui
667 896 702 930 in
727 899 906 940 potestate
930 894 987 936 sit,
1012 894 1218 930 indistincte
1241 894 1310 939 ipsi

221 943 277 979 sui
300 943 458 978 defensio
483 941 601 977 danda
626 946 696 975 est:

267 985 322 1026 34
356 987 550 1023 IULIANUS
577 986 667 1022 libro
699 987 831 1030 quarto
862 983 912 1019 ad
949 983 1108 1019 Urseium
1139 984 1310 1020 Ferocem

244 1033 383 1069 uotiens
407 1032 499 1067 enim
521 1041 623 1067 nemo
647 1030 757 1064 filium
789 1028 942 1064 familias
974 1039 1019 1064 ex
1050 1039 1161 1065 causa
1192 1028 1311 1064 delicti

246 1077 390 1119 efendit,
414 1077 453 1112 in
476 1087 554 1111 eum
577 1075 743 1110 iudicium
766 1074 872 1108 datur

270 1120 324 1161 35
356 1122 550 1158 ULPIANUS
577 1121 669 1155 libro
701 1119 1005 1165 quadraqensimo
1022 1119 1147 1165 primo
1171 1118 1222 1154 ad
1243 1118 1310 1154 Sa-

222 1168 344 1204 binum
392 1172 429 1202 et
452 1167 482 1201 si
506 1165 760 1201 condemnatus
783 1163 903 1206 fuerit,
927 1164 1020 1199 filius
1043 1163 1239 1198 iudicatum
1255 1163 1309 1199 fa-

223 1223 304 1249 cere
317 1212 442 1248 debet:
463 1215 561 1246 tenet
573 1210 664 1245 enim
678 1209 937 1244 condemnatio.
976 1208 1061 1254 quin
1080 1209 1187 1244 immo
1206 1209 1311 1244 etiam

221 1257 310 1293 illud
333 1256 519 1292 dicendum
543 1259 596 1290 est
619 1258 757 1299 patrem
781 1264 922 1306 quoque
941 1258 1024 1298 post
1044 1253 1309 1289 condemnatio-

222 1313 303 1338 nem
325 1302 389 1337 filii
412 1301 598 1336 dumtaxat
621 1299 666 1335 de
688 1299 827 1344 pecullo
852 1309 959 1344 posse
983 1299 1173 1334 conveniri.

268 1345 321 1384 36
346 1347 454 1382 IDEM
479 1346 568 1380 libro
594 1344 801 1390 triqensimo
825 1344 978 1390 septimo
1002 1343 1052 1379 ad
1073 1344 1226 1380 edictum
1274 1343 1312 1379 Si

223 1393 302 1438 quis
327 1402 465 1427 servum
487 1390 523 1435 pi
548 1394 729 1431 neratum,
754 1388 883 1424 deinde
905 1399 928 1423 a
952 1388 1137 1424 debitore2
1161 1389 1310 1434 subrep-

224 1441 297 1472 tum
323 1436 446 1472 emerit
469 1445 490 1470 a
548 1435 702 1476 ebitore‚
735 1433 877 1469 nomine
909 1433 982 1469 eius
1013 1433 1102 1468 furti
1133 1434 1313 1469 tenebitur

222 1481 376 1517 dominio
401 1480 493 1516 servi
526 1479 723 1524 adquisito,
757 1489 822 1514 nec
856 1479 989 1521 oberit,
1022 1478 1118 1524 quod
1142 1479 1313 1514 Serviana

221 1530 341 1572 potest
365 1526 396 1561 ei
419 1525 524 1560 homo
550 1524 703 1560 avocari.
739 1523 904 1568 idemque
928 1527 963 1558 et
985 1523 1016 1558 si
1035 1534 1057 1558 a
1078 1524 1213 1559 minore
1232 1524 1311 1576 quis

221 1571 344 1616 viginti
375 1571 529 1616 quinque
559 1569 661 1604 annis
687 1569 810 1604 emerit
832 1569 889 1603 vel
911 1569 948 1603 in
971 1568 1134 1604 fraudem
1159 1569 1310 1604 credito-

221 1627 301 1651 rum
326 1616 462 1652 sciens:
495 1615 532 1649 hi
556 1614 666 1656 enim,
699 1613 858 1658 quamvis
883 1613 1016 1649 auferri
1040 1614 1090 1649 eis
1116 1614 1308 1649 dominium

222 1661 348 1706 possit,
372 1660 514 1695 interim
537 1664 656 1694 tamen
682 1658 913 1694 conveniendi
937 1662 1030 1694 sunt.

270 1703 322 1744 37
353 1706 631 1740 TRYPHONINUS
661 1704 753 1739 libro
785 1704 911 1749 quinto
936 1704 1072 1739 decimo
1097 1702 1310 1757 disputatio-

221 1762 307 1786 num
354 1750 392 1786 Si
404 1750 540 1785 alienus
554 1760 674 1784 servus
684 1748 821 1784 furtum
840 1748 927 1783 mihi
945 1748 1082 1791 fecerit,
1104 1759 1165 1793 qul
1184 1752 1312 1793 postea

221 1797 259 1832 in
277 1806 395 1831 meum
414 1795 608 1830 dominium
626 1794 834 1838 pervenerit,
861 1793 1079 1838 extinguitur
1095 1792 1185 1828 furti
1203 1793 1309 1835 actio,

223 1851 314 1887 quae
337 1840 421 1875 mihi
446 1850 525 1875 com
552 1839 688 1881 etierat‚
712 1838 870 1874 nondum
893 1839 930 1873 in
953 1838 1122 1873 iudicium
1146 1838 1310 1880 deducta,

222 1896 289 1922 nec
313 1885 343 1921 si
365 1889 492 1930 postea
515 1895 536 1919 a
552 1884 714 1920 ’enavero
739 1894 838 1924 eum,
872 1893 974 1928 quem
999 1887 1083 1918 ante
1105 1883 1202 1918 litem
1226 1893 1310 1918 con-

221 1934 391 1966 testatam
415 1939 587 1972 emeram,
621 1928 707 1964 furti
731 1928 824 1964 actio
847 1928 1128 1963 restaurabitur:
1162 1927 1258 1974 quod
1282 1928 1312 1963 si

222 1979 307 2021 post
325 1975 423 2010 litem
443 1978 680 2010 contestatam
700 1984 781 2009 eum
800 1973 996 2016 redemero,
1022 1973 1311 2009 condemnandus

224 2021 292 2056 erit
313 2020 488 2062 venditor,

270 2062 323 2103 38
355 2064 549 2100 ULPIANUS
569 2064 660 2099 libro
685 2064 895 2110 triqensimo
918 2063 1070 2109 septimo
1091 2063 1142 2098 ad
1158 2063 1310 2098 edictum

223 2108 519 2156 quemadmodum
543 2109 573 2144 si
597 2109 656 2143 alii
678 2108 910 2143 vendidisset:
943 2108 1044 2153 parvi
1075 2108 1169 2142 enim
1191 2107 1310 2149 refert,

225 2155 282 2191 cui
305 2154 519 2196 vendiderit,
545 2153 747 2189 adversario
772 2163 818 2187 an
842 2153 919 2187 alii:
953 2163 1089 2198 suaque
1113 2153 1219 2198 culpa
1240 2153 1311 2187 litis

225 2199 505 2235 aestimationem
529 2199 762 2240 sublaturum,
788 2198 848 2242 qui
868 2197 1053 2233 vendendo
1076 2207 1193 2232 noxae
1212 2197 1310 2232 dedi·

227 2248 240 2279 1
291 2245 424 2280 tionem
447 2244 515 2278 sibi
538 2243 678 2278 ademit.
727 2243 886 2278 Iulianus
918 2246 1037 2278 autem
1070 2242 1161 2277 libro
1192 2242 1310 2277 vicen-

225 2290 312 2325 simo
337 2289 495 2324 secundo
519 2288 736 2333 digestorum
759 2287 902 2330 scribit,
936 2288 966 2322 si
997 2297 1137 2322 servum
1159 2297 1225 2332 pro
1251 2287 1311 2322 de-

224 2335 373 2370 relicto³
395 2334 559 2375 habeam,
585 2334 644 2378 qui
666 2333 732 2367 tibi
755 2332 891 2367 furtum
913 2332 1061 2375 fecerat,
1085 2332 1230 2367 liberari
1244 2341 1312 2374 me,

225 2380 309 2425 quia
332 2379 454 2414 statim
477 2389 576 2414 meus
601 2389 678 2413 esse
703 2377 850 2420 desinit,
883 2388 928 2413 ne
959 2377 1035 2412 eius
1058 2377 1218 2419 nomine,
1251 2377 1313 2422 qui

225 2427 245 2459 2
292 2425 369 2459 sine
392 2423 532 2459 domino
557 2424 622 2465 sit,
654 2423 741 2457 furti
773 2423 820 2458 sit
850 2423 955 2457 actio.
1005 2421 1043 2457 Si
1066 2432 1190 2457 servus
1213 2432 1313 2456 meus

225 2480 299 2504 rcm
334 2473 431 2504 tuam
464 2468 683 2503 subtraxerit
715 2472 751 2502 et
784 2467 982 2503 vendiderit
1011 2471 1122 2512 tuque
1150 2477 1312 2502 nummos

226 2524 315 2559 quos
340 2523 384 2548 ex
432 2514 521 2548 retio
545 2513 703 2548 habebat
726 2512 759 2548 ei
783 2512 992 2554 excusseris,
1016 2512 1116 2547 locus
1141 2512 1207 2546 erit
1229 2512 1315 2546 furti

226 2558 359 2593 actioni
381 2569 405 2593 u
419 2562 474 2592 tro
499 2558 676 2603 citroque:
702 2567 785 2592 nam
809 2562 845 2592 et
867 2561 907 2592 tu
931 2557 1101 2592 adversus
1125 2557 1204 2592 me⁴
1228 2556 1315 2592 furti

227 2613 309 2648 ages
334 2603 453 2638 noxali
477 2603 566 2638 servi
589 2603 730 2638 nomine
754 2606 790 2638 et
813 2612 877 2647 ego
902 2602 1071 2637 adversus
1094 2605 1131 2637 te
1154 2612 1314 2637 nummo—

228 2651 248 2681 3
294 2658 374 2682 rum
387 2647 537 2682 nomine.
586 2648 656 2683 Sed
669 2652 704 2683 et
717 2647 747 2682 si
759 2658 861 2682 servo
875 2647 1060 2682 creditoris
1071 2646 1140 2682 mei
1152 2647 1315 2682 solverim

229 2702 401 2733 nummos,
424 2696 465 2726 ut
487 2693 517 2727 is
542 2702 602 2728 eos
627 2692 769 2728 domino
794 2702 859 2728 suo
884 2692 962 2734 det,
987 2701 1100 2737 aeque
1123 2691 1224 2729 locus
1249 2692 1316 2727 erit

226 2737 314 2772 furti
337 2737 480 2778 actioni,
506 2738 534 2771 si
557 2738 587 2772 is
611 2747 773 2772 nummos
798 2741 966 2782 acceptos
990 2736 1230 2782 interceperit.

215 226 296 261 nius

219 281 281 307 sus

230 2851 269 2889 (ι)
293 2847 351 2881 ubi
366 2849 405 2881 de
420 2849 549 2882 familia
561 2860 645 2891 quae
658 2850 785 2883 furtum
797 2850 880 2883 fecit
900 2850 1085 2892 quaeritur,
1106 2850 1263 2882 Iulianus
1277 2850 1318 2892 (ἲ)

229 2896 329 2937 putat
338 2894 390 2927 vel
399 2895 521 2927 similia
532 2896 702 2929 secundum
717 2896 752 2929 B
765 2896 826 2930 im.
897 2898 939 2935 (2)
954 2895 1100 2927 debitori
1113 2895 1147 2928 F
1209 2898 1252 2937 (3)
1265 2894 1321 2927 de-

1302 94 1382 144 136

1368 2850 1451 2882 licto
1462 2850 1498 2882 F

1822 113 1884 143 DE
1912 112 2168 145 NOXALIBUS
2196 111 2464 147 AGHONIBUS

1421 218 1475 258 39
1499 220 1524 256 Ι
1527 230 1693 257 υιιᾼισσε
1720 221 1812 258 libro
1844 233 1940 258 nono
1971 222 2190 269 diqestorum
2237 223 2276 258 Si
2307 223 2462 268 plurium

1375 276 1496 301 servus
1528 265 1663 301 furtum
1695 266 1822 302 fecerit
1853 270 1889 302 et
1919 277 2042 303 omnes
2073 267 2155 303 dolo
2184 267 2356 311 fecerint,
2415 279 2463 304 uo

1375 311 1491 346 minus
1527 321 1608 363 eum
1641 311 1679 346 in
1713 315 1891 364 potestate
1923 312 2116 355 haberent,
2151 312 2323 358 subsequi
2359 313 2403 348 de
2430 317 2465 348 et

1375 359 1520 401 praetor
1550 356 1636 391 iuris
1669 356 1779 392 civilis
1810 357 2010 392 actionem⁵
2042 360 2078 391 et
2107 356 2277 392 iudicium
2308 357 2463 394 honora—

1376 400 1486 443 rium,
1520 400 1616 446 quod
1639 411 1684 436 ex
1705 401 1774 436 hac
1807 412 1917 437 causa
1948 402 2154 447 pollicetur,
2184 402 2223 437 in
2254 412 2336 437 eum
2367 402 2465 445 dare,

1376 456 1480 491 quem
1505 449 1606 481 actor
1637 446 1798 490 elegerit:
1830 457 1944 492 neque
1976 447 2069 482 enim
2099 456 2157 482 am
2182 446 2250 482 lius
2282 451 2467 492 praestare

1378 490 1492 542 actori
1516 490 1633 533 debet,
1658 501 1762 535 quam
1785 494 1827 526 ut
1845 491 2006 527 detracta
2026 502 2142 527 noxae
2157 457 2341 527 {editione
2362 502 2468 538 agere

1377 538 1491 580 possit
1514 546 1595 571 cum
1619 546 1679 578 eo,
1704 546 1785 571 cum
1809 537 1905 581 quo⁶
1928 537 2048 572 noxali
2071 536 2201 572 iudicio
2227 537 2378 581 experiri
2401 548 2464 582 po-

1383 583 1396 615 1
1445 580 1584 623 tuisset‚
1605 580 1636 616 si
1655 590 1776 616 servus
1790 581 2026 616 exhiberetur.
2063 581 2131 633 Qui
2151 581 2306 616 alienum
2326 591 2466 617 servum

1378 635 1482 660 suum
1506 635 1586 677 esse
1607 624 1761 668 fatetur,
1787 626 1945 671 quamvis
1969 626 2090 661 noxah
2113 626 2255 662 actione
2280 626 2467 679 obligetur,

1378 670 1488 705 nihilo
1512 680 1627 705 minus
1652 680 1762 706 causa
1786 671 1927 716 cognita
1951 670 2124 706 satisdare
2156 670 2278 706 debet:
2334 682 2371 706 ιιι
2401 682 2465 706 au-

1379 719 1450 750 tem
1462 725 1529 760 pro
1550 724 1652 750 servo
1676 715 1894 758 convenitur,
1918 715 2151 751 satisdatione
2170 726 2305 751 oneran
2331 726 2374 751 us
2394 727 2467 751 non

1379 762 1399 795 2
1448 762 1521 795 estz
1546 771 1619 796 non
1644 760 1736 795 enim
1760 760 1866 796 offert
1888 771 1927 796 se
1951 760 2149 796 defensioni
2171 760 2275 796 alieni
2292 761 2393 796 servi.
2430 760 2467 796 Si

1379 804 1458 849 quis
1482 804 1578 840 dicet
1601 804 1781 840 dominum
1798 805 1879 841 dolo
1899 805 2039 848 fecisse,
2065 816 2134 850 quo
2154 805 2271 840 minus
2290 805 2327 840 in
2345 809 2465 851 potes·

1379 853 1454 885 tate
1478 849 1553 885 eius
1578 860 1700 885 servus
1725 854 1830 893 esset,
1853 850 1912 886 ille
1936 854 2055 885 autem
2079 850 2273 886 contendat
2296 861 2376 885 eum
2392 861 2466 886 ser-

1379 905 1461 930 vum
1485 895 1531 930 ab
1556 894 1625 931 alio
1651 895 1793 930 defendi
1817 906 1897 930 cum
1922 895 2171 938 satisdatione,
2204 895 2276 930 doli
2298 895 2382 930 mali
2406 906 2466 930 ex-

1379 942 1400 975 3
1449 939 1604 985 ceptioni
1633 939 1734 975 locus
1767 940 1843 975 erit.
1894 940 1964 975 Sed
1996 944 2031 975 et
2054 940 2085 975 si
2107 943 2190 985 post
2212 939 2382 975 iudicium
2405 950 2466 975 ac-

1381 994 1422 1019 ce
1447 987 1523 1019 tum
1547 995 1629 1020 cum
1652 984 1794 1020 domino
1819 996 1942 1021 servus
1966 985 2173 1030 apparuerit
2196 988 2248 1026 et,
2281 985 2366 1030 quia
2394 995 2467 1020 non

1381 1029 1424 1064 de
1442 1029 1651 1072 cudebatur,
1677 1029 1806 1065 ductus
1832 1031 1889 1072 sit,
1913 1030 2124 1075 exceptione
2149 1030 2220 1064 doli
2244 1030 2327 1064 mali
2350 1030 2469 1075 posita

1381 1078 1401 1108 4
1449 1073 1614 1110 dominus
1638 1075 1852 1110 absolvetur.
1902 1075 1971 1110 Sed
2004 1079 2039 1110 et
2069 1079 2209 1110 mortuo
2242 1085 2342 1110 servo
2367 1079 2467 1109 ante-

1381 1129 1486 1164 quam
1510 1119 1678 1154 iudicium
1701 1120 1916 1165 accipiatur,
1949 1120 2091 1155 omnino
2124 1119 2193 1155 hac
2224 1119 2366 1154 actione
2397 1130 2468 1154 non

1380 1164 1561 1199 tenebitur
1584 1164 1756 1200 dominus.

1427 1207 1480 1247 40
1505 1209 1613 1244 IDEM
1640 1209 1730 1245 libro
1762 1210 1952 1245 vicensimo
1983 1209 2140 1245 secundo
2164 1209 2382 1256 diqestorum
2432 1208 2470 1244 si

1381 1265 1503 1289 servus
1535 1255 1672 1299 legatus
1705 1258 1789 1290 ante
1819 1254 1953 1289 aditam
1976 1254 2208 1289 hereditatem
2231 1263 2306 1288 rem
2329 1253 2469 1289 heredis

1379 1299 1492 1334 futuri
1515 1299 1751 1341 subtraxerit,
1783 1299 1915 1345 poterit
1937 1300 1968 1334 is
1993 1310 2073 1335 cum
2095 1299 2108 1334 l
2151 1299 2264 1334 atario
2289 1298 2348 1343 qui
2374 1299 2467 1343 lega-

1379 1349 1456 1379 tum
1480 1344 1661 1389 agnoverit
1683 1344 1771 1379 furti
1794 1354 1916 1389 agere:
1950 1343 2011 1379 sed
2043 1344 2074 1379 si
2104 1343 2116 1379 i
2142 1354 2198 1379 em
2220 1354 2343 1379 servus
2366 1345 2467 1378 here-

1381 1389 1546 1424 ditariam
1570 1400 1644 1424 rem
1669 1389 1903 1431 subtraxerit,
1934 1389 2019 1424 furti
2051 1389 2146 1424 actio
2179 1388 2354 1431 cessabit,
2386 1389 2470 1434 quia

1381 1433 1582 1470 huiusmodi
1605 1444 1723 1469 rerum
1746 1434 1883 1469 furtum
1906 1444 1979 1469 non
1997 1433 2055 1468 fit:
2081 1433 2127 1468 ad
2147 1433 2384 1469 exhibendum
2404 1444 2467 1468 au-

1381 1483 1452 1514 tem
1477 1480 1570 1515 actio
1597 1479 1776 1524 competit.

1427 1523 1477 1561 41
1505 1524 1613 1559 IDEM
1632 1524 1722 1560 libro
1745 1524 1902 1560 secundo
1923 1523 1973 1558 ad
1994 1522 2153 1559 Urseium
2174 1523 2343 1559 Ferocem
2379 1522 2467 1558 Cum

1381 1579 1502 1604 servus
1535 1569 1729 1604 communis
1762 1569 1863 1604 alteri
1899 1568 2119 1604 dominorum
2150 1567 2318 1603 damnum
2339 1567 2470 1603 iniuria

1382 1613 1498 1656 dedit,
1530 1614 1664 1649 idcirco
1688 1614 1775 1659 legis
1798 1615 1831 1648 A
1856 1613 1962 1648 uiliae
1985 1613 2079 1648 actio
2104 1623 2176 1648 non
2199 1617 2271 1655 est,
2305 1613 2405 1658 quia,
2438 1613 2468 1648 si

1381 1663 1550 1694 extraneo
1583 1659 1751 1694 damnum
1783 1659 1826 1694 de
1851 1659 1954 1700 isset,
1991 1669 2071 1693 cum
2103 1658 2214 1692 altero
2245 1658 2282 1692 in
2316 1657 2467 1693 solidum

1380 1704 1456 1749 lege
1478 1704 1622 1749 Aquilia
1641 1705 1697 1748 agi
1717 1708 1856 1749 posset:
1882 1703 1999 1746 sicuti,
2030 1714 2110 1738 cum
2131 1713 2251 1738 servus
2273 1702 2468 1738 communis

1379 1749 1515 1784 furtum
1538 1749 1675 1791 fecerit,
1701 1760 1781 1784 cum
1804 1749 1914 1784 altero
1941 1748 2080 1783 domino
2104 1748 2189 1782 furti
2213 1747 2270 1793 agi
2293 1758 2365 1783 non
2402 1758 2468 1793 po-

1378 1795 1455 1834 test,
1472 1794 1534 1829 sed
1559 1795 1737 1829 communi
1761 1793 1950 1829 dividundo
1976 1793 2032 1838 agi
2054 1797 2184 1838 potest.

1427 1837 1480 1875 42
1513 1839 1707 1874 ULPJANUS
1727 1839 1819 1875 libro
1843 1839 2050 1884 trzssqensimo
2073 1838 2222 1891 septimo
2246 1837 2295 1872 ad
2315 1837 2467 1873 edietum

1381 1884 1419 1919 Si
1439 1885 1485 1918 ad
1505 1884 1704 1919 libertatem
1724 1883 1996 1929 proclamaverit
2015 1883 2046 1918 is
2068 1893 2169 1918 culus
2187 1882 2329 1918 nomine
2341 1882 2470 1918 noxale

1381 1929 1550 1964 iudicium
1574 1932 1782 1974 susceptum
1805 1933 1879 1971 est,
1911 1928 2079 1963 sustineri
2102 1927 2207 1963 debet
2228 1927 2266 1962 id
2288 1927 2468 1968 iudicium,

1382 1974 1500 2019 quoad
1524 1973 1568 2009 de
1592 1977 1689 2009 statu
1713 1974 1788 2009 eius
1812 1973 2006 2009 iudicetur:
2032 1976 2068 2008 et
2091 1973 2153 2015 sic,
2179 1972 2210 2007 si
2233 1971 2373 2017 quidem
2394 1982 2467 2007 ser-

1381 2029 1446 2054 vus
1469 2019 1578 2054 fuerit
1600 2019 1865 2064 pronuntiatus,
1889 2018 2018 2053 noxale
2040 2017 2208 2053 iudicium
2233 2017 2467 2058 exercebitur,

1385 2068 1398 2098 1
1449 2064 1480 2099 si
1502 2063 1604 2106 liber,
1629 2064 1754 2099 inutile
1776 2063 1962 2099 videbitur.
2009 2063 2047 2097 Si
2071 2063 2150 2108 quis
2168 2072 2233 2115 pro
2253 2071 2353 2097 servo
2374 2072 2467 2097 mor-

1381 2113 1443 2144 tuo
1476 2109 1643 2154 ignorans
1675 2119 1754 2144 eum
1789 2108 1983 2144 decessisse
2014 2107 2143 2143 noxale
2172 2106 2342 2142 iudicium
2365 2116 2467 2142 acce·

1381 2153 1493 2199 perit,
1525 2154 1661 2189 absolvi
1685 2154 1809 2195 debet,
1842 2154 1926 2199 quia
1950 2153 2054 2187 desiit
2076 2162 2197 2187 verum
2220 2161 2299 2187 esse
2321 2155 2470 2197 propter

1383 2202 1402 2233 2
1450 2209 1532 2234 eum
1555 2198 1641 2233 dare
1665 2209 1686 2234 o
1715 2203 1843 2234 ortere.
1890 2198 1968 2233 Hae
1992 2197 2151 2232 actiones
2174 2200 2371 2242 perpetuae
2386 2202 2469 2231 sunt

1381 2244 1570 2288 locumque
1593 2210 1776 2279 habegunt
1798 2242 1952 2284 tamdiu,
1984 2242 2152 2287 quamdiu
2177 2241 2268 2277 servi
2292 2240 2467 2276 dedendi⁷

1375 2287 1589 2323 vfacultatem
1611 2288 1801 2323 habemus:
1827 2297 1893 2322 nec
1917 2291 2055 2322 tantum
2078 2286 2192 2328 nobis,
2215 2296 2338 2321 verum
2362 2286 2467 2321 etiam

1382 2333 1649 2368 successoribus
1673 2333 1803 2368 nostris
1828 2336 2046 2376 competent,
2079 2332 2162 2366 item
2193 2330 2362 2366 adversus
2386 2341 2467 2366 suc-

1382 2387 1553 2419 cessores,
1580 2377 1639 2411 sed
1650 2388 1718 2412 non
1729 2376 1872 2422 quasiin
1885 2386 2111 2421 successores,
2133 2375 2196 2410 sed
2216 2376 2292 2411 iure
2311 2375 2465 2411 dominii.

1381 2422 1530 2475 proinde
1554 2426 1590 2457 et
1613 2423 1643 2457 si
1667 2432 1788 2458 servus
1813 2423 1859 2457 ad
1882 2423 1989 2457 alium
2012 2421 2215 2466 pervenisse
2237 2425 2468 2466 proponatur,

1381 2477 1459 2502 iure
1493 2467 1638 2502 dominii
1674 2467 1794 2502 noxali
1828 2467 1958 2502 iudicio
1994 2476 2106 2501 novus
2140 2465 2304 2501 dominus
2341 2475 2467 2500 conve-

1382 2512 1509 2547 nietur.

1429 2555 1481 2594 43
1518 2556 1749 2592 POMPONIUS
1786 2556 1878 2592 libro
1913 2560 2037 2591 octavo
2072 2555 2307 2602 epistularum
2356 2554 2467 2591 Servi.

1384 2613 1534 2682 quorum
1555 2612 1650 2638 noxa
1670 2605 1779 2646 caput
1797 2601 1966 2654 sequitur,
1985 2600 2035 2635 ibi
2054 2599 2266 2635 defendendi
2286 2605 2379 2639 sunt,
2407 2599 2467 2634 ubi

1409 2647 1574 2692 eliquisse
1605 2650 1815 2692 arguentur:
1848 2650 1970 2691 itaque
1999 2655 2118 2680 servos
2150 2645 2312 2680 dominus
2344 2644 2467 2680 eodem

1383 2692 1463 2728 loco
1477 2692 1643 2727 exhibere
1663 2691 1779 2733 debet,
1800 2691 1862 2726 ubi
1873 2691 1941 2725 vim
1952 2690 2113 2725 intulisse
2125 2689 2287 2724 dicentur
2298 2693 2335 2724 et
2346 2698 2469 2725 carere

1384 2737 1540 2772 omnium
1564 2736 1718 2772 dominio
1742 2740 1870 2781 potest,
1896 2735 1926 2770 si
1950 2745 2011 2770 eos
2034 2745 2106 2769 non
2130 2733 2308 2770 defendat.

1607 2852 1649 2891 (4)
1675 2861 1692 2882 c
1706 2851 1739 2883 F

1393 2897 1435 2937 (7)
1461 2894 1581 2927 edendi
1594 2895 1629 2928 F

1847 2851 1890 2888 (5)
1915 2847 2050 2880 actione
2065 2848 2097 2880 F
2219 2851 2262 2889 (⁶)
2288 2857 2354 2889 quo
2368 2859 2426 2880 om.
2440 2846 2469 2880 F
