2528 3918
190 91 421 137 XXXXVI
450 94 538 136 23

192 221 208 254 1
257 215 348 253 alios
357 242 366 259 ‚

210 263 219 270 ⁶
399 215 460 270 qui
483 214 666 268 voluntate
687 217 812 251 nostra
834 213 1065 261 stipulantur.
1112 214 1275 260 Pupillus

190 272 266 298 sine
302 265 432 298 tutoris
467 264 682 296 auctoritate
719 270 793 297 non

834 265 954 313 potest
987 269 1136 295 novare:
1179 262 1278 295 tutor

190 310 328 353 potest,
367 306 399 342 si
437 306 506 341 hoc
544 306 681 351 pupillo
716 305 901 352 expediatz
941 305 1027 341 item
1063 308 1278 350 procurator

190 351 348 388 omnium
370 351 556 387 bonorum.
889 358 895 367 ¹

236 394 286 434 21
316 395 544 432 Poupomvs
572 395 663 432 libro
682 396 812 449 primo
843 406 892 431 ex
922 395 1068 446 Plautio
1115 393 1154 429 Si
1177 393 1275 429 debi-

190 445 306 477 torem
328 451 447 476 meum
464 441 602 477 iussero
625 441 692 477 tibi
710 441 856 483 solvere,
882 451 954 476 non
973 443 1093 475 statim
1111 443 1153 474 tu
1171 439 1277 474 etiam

191 486 396 540 stipulando
416 485 453 521 id
473 495 604 522 novare
622 486 751 531 possis,
777 486 936 530 quamvis
954 484 1092 521 debitor
1108 484 1276 520 solvendo

190 532 258 567 tib1
279 531 503 567 liberaretur.

237 573 292 629 22
315 575 475 612 PAULUS
503 575 594 612 libro
618 580 750 656 guaf'm
775 576 911 611 decimo
935 573 985 627 qd
1007 572 1192 609 Plautium
1239 573 1278 609 Si

191 631 296 746 3313OE
302 621 461 709 αέἓξῐῗιῗ,
481 630 555 711 123⁰
567 619 1277 712 aposssatzffiusseliabtupefflfftgzvgstoffi:

266 721 379 747 onem.

191 722 291 794 ga23
324 756 554 792 Poueomvs
591 755 682 791 libro
727 755 832 790 certio
874 765 924 790 ex
964 753 1110 790 Plautio
1164 752 1277 788 Filius

192 801 305 847 patris
329 801 505 837 actionem
527 801 714 846 ignorante
737 810 780 836 eo
803 809 936 835 novare
959 809 1032 834 non
1054 801 1186 844 potest.

239 844 293 883 24
317 848 423 881 loru
451 847 542 883 libro
578 847 705 892 quinto
741 856 791 880 ex
825 845 972 880 Plautio
1018 843 1171 880 Novatio
1206 853 1278 878 non

192 895 312 938 potest
335 891 538 945 contingere
561 901 605 926 ea
628 890 873 943 stipulatione,
904 899 997 934 quae
1020 900 1094 925 non
1117 888 1278 924 commit-

191 937 291 972 titur.
325 946 393 972 nec
414 936 499 971 huic
523 940 741 971 contrarium
764 938 829 977 est,
855 934 961 979 quod,
987 934 1018 970 si
1041 934 1233 979 stipulatus
1256 943 1279 968 a

193 981 288 1017 Titio
312 980 414 1017 fuero
435 981 588 1016 novandi
607 980 724 1016 animo
745 981 814 1016 sub
835 980 1053 1023 condicione,
1101 978 1175 1014 uod
1192 978 1279 1014 mihi

193 1027 423 1073 Sempronius
444 1026 560 1068 debet,
586 1030 622 1061 et
643 1025 822 1071 pendente
845 1025 1053 1061 condicione
1111 1024 1192 1059 ’tius
1216 1023 1277 1059 de-

194 1071 358 1114 cesserit,
391 1071 550 1117 quamvis
580 1074 662 1106 ante
693 1070 827 1106 aditam
850 1069 1084 1106 hereditatem
1115 1068 1278 1105 condicio

191 1117 377 1159 exstiterit,
402 1116 544 1152 novatio
568 1116 686 1151 fieret:
717 1115 777 1151 hic
801 1116 894 1150 enim
917 1118 1031 1151 morte
1078 1114 1278 1150 romissoris

191 1172 265 1198 non
292 1161 511 1207 extinguitur
539 1160 741 1206 stipulatio,
773 1160 837 1196 sed
865 1160 995 1196 transit
1025 1170 1047 1195 a
1101 1159 1277 1203 heredem,

193 1207 295 1243 cuius
317 1217 508 1253 personam
531 1206 672 1241 interim
695 1206 875 1242 hereditas
899 1205 1062 1241 sustinet.

239 1249 292 1289 25
321 1252 466 1288 Cusus
485 1252 578 1287 libro
595 1252 719 1298 primo
743 1251 964 1298 diqescorum
1004 1251 1088 1286 Non
1110 1250 1190 1286 ideo
1213 1260 1277 1286 no-

192 1307 277 1333 vare
313 1301 468 1332 veterem
503 1295 755 1341 obligationem
794 1296 981 1342 quisquam
1012 1299 1110 1331 recte
1146 1298 1277 1340 potest,

192 1342 290 1387 quod
311 1341 490 1377 interdum
512 1347 610 1377 recte
633 1342 666 1377 ei
689 1342 855 1378 solvitur:
887 1351 970 1376 nam
994 1344 1031 1376 et
1051 1341 1126 1383 his,
1159 1341 1218 1386 qui
1241 1340 1279 1374 in

193 1391 318 1423 nostra
335 1390 514 1432 potestate
533 1390 628 1429 sunt,
653 1387 748 1432 quod
769 1387 815 1422 ab
838 1387 894 1422 his
916 1386 1088 1422 creditum
1109 1389 1164 1422 est
1181 1389 1279 1421 recte

192 1432 370 1485 interdum
399 1431 562 1484 solvitur,
596 1442 677 1485 cum
708 1442 811 1468 nemo
837 1442 967 1485 'eorum
997 1442 1063 1477 per
1086 1442 1125 1467 se
1148 1440 1279 1466 novare

194 1477 908 1603 ffigfflffigh,ffgzgsszguggqgggssm
949 1522 986 1557 si
1009 1521 1052 1565 12,
1077 1521 1135 1556 cui
1158 1521 1279 1556 aecem

194 1595 196 1597 .
226 1579 238 1603 1
267 1578 322 1610 us,

192 1617 249 1649 est
272 1623 343 1658 quo

194 1662 383 1703 utrumque
412 1668 486 1693 non
517 1662 587 1700 est,
619 1658 684 1694 sed
714 1658 751 1693 in
780 1661 959 1704 potestate
988 1657 1079 1692 Attii
1109 1660 1181 1700 est,
1213 1667 1279 1701 pro

193 1713 265 1748 quo
293 1703 378 1738 velit
410 1703 545 1739 solvere
576 1706 612 1738 et
642 1713 722 1739 eum
752 1703 916 1739 liberare.
963 1701 1138 1747 fingamus
1162 1706 1280 1737 autem

192 1748 244 1783 ita
266 1752 398 1790 actum,
423 1752 464 1783 ut
483 1748 697 1783 alterutrum
716 1748 834 1784 daret:
859 1758 943 1783 nam
966 1747 1124 1792 alioquin
1143 1751 1279 1783 utrum-

194 1803 264 1839 que
286 1793 479 1839 stipulatus
507 1792 647 1828 videtur
671 1797 707 1829 et
729 1797 920 1838 utrumque
943 1796 1129 1835 novatum,
1161 1793 1192 1828 si
1214 1802 1279 1827 no-

197 1837 300 1874 vandi
323 1838 439 1873 animo
462 1838 532 1874 hoc
554 1837 629 1873 fiat.

240 1881 293 1921 27
319 1882 563 1918 Pammmm
584 1883 674 1919 libro
699 1883 804 1919 tertio
827 1892 1083 1936 responsorum
1130 1881 1282 1926 Emptor

196 1939 276 1965 cum
315 1928 500 1973 delegante
539 1927 723 1964 venditore
790 1937 954 1963 ecumam
993 1927 1045 1962 ita
1087 1927 1279 1972 promittit:

196 1973 380 2019 ‘quidquid
402 1983 447 2008 ex
475 1973 617 2009 vendito
641 1973 727 2009 dare
766 1983 870 2008 acere
894 1972 1057 2018 oportet',
1092 1972 1282 2008 novatione

194 2025 320 2056 secuta
340 2029 469 2054 usuras
494 2019 610 2054 neutri
632 2022 717 2064 post
739 2018 893 2054 insecuti
916 2017 1086 2063 temporis
1111 2017 1228 2053 debet.

240 2061 294 2101 28
330 2063 437 2099 IDEM
475 2064 566 2099 libro
608 2064 766 2099 secundo
811 2063 1059 2108 definitionum
1117 2062 1282 2098 Fundum

195 2108 446 2144 Cornelianum
470 2109 662 2153 stipulatus
687 2108 814 2154 quanti
836 2107 967 2144 fundus
991 2111 1046 2143 est
1069 2111 1195 2153 postea
1218 2108 1281 2143 sti-

194 2154 316 2199 pulor:
342 2153 374 2189 si
396 2164 469 2189 non
491 2153 645 2189 novandi
662 2154 780 2189 animo
801 2153 960 2189 secunda
984 2153 1164 2198 stipulatio
1184 2153 1283 2188 facta

196 2202 261 2241 est,
286 2202 404 2234 cessat
426 2198 586 2234 novatio:
612 2198 770 2234 secunda
791 2209 876 2234 vero
900 2198 1084 2244 stipulatio
1106 2201 1212 2242 tenet,
1238 2208 1282 2233 ex

195 2254 268 2289 qua
302 2254 376 2279 non
405 2243 556 2287 fundus,
598 2243 662 2279 sed
695 2244 851 2289 pecunia
883 2243 1043 2279 debetur.
1096 2243 1217 2288 itaque
1252 2242 1283 2278 si

196 2299 279 2325 reus
309 2288 537 2335 promittendi
567 2288 719 2324 fundum
750 2289 882 2330 solvat,
918 2288 1076 2324 secunda
1099 2288 1281 2333 stipulatio

194 2334 274 2369 iure
296 2344 375 2372 non.
399 2334 553 2376 tollitur,
585 2344 652 2370 nec
676 2334 707 2370 si
734 2334 832 2370 litem
855 2337 956 2369 actor
980 2343 1025 2369 ex
1056 2333 1172 2378 prima
1197 2343 1281 2368 con·

195 2383 358 2415 testetur.
405 2379 558 2424 denique
590 2380 736 2415 meliore
772 2380 829 2414 vel
866 2378 1041 2414 deteriore
1076 2377 1174 2414 facto
1206 2378 1282 2413 sine

196 2425 303 2469 culpa
345 2423 515 2460 debitoris
555 2428 683 2470 postea
722 2424 834 2460 fundo
875 2434 1046 2469 praesens
1082 2423 1282 2459 aestimatio

194 2469 308 2505 fundo
339 2469 450 2515 petito
479 2473 578 2505 recte
608 2469 855 2505 consideretur
867 2471 888 2513 ¹,
921 2469 959 2504 in
988 2469 1102 2504 altera
1131 2479 1216 2504 vero
1239 2478 1283 2505 ea

195 2515 395 2594 aestinzatio
434 2515 548 2558 venit,
587 2525 679 2560 quae
709 2515 888 2551 secundae
922 2513 1164 2559 stipulationis
1193 2517 1282 2550 tem-

223 2570 284 2595 ore
323 2560 385 2595 uit.

195 2571 220 2606 p
243 2602 297 2642 29
330 2604 386 2640 ΡΑ
394 2614 489 2640 ems
527 2604 619 2640 libro
655 2605 821 2641 vicesimo
885 2607 992 2639 uarto
1033 2604 1283 2649 quaestionum

195 2649 314 2685 Aliam
337 2659 483 2685 causam
506 2659 585 2686 esse
607 2649 807 2686 novationis
830 2660 873 2685 vo
888 2648 1067 2691 untariae,
1098 2648 1206 2684 aliam
1227 2648 1281 2684 iu-

197 2695 281 2730 dicii
304 2695 444 2739 accepti
473 2695 586 2730 multa
616 2695 779 2748 exempla
802 2694 1005 2731 ostendunt.
1051 2695 1147 2740 perit
1174 2694 1281 2739 privi-

196 2739 327 2785 legium
350 2739 443 2775 dotis
468 2743 504 2775 et
526 2739 670 2784 tutelae,
696 2750 727 2775 s1
748 2743 833 2786 post
855 2739 1046 2775 divortium
1069 2739 1133 2775 dos
1155 2738 1194 2774 in
1217 2739 1282 2775 sti-

196 2785 417 2830 pulationem
450 2784 648 2820 deducatur
677 2785 734 2821 vel
769 2787 856 2830 post
884 2784 1112 2830 pubertatem
1148 2784 1283 2819 tutelae

197 2829 291 2865 actio
316 2833 475 2872 novetur,
499 2830 531 2865 si
553 2829 590 2865 id
607 2830 810 2876 specialiter
826 2833 947 2865 actum
967 2832 1038 2864 est:
1064 2828 1160 2874 quod
1177 2839 1281 2865 nemo

150 2902 153 2905 ,
198 2873 288 2909 dixit
309 2874 372 2910 lite
396 2878 615 2910 contestata:
648 2884 764 2920 neque
786 2875 879 2911 enim
903 2874 1113 2910 deteriorem
1136 2884 1282 2909 causam

197 2922 357 2955 nostram
381 2919 533 2955 facimus
557 2920 734 2956 actionem
758 2923 979 2963 exercentes,
1005 2918 1068 2955 sed
1089 2919 1280 2962 meliorem,

198 2969 240 2999 ut
269 2964 362 3000 solet
390 2964 460 2999 dici
489 2965 528 3000 in
557 2965 613 3000 his
646 2964 865 3008 actionibus,
905 2974 996 3009 quae
1031 2968 1191 3010 tempore
1227 2964 1282 3000 vel

198 3013 313 3045 morte
335 3009 430 3044 finiri
453 3014 615 3054 possunt.

244 3051 298 3092 30
330 3053 437 3090 Ios-u
464 3054 554 3090 libro
584 3056 709 3100 quinto
738 3064 995 3101 responsorum
1041 3053 1176 3089 Paulus
1206 3063 1282 3090 res-

197 3098 338 3180 ssondit,
362 3099 393 3134 si
417 3099 571 3135 creditor
590 3109 612 3134 a
632 3099 840 3145 Sempronio
860 3099 1014 3135 novandi
1031 3099 1148 3134 animo
1169 3099 1281 3144 stipu-

234 3148 292 3180 tus
316 3148 412 3180 esset
432 3144 501 3189 ita,
533 3147 574 3179 ut
596 3154 619 3179 a
642 3145 757 3189 prima
780 3144 996 3190 obligatione
1018 3144 1056 3179 iu
1080 3143 1282 3180 universum

198 3189 457 3232 discederetur,
488 3199 632 3225 rursum
663 3189 804 3225 easdem
828 3199 885 3224 res
909 3199 933 3224 a
962 3188 1160 3235 posteriore
1183 3189 1281 3225 debi-

198 3238 277 3270 tore
301 3234 377 3270 sine
400 3244 575 3270 consensu
604 3234 735 3279 prioris
759 3233 910 3279 obligari
933 3244 1006 3269 non
1026 3244 1144 3279 posse.

245 3276 295 3317 31
333 3279 559 3315 Varamos
585 3278 676 3314 libro
700 3280 804 3314 tertio
827 3280 876 3314 sti
900 3279 1100 3314 ulationum
1147 3278 1185 3314 Si
1206 3289 1282 3315 rem

198 3324 353 3370 aliquam
384 3324 463 3360 dari
501 3324 549 3360 sti
575 3324 694 3359 ulatus
733 3334 827 3366 sum,
891 3323 995 3359 einde
1033 3323 1182 3359 eandem
1213 3324 1281 3360 sub

200 3368 408 3405 condicione
431 3379 548 3404 novan
576 3369 583 3376 “
604 3368 722 3404 animo
746 3369 793 3404 ab
812 3368 935 3404 eodem
954 3369 1113 3415 stipuler,
1137 3379 1281 3405 manere

199 3418 342 3467 oportet
370 3423 445 3449 rem
473 3414 510 3449 in
540 3414 648 3450 rebus
678 3413 862 3457 humanis,
893 3417 935 3448 ut
969 3414 1150 3449 novationi
1178 3414 1280 3450 locus

197 3463 256 3501 sit,
280 3459 349 3495 nisi
365 3459 398 3495 si
415 3468 480 3504 per
499 3458 751 3504 promissorem
767 3458 915 3501 steterit,
940 3469 1010 3504 quo
1030 3458 1147 3494 minus
1167 3458 1279 3495 daret.

197 3502 349 3549 ideoque
379 3503 412 3541 si
444 3503 622 3540 hominem
658 3502 746 3539 mihi
782 3502 868 3539 dare
902 3506 939 3539 te
980 3507 1144 3550 oporteat
1179 3507 1217 3539 et
1242 3503 1281 3539 in

370 1567 547 1603 uindecim
570 1567 672 1603 Seius
697 1567 867 1611 debebat,
893 1567 939 1602 ab
963 1567 1062 1602 Attio
1086 1566 1279 1612 stipulatus

390 1612 449 1648 ille
466 1616 531 1647 aut
553 1613 649 1658 quod
667 1613 728 1648 ille
747 1613 885 1656 debeat,
911 1612 989 1647 dari
1007 1612 1086 1654 sibi,
1111 1615 1279 1647 novatum

198 3618 239 3657 (ll
263 3614 469 3650 desideratur
486 3629 550 3651 scr.

199 3663 243 3702 (3)
267 3661 431 3695 remiserit
447 3674 510 3695 scr.

244 3709 287 3743 (ι)
312 3706 394 3740 Sao.
413 3713 490 3741 ime.
511 3714 539 3740 ο.
561 3714 669 3746 7...5o;
698 3705 763 3740 Ed.
785 3713 813 3740 4.
833 3710 861 3740 ο.
883 3711 1005 3744 sin-⁸73
1037 3705 1124 3748 App.
1147 3711 1276 3743 ss...ea;

653 3617 696 3657 (2)
719 3616 754 3650 et
772 3613 837 3649 sibi
855 3616 889 3649 et
906 3613 1005 3648 alteri
1023 3614 1196 3649 debentem
1216 3616 1277 3650 ins.

1261 87 1348 138 746

1466 0 1579 119 ,ἶ

2008 106 2071 139 DE
2099 104 2423 141 somnonmns

1342 223 1453 265 mora·
1473 213 1601 259 fueris,
1633 224 1704 260 quo
1734 214 1850 251 minus
1882 214 2006 259 dares,
2036 216 2145 253 etiam
2181 216 2349 254 defuncto
2381 228 2423 255 eo

1343 262 1491 294 teneris:
1524 263 1560 294 et
1582 259 1630 302 si,
1664 260 1871 305 priusquam
1894 260 2100 306 decederet,
2130 272 2211 298 cum
2233 262 2304 298 iam
2326 273 2425 299 mora

1343 302 1442 339 facta
1476 303 1541 348 sit,
1576 304 1726 340 eundem
1761 315 1784 340 a
1817 309 1854 341 te
1887 306 1954 342 sub
1990 306 2198 343 condicione
2232 307 2425 353 stipulatus

1342 348 1446 383 fuero
1476 351 1512 383 et
1543 359 1664 385 servus
1698 354 1825 396 postea
1857 350 2065 394 decesserit,
2105 350 2233 387 deinde
2264 352 2426 388 condicio

1344 394 1537 437 exstiterit,
1569 404 1649 429 cum
1678 395 1750 430 iam
1782 406 1827 431 ex
1857 396 2030 449 stipulatu
2063 396 2238 441 obligatus
2267 406 2306 433 es
2329 397 2427 439 mihi,

1349 442 1361 472 1
1412 438 1555 474 novatio
1587 449 1727 484 quoque
1756 440 1829 476 fiet.
1877 441 1915 477 S1
1939 441 2010 477 duo
2040 441 2092 477 rei
2122 441 2315 487 stipulandi
2345 442 2426 484 sint,

1345 493 1393 518 an
1416 483 1506 535 alter
1528 484 1585 519 ius
1608 484 1762 520 novandi
1784 485 1933 528 habeat,
1990 487 2148 522 uaeritur
2170 490 2207 522 et
2235 486 2319 531 quid
2341 486 2428 523 iuris

1345 538 1589 580 unusquisque
1613 529 1680 564 sibi
1703 529 1920 575 adquisierit.
1979 541 2038 567 ere
2062 534 2181 566 autem
2205 531 2370 567 convenit
2392 535 2428 567 et

1345 584 1407 608 um
1437 577 1535 609 recte
1572 573 1659 609 solvi
1696 578 1734 610 et
1760 586 1869 611 unum
1905 575 2074 611 iudicium
2109 579 2287 622 petentem
2317 580 2429 612 totam

1345 628 1418 653 rem
1450 617 1488 671 in
1522 619 1621 671 litem
1661 618 1854 663 deducere,
1890 619 1976 656 item
2010 622 2116 656 unius
2157 621 2429 666 acceptilatione

1344 672 1479 709 peremi
1507 668 1670 708 utrlsque
1701 665 1747 700 ob
1764 664 1772 672 '
1819 665 1966 701 tionem:
2009 676 2054 702 ex
2089 666 2217 711 quibus
2254 666 2430 711 colligitur

1345 718 1630 753 unumquemque
1667 709 1766 754 perin
1794 720 1813 744 e
1843 709 1912 745 sibi
1942 710 2156 756 adquisisse,
2196 721 2239 746 ac
2270 711 2302 746 si
2331 711 2429 747 solus

1346 753 1539 798 stipulatus
1571 757 1681 797 esset,
1713 758 1863 799 excepto
1892 765 1935 790 eo
1967 756 2061 801 quod
2086 756 2191 791 etiam
2219 755 2317 791 facto
2342 755 2429 798 eius,

1347 809 1427 851 cnm
1457 809 1527 843 quo
1559 809 1744 835 commune
1767 799 1822 835 ius
1851 800 2056 846 stipulantis
2080 805 2150 843 est,
2184 800 2347 837 amittere
2370 800 2430 836 de·

1347 844 1497 879 bitorem
1530 847 1661 889 potest.
1710 844 1906 880 secundum
1937 855 2028 890 quae
2058 846 2090 881 si
2119 856 2213 882 unus
2242 846 2289 882 ab
2312 845 2431 891 aliquo

1347 889 1555 934 stipuletur,
1587 890 1776 925 novatione
1800 900 1940 935 quoque
1971 891 2123 927 liberare
2145 901 2227 927 eum
2249 891 2295 926 ab
2319 891 2431 926 altero

1347 934 1497 978 poterit,
1534 945 1615 970 cum
1638 934 1675 970 id
1699 935 1900 988 specialiter
1923 936 2012 980 agit,
2044 946 2087 972 eo
2110 936 2220 981 magis
2245 946 2327 971 cum
2350 945 2429 971 eam

1347 979 1614 1024 stipulationem
1658 980 1806 1015 similem
1843 990 1922 1016 esse
1966 981 2136 1016 solutioni
2178 980 2427 1017 existimemus.

1347 1024 1507 1069 alioquin
1531 1024 1616 1070 quid
1641 1024 1816 1068 dicemus,
1850 1025 1881 1060 si
1905 1036 1998 1061 unus
2028 1026 2242 1071 delegaverit
2264 1025 2432 1062 creditori

1347 1079 1412 1105 suo
1452 1080 1673 1106 communem
1710 1070 1907 1106 debitorem
1941 1070 2044 1115 isque
2080 1072 2127 1107 ab
2166 1081 2208 1107 eo
2240 1071 2432 1116 stipulatus

1346 1114 1481 1150 fuerit?
1528 1119 1592 1150 aut
1614 1115 1740 1151 mulier
1763 1115 1939 1150 fundum²
1959 1115 2103 1152 iusserit
2126 1116 2202 1152 doti
2222 1115 2431 1169 promittere

1347 1160 1441 1200 viro,
1476 1160 1531 1195 vel
1562 1164 1720 1206 nuptura
1749 1160 1818 1213 ipsi
1850 1160 1926 1196 doti
1949 1171 2031 1196 eum
2052 1161 2304 1207 promisent³?
2348 1171 2431 1197 nam

1347 1205 1488 1240 debitor
1510 1206 1556 1241 ab
1580 1210 1733 1250 utroque
1755 1205 1978 1241 hberabitur.

1393 1248 1448 1288 32
1471 1249 1631 1286 ΡΑυιυε
1658 1251 1751 1286 libro
1772 1252 1897 1297 primo
1928 1252 1978 1286 ad
2008 1251 2197 1287 Neratium
2243 1251 2296 1287 Te
2318 1251 2431 1287 homi-

1348 1306 1429 1331 nem
1452 1298 1488 1331 et
1511 1295 1630 1331 Seium
1654 1295 1777 1331 decem
1800 1295 1887 1331 mihi
1910 1296 1997 1332 dare
2019 1300 2178 1341 oportet:
2210 1296 2364 1350 stipulor
2386 1296 2433 1332 ab

1347 1341 1461 1377 altero
1493 1341 1647 1377 novandi
1681 1351 1791 1376 causa
1821 1341 1888 1376 ita:
1923 1341 2030 1387 ‘quod
2059 1345 2095 1378 te
2117 1345 2182 1381 aut
2203 1341 2324 1378 Seium
2347 1341 2433 1377 dare

1349 1386 1530 1431 ‘oportet':
1563 1390 1753 1432 utrumque
1775 1390 1937 1422 novatur.
1984 1386 2158 1422 Panes:
2188 1386 2325 1431 merito,
2349 1387 2433 1432 quia

1347 1435 1538 1475 utrumque
1560 1431 1597 1466 in
1620 1431 1854 1476 posteriorem
1877 1431 2066 1467 deducitur
2089 1431 2365 1477 stipulationem.

1393 1475 1446 1514 33
1474 1477 1752 1512 TRYPHONINUS
1778 1477 1869 1512 libro
1892 1487 1931 1511 se
1958 1478 2044 1513 timo
2066 1477 2348 1524 difflutationum
2395 1475 2433 1512 Si

1347 1522 1464 1558 Titius
1494 1522 1628 1557 donare
1658 1522 1746 1557 mihi
1776 1522 1897 1558 volens
1925 1488 2109 1567 &legatus
2134 1532 2156 1557 a
2177 1532 2234 1558 me
2266 1521 2433 1558 creditori

1347 1578 1426 1603 meo
1451 1567 1635 1613 stipulanti
1659 1567 1868 1612 spopondit,
1893 1577 1965 1602 non
1988 1567 2134 1603 habebit
2157 1567 2327 1603 adversus
2351 1576 2433 1602 eum

1347 1613 1444 1648 illam
1476 1612 1739 1658 exceptionem,
1771 1616 1812 1648 ut
1842 1615 2018 1657 quatenus
2049 1612 2169 1648 facere
2198 1616 2317 1665 potest
2347 1622 2433 1648 con-

1350 1658 1552 1694 demnetur:
1589 1667 1672 1692 nam
1704 1657 1874 1693 adversus
1905 1667 1962 1693 me
1984 1657 2049 1693 tali
2080 1657 2286 1693 defensione
2309 1657 2433 1693 merito

1349 1703 1534 1745 utebatur,
1569 1702 1654 1748 quia
1694 1702 1866 1738 donatum
1897 1703 1944 1738 ab
1985 1712 2027 1739 eo
2058 1702 2239 1748 petebam,
2279 1702 2434 1738 creditor

1349 1752 1470 1784 autem
1493 1748 1651 1784 debitum
1673 1748 1909 1793 persequitur.

1395 1791 1450 1831 34
1477 1793 1600 1829 Galus
1627 1793 1719 1829 libro
1750 1794 1854 1828 terlio
1878 1793 1922 1828 de
1944 1792 2132 1829 verborum
2156 1792 2435 1840 obliqatiom‘bus

1349 1838 1517 1874 Dubitari
1548 1849 1621 1874 non
1650 1838 1772 1880 debet,
1805 1837 1890 1883 quin
1913 1837 2008 1874 filius
2031 1848 2214 1882 servusve,
2239 1837 2299 1874 cui
2321 1837 2433 1873 admi-

1348 1884 1513 1919 nistratio
1545 1883 1679 1928 peculii
1709 1884 1884 1929 permissa
1914 1887 1987 1925 est,
2019 1883 2176 1918 novandi
2206 1893 2347 1928 quoque
2370 1892 2433 1928 pe-

1350 1929 1500 1965 culiaria
1523 1928 1643 1964 debita
1665 1929 1721 1964 ius
1746 1929 1888 1971 habeat,
1913 1928 2036 1974 utique
2060 1929 2090 1963 si
2113 1928 2184 1974 ipsi
2207 1928 2433 1974 stipulentur,

1349 1974 1500 2012 maxime
1543 1974 1574 2009 si
1615 1974 1722 2009 etiam
1755 1974 1936 2009 meliorem
1977 1983 2079 2009 suam
2115 1973 2358 2010 condicionem
2391 1983 2433 2008 eo

1349 2019 1454 2055 modo
1479 2018 1627 2054 faciunt.
1663 2029 1746 2054 nam
1770 2019 1801 2054 si
1824 2018 1932 2054 alium
1955 2019 2103 2054 iubeant
2126 2018 2300 2063 stipulari,
2323 2019 2433 2054 inter-

1350 2069 1416 2108 est,
1441 2067 1560 2099 utrum
1585 2064 1742 2100 donandi
1759 2064 1877 2100 animo
1901 2063 2009 2099 alium
2031 2064 2177 2099 iubeant
2199 2063 2365 2109 stipulari
2387 2073 2434 2098 an

1349 2114 1391 2145 ut
1424 2109 1495 2155 ipsi
1534 2108 1608 2145 filio
1643 2119 1787 2145 servove
1819 2109 1999 2154 negotium
2028 2113 2144 2154 gerat:
2187 2120 2258 2154 quo
2294 2108 2435 2144 nomine

1355 2159 1366 2190 1
1418 2155 1525 2190 etiam
1553 2154 1713 2191 mandati
1743 2154 1838 2190 actio
1869 2154 2011 2204 peculio
2035 2153 2243 2199 adquiritur.
2290 2154 2433 2199 Adgna-

1349 2203 1426 2236 tum
1457 2199 1585 2235 furiosi
1614 2203 1679 2235 aut
1706 2199 1846 2245 prodigi
1875 2203 2077 2235 curatorem
2107 2199 2261 2235 novandi
2290 2199 2345 2235 ius
2369 2199 2433 2234 ha-

1352 2246 1437 2281 bere
1460 2244 1603 2281 minime
1626 2244 1862 2280 dubitandum
1885 2248 1949 2288 est,
1974 2244 2005 2280 si
2027 2244 2097 2280 hoc
2119 2244 2255 2280 furioso
2272 2244 2328 2279 vel
2350 2254 2432 2289 pro-

1352 2294 1376 2325 2>
1421 2290 1500 2335 digo
1527 2289 1704 2335 expediat.
1739 2290 1782 2325 In
1805 2300 1943 2325 summa
1966 2289 2179 2326 admonendi
2202 2299 2324 2325 sumus
2347 2288 2435 2324 nihil

1350 2339 1469 2371 vetare
1500 2345 1574 2370 una
1604 2334 1834 2387 stipulatione
1871 2334 1993 2379 plures
2029 2334 2262 2379 obligationes
2299 2334 2435 2387 novari²

1350 2380 1459 2416 veluti
1482 2379 1514 2416 si
1535 2379 1588 2415 ita
1611 2380 1838 2425 stipulemur:
1865 2379 1972 2424 ‘quod
1991 2379 2125 2414 Titium
2148 2383 2184 2415 et
2207 2379 2326 2415 Seium
2350 2379 2437 2415 milu

1351 2425 1448 2461 ‘dare
1471 2427 1624 2470 oportet,
1648 2424 1686 2460 id
1708 2424 1787 2460 dari
1810 2424 1964 2470 spondes
1972 2425 2000 2460 ’θ’
2031 2424 2116 2459 licet
2138 2424 2231 2459 enim
2252 2434 2297 2460 ex
2319 2424 2433 2460 diver-

1351 2471 1399 2507 sis
1435 2470 1554 2506 causis
1587 2469 1717 2515 singuli
1759 2469 1902 2505 fuerant
1937 2469 2099 2514 obligati,
2138 2469 2280 2514 utrique
2313 2473 2433 2504 tamen

1349 2515 1550 2552 novationis
1579 2515 1658 2551 iure
1685 2514 1901 2558 liberantur,
1934 2525 2017 2550 cum
2044 2514 2159 2550 utrius
2184 2524 2229 2550 ue
2260 2514 2431 2559 obligatio

1348 2561 1387 2596 in
1416 2561 1522 2596 huius
1555 2570 1764 2606 personam,
1802 2570 1825 2596 a
1854 2570 1926 2605 quo
1955 2569 2052 2595 nunc
2082 2559 2153 2606 stip
2192 2569 2310 2604 emur,
2347 2570 2432 2595 con-

1348 2606 1450 2641 fluat.

1845 2740 1941 2781 111⁴.

1437 2808 1500 2841 DE
1523 2807 1851 2842 SOLUTIONmUs
1874 2807 1935 2840 ET
1957 2806 2352 2841 LIBERATIONIBUS.

1400 2873 1418 2911 1
1453 2873 1648 2926 Urmgws
1674 2873 1765 2926 liora
1789 2873 2092 2927 quadraqenst’mo
2123 2873 2228 2909 tertio
2256 2872 2307 2909 ad
2327 2871 2429 2909 Sabe·-

1349 2919 1648 3006 ssssffitussuzssffiz
1665 2918 1976 3015 wirma?
1985 2918 2160 2999 εξὶῖῗέὥῗ
2176 2927 2310 3007 iffi?
2320 2928 2431 3015 ¹3¹1}ss

1348 3009 1470 3055 potius
1495 3008 1652 3044 debitum
1674 3008 1827 3044 voluerit
1851 3008 2023 3050 solutum,
2047 3011 2084 3044 et
2108 3007 2203 3088 quod
2225 3007 2369 3060 dixerit,
2393 3007 2431 3043 1d

1349 3054 1418 3090 erit
1439 3053 1611 3090 solutum:
1635 3063 1825 3098 possumus
1844 3053 1938 3089 enim
1962 3056 2096 3089 certam
2130 3062 2230 3098 egem
2256 3052 2375 3088 dicere
2398 3052 2431 3088 ei

1349 3098 1446 3144 quod
1467 3098 1646 3135 solvimus.
1683 3098 1845 3142 quotiens
1864 3108 1947 3134 vero
1970 3108 2043 3134 non
2066 3097 2227 3140 dicimus,
2251 3097 2311 3132 in⁶
2334 3097 2429 3142 quod

1349 3143 1505 3180 solutum
1535 3144 1601 3186 sit,
1635 3143 1673 3178 in
1704 3143 1851 3179 arbitrio
1882 3147 1937 3179 est
1960 3142 2183 3187 accipientis,
2222 3141 2281 3178 cui
2309 3142 2429 3187 potius

1349 3189 1468 3225 debito
1503 3191 1688 3233 acceptum
1723 3188 1834 3232 ferat,
1875 3187 2063 3223 dummodo
2099 3187 2139 3223 in
2167 3186 2205 3222 id
2236 3186 2430 3222 constituat

1349 3234 1523 3277 solutum,
1558 3233 1597 3268 in
1619 3232 1715 3278 quod
1736 3233 1831 3278 ipse,
1865 3233 1896 3268 si
1927 3232 2088 3275 deberet,
2123 3235 2218 3268 esset
2247 3232 2429 3268 soluturus

1349 3287 1490 3358 qutoque
1507 3277 1697 3358 ‘dlebgtqsse
1719 3281 1977 3358 exoneretiturus
2000 3276 2168 3356 ⁰⁸⁸gt²ssi
2190 3276 2369 3356 delzeretg’,
2384 3275 2430 3329 ,id

1348 3334 1413 3404 32¹..
1433 3333 1478 3402 ¹i¹n
1504 3333 1753 3410 ¹111ud5¹1¹2¹3¹2s
1781 3333 1856 3412 32²3
1878 3331 2057 3411 affssnqiis
2093 3331 2331 3418 ὥῑέἓφὲἔ,
2345 3331 2430 3400 ’ἶῖῗῑ

1349 3412 1450 3449 cuius
1474 3412 1550 3448 dies
1573 3423 1644 3448 non
1670 3423 1731 3448 um
1746 3415 1909 3448 venerat:
1935 3411 2185 3455 aequissimum
2203 3421 2295 3446 emm
2315 3410 2428 3446 visum

1349 3462 1404 3494 est
1427 3457 1637 3493 creditorem
1659 3458 1713 3493 ita
1734 3466 1841 3502 agere
1862 3466 1938 3492 rem
1961 3455 2142 3499 debitoris,
2166 3458 2208 3491 ut
2225 3465 2327 3491 suam
2346 3464 2427 3499 age·

1347 3506 1413 3538 ret.
1460 3503 1678 3548 permittitur
1706 3512 1790 3547 ergo
1821 3500 1976 3537 creditor
2007 3499 2241 3543 constituere,
2273 3500 2310 3535 in
2334 3498 2429 3544 quod

1346 3614 1431 3658 Pap.
1452 3621 1589 3649 94...108.
1610 3632 1656 3638 -
1675 3613 1759 3647 Bas.
1774 3614 1829 3655 26,
1847 3621 1875 3646 5.
1892 3630 1938 3637 —
1961 3613 2011 3657 Cf
2029 3613 2106 3647 Cod.
2120 3612 2152 3655 8,
2171 3619 2207 3647 4³

1346 3659 1530 3702 Schultt'ny,
1542 3659 1579 3691 id
1592 3660 1627 3692 F
1686 3660 1731 3701 (6)
1755 3667 1887 3700 quoque
1900 3682 1907 3689 .
1917 3682 1924 3690 .
1933 3682 1941 3690 .
1955 3657 2087 3691 deberet
2099 3657 2160 3691 del.
2174 3656 2255 3690 Hal.

2320 3613 2367 3698 a

1345 3705 1395 3737 ent
1406 3713 1473 3736 non
1485 3704 1520 3736 in
1533 3703 1568 3736 id
1580 3702 1729 3737 debitum
1741 3701 1830 3744 quod
1841 3704 1891 3736 ent
1909 3702 2060 3737 Cuiaet‘ue
