2528 3918
188 121 285 164 X3

214 252 274 277 ars
298 251 392 286 quae
414 251 495 276 mea
515 240 586 276 fuit
615 240 653 275 in
683 238 815 276 iudicio
845 239 982 282 veniet,
1014 249 1096 275 cum
1128 238 1285 274 alienata

189 254 235 323 ge
255 286 453 322 hereditate
473 286 609 327 exierit,
628 295 745 331 neque
763 288 839 327 tua,
859 285 945 331 quia
966 284 1105 320 etiamsi
1123 286 1285 318 remanet

189 334 227 368 in
251 331 402 378 pristino
427 332 504 366 iure
527 330 813 376 hereditariaque
836 334 901 373 est,
925 333 1045 365 tamen
1068 327 1285 364 alienatione

190 387 291 413 meae
314 377 425 422 partis
451 376 524 411 exit
547 375 590 411 de
615 375 874 411 communione.
909 379 1031 410 utrum
1050 377 1170 409 autem
1190 383 1284 408 unus

190 424 295 458 heres
319 426 457 468 partem
481 431 585 456 suam
608 431 682 457 non
705 420 914 456 alienaverit
945 430 993 455 an
1024 419 1166 464 plures,
1197 417 1284 454 nihil

189 469 348 509 interest,
374 468 404 502 si
428 466 533 502 modo
559 466 680 512 aliqua
702 466 819 512 portio
844 465 1000 501 alienata
1023 464 1070 499 ab
1094 463 1214 509 aliquo
1239 473 1284 499 ex

190 512 380 548 heredibus
404 511 622 547 hereditaria
646 521 725 547 esse
749 511 864 547 desiit.

237 557 290 595 55
323 557 519 594 ULPJAst
539 557 631 593 libro
654 557 813 593 secundo
837 555 887 591 ad
909 555 1063 590 edictum
1109 553 1148 589 Si
1179 552 1284 588 fami-

190 604 259 639 liae
272 602 506 638 erciscundae
517 602 572 638 vel
585 602 763 637 communi
775 600 966 636 dividundo
978 598 1150 634 iudicium
1159 602 1287 643 agatur

191 653 228 684 et
251 648 374 684 divisio
399 652 474 683 tam
491 647 648 683 difficilis
669 648 726 690 sit,
750 651 792 682 ut
811 655 926 691 paene
945 643 1163 689 inpossibilis
1176 645 1186 665 ¹
1208 653 1287 679 esse

190 693 364 736 videatur,
388 697 508 739 potest
530 692 638 728 iudex
660 693 698 727 in
720 692 826 727 unius
851 699 1041 743 personam
1064 692 1178 724 totam
1201 699 1285 725 con-

192 739 456 775 demnationem
480 737 645 775 conferre
669 738 729 773 et²
751 736 958 772 adiudicare
981 744 1105 770 omnes
1129 744 1197 770 res.

238 782 292 821 56
316 784 478 820 mes
497 783 589 820 libro
608 783 799 819 vicensimo
822 781 926 816 tertio
946 779 997 815 ad
1014 779 1169 815 edictum
1203 778 1286 815 Non

192 830 308 865 solum
329 829 366 865 in
389 828 514 865 finium
537 828 796 874 regundorum,
829 825 892 862 sed
923 829 959 861 et
986 824 1145 860 familiae
1178 824 1286 860 ercis·

193 874 333 911 eundae
354 874 487 911 iudicio
511 873 696 920 praeteriti
715 881 858 918 quoque
877 870 1047 916 temporis
1066 869 1208 906 fruetus
1227 880 1286 905 ve·

193 921 306 956 niunt.

239 963 292 1002 57
318 964 566 1001 Parmam-s
585 963 676 999 libro
699 961 857 998 secundo
876 971 1135 1008 responsorum
1181 960 1287 995 Arbi-

193 1015 248 1046 tro
282 1020 424 1056 quoque
457 1013 606 1054 accepto
631 1007 785 1043 fratres³
809 1016 1032 1042 communem
1054 1005 1288 1042 hereditatem

194 1066 372 1092 consensu
395 1055 590 1091 dividentes
612 1052 755 1099 pietatis
779 1051 899 1087 officio
922 1051 1131 1097 funguntur,
1156 1052 1289 1103 quam⁴

192 1101 353 1137 revocari
376 1111 450 1137 non
473 1103 632 1145 oportet,
664 1098 748 1133 licet
782 1097 916 1132 arbiter
939 1096 1152 1132 sententiam
1174 1095 1288 1141 iurgio

220 1150 378 1191 erempto
403 1157 475 1182 non
501 1144 638 1185 dixerit,
664 1144 693 1178 si
717 1153 790 1178 non
813 1142 1013 1177 intercedat
1037 1141 1165 1178 aetatis
1186 1141 1287 1177 auxi-

220 1203 290 1227 um.

691 1282 751 1320 111
761 1280 786 1320 ⁵.

488 1347 703 1381 coMMUM
727 1346 995 1379 DIVIDUNDO.

244 1415 262 1454 1
291 1415 347 1452 ΡΑ
357 1424 452 1451 σιυε
472 1415 563 1451 libro
584 1414 777 1450 vicensimo
798 1413 904 1449 tertio
925 1412 977 1448 ad
994 1411 1147 1448 edictum
1183 1411 1289 1447 Com-

196 1462 292 1498 muni
316 1460 507 1496 dividundo
530 1459 702 1495 iudicium
723 1459 804 1495 ideo
824 1457 1068 1494 necessarium
1087 1456 1167 1500 fuit,
1192 1457 1290 1502 quod

195 1518 259 1553 pro
284 1507 381 1542 socio
405 1505 499 1541 actio
524 1504 635 1550 magis
659 1504 707 1539 ad
729 1503 937 1549 personales
955 1503 1107 1539 invicem
1125 1506 1289 1548 praesta-

195 1553 310 1588 tiones
343 1551 499 1597 pertinet
531 1560 638 1596 quam
670 1549 717 1585 ad
742 1549 981 1585 oommunium
1004 1558 1124 1584 rerum
1147 1547 1288 1584 divisio-

195 1609 286 1633 nem.
324 1596 477 1642 denique
500 1599 619 1631 cessat
638 1594 818 1631 communi
837 1593 1030 1630 dividundo
1050 1593 1234 1635 iudicium,
1259 1593 1290 1628 si

195 1654 252 1679 res
276 1642 472 1678 communis
495 1651 569 1677 non
592 1641 649 1676 sit.

241 1686 266 1724 2
295 1687 419 1724 GAIUS
433 1687 525 1723 libro
544 1686 697 1733 septimo
708 1685 759 1722 ad
768 1685 921 1721 edictum
929 1683 1158 1731 provinciale
1191 1683 1290 1719 Nihil

195 1737 314 1769 autem
337 1733 505 1775 interest,
537 1742 620 1768 cum
651 1731 825 1767 societate
856 1740 904 1765 an
937 1730 1014 1765 sine
1037 1729 1209 1765 societate
1231 1738 1290 1764 res

194 1779 287 1814 inter
310 1778 448 1823 aliquos
473 1776 670 1813 communis
694 1777 759 1812 sit:
792 1786 876 1811 nam
899 1778 1054 1821 utroque
1077 1784 1166 1810 casu
1187 1774 1291 1810 locus

202 1828 258 1860 est
287 1824 465 1859 communi
496 1823 687 1859 dividundo
721 1823 864 1858 iudicio.
912 1832 993 1858 cum
1024 1821 1196 1857 societate
1225 1831 1284 1857 res

202 1869 398 1905 communis
430 1872 484 1904 est
513 1869 623 1904 veluti
652 1868 746 1904 inter
776 1878 856 1910 eos,
893 1867 955 1913 qui
977 1867 1113 1913 pariter
1135 1865 1285 1902 eandem

201 1925 277 1949 rem
296 1918 473 1949 emerunt:
497 1913 574 1949 sine
594 1914 767 1949 societate
784 1913 981 1948 communis
997 1917 1051 1948 est
1069 1911 1178 1947 veluti
1192 1911 1285 1946 inter

206 1962 220 1993 1
272 1969 351 2000 eos,
377 1959 506 2003 quibus
531 1958 654 1994 eadem
676 1968 734 1994 res
758 1961 973 1993 testamento
998 1957 1115 2002 legata
1137 1959 1200 1991 est.
1243 1956 1285 1990 In

202 2003 318 2039 tribus
343 2003 543 2048 duplicibus
565 2003 706 2039 iudiciis
729 2003 885 2038 familiae
909 2001 1141 2038 erciscundae
1154 2027 1164 2044 ,
1189 2011 1284 2037 com-

205 2049 300 2084 muni
325 2048 534 2091 dividundo,
564 2048 689 2083 finium
711 2048 952 2094 regundorum
975 2047 1175 2092 quaeritur,
1207 2046 1286 2091 quis

203 2097 305 2128 actor
334 2094 577 2138 intellegatur,
613 2094 697 2138 quia
718 2103 787 2138 par
810 2102 922 2128 causa
944 2092 1101 2128 omnium
1124 2091 1285 2126 videtur:

203 2138 267 2190 sed
290 2139 402 2183 magis
426 2138 563 2183 placuit
585 2149 667 2174 eum
690 2138 802 2173 videri
824 2141 982 2173 actorem
995 2163 1004 2180 ,
1040 2137 1102 2182 qui
1125 2135 1172 2171 ad
1193 2135 1285 2171 iudi-

204 2193 298 2218 cmm
345 2187 562 2219 revocasset.

249 2225 274 2265 3
334 2237 501 2263 LPJANUS
521 2228 611 2264 libro
635 2227 844 2272 triqensimo
868 2226 919 2261 ad
928 2224 1103 2261 Sabinum
1134 2225 1286 2260 Incom-

193 2271 292 2307 muni
316 2270 508 2307 dividundo
526 2270 661 2307 iudicio
680 2269 770 2306 nihil
787 2269 951 2316 pervenit
968 2269 1064 2305 ultra
1083 2269 1287 2305 divisionem

193 2327 311 2352 rerum
334 2316 346 2351 i
372 2326 493 2351 sarum
516 2326 609 2361 quae
633 2325 839 2352 communes
863 2316 935 2351 sint
959 2318 995 2350 et
1017 2315 1049 2350 si
1071 2314 1158 2360 quid
1176 2315 1213 2349 in
1232 2315 1288 2350 his

193 2362 314 2398 damni
362 2365 461 2396 atum
482 2361 664 2397 factumve
688 2364 744 2396 est
766 2361 840 2396 sive
863 2360 949 2406 quid
973 2370 1014 2396 eo
1050 2359 1195 2396 nomine
1225 2364 1289 2395 aut

194 2408 297 2442 abest
331 2407 440 2442 alicui
474 2406 654 2442 sociorum
688 2409 753 2441 aut
783 2405 831 2441 ad
860 2415 942 2441 eum
972 2405 1135 2451 pervenit
1170 2415 1215 2441 ex
1247 2416 1288 2441 re

197 2457 211 2487 1
263 2452 451 2488 communi.
500 2451 539 2487 Si
570 2451 656 2496 quid
684 2451 754 2497 ipsi
784 2451 862 2486 sine
892 2450 974 2487 dolo
1006 2450 1101 2486 malo
1132 2450 1226 2486 inter
1249 2461 1288 2486 se

195 2498 422 2543 pepigerunt,
454 2496 491 2532 id
521 2497 559 2532 in
589 2496 713 2542 primis
745 2499 781 2532 et
809 2495 966 2532 familiae
998 2495 1230 2532 erciscundae
1254 2500 1290 2532 et

195 2543 373 2578 communi
397 2542 589 2578 dividundo
612 2541 722 2577 iudex
745 2551 888 2577 servare
912 2541 1029 2577 debet.

242 2587 266 2624 4
290 2588 400 2623 Imm
425 2587 517 2623 libro
548 2598 645 2623 nono
677 2587 815 2623 decimo
840 2587 891 2623 ad
912 2587 1067 2623 edictum
1112 2586 1185 2622 Per
1217 2586 1288 2622 hoc

195 2633 363 2668 iudicium
387 2633 626 2678 corporalium
648 2642 769 2668 rerum
800 2632 843 2667 fit
873 2631 1016 2675 divisio,
1050 2641 1202 2678 quarum
1231 2642 1287 2667 re-

199 2682 211 2712 1
262 2677 546 2713 rumdominium
558 2678 744 2721 habemus,
766 2688 839 2713 non
859 2678 966 2713 etiam
976 2676 1196 2713 hereditatis.
1233 2676 1289 2712 De

195 2727 303 2768 puteo
335 2723 518 2768 quaeritur
549 2734 597 2758 an
629 2723 809 2759 communi
843 2722 1035 2759 dividundo
1066 2721 1199 2758 iudicio
1231 2722 1290 2768 agi

195 2768 327 2813 possit:
362 2772 397 2803 et
420 2769 471 2803 ait
493 2768 591 2803 Mela
613 2768 664 2803 ita
688 2768 829 2804 demum
878 2778 979 2811 osse,
1010 2767 1041 2803 si
1071 2767 1187 2803 solum
1211 2767 1287 2803 eius

196 2816 216 2848 2
265 2823 450 2848 commune
462 2813 519 2848 sit.
553 2813 632 2849 Hoc
653 2813 825 2849 iudicium
871 2823 962 2850 onae
979 2812 1063 2848 fidei
1082 2816 1157 2848 est:
1179 2823 1289 2858 quare

197 2858 227 2893 si
252 2868 324 2893 una
346 2869 404 2893 res
428 2858 578 2894 indivisa
601 2858 727 2894 relicta
749 2860 815 2901 sit,
839 2858 974 2894 valebit
995 2858 1120 2911 utique
1145 2859 1205 2893 et⁰
1229 2868 1287 2893 ce-

195 2907 353 2938 terarum
377 2903 500 2938 divisio
525 2907 561 2939 et
583 2904 716 2949 poterit
737 2904 867 2940 iterum
892 2915 1071 2940 commum
1096 2903 1287 2939 dividundo

197 2951 217 2983 3
238 2993 245 3000 .
266 2948 322 3000 agi
342 2948 387 2983 de
401 2958 443 2983 ea
455 2958 546 2993 quae
556 2949 707 2984 indivisa
719 2950 861 2984 mansit.
910 2949 1012 2984 Sicut
1030 2952 1150 2984 autem
1172 2948 1286 2994 ipsius

196 3003 247 3028 rei
273 2993 398 3029 divisio
422 2994 518 3028 venit
547 2993 585 3028 in
618 2994 796 3030 communi
827 2994 1019 3030 dividundo
1051 2993 1204 3037 iudicio,
1236 2993 1288 3029 ita

197 3039 303 3074 etiam
327 3038 586 3084 praestationes
609 3039 773 3074 veniunt:
800 3043 836 3075 et
857 3039 937 3075 ideo
958 3039 988 3075 si
1010 3039 1088 3085 quis
1107 3039 1287 3085 impensas

195 3082 339 3126 fecerit,
372 3087 611 3128 consequatur
620 3085 645 3119 ⁷.
690 3084 776 3120 sed⁸
800 3085 830 3120 si
861 3095 935 3121 non
966 3095 1049 3120 cum
1078 3084 1157 3130 ipso
1188 3084 1287 3120 socio

199 3132 301 3174 agat,
333 3128 397 3164 sed
421 3139 502 3163 cum
525 3129 654 3164 herede
685 3130 793 3172 socii,
823 3130 948 3166 Labeo
979 3133 1078 3165 recte
1109 3129 1289 3165 existimat

198 3174 401 3219 impensas⁰
431 3177 466 3208 et
496 3173 637 3209 fructus
669 3184 691 3209 a
726 3175 896 3211 defuncto
931 3178 1121 3220 perceptos
1156 3174 1285 3210 venire.

198 3219 303 3265 plane
325 3218 467 3254 fructus
501 3223 584 3253 ante
613 3229 719 3263 perce
745 3220 773 3255 ti
786 3222 832 3263 ¹⁰,
864 3230 971 3265 quam
1001 3230 1058 3255 res
1091 3219 1287 3255 communis

197 3269 309 3306 esset,
342 3264 397 3299 vel
427 3267 592 3308 sumptus
617 3268 700 3299 ante
739 3265 811 3299 acti
834 3265 871 3300 in
895 3265 1072 3301 communi
1096 3264 1286 3300 dividundo

197 3313 218 3345 4
264 3308 435 3344 iudicium
454 3318 527 3343 non
546 3309 702 3343 veniunt.
751 3310 955 3356 Eapropter
972 3310 1096 3346 scribit
1114 3310 1286 3352 Iulianus,

197 3354 227 3390 si
252 3354 349 3390 missi
373 3354 410 3388 in
458 3353 694 3389 ossessionem
719 3353 837 3389 damni
861 3355 985 3391 infecti
1005 3355 1116 3391 simus
1136 3358 1172 3390 et
1191 3358 1286 3396 ante,

198 3409 305 3445 quam
323 3398 422 3445 possi
448 3408 507 3434 ere
526 3398 739 3441 iuberemur,
764 3409 827 3444 ego
848 3400 1000 3436 insulam
1019 3400 1165 3442 fulsero,
1190 3410 1286 3435 sum-

199 3515 238 3554 (1)
264 3511 528 3555 inpossibilesF'

199 3559 241 3600 (4)
268 3557 469 3590 divisionem
479 3558 539 3591 im.

246 3604 289 3645 (5)
313 3603 379 3636 Ed.
390 3610 412 3636 1.
423 3609 451 3637 2.
462 3610 487 3637 ⁴.
499 3609 581 3637 eme.
591 3608 714 3641 ¹0...18;
728 3602 808 3635 Sab.
819 3608 844 3636 ³.
858 3609 884 3635 5.
896 3609 923 3635 ο.
935 3610 1059 3643 19...2·1;
1074 3603 1158 3646 Pap.
1170 3610 1286 3637 28...31.

198 3666 243 3672 --
256 3648 342 3681 Bas.
355 3649 408 3688 12,
418 3654 502 3682 2.-
517 3647 568 3691 Cf.
582 3646 660 3681 cod.
671 3647 703 3687 ³,
713 3653 748 3681 37
852 3649 896 3687 (e)
920 3651 954 3679 et
962 3647 1216 3690 valebitutique
1223 3660 1286 3681 scr.

199 3695 242 3732 (7)
267 3696 491 3735 consequetur
500 3693 574 3727 edd.
691 3693 735 3733 (8)
761 3691 832 3733 sed]
842 3691 899 3723 sed
908 3695 942 3724 et
949 3705 1011 3725 scr.
1129 3694 1174 3734 (e)
1198 3702 1219 3726 a
1230 3692 1287 3726 de·

199 3738 316 3771 functo
326 3738 428 3772 saetas
438 3739 498 3771 ins.
582 3737 642 3779 (ιο)
668 3741 844 3780 perceptos
853 3737 889 3770 F
962 3738 1016 3779 (11)
1041 3737 1120 3770 utili
1131 3738 1192 3771 del.
1203 3738 1285 3772 Hal.

647 3512 691 3555 (2)
716 3512 747 3544 ei
758 3513 817 3546 ins.
828 3514 900 3547 dete.
1042 3515 1085 3556 (3)
1111 3513 1213 3545 fratre
1222 3513 1251 3545 si
1259 3512 1295 3545 F

1271 110 1352 160 144

2233 128 2443 164 Gom

1353 238 1454 281 ptum
1476 235 1585 271 istum
1610 237 1790 272 communi
1813 236 2007 274 dividundo
2030 237 2164 274 iudicio
2189 239 2360 285 consequi
2388 251 2447 278 me

1353 291 1426 316 non
1451 291 1570 326 posse.

1399 325 1424 363 5
1456 325 1652 378 Iphuffvs
1690 327 1782 364 libro
1813 327 1971 364 secundo
2003 327 2054 364 ad
2083 327 2243 364 Urseium
2274 328 2444 366 Ferocem

1353 370 1426 407 Sed
1459 381 1490 407 si
1524 381 1582 407 res
1612 383 1686 408 non
1716 372 1967 409 defenderetur
1998 376 2033 409 et
2063 372 2143 409 ideo
2166 373 2255 409 iussi
2277 384 2400 411 sumus
2423 385 2447 411 a

1353 420 1521 462 praetore
1555 427 1618 452 eas
1649 417 1757 454 aedes
1787 418 1971 464 possidere
2002 422 2038 453 et
2069 428 2114 454 ex
2147 418 2218 454 hoc
2252 418 2446 456 dominium

1353 471 1478 497 earum
1502 462 1811 506 nancisceremur,
1842 463 2027 515 respondit
2057 463 2234 499 Proculus
2266 465 2447 502 communi

1355 506 1548 545 dividundo
1571 507 1704 544 iudicio
1728 512 1867 554 partem
1890 518 1967 544 elus
1990 509 2173 555 impensae
2195 518 2253 544 me
2283 513 2447 546 servatu-

1354 562 1434 588 rum
1457 561 1546 588 esse.

1408 598 1434 638 6
1466 600 1661 654 Πιιμὶνσε
1680 603 1772 656 libro
1795 615 1890 640 nono
1915 604 2051 640 decimo
2070 605 2121 640 ad
2135 605 2289 642 edictum
2313 605 2441 652 Siquis

1362 649 1495 689 putans
1517 647 1585 682 sibi
1609 658 1690 684 cum
1708 648 1802 684 T1tio
1825 648 1976 684 fundum
2000 659 2219 686 communem
2243 660 2321 686 esse
2343 650 2440 687 fruc-

1363 693 1422 743 tus
1456 692 1655 737 perceperit
1683 693 1739 729 vel
1762 698 1941 739 sumptum
1963 693 2106 737 fecerit,
2138 705 2219 731 cum
2242 699 2336 731 esset
2359 706 2441 732 cum

1362 735 1433 771 alio
1457 737 1665 780 communis,
1689 738 1747 784 agi
1768 738 1901 784 poterit
1923 738 2002 774 utili
2015 739 2041 760 ¹¹
2061 740 2238 775 communi
2250 739 2441 777 dividundo

1366 783 1384 833 ¹.
1429 780 1572 817 iudicio.
1621 782 1740 827 Quare
1762 788 1798 820 et
1819 783 1851 819 si
1872 783 2023 819 fundum
2043 783 2159 820 Titius
2172 786 2200 806 ¹²
2223 785 2442 828 alienaverit,

1363 825 1446 878 hcet
1476 825 1536 862 hic
1567 828 1744 864 communi
1774 827 1964 864 dividundo
1995 828 2126 864 iudicio
2156 830 2256 866 locus
2287 841 2360 866 non
2383 831 2443 873 sit,

1387 881 1447 906 uia
1470 881 1493 906 a
1517 872 1764 909 communione
1787 873 1982 909 discessum
2004 876 2070 916 est,
2094 874 2173 909 utili
2187 879 2306 910 tamen
2322 875 2440 911 locum

1377 919 1540 959 uturum,
1585 917 1681 969 quod
1711 918 1819 953 datur
1850 917 1894 953 de
1924 919 2244 964 praestationibus,
2278 920 2442 965 quotiens

1363 963 1383 996 2
1431 971 1626 998 commums
1639 962 1667 984 ¹⁸
1690 972 1768 999 esse
1792 963 1906 998 desiit.
1939 962 2019 998 Sive
2041 968 2160 999 autem
2183 964 2335 1000 locando
2359 965 2440 1000 fun-

1364 1005 1448 1059 dum
1471 1016 1692 1043 communem
1715 1007 1787 1043 sive
1811 1007 1959 1043 colendo
1977 1007 2020 1043 de
2034 1007 2146 1044 fundo
2168 1010 2440 1055 communiquid

1363 1060 1481 1102 socius
1506 1056 1719 1088 consecutus
1743 1052 1800 1095 sit,
1826 1053 2003 1088 communi
2025 1053 2216 1089 dividundo
2239 1054 2370 1090 iudicio
2388 1059 2440 1090 te-

1364 1095 1524 1139 nebltur,
1553 1100 1590 1132 et
1612 1098 1642 1132 si
1666 1097 1807 1143 quidem
1831 1097 2007 1133 communi
2029 1098 2170 1134 nomine
2192 1099 2229 1134 id
2251 1099 2355 1142 fecit,
2379 1109 2442 1134 ne·

1364 1150 1432 1186 que
1462 1142 1601 1177 lucrum
1632 1153 1756 1195 neque·
1770 1143 1939 1178 damnum
1961 1143 2092 1178 sentire
2116 1155 2196 1179 eum
2220 1148 2379 1189 oportet,
2412 1145 2442 1179 si

1364 1195 1453 1238 vero·
1478 1196 1551 1222 non
1581 1197 1759 1223 commum
1790 1187 1951 1254 mffine’
1982 1187 2046 1224 sed
2075 1192 2117 1224 ut
2133 1189 2302 1241 ‘lucretur
2332 1189 2442 1241 solus,

1363 1240 1576 1329 fffflufssffi
1598 1242 1619 1312 ἲ
1637 1236 1864 1323 ὥηξὲαὲεᾉι
1882 1232 2444 1321 ffiffitffffiffifzssae

1364 1330 1448 1366 qma
1477 1321 1616 1357 videtur
1645 1327 1783 1368 partem
1818 1332 1920 1358 suam
1950 1333 2023 1358 non
2050 1323 2250 1368 potuisse¹⁵
2279 1323 2446 1369 expedite

1364 1366 1493 1401 locare.
1526 1370 1682 1403 ceterum
1706 1378 1779 1403 non
1802 1368 1890 1403 alias
1914 1369 2092 1403 communi
2107 1368 2296 1404 dividundo
2312 1368 2444 1404 iudicio

1364 1411 1463 1447 locus
1495 1412 1580 1454 erit,
1611 1417 1652 1448 ut
1675 1417 1712 1448 et
1733 1412 1952 1458 Papinianus
1975 1413 2118 1456 scribit,
2152 1413 2220 1449 nisi
2243 1413 2280 1449 id
2303 1413 2442 1448 demum

1364 1456 1482 1500 gessit,
1507 1457 1584 1493 sine
1607 1468 1676 1503 quo
1700 1462 1839 1503 partem
1862 1468 1964 1493 suam
1986 1463 2083 1494 recte
2105 1457 2352 1494 administrare
2371 1468 2444 1494 non

1364 1501 1503 1546 potuit:
1538 1502 1695 1548 alioquin
1726 1503 1758 1538 si
1779 1503 1916 1548 potuit,
1949 1503 2058 1538 habet
2081 1505 2303 1549 negotiorum
2325 1507 2442 1548 gesto-

1365 1549 1384 1581 3
1431 1557 1510 1582 rum
1540 1547 1717 1583 actionem
1748 1558 1862 1600 eaque
1892 1552 2045 1583 tenetur.
2092 1548 2131 1584 Si
2185 1548 2246 1583 uid
2276 1552 2360 1594 post
2382 1558 2443 1583 ac-

1365 1594 1508 1636 ceptum
1543 1594 1718 1629 communi
1749 1592 1939 1629 divldundo
1970 1593 2140 1629 iudicium
2189 1593 2282 1629 uerit
2308 1594 2443 1639 impen-

1364 1639 1386 1670 4
1431 1646 1521 1679 sum,
1545 1637 1664 1673 Nerva
1686 1641 1784 1674 recte
1807 1638 1985 1673 existimat
2008 1638 2114 1674 etiam
2126 1639 2196 1674 hoc
2211 1638 2340 1674 venire.
2373 1637 2444 1673 Sed

1365 1684 1401 1716 et
1422 1685 1565 1726 partum
1587 1683 1707 1719 venire
1731 1682 1884 1718 Sabinus
1909 1686 1944 1718 et
1963 1683 2151 1720 Atilicinus
2174 1683 2442 1728 responderunt.

1365 1729 1385 1761 5
1433 1725 1503 1761 Sed
1539 1731 1575 1762 et
1597 1729 1836 1764 accessionem
1860 1731 1896 1763 et
1919 1728 2158 1764 decessionem
2181 1728 2251 1764 hoc
2273 1727 2443 1763 iudicium

1365 1774 1386 1806 6
1433 1772 1596 1817 accipere
1617 1773 1712 1809 idem
1735 1773 2033 1809 existimaverunt.
2080 1774 2119 1809 Si
2138 1773 2217 1827 quis
2235 1774 2273 1808 in
2286 1783 2443 1809 commu-

1364 1825 1445 1868 nem
1475 1817 1594 1852 locum
1616 1822 1795 1854 mortuum
1817 1818 1994 1859 intulerit,
2026 1829 2074 1854 an
2096 1818 2297 1864 rellgiosum
2318 1817 2445 1853 fecerit

1365 1861 1565 1898 videndum.
1614 1866 1650 1898 et
1662 1864 1690 1885 ¹⁶
1720 1872 1808 1899 sane
1829 1862 1886 1898 ius
1910 1862 2050 1908 quidem
2071 1863 2245 1899 inferendi
2266 1863 2303 1898 in
2327 1862 2443 1907 sepul-

1367 1906 1492 1941 chrum
1515 1908 1706 1954 unicuique
1728 1908 1766 1943 in
1789 1907 1941 1943 solidum
1964 1918 2041 1944 com
2069 1909 2150 1952 etit,
2184 1908 2302 1944 locum
2326 1912 2444 1942 autem

1365 1961 1494 1996 purum
1518 1953 1609 1989 alter
1631 1964 1704 1990 non
1727 1956 1846 1999 potest
1867 1953 1987 1988 facere
2010 1965 2028 1989 r
2062 1954 2222 1999 igiosum.
2254 1952 2446 1988 Trebatius

1365 2000 1486 2032 autem
1519 2002 1556 2033 et
1577 1998 1700 2034 Labeo
1735 2008 1950 2044 quamquam
1979 2003 2108 2045 putant
2130 2009 2203 2034 non
2226 2008 2304 2033 esse
2327 1997 2444 2032 locum

1364 2042 1565 2087 religiosum
1587 2043 1735 2087 factum,
1757 2047 1878 2079 tamen
1925 2046 2030 2080 utant
2050 2044 2090 2080 in
2105 2043 2241 2079 factum
2257 2042 2444 2087 agendum.

1367 2090 1386 2122 7
1434 2088 1473 2124 Si
1496 2088 1615 2142 damni
1637 2088 1760 2125 infecti
1778 2089 1815 2123 in
1835 2055 1986 2124 soligum
2004 2099 2070 2134 pro
2085 2088 2233 2123 aedibus
2246 2088 2273 2109 ¹⁷
2298 2087 2447 2134 caveris,

1359 2134 1480 2170 Labeo
1505 2138 1558 2170 alt
1579 2134 1758 2170 communi
1781 2134 1973 2170 dividundo
1991 2134 2162 2170 iudicium
2181 2134 2248 2170 tibi
2267 2144 2339 2170 non
2360 2144 2448 2175 esse,

1358 2190 1439 2215 cum
1469 2189 1617 2215 necesse
1645 2179 1711 2215 tibi
1740 2190 1814 2215 non
1843 2179 1952 2215 fuerit
1974 2179 2012 2215 in
2034 2179 2187 2216 solidum
2211 2189 2356 2222 cavere,
2388 2179 2450 2215 sed

1357 2224 1525 2260 sufficere
1539 2225 1568 2247 ¹⁸
1590 2235 1656 2270 pro
1688 2229 1792 2270 parte
1823 2229 1905 2260 tua:
1939 2235 2031 2277 quae
2062 2225 2239 2260 sententia
2269 2234 2353 2259 vera
2385 2228 2449 2259 est.

1357 2272 1377 2305 8
1425 2269 1464 2305 Si
1485 2269 1620 2305 fundus
1645 2270 1843 2305 communis
1867 2270 1971 2305 n0b1s
1995 2270 2061 2312 sit,
2093 2269 2158 2305 sed
2179 2269 2320 2315 pignori
2344 2269 2451 2305 datus

1357 2325 1380 2350 a
1401 2325 1478 2358 me,
1501 2314 1599 2350 venit
1621 2314 1764 2360 quidem
1785 2315 1823 2350 in
1847 2314 2025 2351 communi
2048 2314 2241 2350 dividundo
2264 2313 2397 2350 iudicio
2411 2315 2450 2356 ¹⁹,

1357 2359 1421 2395 sed
1442 2360 1501 2396 ius
1521 2359 1680 2413 pignoris
1705 2359 1872 2396 creditori
1894 2360 2071 2402 manebit,
2104 2359 2243 2395 etiamsi
2266 2359 2449 2394 adiudica-

1356 2409 1416 2441 tus
1438 2405 1566 2441 fuent:
1597 2415 1681 2440 nam
1712 2409 1748 2441 et
1778 2405 1809 2440 si
1839 2415 1925 2450 pars
1949 2405 2047 2441 socio
2070 2405 2205 2440 tradita
2226 2404 2372 2446 fuisset,
2395 2404 2449 2439 in-

1356 2456 1496 2496 tegrum
1518 2454 1689 2486 maneret.
1726 2451 1900 2486 arbitrum
1920 2453 2040 2486 autem
2059 2450 2239 2486 communi
2258 2449 2450 2485 dividundo

1357 2496 1426 2531 hoc
1449 2495 1595 2531 minoris
1619 2499 1758 2541 partem
1781 2496 1973 2531 aestimare
1997 2495 2136 2538 debere,
2161 2494 2258 2540 quod
2277 2505 2321 2530 ex
2366 2499 2449 2530 acto

1357 2544 1378 2575 9
1424 2540 1577 2577 vendere
1590 2551 1667 2576 eam
1678 2551 1753 2576 rem
1766 2540 1922 2577 creditor
1933 2544 2062 2586 potest,
2075 2540 2235 2576 Iulianus
2248 2539 2309 2575 ait.
2370 2539 2450 2575 dem

1357 2586 1517 2622 Iulianus
1541 2586 1686 2629 scribit,
1717 2586 1748 2621 si
1779 2587 1829 2628 is,
1863 2597 1944 2622 cum
1968 2596 2038 2631 quo
2063 2596 2203 2622 servum
2228 2595 2450 2620 communem

1356 2631 1546 2674 habebam,
1596 2634 1708 2667 artem
1732 2642 1834 2667 suam
1857 2631 1944 2666 mihi
1966 2631 2106 2676 pignori
2130 2630 2268 2666 dederit
2290 2633 2327 2666 et
2351 2640 2448 2665 com-

1357 2677 1456 2712 muni
1488 2676 1557 2712 divi
1582 2677 1680 2712 undo
1712 2687 1818 2722 agere
1850 2677 2025 2722 coeperit,
2057 2675 2291 2728 pigneraticia
2320 2684 2449 2720 excep-

1357 2723 1455 2758 tione
1479 2732 1559 2758 eum
1583 2722 1796 2758 summoveri
1821 2721 1968 2757 debere:
1993 2721 2058 2757 sed
2080 2731 2111 2756 ει
2134 2730 2220 2756 exce
2247 2720 2344 2756 tione
2362 2730 2450 2755 usus
2514 2725 2518 2730 '

1357 2778 1431 2803 non
1452 2767 1568 2810 fuero,
1594 2766 1754 2803 officium
1776 2767 1904 2803 iudicis
1929 2766 2007 2810 erit,
2033 2769 2086 2810 ut,
2111 2777 2193 2802 cum
2241 2765 2369 2801 ebitori
2391 2770 2447 2800 to-

1356 2817 1434 2848 tum
1456 2812 1636 2848 hominem
1659 2812 1934 2855 adiudicaverit‚
1957 2811 2070 2857 partis
2095 2810 2343 2847 aestimatione
2367 2821 2448 2846 eum

1357 2858 1580 2900 condemnet,
1604 2868 1749 2893 manere
1769 2858 1861 2894 enim
1880 2857 2056 2902 integrum
2074 2857 2131 2892 ius
2151 2856 2327 2902 pignoris:
2352 2855 2448 2901 quod

1356 2903 1387 2938 si
1411 2902 1666 2939 adiudicaverit
1688 2903 1796 2938 iudex
1819 2902 1922 2946 mihi,
1954 2903 2047 2937 tanti
2071 2901 2259 2937 dumtaxat
2281 2910 2337 2936 me
2362 2910 2446 2936 con·

1356 2948 1516 2990 demnet,
1548 2951 1684 2994 quanto
1707 2948 1819 2993 pluris
1842 2947 1970 2993 pignus
1994 2947 2041 2982 sit
2065 2957 2171 2992 quam
2194 2946 2348 2992 pecunia
2371 2955 2446 2980 cre·

1359 2996 1400 3029 10
1448 2993 1540 3036 dita,
1566 2997 1602 3029 et
1625 2992 1822 3029 debitorem
1845 3003 1868 3027 a
1890 3003 1947 3028 me
1968 2992 2092 3028 iubeat
2112 2991 2268 3027 liberari.
2317 2990 2448 3026 Officio
2515 3022 2517 3026 .

1354 3038 1482 3074 iudicis
1507 3037 1614 3073 etiam
1636 3038 1720 3074 talis
1744 3037 1963 3073 adiudicatio
1996 3037 2075 3073 fieri
2131 3040 2242 3079 otest,
2273 3041 2313 3071 ut
2343 3035 2448 3071 alteri

1359 3087 1397 3119 11
1445 3083 1615 3126 fundum,
1648 3083 1751 3118 alteri
1773 3093 1878 3118 usum
1900 3083 2058 3118 fructum
2082 3092 2104 3118 a
2130 3082 2271 3117 'udicet
2319 3079 2449 3116 Cetera

1357 3128 1480 3165 eadem
1515 3133 1618 3171 sunt,
1660 3138 1753 3173 quae
1786 3128 1825 3163 in
1857 3127 2014 3163 familiae
2049 3126 2282 3164 erciscundae
2314 3125 2445 3177 iudicio
2511 3152 2513 3154 .

1359 3177 1400 3209 12
1446 3173 1689 3209 tractavimus.
1735 3172 1882 3209 Urseius
1907 3173 1968 3216 ait,
1994 3184 2074 3208 cum
2094 3173 2132 3207 in
2152 3170 2330 3208 communi
2349 3170 2446 3206 aedi·

1356 3218 1438 3255 fieio
1461 3218 1598 3254 vicinus
1622 3218 1800 3254 nuntiavit
1822 3228 1868 3254 ne
1891 3217 1977 3264 quid
2000 3217 2117 3263 operis
2140 3216 2260 3258 fieret,
2292 3216 2323 3251 si
2352 3225 2447 3251 unus

1357 3275 1401 3300 ex
1424 3264 1530 3300 sociis
1555 3274 1600 3299 ex
1623 3263 1692 3299 hac
1716 3272 1828 3299 causa
1853 3263 2044 3298 damnatus
2066 3262 2212 3305 fuisset,
2236 3270 2343 3307 posse
2367 3270 2446 3296 eam

1355 3319 1508 3355 poenam
1532 3319 1554 3344 a
1577 3308 1675 3344 socio
1707 3317 1773 3354 pro
1805 3313 1907 3353 parte
1938 3317 2099 3344 servare:
2133 3306 2294 3342 Iulianus
2325 3309 2447 3341 autem

1355 3358 1453 3390 recte
1477 3358 1579 3390 notat
1601 3354 1653 3389 ita
1676 3352 1818 3389 demum
1839 3353 1910 3389 hoc
1940 3362 2063 3388 verum
2094 3362 2191 3395 esse,
2223 3351 2254 3387 si
2284 3350 2448 3386 interfuit

1355 3399 1497 3435 aedium
1520 3399 1590 3435 hoc
1613 3398 1701 3434 fieri.

1359 3515 1417 3554 (12)
1442 3511 1554 3545 Titius
1564 3512 1626 3546 del.
1639 3510 1791 3546 cuiacius
1883 3511 1941 3552 (13)
1965 3519 2020 3543 res
2031 3511 2090 3544 ins.
2101 3510 2176 3543 den.
2267 3510 2325 3550 (u)
2349 3509 2398 3541 eie
2404 3507 2445 3550 S,

1357 3561 1394 3590 ut
1404 3560 1439 3589 et
1447 3557 1482 3590 F
1545 3558 1604 3599 (15)
1627 3555 1739 3590 locum
1747 3556 1821 3595 ina,
1830 3555 1891 3589 ned
1898 3555 2044 3595 deletum,
2057 3554 2094 3595 F',
2103 3564 2166 3597 pro
2175 3553 2324 3587 indiviso
2334 3553 2445 3586 colere

1358 3612 1465 3654 neque
1475 3612 1547 3635 eam
1556 3601 1705 3645 potuisse
1716 3607 1855 3654 ’ornasse
1863 3601 1924 3634 ins.
2018 3600 2078 3641 (16)
2101 3601 2154 3632 est
2162 3599 2208 3632 F¹
2298 3599 2357 3640 (ιτ)
2382 3607 2445 3650 pro

1358 3645 1594 3726 ἒῗὲιὲιὲγιηῧὲ,
1609 3657 1630 3689 p
1714 3656 1758 3679 ns
1770 3645 1820 3679 Ρ
1910 3646 1971 3687 (18)
1996 3644 2165 3678 sufficeret
2176 3643 2227 3677 Ρ·
2304 3645 2367 3684 (19)
2391 3653 2440 3676 ιιι-
