2528 3918
199 110 352 158 vms

708 236 776 276 V'.

196 306 238 338 SI
262 303 482 338 SERVITUS
506 302 790 336 VINDIOETUR
812 303 905 336 VEL
927 303 987 335 AD
1007 303 1154 336 ALIUM
1175 303 1279 335 PER-

520 347 694 381 TINERE
719 348 948 382 NEGETUR.

245 414 262 452 1
298 414 495 451 Uzpmzws
515 414 607 450 libro
632 418 764 461 quarto
788 414 924 451 decimo
948 414 997 449 ad
1019 413 1173 448 edictum
1207 414 1278 448 Ac-

195 461 309 496 tiones
343 459 386 494 de
421 458 649 495 servitutibus
683 459 827 495 rusticis
862 460 934 494 sive
969 458 1114 493 urbanis
1159 468 1279 493 eorum

195 510 289 546 sunt,
315 515 467 557 quorum
490 504 637 549 praedia
660 509 762 540 sunt:
797 505 986 549 sepulchra
1017 508 1135 538 autem
1166 503 1280 538 nostri

195 550 338 586 dominii
362 559 434 584 non
458 554 558 584 sunt:
590 549 722 596 adquin
753 550 845 584 viam
877 549 922 583 ad
946 548 1173 593 sepulchrum
1196 558 1278 593 pos-

195 605 317 631 sumus
340 593 532 629 vindicare.

241 638 266 677 2
290 639 399 674 Imm
417 639 507 675 libro
531 640 681 686 septimo
705 639 840 675 decimo
864 638 914 673 ad
934 638 1087 673 edictum
1134 636 1190 672 De
1206 647 1279 672 ser-

194 685 366 721 vitutibus
389 684 427 719 in
450 694 524 719 rem
548 684 707 719 actiones
733 687 942 729 competunt
964 683 1068 718 nobis
1094 682 1140 717 ad
1163 692 1278 718 exem-

194 731 292 775 plum
317 740 438 765 earum
462 739 555 774 quae
578 729 624 764 ad
655 739 759 764 usum
790 728 946 763 fructum
974 727 1174 780 pertinent,
1207 731 1281 762 tam

195 775 415 810 confessoria
438 784 544 820 quam
567 774 762 819 negatoria,
788 773 1008 808 confessorla
1032 772 1063 807 ei
1087 773 1148 818 qui
1171 773 1278 807 servi-

194 824 288 856 tutes
312 819 380 855 sibi
403 823 604 865 competere
629 818 822 860 contendit,
847 818 1030 870 negatoria
1053 817 1196 852 domino
1220 817 1281 862 qui

198 869 211 900 1
261 869 377 910 negat
424 864 523 900 Haec
547 869 665 899 autem
688 864 724 898 in
744 874 818 898 rem
839 868 933 898 acuo
954 862 1175 898 confessoria
1193 862 1280 897 nulli

194 910 255 946 alii
285 920 391 956 quam
423 909 564 945 domino
596 908 697 943 fundi
730 908 916 953 competit:
950 908 1155 943 servitutem
1188 907 1280 942 enim

194 965 296 990 nemo
316 954 496 990 vindicare
515 959 634 999 potest
653 964 758 998 quam
778 954 808 988 is
829 953 889 998 qui
909 953 1102 988 dominium
1121 952 1279 988 infundo

195 1003 215 1035 2
262 1000 377 1036 vicino
408 1000 536 1042 habet,
569 999 627 1034 cui
651 999 854 1034 servitutem
878 998 963 1033 dicit
987 997 1119 1032 deberi.
1167 997 1281 1033 Recte

194 1045 362 1081 Neratius
394 1045 535 1086 scribit,
569 1045 599 1079 si
630 1044 734 1078 medii
765 1043 834 1078 loci
858 1054 944 1078 usus
967 1042 1108 1078 fructus
1132 1043 1279 1088 legetur,

193 1091 260 1126 iter
290 1100 431 1135 quoque
463 1090 561 1134 sequi
594 1091 671 1134 (per
703 1099 745 1124 ea
778 1088 915 1123 scilicet
948 1088 1029 1123 loca
1059 1087 1180 1130 fundi,
1216 1097 1282 1133 per

194 1145 287 1181 quae
310 1135 371 1180 qui
394 1145 497 1170 usum
520 1134 676 1169 fructum
701 1134 808 1169 cessit
832 1133 1078 1175 constitueret)
1104 1137 1280 1178 quatenus

194 1185 250 1216 est
272 1180 319 1215 ad
340 1179 529 1215 fruendum
552 1179 810 1214 necessarium:
842 1188 996 1223 namque
1020 1178 1203 1214 sciendum
1227 1181 1282 1213 est

194 1226 279 1268 iter,
313 1225 406 1270 quod
429 1224 570 1259 fruendi
593 1224 708 1269 gratia
730 1223 927 1259 fructuario
959 1227 1183 1269 praestatur,
1209 1233 1281 1258 non

194 1281 273 1306 esse
303 1270 524 1311 servitutem,
560 1279 674 1314 neque
707 1269 799 1304 enim
829 1273 950 1314 potest
984 1269 1051 1304 soli
1081 1268 1280 1304 fructuario

194 1316 343 1351 servitus
368 1314 504 1350 deberi:
530 1313 592 1349 sed
616 1314 645 1349 si
668 1313 779 1349 fundo
805 1313 996 1356 debeatur,
1023 1317 1059 1349 et
1080 1314 1159 1358 ipse
1181 1312 1279 1348 fruc-

195 1363 214 1396 3
261 1361 399 1395 tuarius
431 1370 474 1395 ea
496 1363 627 1394 utetur.
675 1359 892 1404 Pomponius
926 1358 1012 1394 dicit
1041 1358 1281 1394 fructuarium

193 1406 380 1440 interdicto
406 1405 449 1439 de
471 1405 597 1439 itinere
620 1404 673 1439 uti
695 1414 812 1449 posse,
838 1404 868 1439 si
891 1404 960 1439 hoc
981 1414 1075 1439 anno
1097 1414 1184 1439 usus
1206 1408 1278 1439 est:

194 1451 278 1486 alibi
302 1450 394 1485 enim
419 1450 463 1485 de
480 1449 566 1492 iure,
591 1449 627 1484 id
648 1453 703 1484 est
722 1449 759 1484 in
780 1449 1000 1485 confessoria
1018 1449 1171 1492 actione,
1196 1448 1282 1483 alibi

194 1495 238 1531 de
260 1494 376 1537 facto,
407 1499 448 1529 ιιι
479 1495 516 1529 in
548 1494 618 1529 hoc
649 1494 857 1536 interdicto,
883 1495 1083 1539 quaeritur:
1117 1493 1213 1539 quod
1245 1497 1282 1529 et

194 1540 350 1575 Iulianus
374 1540 464 1575 libro
489 1539 785 1592 quadragensimo
810 1543 936 1575 octavo
957 1540 992 1574 di
1017 1543 1173 1574 estorum
1191 1539 1279 1574 scri-

194 1586 254 1620 bit.
291 1596 355 1630 pro
380 1584 556 1620 sententia
579 1584 706 1619 Iuliani
729 1585 837 1627 facit,
871 1584 964 1630 quod
1022 1585 1111 1620 abeo
1144 1584 1279 1626 scribit,

194 1631 331 1666 etiamsi
361 1634 512 1665 testator
542 1639 630 1665 usus
663 1630 710 1664 sit
741 1629 801 1675 qui
832 1629 961 1682 legavit
984 1640 1088 1665 usum
1111 1629 1278 1672 fructum,

193 1675 321 1711 debere
344 1675 430 1710 utile
452 1675 679 1710 interdictum
701 1674 900 1710 fructuano
926 1674 1022 1717 dari,
1049 1674 1277 1720 quemadmo-

193 1721 276 1756 dum
307 1720 430 1755 heredi
459 1720 515 1755 vel
547 1720 699 1764 emptori
731 1723 939 1765 competunt
961 1720 1051 1755 haec
1075 1719 1277 1755 interdicta.

238 1763 262 1803 3
287 1765 395 1801 IDEM
422 1765 512 1801 libro
542 1766 833 1818 septuaqensimo
868 1766 918 1800 ad
949 1765 1103 1801 edictum
1150 1764 1222 1800 Sed
1245 1768 1281 1800 et

192 1811 222 1846 si
271 1814 382 1845 artem
404 1809 507 1845 fundi
531 1820 609 1855 quls
634 1810 768 1853 emerit,
792 1810 885 1845 idem
909 1810 1098 1846 dicendum
1123 1814 1187 1845 est.

240 1822 269 1893 X
289 1855 396 1891 IDEM
426 1855 517 1891 libro
552 1856 703 1901 septimo
738 1855 874 1891 decimo
911 1855 961 1890 ad
990 1855 1142 1891 edictum
1188 1854 1279 1891 Loci

193 1911 322 1946 corpus
346 1911 418 1936 non
442 1904 497 1936 est
520 1900 666 1935 dominii
688 1901 700 1935 i
727 1901 820 1943 sius,
852 1901 910 1936 cui
942 1901 1092 1936 servitus
1117 1901 1278 1943 debetur,

198 1950 211 1981 l
260 1945 323 1982 sed
334 1946 389 1981 ius
403 1945 509 1981 eundi
521 1946 640 1981 habet.
721 1945 757 1980 ui
780 1946 849 1981 iter
871 1946 948 1981 sine
972 1950 1056 1981 actu
1078 1946 1134 1981 vel
1159 1950 1279 1980 actum

193 1994 213 2026 2
260 1991 335 2027 sine
357 1991 481 2026 itinere
504 1991 624 2033 habet,
650 1992 790 2026 actione
810 1991 854 2026 de
873 1991 1041 2026 servitute
1059 1994 1192 2026 utetur.
1236 1991 1278 2025 In

194 2036 410 2072 confosson‘a
434 2036 584 2079 actione,
610 2046 704 2081 quae
728 2035 772 2071 de
796 2036 966 2072 servitute
984 2040 1156 2078 movetur,
1180 2035 1278 2071 fruc-

192 2086 251 2117 tus
276 2081 381 2117 etiam
404 2081 559 2116 veniunt.
605 2081 669 2117 sed
698 2081 900 2123 videamus,
960 2081 997 2116 ui
1030 2091 1108 2116 esse
1138 2080 1278 2116 fructus

193 2127 371 2162 servitutis
395 2130 565 2171 possunt:
591 2130 627 2162 et
651 2130 706 2161 est
728 2127 845 2162 verius
869 2126 905 2161 id
955 2137 1072 2161 emum
1095 2126 1279 2161 fructuum

193 2172 332 2207 nomine
345 2171 632 2216 computandum,
657 2172 687 2206 si
711 2171 797 2224 quid
820 2172 867 2207 sit
890 2171 986 2217 quod
1008 2171 1148 2206 intersit
1171 2181 1277 2216 agen-

193 2217 238 2252 tis
262 2217 431 2252 servitute
454 2227 526 2251 non
549 2217 740 2261 prohiben.
778 2216 841 2252 sed
874 2221 910 2252 et
939 2217 977 2251 in
1008 2217 1192 2261 negatoria
1217 2226 1278 2251 ac-

192 2262 298 2304 tione,
323 2266 364 2297 ut
385 2261 507 2296 Labeo
532 2263 592 2304 ait,
617 2261 758 2297 fructus
783 2265 1046 2314 computantur,
1071 2261 1195 2306 quanti
1219 2261 1273 2295 in-

126 2330 141 2336 ·
192 2311 301 2342 terest
323 2307 482 2352 petitoris
507 2318 578 2342 non
602 2307 655 2341 uti
671 2306 775 2342 fundi
795 2317 850 2342 su1
868 2310 995 2342 itinere
1016 2306 1276 2342 adversarium:

193 2355 212 2387 3
261 2355 296 2387 et
313 2352 406 2387 hanc
427 2351 639 2387 sententiam
658 2356 694 2387 et
711 2351 930 2398 Pomponius
950 2352 1091 2397 probat.
1140 2351 1178 2386 Si
1195 2350 1276 2386 fun-

194 2397 271 2439 dus,
296 2397 355 2432 cui
377 2397 445 2431 iter
468 2396 627 2440 debetur,
651 2396 806 2442 plurium
829 2397 895 2439 sit,
920 2396 1111 2441 unicuique
1133 2396 1171 2431 in
1196 2396 1277 2431 soli-

193 2442 275 2477 dum
300 2442 469 2486 competit
493 2442 606 2484 actio,
640 2446 675 2477 et
697 2442 748 2477 ita
773 2446 808 2476 et
830 2442 1049 2487 Pomponius
1073 2442 1164 2477 libro
1190 2451 1277 2486 qua-

193 2487 413 2532 dragensimo
444 2488 558 2532 primo
591 2487 732 2522 scribit:
766 2487 830 2522 sed
859 2487 897 2522 in
929 2487 1211 2522 aestimationem
1241 2486 1279 2521 id

193 2531 287 2577 quod
310 2532 457 2567 interest
478 2533 614 2575 veniet,
640 2532 778 2568 scilicet
824 2532 895 2567 uod
918 2532 993 2567 eius
1017 2532 1186 2574 interest,
1218 2531 1278 2576 qui

194 2577 402 2621 experietur.
438 2577 558 2622 itaque
582 2577 626 2613 de
649 2577 726 2613 iure
749 2577 810 2622 qui
836 2587 891 2612 em
913 2577 992 2622 ipso
1017 2577 1146 2622 singuli
1169 2586 1277 2621 expe-

194 2622 327 2657 rientur
350 2626 385 2657 et
407 2623 556 2657 victoria
579 2626 616 2657 et
638 2622 716 2658 aliis
740 2622 909 2667 proderit,
934 2622 1133 2658 aestimatio
1158 2626 1278 2656 autem

195 2666 240 2701 ad
260 2666 355 2711 quod
378 2667 452 2702 eius
475 2667 623 2703 interest
642 2667 879 2710 revocabitur,
905 2667 1064 2713 quamvis
1084 2677 1148 2719 per
1167 2678 1278 2701 unum

195 2714 214 2746 4
261 2710 399 2756 adquiri
430 2712 579 2748 servitus
611 2723 683 2747 non
714 2713 839 2758 possit.
887 2712 957 2748 Sed
993 2716 1029 2748 et
1063 2722 1094 2747 s1
1126 2711 1278 2747 duorum

194 2755 324 2791 fundus
349 2756 395 2791 sit
418 2757 476 2801 qui
501 2757 615 2799 servit,
641 2757 811 2793 adversus
835 2768 1124 2810 unumquemque
1147 2757 1279 2802 poterit

194 2801 245 2836 ita
268 2801 324 2845 agi
356 2805 409 2842 et,
441 2806 481 2836 ut
503 2802 720 2847 Pomponius
744 2803 834 2838 libro
858 2802 982 2838 eodem
1007 2802 1148 2845 scnbit,
1182 2802 1277 2854 quis-

195 2846 273 2891 quis
297 2845 469 2888 defendit,
495 2847 644 2882 solidum
669 2847 774 2883 debet
797 2848 1003 2890 restituere,
1028 2847 1112 2893 quia
1137 2847 1276 2882 divisio-

195 2894 214 2926 5
261 2901 342 2925 nem
364 2890 454 2926 haec
477 2902 532 2925 res
557 2903 627 2927 non
660 2893 795 2938 recipit.
845 2891 883 2928 Si
914 2893 992 2938 quis
1022 2893 1108 2927 mihi
1140 2892 1277 2927 itineris

194 2936 248 2971 vel
272 2940 374 2971 actus
398 2936 451 2970 vel
475 2937 551 2970 viae
576 2937 851 2973 controversiam
875 2948 948 2973 non
971 2937 1102 2979 faciat,
1135 2937 1197 2972 sed
1222 2948 1276 2972 re·

194 2980 301 3016 ficere
325 2984 483 3015 sternere
507 2991 576 3015 non
600 2983 770 3026 patiatur,
795 2982 1012 3028 Pomponius
1037 2983 1127 3018 libro
1154 2982 1277 3017 eodem

194 3026 319 3061 scribit
342 3025 561 3061 confessoria
585 3028 724 3062 actione
747 3027 832 3062 mihi
856 3027 1047 3063 utendum:
1082 3038 1162 3062 nam
1188 3031 1224 3062 et
1247 3027 1277 3062 si

194 3070 358 3106 arborem
388 3070 647 3115 impendentem
671 3072 803 3107 habeat
825 3072 980 3115 vicinus,
1014 3083 1085 3118 qua
1107 3073 1199 3107 viam
1222 3072 1278 3107 vel

195 3115 262 3152 iter
284 3115 415 3150 invium
439 3115 492 3150 vel
512 3115 665 3151 inhabile
683 3116 783 3159 facit,
808 3117 999 3153 Marcellus
1020 3127 1162 3170 quoque
1181 3117 1277 3162 apud

193 3160 370 3196 Iulianum
394 3163 496 3195 notat
519 3160 586 3194 iter
608 3161 798 3212 petendum
821 3163 874 3197 vel
898 3162 991 3198 viam
1014 3162 1276 3198 vxndacandam.

194 3205 258 3241 sed
294 3205 338 3240 de
371 3204 565 3240 refectione
594 3216 671 3240 mae
702 3211 737 3240 et
767 3207 953 3243 interdicto
988 3207 1040 3242 uti
1075 3217 1276 3252 possumus,

195 3250 291 3296 quod
325 3249 370 3286 de
402 3250 526 3285 itinere
561 3254 712 3295 actuque
746 3251 937 3287 reficiendo
974 3252 1160 3296 competit:
1205 3262 1277 3287 non

194 3300 313 3331 tamen
337 3295 367 3331 si
391 3295 489 3330 silice
512 3295 590 3340 quis
615 3299 771 3330 sternere
794 3297 894 3339 velit,
919 3297 987 3332 nisi
1010 3297 1218 3333 nominatim
1240 3296 1278 3331 id

196 3344 217 3376 6
265 3340 438 3376 convenit.
486 3339 556 3375 Sed
587 3343 622 3375 et
653 3340 697 3375 de
727 3340 878 3383 haustu,
914 3342 997 3387 quia
1026 3342 1179 3377 servitus
1212 3345 1276 3383 est,

196 3388 215 3420 ‘1
264 3389 470 3431 competunt
491 3384 594 3420 nobis
617 3384 654 3419 in
676 3394 750 3419 rem
782 3387 951 3422 actiones.
1000 3386 1178 3432 Competit
1212 3396 1276 3421 au-

195 3434 267 3466 tem
290 3430 334 3466 de
356 3429 525 3466 servitute
547 3429 640 3465 actio
665 3429 805 3465 domino
830 3431 980 3467 aedificii
1003 3431 1147 3477 neganti
1169 3431 1278 3467 servi·

196 3479 308 3510 tutem
331 3485 370 3511 se
391 3474 506 3510 vicino
539 3473 686 3516 debere,
720 3475 821 3509 cuius
854 3476 959 3510 aedes
992 3487 1064 3512 non
1095 3477 1133 3511 in
1163 3480 1278 3512 totum

195 3520 330 3556 liberae
360 3523 462 3562 sunt,
495 3519 558 3555 sed
582 3519 615 3555 ei
637 3529 719 3555 cum
743 3529 812 3563 quo
837 3520 954 3564 agitur
977 3521 1183 3557 servitutem
1205 3531 1278 3557 non

197 3564 338 3601 debent.
374 3564 471 3601 verbi
492 3563 609 3610 gratia
631 3564 747 3599 habeo
771 3564 895 3606 aedes,
928 3566 1055 3609 quibus
1086 3570 1172 3602 sunt
1192 3565 1278 3601 vici-

243 3681 283 3720 (ι)
307 3679 482 3718 Ed.1...¹s;
500 3677 691 3712 Sab.u...1⁹
704 3687 713 3716 ς
732 3677 820 3721 App.
830 3683 878 3710 ιο.
888 3683 986 3711 2¹.—-
997 3677 1080 3709 Bas.
1091 3679 1145 3717 58,
1156 3685 1173 3711 ε»

197 3725 243 3767 (2)
266 3725 315 3757 cic
322 3724 360 3765 S,
370 3727 404 3756 et
411 3724 446 3756 F
543 3727 585 3764 (3)
611 3732 685 3754 eum
695 3722 757 3755 ἀει
851 3722 894 3763 (4)
917 3722 966 3754 n‘e
975 3722 1033 3752 ΕΝ
1042 3735 1110 3754 cum
1124 3722 1272 3762 Graecis,

1270 105 1347 156 12⁰

2155 123 2196 158 ὃ,
2224 0 2528 160 Μ]

1351 243 1421 269 nae
1450 233 1601 269 Seianae
1631 237 1668 270 et
1697 234 1995 281 Sempronianae,
2029 235 2294 281 Sempronianis
2325 239 2432 274 servi·

1351 282 1463 313 tutem
1487 278 1612 322 debeo,
1637 279 1807 316 adversus
1831 280 2012 316 dominum
2036 280 2245 317 Seianarum
2268 282 2347 318 volo
2371 293 2431 318 ex·
2486 280 2488 282 ’

1350 323 1469 375 periri·
1481 323 1587 376 altius
1611 334 1667 360 me
1689 325 1814 361 tollere
1837 326 2102 371 prohibentem:
2135 326 2172 361 in
2195 337 2270 362 rem
2293 328 2434 364 actione

1352 378 1532 413 experiar:
1564 369 1648 404 hcet
1671 371 1763 405 enim
1786 371 1942 406 serviant
1964 371 2071 406 aedes
2102 381 2219 414 meae,
2252 372 2284 406 ei
2315 376 2433 408 tamen

1351 423 1432 448 cum
1455 423 1525 458 quo
1550 414 1667 458 agitur
1689 425 1761 450 non
1785 416 1960 451 serviunt:
1987 416 2055 451 hoc
2078 416 2186 461 igitur
2204 417 2348 452 intendo
2370 417 2433 453 ha·

1350 458 1434 493 bere
1464 469 1520 493 me
1552 458 1608 494 ius
1639 459 1746 495 altius
1777 460 1925 496 tollendi
1949 460 2057 495 invito
2083 471 2125 496 eo
2150 471 2229 496 cum
2253 472 2322 507 quo
2347 472 2432 507 ago:

1350 506 1521 547 quantum
1546 504 1638 538 enim
1661 505 1708 539 ad
1732 514 1811 540 eum
1835 505 1999 550 pertinet,
2024 506 2155 541 liberas
2179 506 2285 542 aedes
2304 507 2430 543 habeo.

1350 549 1370 582 8
1417 546 1455 582 Si
1479 548 1536 583 cui
1561 549 1703 585 omnino
1728 549 1834 585 altius
1857 550 1982 586 tollere
2005 561 2078 586 non
2108 551 2233 593 liceat,
2266 551 2435 587 adversus

1350 602 1431 628 eum
1454 597 1551 628 recte
1575 598 1699 639 agetur
1720 595 1776 631 ius
1801 595 1833 630 ei
1854 606 1926 630 non
1947 605 2024 631 esse
2042 595 2176 631 tollere.
2213 596 2302 632 haec
2326 597 2434 632 servi-

1349 641 1408 672 tus
1433 642 1469 673 et
1491 638 1543 680 ei,
1577 639 1637 683 qui
1659 639 1844 675 ulteriores
1870 639 1976 675 aedes
2000 641 2127 683 habet,
2152 640 2273 676 deberi
2304 642 2435 687 poterit

1397 682 1421 720 5
1447 682 1503 718 ΡΑ
1511 692 1606 719 Uhvs
1633 683 1724 720 libro
1755 686 1949 720 vicensimo
1974 686 2098 731 primo
2130 685 2180 720 ad
2201 686 2353 722 edictum
2398 690 2433 721 et

1349 727 1430 763 ideo
1463 728 1493 763 si
1523 728 1617 763 inter
1646 739 1743 765 meas
1775 734 1811 765 et
1835 729 1920 764 Titii
1954 729 2059 765 aedes
2090 734 2175 765 tuae
2198 731 2303 766 aedes
2327 732 2434 766 inter-

1351 773 1500 814 cedant,
1533 783 1679 819 possum
1711 774 1796 810 Titii
1828 774 1975 810 aedibus
2007 775 2210 810 servitutem
2242 776 2434 820 imponere,

1351 828 1396 853 ne
1419 818 1525 853 liceat
1548 818 1604 853 ei²
1628 819 1733 854 altius
1757 819 1893 861 tollere,
1918 819 2002 854 licet
2023 820 2094 855 tuis
2119 830 2189 855 non
2212 820 2432 866 imponatur:

1351 863 1435 908 quia
1459 862 1572 899 donec
1595 867 1636 899 tu
1659 875 1731 899 non
1756 864 1906 906 extollis,
1933 868 1986 899 est
2010 864 2145 900 utilitas
2169 866 2358 901 servitutis.

1396 905 1422 946 6
1454 907 1648 944 {lamnas
1668 909 1759 945 libro
1782 910 1932 955 septimo
1957 909 2092 945 decimo
2116 910 2167 945 ad
2188 910 2341 946 edictum
2387 910 2434 945 Et

1350 953 1380 988 si
1402 953 1496 988 forte
1520 954 1580 998 qui
1603 953 1739 989 medius
1771 958 1844 995 est,
1877 954 1961 999 quia
1991 955 2193 990 servitutem
2224 966 2295 990 non
2329 955 2434 991 debe-

1349 998 1431 1038 bat,
1464 998 1569 1033 altius
1594 999 1760 1034 extulerit
1783 999 1946 1034 aedificia
1978 999 2063 1042 sua',
2095 1004 2135 1034 ut
2165 1000 2236 1035 iam
2267 1010 2331 1045 ego
2364 1011 2434 1036 non

1349 1043 1470 1078 videar
1481 1043 1672 1079 luminibus
1685 1044 1756 1079 tuis
1769 1045 1989 1087 obstaturus,
2003 1045 2034 1080 si
2046 1044 2291 1086 aedificavero,
2303 1045 2437 1080 frustra

1349 1088 1512 1123 intendes
1544 1088 1601 1123 ius
1634 1089 1719 1123 mihi
1752 1099 1825 1124 non
1857 1099 1934 1125 esse
1965 1090 2016 1124 ita
2047 1089 2274 1125 aedificatum
2305 1091 2437 1126 habere

1349 1133 1456 1168 invito
1481 1137 1535 1168 te:
1562 1133 1625 1169 sed
1649 1134 1679 1168 si
1702 1134 1796 1169 intra
1819 1138 1958 1186 tempus
1983 1138 2156 1170 statutum
2179 1145 2303 1170 rursus
2328 1135 2435 1180 depo-

1350 1179 1462 1214 suerit
1485 1178 1686 1214 aedificium
1711 1189 1814 1214 suum
1839 1180 1987 1222 vicmus,
2012 1183 2220 1215 renascetur
2242 1181 2307 1215 tibi
2323 1180 2435 1215 vindi-

1352 1227 1366 1258 1
1419 1224 1523 1259 catio.
1573 1223 1761 1259 Sciendum
1792 1229 1913 1259 tamen
1943 1225 1980 1259 in
2013 1225 2068 1260 his
2099 1225 2326 1261 servitutibus
2351 1236 2433 1269 pos·

1347 1277 1521 1303 sessorem
1546 1278 1623 1303 esse
1647 1269 1751 1303 eum³
1783 1269 1869 1305 iuris
1902 1274 1936 1304 et
1968 1270 2167 1314 petitorem.
2223 1273 2258 1305 et
2288 1270 2318 1305 si
2343 1271 2438 1307 forte

1349 1323 1421 1349 non
1444 1314 1598 1348 habeam
1622 1313 1849 1348 aedificatum
1873 1314 1979 1349 altius
2012 1315 2049 1348 in
2080 1324 2178 1355 meo,
2211 1314 2435 1350 adversarius

1349 1368 1449 1393 meus
1480 1368 1666 1403 possessor
1690 1362 1761 1394 est:
1795 1369 1876 1394 nam
1910 1369 1991 1394 cum
2024 1359 2112 1394 nihil
2142 1359 2190 1394 sit
2218 1359 2435 1402 innovatum,

1348 1404 1407 1438 ille
1431 1403 1590 1455 possidet
1613 1407 1649 1438 et
1672 1404 1945 1439 aedificantem⁴
1969 1414 2025 1439 me
2048 1404 2237 1449 prohibere
2258 1408 2379 1450 potest
2402 1409 2437 1440 et

1350 1448 1442 1484 civih
1465 1448 1607 1484 actione
1630 1452 1666 1484 et
1689 1449 1876 1485 interdicto
1910 1449 2005 1501 quod
2034 1450 2069 1484 vi
2102 1453 2166 1484 aut
2199 1449 2310 1484 clam:
2342 1449 2435 1485 idem

1350 1497 1386 1529 et
1410 1494 1440 1529 si
1469 1493 1506 1528 la
1531 1494 1582 1528 illi
1614 1493 1711 1529 iactu
1741 1494 1950 1539 impedient.
1987 1494 2050 1530 sed
2074 1496 2135 1530 et⁵
2158 1494 2188 1530 si
2211 1495 2371 1540 patiente
2394 1505 2435 1531 eo

1349 1542 1370 1574 2
1417 1539 1496 1575 aedi
1524 1549 1671 1581 cavero,
1705 1549 1767 1584 ego
1799 1550 1985 1584 possessor
2017 1549 2076 1575 ero
2111 1539 2269 1575 effectus.
2317 1540 2436 1575 Etiam

1350 1584 1394 1619 de
1417 1584 1598 1626 servitute,
1624 1594 1715 1629 quae
1738 1585 1855 1620 oneris
1878 1584 2016 1620 ferendi
2040 1594 2151 1620 causa
2172 1585 2340 1630 imposita
2359 1586 2436 1627 erit,

1350 1629 1443 1664 actio
1468 1629 1570 1664 nobis
1595 1630 1782 1675 competit,
1815 1634 1856 1665 ut
1887 1634 1922 1665 et
1953 1640 2063 1665 onera
2092 1629 2186 1665 ferat
2217 1633 2253 1665 et
2275 1630 2437 1666 aedificia

1349 1674 1487 1709 reficiat
1510 1674 1556 1709 ad
1579 1684 1662 1710 eum
1684 1675 1848 1717 modum,
1872 1674 1933 1720 qui
1957 1675 2125 1710 servitute
2147 1675 2315 1720 imposita
2340 1685 2435 1710 com·

1348 1720 1546 1764 prehensus
1578 1723 1642 1755 est.
1681 1724 1718 1755 et
1742 1719 1867 1755 Gallus
1891 1724 1995 1765 putat
2018 1730 2090 1755 non
2113 1730 2220 1765 posse
2243 1720 2295 1755 ita
2327 1720 2434 1756 servi-

1347 1768 1460 1800 tutem
1483 1764 1635 1810 imponi,
1668 1769 1709 1799 ιιι
1755 1765 1810 1800 uis
1833 1764 1954 1800 facere
1978 1765 2111 1810 aliquid
2135 1770 2340 1810 cogeretur,
2374 1765 2436 1800 sed

1348 1819 1394 1844 ne
1416 1820 1473 1845 me
1495 1809 1616 1845 facere
1664 1776 1860 1846 rohiberet:
1895 1820 1979 1845 nam
2009 1810 2046 1845 in
2069 1810 2233 1845 omnibus
2257 1810 2434 1845 servituti-

1347 1855 1415 1890 bus
1438 1855 1586 1890 refectio
1611 1865 1632 1890 a
1681 1865 1762 1890 eum
1785 1855 1948 1900 pertinet,
1974 1855 2035 1900 qui
2059 1855 2127 1890 sibi
2149 1855 2353 1891 servitutem
2374 1855 2436 1891 ad-

1348 1900 1444 1942 serit,
1469 1911 1543 1935 non
1566 1900 1613 1935 ad
1636 1910 1727 1943 eum,
1753 1900 1855 1936 cuius
1878 1911 1936 1936 res
1961 1900 2077 1936 servit.
2113 1900 2177 1935 sed
2197 1900 2328 1936 evaluit
2340 1900 2436 1936 Servi

1348 1946 1542 1987 sententia,
1574 1945 1611 1980 in
1642 1946 1826 1991 proposita
1857 1945 1976 1991 specie
2007 1945 2185 1997 utpossit
2209 1945 2287 1990 quis
2313 1945 2435 1981 defen—

1338 1990 1432 2026 'dere
1462 1991 1519 2026 ius
1543 1990 1609 2025 sibi
1634 2001 1712 2026 esse
1737 2001 1862 2036 cogere
1886 1991 2127 2026 adversanum
2150 1990 2297 2026 reficere
2320 1991 2430 2035 parie-

1347 2039 1419 2070 tem
1444 2035 1490 2070 ad
1523 2045 1633 2071 onera
1665 2046 1732 2071 sua
1762 2035 1983 2071 sustinenda.
2030 2035 2154 2071 Labeo
2188 2039 2307 2071 autem
2343 2036 2436 2071 hanc

1348 2081 1553 2116 servitutem
1576 2091 1649 2116 non
1673 2081 1849 2116 hominem
1882 2081 2028 2122 debere,
2061 2080 2124 2116 sed
2156 2091 2250 2124 rem,
2285 2080 2436 2126 denique

1348 2129 1368 2161 3
1415 2126 1523 2161 licere
1547 2125 1688 2161 domino
1712 2137 1788 2162 rem
1813 2126 2057 2171 derelinquere
2080 2125 2214 2161 scribit.
2252 2126 2351 2161 Haec
2372 2136 2435 2161 au-

1347 2174 1419 2206 tem
1450 2171 1545 2206 actio
1576 2171 1613 2205 in
1645 2181 1721 2206 rem
1753 2171 1865 2216 magis
1897 2175 1952 2206 est
1983 2181 2089 2216 quam
2120 2171 2158 2206 in
2189 2181 2379 2216 personam
2402 2175 2438 2207 et

1347 2227 1420 2251 non
1444 2216 1505 2250 alii
1529 2216 1698 2261 competit
1721 2226 1827 2268 quam
1852 2215 1995 2251 domino
2027 2215 2168 2251 aedium
2200 2220 2236 2251 et
2266 2215 2436 2251 adversus

1348 2264 1369 2295 4
1417 2260 1608 2303 dominum,
1629 2261 1736 2295 sicuti
1756 2265 1955 2296 ceterarum
1967 2261 2188 2296 servitutium
2199 2261 2360 2296 intentio.
2399 2260 2435 2296 Si

1348 2306 1454 2341 aedes
1478 2306 1632 2351 plurium
1656 2306 1877 2341 dominorum
1902 2306 1992 2347 sint,
2025 2316 2071 2340 an
2101 2306 2138 2340 in
2170 2306 2321 2341 solidum
2353 2316 2434 2351 aga-

1347 2355 1417 2393 tur,
1441 2350 1662 2395 Papinianus
1686 2351 1777 2385 libro
1801 2351 1906 2386 tertio
1931 2351 2179 2395 quaestionum
2211 2354 2365 2386 tractat:
2402 2355 2436 2386 et

1348 2396 1399 2431 ait
1422 2395 1578 2440 singulos
1604 2395 1765 2431 dominos
1790 2396 1827 2430 in
1850 2395 2000 2431 solidum
2025 2405 2148 2440 agere,
2180 2395 2286 2431 sicuti
2311 2395 2354 2431 de
2378 2406 2435 2431 ce-

1346 2441 1432 2476 teris
1457 2440 1685 2476 servitutibus
1711 2445 1860 2485 excepto
1884 2451 1953 2476 usu
1975 2440 2108 2475 fructu.
2146 2440 2209 2476 sed
2239 2451 2312 2476 non
2343 2441 2435 2476 idem

1347 2485 1634 2531 respondendum
1645 2486 1771 2531 inquit,
1793 2486 1824 2520 si
1837 2495 2042 2521 communes
2065 2485 2170 2520 aedes
2191 2490 2322 2528 essent,
2343 2496 2436 2531 quae

1348 2534 1367 2566 5
1415 2541 1525 2566 onera
1547 2531 1652 2566 vicini
1683 2531 1909 2566 sustinerent.
1957 2530 2088 2566 Modus
2120 2534 2239 2566 autem
2269 2530 2433 2566 refectio·

1346 2577 1402 2611 nis
1425 2577 1462 2610 in
1485 2575 1554 2611 hac
1579 2576 1719 2611 actione
1742 2575 1789 2611 ad
1813 2586 1893 2611 eum
1925 2575 2069 2611 modum
2100 2576 2273 2620 pertinet,
2308 2577 2368 2621 qui
2399 2576 2434 2610 in

1347 2621 1516 2656 servitute
1545 2621 1712 2666 imposita
1725 2621 1739 2643 ⁰
1763 2621 1983 2656 continetur:
2017 2620 2111 2656 forte
2142 2625 2183 2655 ut
2213 2619 2352 2656 reficiat
2381 2621 2433 2655 la-

1346 2665 1428 2711 pide
1472 2666 1648 2711 quadrato
1683 2666 1738 2701 vel
1773 2665 1891 2711 lapide
1926 2665 2082 2701 structili
2116 2665 2170 2700 vel
2229 2666 2329 2701 novis
2363 2666 2433 2701 alio

1348 2715 1368 2747 6
1415 2721 1541 2756 opere,
1590 2710 1663 2746 uod
1685 2711 1722 2746 in
1746 2711 1915 2746 servitute
1939 2709 2073 2746 dictum
2098 2714 2162 2745 est.
2244 2711 2368 2746 eniunt
2399 2714 2435 2745 et

1346 2756 1484 2792 fructus
1506 2756 1545 2790 in
1594 2766 1637 2791 ac
1661 2756 1820 2798 actione,
1851 2755 1888 2790 id
1920 2759 1974 2790 est
1997 2754 2220 2790 commodum
2251 2755 2345 2801 quod
2369 2755 2432 2790 ha-

1347 2804 1366 2836 7
1414 2801 1525 2843 beret,
1545 2801 1575 2836 si
1596 2811 1706 2836 onera
1725 2801 1864 2836 aedium
1883 2800 1958 2835 eius
1976 2800 2112 2835 vicinus
2126 2800 2326 2837 sustineret
2363 2800 2432 2835 Pa-

1346 2847 1469 2882 rietem
1500 2850 1620 2882 autem
1654 2846 1836 2882 meliorem
1867 2845 2026 2890 quidem,
2062 2855 2168 2890 quam
2198 2845 2236 2880 in
2267 2845 2434 2881 servitute

1346 2892 1550 2936 impositum
1574 2895 1646 2934 est,
1670 2891 1792 2926 facere
1813 2890 1917 2926 licet:
1950 2890 2161 2925 deteriorem
2185 2890 2215 2925 si
2237 2890 2346 2933 facit,
2370 2894 2434 2925 aut

1346 2936 1526 3016 perhllignc
1549 2936 1726 2972 actionem
1749 2939 1813 2971 aut
1835 2945 1899 2981 per
1922 2935 2040 2981 operia
2063 2935 2146 2971 novi
2176 2935 2433 2971 nuntiationem

1371 2991 1410 3016 ro
1439 2982 1447 2989 '
1476 2985 1564 3016 etur.

1346 2992 1369 3027 p
1393 3024 1416 3062 7
1445 3025 1498 3061 ΡΑ
1506 3036 1601 3062 orvs
1620 3026 1711 3062 libro
1734 3025 1926 3061 vicensimo
1941 3025 2067 3071 primo
2090 3024 2141 3059 ad
2161 3024 2315 3060 edictum
2357 3024 2431 3060 Ha-

1345 3082 1423 3106 rum
1447 3072 1628 3107 actionum
1651 3074 1797 3106 eventus
1821 3070 1879 3105 hic
1903 3075 1967 3112 est,
1991 3073 2033 3104 ut
2055 3069 2182 3105 victori
2201 3069 2321 3105 officio
2340 3069 2431 3104 iudi-

1347 3116 1397 3151 cis
1421 3121 1485 3151 aut
1507 3126 1564 3151 res
1613 3118 1789 3151 raestetur
1812 3119 1876 3150 aut
1899 3114 2030 3150 cautio.
2066 3124 2124 3149 res
2147 3115 2227 3159 ipsa
2250 3115 2340 3150 haec
2365 3117 2430 3157 est,

1345 3165 1387 3196 ut
1409 3161 1531 3196 iubeat
1554 3171 1576 3196 a
1601 3160 1792 3196 versarium
1816 3159 1924 3195 iudex
1947 3158 2136 3195 emendare
2158 3159 2282 3194 vitium
2314 3160 2429 3204 parie-

1346 3207 1391 3241 tis
1416 3210 1452 3241 et
1474 3206 1641 3241 idoneum
1671 3208 1866 3250 praestare.
1904 3203 2021 3240 cautio
2053 3204 2142 3239 haec
2176 3208 2249 3247 est,
2280 3208 2322 3239 ut
2352 3214 2431 3239 eum

1345 3251 1467 3286 iubeat
1491 3251 1535 3286 de
1557 3249 1749 3286 reficiendo
1800 3250 1912 3285 ariete
1945 3257 2069 3285 cavere
2099 3258 2215 3293 neque
2246 3259 2285 3284 se
2316 3258 2432 3294 neque

1346 3305 1570 3331 successores
1594 3305 1679 3331 suos
1702 3305 1768 3340 pro
1797 3294 1945 3330 'bitures
1965 3293 2071 3328 altius
2089 3293 2214 3328 tollere
2234 3294 2429 3329 sublatum-

1347 3351 1416 3386 que
1438 3341 1587 3375 habere:
1613 3344 1649 3376 et
1671 3340 1701 3375 si
1726 3339 1877 3381 caverit,
1903 3337 2116 3373 absolvetur.
2155 3338 2185 3373 si
2207 3348 2290 3374 vero
2314 3348 2430 3384 neque

1346 3395 1420 3421 rem
1431 3389 1591 3430 praestat
1602 3394 1717 3438 neque
1730 3384 1942 3424 cautionem,
1961 3383 2052 3418 tanti
2066 3381 2287 3427 condemnet,
2308 3383 2430 3429 quanti

1347 3434 1450 3466 actor
1472 3430 1509 3465 in
1532 3430 1630 3465 litem
1653 3429 1831 3465 iuraverit.

1393 3472 1418 3513 8
1450 3474 1644 3511 Ulmanus
1663 3474 1754 3510 libro
1776 3473 1927 3519 septimo
1942 3472 2078 3509 decimo
2094 3472 2145 3508 ad
2158 3472 2312 3508 edictum
2352 3470 2428 3507 Sic-

1346 3523 1388 3556 ut
1410 3524 1530 3555 autem
1552 3519 1700 3554 refectio
1731 3518 1878 3563 parietis
1908 3517 1955 3552 ad
1984 3518 2138 3553 vicinum
2196 3517 2345 3559 ertinet,
2376 3516 2429 3552 ita

1345 3564 1482 3600 fultura
1500 3563 1741 3599 aedificiorum
1759 3562 1865 3598 vicini
1886 3563 1944 3598 cui
1960 3562 2111 3598 servitus
2128 3562 2173 3597 de
2198 3565 2288 3604 etur,
2306 3571 2428 3607 quam-

1343 3676 1541 3710 aedificante
1550 3675 1621 3709 W

1348 3725 1383 3754 ta
1402 3721 1436 3754 F

1758 3677 1801 3718 (5)
1826 3678 1860 3708 et
1868 3675 1930 3708 dcl.
2070 3676 2115 3714 (6)
2139 3674 2424 3715 servitutemposi-

2501 3755 2514 3784 i

2503 3812 2517 3823 .

2493 3832 2516 3918 i

2517 3578 2523 3598 9

2512 3722 2515 3734 ι

2524 3728 2528 3834 ,ἱ

2521 3841 2528 3918 ε
