<?xml version="1.0" encoding="UTF-8"?>
<!DOCTYPE html PUBLIC "-//W3C//DTD XHTML 1.0 Transitional//EN"
    "http://www.w3.org/TR/xhtml1/DTD/xhtml1-transitional.dtd">
<html xmlns="http://www.w3.org/1999/xhtml" xml:lang="en" lang="en">
 <head>
  <title>
</title>
<meta http-equiv="Content-Type" content="text/html;charset=utf-8" />
  <meta name='ocr-system' content='tesseract 3.04.00' />
  <meta name='ocr-capabilities' content='ocr_page ocr_carea ocr_par ocr_line ocrx_word'/>
</head>
<body>
  <div class='ocr_page' id='page_1' title='image "./corpusjuriscivil01krueuoft_0291.png"; bbox 0 0 2528 3918; ppageno 0'>
   <div class='ocr_carea' id='block_1_1' title="bbox 144 126 1302 179">
    <p class='ocr_par' dir='ltr' id='par_1_1' title="bbox 144 126 1302 179">
     <span class='ocr_line' id='line_1_1' title="bbox 144 126 1302 179; baseline -0.004 -1"><span class='ocrx_word' id='word_1_1' title='bbox 144 147 207 179; x_wconf 75' lang='lat' dir='ltr'><strong>nn</strong></span> <span class='ocrx_word' id='word_1_2' title='bbox 236 145 374 178; x_wconf 78' lang='lat' dir='ltr'><strong>com).</strong></span> <span class='ocrx_word' id='word_1_3' title='bbox 403 144 465 175; x_wconf 74' lang='lat' dir='ltr'><strong>nx</strong></span> <span class='ocrx_word' id='word_1_4' title='bbox 491 143 622 175; x_wconf 74' lang='lat' dir='ltr'><strong>LEGE.</strong></span> <span class='ocrx_word' id='word_1_5' title='bbox 681 142 742 173; x_wconf 77' lang='lat' dir='ltr'><strong>DE</strong></span> <span class='ocrx_word' id='word_1_6' title='bbox 772 142 910 174; x_wconf 80' lang='lat' dir='ltr'><strong>com).</strong></span> <span class='ocrx_word' id='word_1_7' title='bbox 935 141 1096 172; x_wconf 73' lang='lat' dir='ltr'><strong>rm&#39;rxc.</strong></span> <span class='ocrx_word' id='word_1_8' title='bbox 1224 126 1302 173; x_wconf 83' lang='lat'><strong>175</strong></span> 
     </span>
    </p>
   </div>
   <div class='ocr_carea' id='block_1_2' title="bbox 143 250 1268 297">
    <p class='ocr_par' dir='ltr' id='par_1_2' title="bbox 143 250 1268 297">
     <span class='ocr_line' id='line_1_2' title="bbox 143 250 1268 297; baseline -0.004 -6"><span class='ocrx_word' id='word_1_9' title='bbox 143 255 247 291; x_wconf 86' lang='lat' dir='ltr'><strong>serit:</strong></span> <span class='ocrx_word' id='word_1_10' title='bbox 281 253 343 290; x_wconf 87' lang='lat' dir='ltr'><strong>sed</strong></span> <span class='ocrx_word' id='word_1_11' title='bbox 367 257 403 290; x_wconf 84' lang='lat' dir='ltr'><strong>et</strong></span> <span class='ocrx_word' id='word_1_12' title='bbox 426 253 456 288; x_wconf 92' lang='lat' dir='ltr'><strong>si</strong></span> <span class='ocrx_word' id='word_1_13' title='bbox 479 251 574 297; x_wconf 84' lang='lat' dir='ltr'><strong>apud</strong></span> <span class='ocrx_word' id='word_1_14' title='bbox 596 252 685 287; x_wconf 83' lang='lat' dir='ltr'><strong>furis</strong></span> <span class='ocrx_word' id='word_1_15' title='bbox 709 251 876 286; x_wconf 86' lang='lat' dir='ltr'><strong>heredem</strong></span> <span class='ocrx_word' id='word_1_16' title='bbox 900 251 992 287; x_wconf 90' lang='lat' dir='ltr'><strong>diem</strong></span> <span class='ocrx_word' id='word_1_17' title='bbox 1017 261 1121 287; x_wconf 90' lang='lat' dir='ltr'><strong>suum</strong></span> <span class='ocrx_word' id='word_1_18' title='bbox 1145 250 1233 287; x_wconf 92' lang='lat' dir='ltr'><strong>obiit</strong></span> <span class='ocrx_word' id='word_1_19' title='bbox 1265 263 1268 270; x_wconf 73' lang='lat'><em>¹</em></span> 
     </span>
    </p>
   </div>
   <div class='ocr_carea' id='block_1_3' title="bbox 131 296 1233 3589">
    <p class='ocr_par' dir='ltr' id='par_1_3' title="bbox 141 296 1233 470">
     <span class='ocr_line' id='line_1_3' title="bbox 143 296 1232 342; baseline -0.005 -6"><span class='ocrx_word' id='word_1_20' title='bbox 143 310 266 335; x_wconf 82' lang='lat' dir='ltr'><strong>servus</strong></span> <span class='ocrx_word' id='word_1_21' title='bbox 296 299 448 334; x_wconf 85' lang='lat' dir='ltr'><strong>furtivus</strong></span> <span class='ocrx_word' id='word_1_22' title='bbox 478 297 533 332; x_wconf 91' lang='lat' dir='ltr'><strong>vel</strong></span> <span class='ocrx_word' id='word_1_23' title='bbox 564 307 637 332; x_wconf 92' lang='lat' dir='ltr'><strong>non</strong></span> <span class='ocrx_word' id='word_1_24' title='bbox 667 296 765 340; x_wconf 90' lang='lat' dir='ltr'><strong>apud</strong></span> <span class='ocrx_word' id='word_1_25' title='bbox 795 297 930 341; x_wconf 89' lang='lat' dir='ltr'><strong>ipsum,</strong></span> <span class='ocrx_word' id='word_1_26' title='bbox 964 301 1049 342; x_wconf 93' lang='lat' dir='ltr'><strong>post</strong></span> <span class='ocrx_word' id='word_1_27' title='bbox 1081 299 1232 332; x_wconf 88' lang='lat' dir='ltr'><strong>mortem</strong></span> 
     </span>
     <span class='ocr_line' id='line_1_4' title="bbox 142 341 1230 386; baseline -0.003 -6"><span class='ocrx_word' id='word_1_28' title='bbox 142 349 262 380; x_wconf 85' lang='lat' dir='ltr'><strong>tamen</strong></span> <span class='ocrx_word' id='word_1_29' title='bbox 285 344 387 386; x_wconf 88' lang='lat' dir='ltr'><strong>furis,</strong></span> <span class='ocrx_word' id='word_1_30' title='bbox 411 341 599 378; x_wconf 91' lang='lat' dir='ltr'><strong>dicendum</strong></span> <span class='ocrx_word' id='word_1_31' title='bbox 623 345 678 376; x_wconf 90' lang='lat' dir='ltr'><strong>est</strong></span> <span class='ocrx_word' id='word_1_32' title='bbox 697 341 958 377; x_wconf 82' lang='lat' dir='ltr'><strong>condictionem</strong></span> <span class='ocrx_word' id='word_1_33' title='bbox 979 341 1150 377; x_wconf 84' lang='lat' dir='ltr'><strong>adversus</strong></span> <span class='ocrx_word' id='word_1_34' title='bbox 1169 341 1230 376; x_wconf 84' lang='lat' dir='ltr'><strong>he-</strong></span> 
     </span>
     <span class='ocr_line' id='line_1_5' title="bbox 141 386 1233 432; baseline -0.003 -7"><span class='ocrx_word' id='word_1_35' title='bbox 141 389 262 425; x_wconf 88' lang='lat' dir='ltr'><strong>redem</strong></span> <span class='ocrx_word' id='word_1_36' title='bbox 286 389 425 424; x_wconf 89' lang='lat' dir='ltr'><strong>durare.</strong></span> <span class='ocrx_word' id='word_1_37' title='bbox 462 396 554 432; x_wconf 83' lang='lat' dir='ltr'><strong>quae</strong></span> <span class='ocrx_word' id='word_1_38' title='bbox 575 386 612 421; x_wconf 89' lang='lat' dir='ltr'><strong>in</strong></span> <span class='ocrx_word' id='word_1_39' title='bbox 636 386 766 421; x_wconf 87' lang='lat' dir='ltr'><strong>herede</strong></span> <span class='ocrx_word' id='word_1_40' title='bbox 791 386 954 429; x_wconf 84' lang='lat' dir='ltr'><strong>diximus,</strong></span> <span class='ocrx_word' id='word_1_41' title='bbox 980 387 1103 422; x_wconf 88' lang='lat' dir='ltr'><strong>eadem</strong></span> <span class='ocrx_word' id='word_1_42' title='bbox 1128 389 1233 422; x_wconf 89' lang='lat' dir='ltr'><strong>erunt</strong></span> 
     </span>
     <span class='ocr_line' id='line_1_6' title="bbox 143 432 695 470; baseline -0.007 -1"><span class='ocrx_word' id='word_1_43' title='bbox 143 439 179 470; x_wconf 91' lang='lat' dir='ltr'><strong>et</strong></span> <span class='ocrx_word' id='word_1_44' title='bbox 202 435 239 468; x_wconf 92' lang='lat' dir='ltr'><strong>in</strong></span> <span class='ocrx_word' id='word_1_45' title='bbox 265 433 391 469; x_wconf 90' lang='lat' dir='ltr'><strong>ceteris</strong></span> <span class='ocrx_word' id='word_1_46' title='bbox 415 432 695 467; x_wconf 89' lang='lat' dir='ltr'><strong>successoribus.</strong></span> 
     </span>
    </p>

    <p class='ocr_par' dir='ltr' id='par_1_4' title="bbox 137 476 1231 1053">
     <span class='ocr_line' id='line_1_7' title="bbox 188 476 1231 523; baseline -0.004 -8"><span class='ocrx_word' id='word_1_47' title='bbox 188 476 212 516; x_wconf 89' lang='lat'>8</span> <span class='ocrx_word' id='word_1_48' title='bbox 236 478 344 514; x_wconf 71' lang='lat' dir='ltr'><strong>IDEM</strong></span> <span class='ocrx_word' id='word_1_49' title='bbox 362 477 453 513; x_wconf 78' lang='lat' dir='ltr'><strong>libro</strong></span> <span class='ocrx_word' id='word_1_50' title='bbox 476 477 668 512; x_wconf 80' lang='lat' dir='ltr'><strong>vicensimo</strong></span> <span class='ocrx_word' id='word_1_51' title='bbox 691 477 842 523; x_wconf 77' lang='lat' dir='ltr'><strong>septimo</strong></span> <span class='ocrx_word' id='word_1_52' title='bbox 863 476 913 511; x_wconf 84' lang='lat' dir='ltr'><strong>ad</strong></span> <span class='ocrx_word' id='word_1_53' title='bbox 931 476 1085 512; x_wconf 79' lang='lat' dir='ltr'><strong>edictum</strong></span> <span class='ocrx_word' id='word_1_54' title='bbox 1133 476 1173 512; x_wconf 92' lang='lat' dir='ltr'><strong>In</strong></span> <span class='ocrx_word' id='word_1_55' title='bbox 1192 486 1231 511; x_wconf 89' lang='lat' dir='ltr'><strong>re</strong></span> 
     </span>
     <span class='ocr_line' id='line_1_8' title="bbox 141 521 1231 567; baseline -0.004 -8"><span class='ocrx_word' id='word_1_56' title='bbox 141 524 271 559; x_wconf 86' lang='lat' dir='ltr'><strong>furtiva</strong></span> <span class='ocrx_word' id='word_1_57' title='bbox 306 521 484 558; x_wconf 88' lang='lat' dir='ltr'><strong>condictio</strong></span> <span class='ocrx_word' id='word_1_58' title='bbox 518 522 678 567; x_wconf 91' lang='lat' dir='ltr'><strong>ipsorum</strong></span> <span class='ocrx_word' id='word_1_59' title='bbox 714 532 904 566; x_wconf 88' lang='lat' dir='ltr'><strong>corporum</strong></span> <span class='ocrx_word' id='word_1_60' title='bbox 939 521 1128 566; x_wconf 89' lang='lat' dir='ltr'><strong>competit:</strong></span> <span class='ocrx_word' id='word_1_61' title='bbox 1168 521 1231 555; x_wconf 89' lang='lat' dir='ltr'><strong>sed</strong></span> 
     </span>
     <span class='ocr_line' id='line_1_9' title="bbox 142 566 1231 612; baseline -0.004 -8"><span class='ocrx_word' id='word_1_62' title='bbox 142 573 262 604; x_wconf 86' lang='lat' dir='ltr'><strong>utrum</strong></span> <span class='ocrx_word' id='word_1_63' title='bbox 273 566 420 609; x_wconf 88' lang='lat' dir='ltr'><strong>tamdiu,</strong></span> <span class='ocrx_word' id='word_1_64' title='bbox 442 566 611 612; x_wconf 86' lang='lat' dir='ltr'><strong>quamdiu</strong></span> <span class='ocrx_word' id='word_1_65' title='bbox 622 569 772 609; x_wconf 86' lang='lat' dir='ltr'><strong>exstent,</strong></span> <span class='ocrx_word' id='word_1_66' title='bbox 794 577 841 601; x_wconf 90' lang='lat' dir='ltr'><strong>an</strong></span> <span class='ocrx_word' id='word_1_67' title='bbox 861 576 944 601; x_wconf 90' lang='lat' dir='ltr'><strong>vero</strong></span> <span class='ocrx_word' id='word_1_68' title='bbox 966 570 1002 602; x_wconf 93' lang='lat' dir='ltr'><strong>et</strong></span> <span class='ocrx_word' id='word_1_69' title='bbox 1019 567 1050 602; x_wconf 91' lang='lat' dir='ltr'><strong>si</strong></span> <span class='ocrx_word' id='word_1_70' title='bbox 1063 566 1231 602; x_wconf 83' lang='lat' dir='ltr'><strong>desierint</strong></span> 
     </span>
     <span class='ocr_line' id='line_1_10' title="bbox 140 611 1229 657; baseline -0.004 -8"><span class='ocrx_word' id='word_1_71' title='bbox 140 623 220 649; x_wconf 84' lang='lat' dir='ltr'><strong>esse</strong></span> <span class='ocrx_word' id='word_1_72' title='bbox 250 613 287 647; x_wconf 89' lang='lat' dir='ltr'><strong>in</strong></span> <span class='ocrx_word' id='word_1_73' title='bbox 318 612 426 647; x_wconf 91' lang='lat' dir='ltr'><strong>rebus</strong></span> <span class='ocrx_word' id='word_1_74' title='bbox 464 611 656 647; x_wconf 79' lang='lat' dir='ltr'><strong>humanis?</strong></span> <span class='ocrx_word' id='word_1_75' title='bbox 696 615 730 646; x_wconf 90' lang='lat' dir='ltr'><strong>et</strong></span> <span class='ocrx_word' id='word_1_76' title='bbox 761 611 792 647; x_wconf 91' lang='lat' dir='ltr'><strong>si</strong></span> <span class='ocrx_word' id='word_1_77' title='bbox 823 611 964 656; x_wconf 89' lang='lat' dir='ltr'><strong>quidem</strong></span> <span class='ocrx_word' id='word_1_78' title='bbox 997 612 1128 657; x_wconf 83' lang='lat' dir='ltr'><strong>optulit</strong></span> <span class='ocrx_word' id='word_1_79' title='bbox 1158 611 1229 653; x_wconf 90' lang='lat' dir='ltr'><strong>fur,</strong></span> 
     </span>
     <span class='ocr_line' id='line_1_11' title="bbox 141 656 1231 701; baseline -0.004 -7"><span class='ocrx_word' id='word_1_80' title='bbox 141 659 216 694; x_wconf 87' lang='lat' dir='ltr'><strong>sine</strong></span> <span class='ocrx_word' id='word_1_81' title='bbox 240 657 348 693; x_wconf 89' lang='lat' dir='ltr'><strong>dubio</strong></span> <span class='ocrx_word' id='word_1_82' title='bbox 373 657 471 692; x_wconf 89' lang='lat' dir='ltr'><strong>nulla</strong></span> <span class='ocrx_word' id='word_1_83' title='bbox 495 657 562 692; x_wconf 90' lang='lat' dir='ltr'><strong>erit</strong></span> <span class='ocrx_word' id='word_1_84' title='bbox 586 656 784 692; x_wconf 90' lang='lat' dir='ltr'><strong>condictio:</strong></span> <span class='ocrx_word' id='word_1_85' title='bbox 811 657 841 691; x_wconf 92' lang='lat' dir='ltr'><strong>si</strong></span> <span class='ocrx_word' id='word_1_86' title='bbox 865 667 938 691; x_wconf 90' lang='lat' dir='ltr'><strong>non</strong></span> <span class='ocrx_word' id='word_1_87' title='bbox 957 657 1099 701; x_wconf 83' lang='lat' dir='ltr'><strong>optulit,</strong></span> <span class='ocrx_word' id='word_1_88' title='bbox 1125 656 1231 692; x_wconf 88' lang='lat' dir='ltr'><strong>durat</strong></span> 
     </span>
     <span class='ocr_line' id='line_1_12' title="bbox 140 702 1229 747; baseline -0.003 -8"><span class='ocrx_word' id='word_1_89' title='bbox 140 702 316 739; x_wconf 91' lang='lat' dir='ltr'><strong>condictio</strong></span> <span class='ocrx_word' id='word_1_90' title='bbox 337 702 594 738; x_wconf 83' lang='lat' dir='ltr'><strong>aestimationis</strong></span> <span class='ocrx_word' id='word_1_91' title='bbox 608 702 703 737; x_wconf 87' lang='lat' dir='ltr'><strong>eius:</strong></span> <span class='ocrx_word' id='word_1_92' title='bbox 725 712 856 746; x_wconf 86' lang='lat' dir='ltr'><strong>corpus</strong></span> <span class='ocrx_word' id='word_1_93' title='bbox 876 702 969 736; x_wconf 90' lang='lat' dir='ltr'><strong>enim</strong></span> <span class='ocrx_word' id='word_1_94' title='bbox 987 702 1105 747; x_wconf 92' lang='lat' dir='ltr'><strong>ipsum</strong></span> <span class='ocrx_word' id='word_1_95' title='bbox 1124 711 1229 747; x_wconf 88' lang='lat' dir='ltr'><strong>prae-</strong></span> 
     </span>
     <span class='ocr_line' id='line_1_13' title="bbox 144 746 1228 792; baseline -0.001 -10"><span class='ocrx_word' id='word_1_96' title='bbox 144 752 156 782; x_wconf 93' lang='lat'>1</span> <span class='ocrx_word' id='word_1_97' title='bbox 207 747 294 783; x_wconf 86' lang='lat' dir='ltr'><strong>stari</strong></span> <span class='ocrx_word' id='word_1_98' title='bbox 325 758 398 783; x_wconf 93' lang='lat' dir='ltr'><strong>non</strong></span> <span class='ocrx_word' id='word_1_99' title='bbox 427 750 558 792; x_wconf 91' lang='lat' dir='ltr'><strong>potest.</strong></span> <span class='ocrx_word' id='word_1_100' title='bbox 607 746 645 782; x_wconf 89' lang='lat' dir='ltr'><strong>Si</strong></span> <span class='ocrx_word' id='word_1_101' title='bbox 676 757 720 781; x_wconf 89' lang='lat' dir='ltr'><strong>ex</strong></span> <span class='ocrx_word' id='word_1_102' title='bbox 752 757 863 782; x_wconf 89' lang='lat' dir='ltr'><strong>causa</strong></span> <span class='ocrx_word' id='word_1_103' title='bbox 892 746 1025 782; x_wconf 90' lang='lat' dir='ltr'><strong>furtiva</strong></span> <span class='ocrx_word' id='word_1_104' title='bbox 1055 757 1111 782; x_wconf 91' lang='lat' dir='ltr'><strong>res</strong></span> <span class='ocrx_word' id='word_1_105' title='bbox 1144 757 1228 782; x_wconf 93' lang='lat' dir='ltr'><strong>con-</strong></span> 
     </span>
     <span class='ocr_line' id='line_1_14' title="bbox 139 791 1227 837; baseline -0.002 -9"><span class='ocrx_word' id='word_1_106' title='bbox 139 793 296 835; x_wconf 85' lang='lat' dir='ltr'><strong>dicatur,</strong></span> <span class='ocrx_word' id='word_1_107' title='bbox 330 793 431 828; x_wconf 91' lang='lat' dir='ltr'><strong>cuius</strong></span> <span class='ocrx_word' id='word_1_108' title='bbox 466 792 637 837; x_wconf 89' lang='lat' dir='ltr'><strong>temporis</strong></span> <span class='ocrx_word' id='word_1_109' title='bbox 671 792 871 827; x_wconf 85' lang='lat' dir='ltr'><strong>aestimatio</strong></span> <span class='ocrx_word' id='word_1_110' title='bbox 907 791 990 834; x_wconf 87' lang='lat' dir='ltr'><strong>fiat,</strong></span> <span class='ocrx_word' id='word_1_111' title='bbox 1033 792 1227 837; x_wconf 89' lang='lat' dir='ltr'><strong>quaeritur.</strong></span> 
     </span>
     <span class='ocr_line' id='line_1_15' title="bbox 138 836 1228 883; baseline -0.002 -10"><span class='ocrx_word' id='word_1_112' title='bbox 138 838 256 883; x_wconf 89' lang='lat' dir='ltr'><strong>placet</strong></span> <span class='ocrx_word' id='word_1_113' title='bbox 278 841 399 873; x_wconf 85' lang='lat' dir='ltr'><strong>tamen</strong></span> <span class='ocrx_word' id='word_1_114' title='bbox 429 837 466 872; x_wconf 89' lang='lat' dir='ltr'><strong>id</strong></span> <span class='ocrx_word' id='word_1_115' title='bbox 496 841 636 882; x_wconf 89' lang='lat' dir='ltr'><strong>tempus</strong></span> <span class='ocrx_word' id='word_1_116' title='bbox 667 836 920 882; x_wconf 89' lang='lat' dir='ltr'><strong>spectandum,</strong></span> <span class='ocrx_word' id='word_1_117' title='bbox 954 848 1023 882; x_wconf 91' lang='lat' dir='ltr'><strong>quo</strong></span> <span class='ocrx_word' id='word_1_118' title='bbox 1059 847 1117 872; x_wconf 87' lang='lat' dir='ltr'><strong>res</strong></span> <span class='ocrx_word' id='word_1_119' title='bbox 1151 847 1228 871; x_wconf 91' lang='lat' dir='ltr'><strong>um-</strong></span> 
     </span>
     <span class='ocr_line' id='line_1_16' title="bbox 139 881 1227 928; baseline -0.002 -10"><span class='ocrx_word' id='word_1_120' title='bbox 139 893 243 928; x_wconf 86' lang='lat' dir='ltr'><strong>quam</strong></span> <span class='ocrx_word' id='word_1_121' title='bbox 267 882 409 928; x_wconf 91' lang='lat' dir='ltr'><strong>plurimi</strong></span> <span class='ocrx_word' id='word_1_122' title='bbox 431 882 510 925; x_wconf 91' lang='lat' dir='ltr'><strong>fuit,</strong></span> <span class='ocrx_word' id='word_1_123' title='bbox 535 883 687 917; x_wconf 87' lang='lat' dir='ltr'><strong>maxime</strong></span> <span class='ocrx_word' id='word_1_124' title='bbox 712 893 793 917; x_wconf 89' lang='lat' dir='ltr'><strong>cum</strong></span> <span class='ocrx_word' id='word_1_125' title='bbox 817 882 1029 917; x_wconf 87' lang='lat' dir='ltr'><strong>deteriorem</strong></span> <span class='ocrx_word' id='word_1_126' title='bbox 1052 892 1128 917; x_wconf 91' lang='lat' dir='ltr'><strong>rem</strong></span> <span class='ocrx_word' id='word_1_127' title='bbox 1151 881 1227 916; x_wconf 92' lang='lat' dir='ltr'><strong>fac-</strong></span> 
     </span>
     <span class='ocr_line' id='line_1_17' title="bbox 137 927 1229 972; baseline -0.001 -10"><span class='ocrx_word' id='word_1_128' title='bbox 137 933 209 963; x_wconf 89' lang='lat' dir='ltr'><strong>tam</strong></span> <span class='ocrx_word' id='word_1_129' title='bbox 233 927 293 963; x_wconf 92' lang='lat' dir='ltr'><strong>fur</strong></span> <span class='ocrx_word' id='word_1_130' title='bbox 324 927 440 963; x_wconf 91' lang='lat' dir='ltr'><strong>dando</strong></span> <span class='ocrx_word' id='word_1_131' title='bbox 474 938 546 963; x_wconf 91' lang='lat' dir='ltr'><strong>non</strong></span> <span class='ocrx_word' id='word_1_132' title='bbox 578 928 766 963; x_wconf 90' lang='lat' dir='ltr'><strong>liberatur:</strong></span> <span class='ocrx_word' id='word_1_133' title='bbox 800 937 939 972; x_wconf 90' lang='lat' dir='ltr'><strong>semper</strong></span> <span class='ocrx_word' id='word_1_134' title='bbox 970 927 1063 962; x_wconf 90' lang='lat' dir='ltr'><strong>enim</strong></span> <span class='ocrx_word' id='word_1_135' title='bbox 1094 937 1229 962; x_wconf 89' lang='lat' dir='ltr'><strong>moram</strong></span> 
     </span>
     <span class='ocr_line' id='line_1_18' title="bbox 138 972 1228 1008; baseline -0.001 0"><span class='ocrx_word' id='word_1_136' title='bbox 138 976 157 1008; x_wconf 86' lang='lat'><strong>2</strong></span> <span class='ocrx_word' id='word_1_137' title='bbox 203 973 263 1008; x_wconf 85' lang='lat' dir='ltr'><strong>fur</strong></span> <span class='ocrx_word' id='word_1_138' title='bbox 284 972 405 1008; x_wconf 86' lang='lat' dir='ltr'><strong>facere</strong></span> <span class='ocrx_word' id='word_1_139' title='bbox 423 972 573 1008; x_wconf 89' lang='lat' dir='ltr'><strong>videtur.</strong></span> <span class='ocrx_word' id='word_1_140' title='bbox 620 972 820 1008; x_wconf 88' lang='lat' dir='ltr'><strong>Novissime</strong></span> <span class='ocrx_word' id='word_1_141' title='bbox 839 972 1029 1008; x_wconf 88' lang='lat' dir='ltr'><strong>dicendum</strong></span> <span class='ocrx_word' id='word_1_142' title='bbox 1049 976 1104 1008; x_wconf 89' lang='lat' dir='ltr'><strong>est</strong></span> <span class='ocrx_word' id='word_1_143' title='bbox 1123 972 1228 1008; x_wconf 90' lang='lat' dir='ltr'><strong>etiam</strong></span> 
     </span>
     <span class='ocr_line' id='line_1_19' title="bbox 137 1017 771 1053; baseline 0 0"><span class='ocrx_word' id='word_1_144' title='bbox 137 1018 276 1053; x_wconf 89' lang='lat' dir='ltr'><strong>fructus</strong></span> <span class='ocrx_word' id='word_1_145' title='bbox 299 1018 337 1052; x_wconf 89' lang='lat' dir='ltr'><strong>in</strong></span> <span class='ocrx_word' id='word_1_146' title='bbox 360 1018 429 1053; x_wconf 89' lang='lat' dir='ltr'><strong>hac</strong></span> <span class='ocrx_word' id='word_1_147' title='bbox 453 1018 616 1053; x_wconf 90' lang='lat' dir='ltr'><strong>actione¹</strong></span> <span class='ocrx_word' id='word_1_148' title='bbox 642 1017 771 1053; x_wconf 87' lang='lat' dir='ltr'><strong>venire.</strong></span> 
     </span>
    </p>

    <p class='ocr_par' dir='ltr' id='par_1_5' title="bbox 135 1061 1228 1279">
     <span class='ocr_line' id='line_1_20' title="bbox 183 1061 1228 1109; baseline -0.003 -9"><span class='ocrx_word' id='word_1_149' title='bbox 183 1061 207 1100; x_wconf 82' lang='lat'>9</span> <span class='ocrx_word' id='word_1_150' title='bbox 233 1063 341 1098; x_wconf 75' lang='lat' dir='ltr'><strong>IDEM</strong></span> <span class='ocrx_word' id='word_1_151' title='bbox 353 1063 444 1099; x_wconf 81' lang='lat' dir='ltr'><strong>libro</strong></span> <span class='ocrx_word' id='word_1_152' title='bbox 465 1063 674 1109; x_wconf 76' lang='lat' dir='ltr'><strong>triqensimo</strong></span> <span class='ocrx_word' id='word_1_153' title='bbox 687 1062 737 1098; x_wconf 87' lang='lat' dir='ltr'><strong>ad</strong></span> <span class='ocrx_word' id='word_1_154' title='bbox 747 1062 900 1099; x_wconf 81' lang='lat' dir='ltr'><strong>edictum</strong></span> <span class='ocrx_word' id='word_1_155' title='bbox 940 1063 983 1098; x_wconf 93' lang='lat' dir='ltr'><strong>In</strong></span> <span class='ocrx_word' id='word_1_156' title='bbox 1003 1062 1228 1098; x_wconf 89' lang='lat' dir='ltr'><strong>condictione</strong></span> 
     </span>
     <span class='ocr_line' id='line_1_21' title="bbox 138 1107 1227 1153; baseline 0 -10"><span class='ocrx_word' id='word_1_157' title='bbox 138 1119 181 1143; x_wconf 90' lang='lat' dir='ltr'><strong>ex</strong></span> <span class='ocrx_word' id='word_1_158' title='bbox 206 1118 316 1143; x_wconf 85' lang='lat' dir='ltr'><strong>causa</strong></span> <span class='ocrx_word' id='word_1_159' title='bbox 338 1107 470 1143; x_wconf 89' lang='lat' dir='ltr'><strong>furtiva</strong></span> <span class='ocrx_word' id='word_1_160' title='bbox 492 1119 566 1143; x_wconf 88' lang='lat' dir='ltr'><strong>non</strong></span> <span class='ocrx_word' id='word_1_161' title='bbox 622 1118 662 1144; x_wconf 95' lang='lat' dir='ltr'><strong>ro</strong></span> <span class='ocrx_word' id='word_1_162' title='bbox 694 1112 797 1153; x_wconf 86' lang='lat' dir='ltr'><strong>parte</strong></span> <span class='ocrx_word' id='word_1_163' title='bbox 828 1117 920 1153; x_wconf 88' lang='lat' dir='ltr'><strong>quae</strong></span> <span class='ocrx_word' id='word_1_164' title='bbox 951 1108 1130 1153; x_wconf 89' lang='lat' dir='ltr'><strong>pervenit,</strong></span> <span class='ocrx_word' id='word_1_165' title='bbox 1163 1107 1227 1143; x_wconf 89' lang='lat' dir='ltr'><strong>sed</strong></span> 
     </span>
     <span class='ocr_line' id='line_1_22' title="bbox 135 1153 1227 1198; baseline 0 -10"><span class='ocrx_word' id='word_1_166' title='bbox 135 1154 171 1189; x_wconf 92' lang='lat' dir='ltr'><strong>in</strong></span> <span class='ocrx_word' id='word_1_167' title='bbox 195 1153 347 1189; x_wconf 86' lang='lat' dir='ltr'><strong>solidum</strong></span> <span class='ocrx_word' id='word_1_168' title='bbox 377 1157 560 1196; x_wconf 89' lang='lat' dir='ltr'><strong>tenemur,</strong></span> <span class='ocrx_word' id='word_1_169' title='bbox 618 1164 678 1188; x_wconf 91' lang='lat' dir='ltr'><strong>um</strong></span> <span class='ocrx_word' id='word_1_170' title='bbox 710 1153 776 1189; x_wconf 90' lang='lat' dir='ltr'><strong>soli</strong></span> <span class='ocrx_word' id='word_1_171' title='bbox 806 1153 955 1189; x_wconf 88' lang='lat' dir='ltr'><strong>heredes</strong></span> <span class='ocrx_word' id='word_1_172' title='bbox 988 1164 1130 1196; x_wconf 91' lang='lat' dir='ltr'><strong>sumus,</strong></span> <span class='ocrx_word' id='word_1_173' title='bbox 1162 1163 1227 1198; x_wconf 91' lang='lat' dir='ltr'><strong>pro</strong></span> 
     </span>
     <span class='ocr_line' id='line_1_23' title="bbox 135 1198 1227 1244; baseline 0 -11"><span class='ocrx_word' id='word_1_174' title='bbox 135 1202 238 1244; x_wconf 86' lang='lat' dir='ltr'><strong>parte</strong></span> <span class='ocrx_word' id='word_1_175' title='bbox 262 1202 382 1234; x_wconf 86' lang='lat' dir='ltr'><strong>autem</strong></span> <span class='ocrx_word' id='word_1_176' title='bbox 404 1198 508 1234; x_wconf 89' lang='lat' dir='ltr'><strong>heres</strong></span> <span class='ocrx_word' id='word_1_177' title='bbox 532 1209 597 1244; x_wconf 90' lang='lat' dir='ltr'><strong>pro</strong></span> <span class='ocrx_word' id='word_1_178' title='bbox 624 1209 666 1234; x_wconf 88' lang='lat' dir='ltr'><strong>ea</strong></span> <span class='ocrx_word' id='word_1_179' title='bbox 689 1202 810 1244; x_wconf 88' lang='lat' dir='ltr'><strong>parte,</strong></span> <span class='ocrx_word' id='word_1_180' title='bbox 841 1209 906 1244; x_wconf 91' lang='lat' dir='ltr'><strong>pro</strong></span> <span class='ocrx_word' id='word_1_181' title='bbox 940 1209 1011 1244; x_wconf 90' lang='lat' dir='ltr'><strong>qua</strong></span> <span class='ocrx_word' id='word_1_182' title='bbox 1033 1199 1137 1234; x_wconf 89' lang='lat' dir='ltr'><strong>heres</strong></span> <span class='ocrx_word' id='word_1_183' title='bbox 1162 1202 1227 1241; x_wconf 91' lang='lat' dir='ltr'><strong>est,</strong></span> 
     </span>
     <span class='ocr_line' id='line_1_24' title="bbox 136 1247 288 1279; baseline 0 -1"><span class='ocrx_word' id='word_1_184' title='bbox 136 1247 288 1279; x_wconf 84' lang='lat' dir='ltr'><strong>tenetur.</strong></span> 
     </span>
    </p>

    <p class='ocr_par' dir='ltr' id='par_1_6' title="bbox 132 1287 1228 2189">
     <span class='ocr_line' id='line_1_25' title="bbox 185 1287 1228 1335; baseline -0.002 -9"><span class='ocrx_word' id='word_1_185' title='bbox 185 1287 235 1326; x_wconf 87' lang='lat'><strong>10</strong></span> <span class='ocrx_word' id='word_1_186' title='bbox 259 1288 368 1324; x_wconf 73' lang='lat' dir='ltr'><strong>IDEM</strong></span> <span class='ocrx_word' id='word_1_187' title='bbox 386 1289 477 1324; x_wconf 82' lang='lat' dir='ltr'><strong>libro</strong></span> <span class='ocrx_word' id='word_1_188' title='bbox 502 1289 709 1335; x_wconf 74' lang='lat' dir='ltr'><strong>triqensz&#39;mo</strong></span> <span class='ocrx_word' id='word_1_189' title='bbox 734 1291 860 1324; x_wconf 82' lang='lat' dir='ltr'><strong>octavo</strong></span> <span class='ocrx_word' id='word_1_190' title='bbox 884 1289 934 1324; x_wconf 84' lang='lat' dir='ltr'><strong>ad</strong></span> <span class='ocrx_word' id='word_1_191' title='bbox 956 1288 1111 1325; x_wconf 82' lang='lat' dir='ltr'><strong>edictum</strong></span> <span class='ocrx_word' id='word_1_192' title='bbox 1147 1288 1228 1324; x_wconf 90' lang='lat' dir='ltr'><strong>Sive</strong></span> 
     </span>
     <span class='ocr_line' id='line_1_26' title="bbox 135 1333 1226 1379; baseline 0 -10"><span class='ocrx_word' id='word_1_193' title='bbox 135 1333 344 1369; x_wconf 88' lang='lat' dir='ltr'><strong>manifestus</strong></span> <span class='ocrx_word' id='word_1_194' title='bbox 363 1334 423 1369; x_wconf 87' lang='lat' dir='ltr'><strong>fur</strong></span> <span class='ocrx_word' id='word_1_195' title='bbox 446 1334 518 1369; x_wconf 89' lang='lat' dir='ltr'><strong>sive</strong></span> <span class='ocrx_word' id='word_1_196' title='bbox 537 1344 603 1368; x_wconf 90' lang='lat' dir='ltr'><strong>nec</strong></span> <span class='ocrx_word' id='word_1_197' title='bbox 622 1333 831 1368; x_wconf 88' lang='lat' dir='ltr'><strong>manifestus</strong></span> <span class='ocrx_word' id='word_1_198' title='bbox 852 1333 908 1376; x_wconf 89' lang='lat' dir='ltr'><strong>sit,</strong></span> <span class='ocrx_word' id='word_1_199' title='bbox 933 1334 1066 1379; x_wconf 90' lang='lat' dir='ltr'><strong>poterit</strong></span> <span class='ocrx_word' id='word_1_200' title='bbox 1090 1334 1122 1369; x_wconf 92' lang='lat' dir='ltr'><strong>ei</strong></span> <span class='ocrx_word' id='word_1_201' title='bbox 1141 1344 1226 1369; x_wconf 93' lang='lat' dir='ltr'><strong>con-</strong></span> 
     </span>
     <span class='ocr_line' id='line_1_27' title="bbox 135 1378 1227 1414; baseline 0 0"><span class='ocrx_word' id='word_1_202' title='bbox 135 1379 216 1414; x_wconf 91' lang='lat' dir='ltr'><strong>dici.</strong></span> <span class='ocrx_word' id='word_1_203' title='bbox 264 1379 316 1414; x_wconf 91' lang='lat' dir='ltr'><strong>ita</strong></span> <span class='ocrx_word' id='word_1_204' title='bbox 347 1379 488 1414; x_wconf 90' lang='lat' dir='ltr'><strong>demum</strong></span> <span class='ocrx_word' id='word_1_205' title='bbox 519 1382 637 1414; x_wconf 88' lang='lat' dir='ltr'><strong>autem</strong></span> <span class='ocrx_word' id='word_1_206' title='bbox 667 1378 879 1413; x_wconf 85' lang='lat' dir='ltr'><strong>manifestus</strong></span> <span class='ocrx_word' id='word_1_207' title='bbox 908 1378 969 1414; x_wconf 86' lang='lat' dir='ltr'><strong>fur</strong></span> <span class='ocrx_word' id='word_1_208' title='bbox 1001 1379 1227 1414; x_wconf 90' lang='lat' dir='ltr'><strong>condictione</strong></span> 
     </span>
     <span class='ocr_line' id='line_1_28' title="bbox 135 1423 1226 1470; baseline 0.002 -12"><span class='ocrx_word' id='word_1_209' title='bbox 135 1423 331 1467; x_wconf 86' lang='lat' dir='ltr'><strong>tenebitur,</strong></span> <span class='ocrx_word' id='word_1_210' title='bbox 364 1425 394 1460; x_wconf 91' lang='lat' dir='ltr'><strong>si</strong></span> <span class='ocrx_word' id='word_1_211' title='bbox 425 1424 671 1469; x_wconf 83' lang='lat' dir='ltr'><strong>deprehensa2</strong></span> <span class='ocrx_word' id='word_1_212' title='bbox 694 1434 766 1459; x_wconf 91' lang='lat' dir='ltr'><strong>non</strong></span> <span class='ocrx_word' id='word_1_213' title='bbox 788 1423 898 1459; x_wconf 88' lang='lat' dir='ltr'><strong>fuerit</strong></span> <span class='ocrx_word' id='word_1_214' title='bbox 920 1434 943 1459; x_wconf 91' lang='lat' dir='ltr'><strong>a</strong></span> <span class='ocrx_word' id='word_1_215' title='bbox 967 1424 1109 1460; x_wconf 91' lang='lat' dir='ltr'><strong>domino</strong></span> <span class='ocrx_word' id='word_1_216' title='bbox 1141 1435 1226 1470; x_wconf 89' lang='lat' dir='ltr'><strong>pos-</strong></span> 
     </span>
     <span class='ocr_line' id='line_1_29' title="bbox 135 1468 1226 1505; baseline 0.001 -1"><span class='ocrx_word' id='word_1_217' title='bbox 135 1469 245 1504; x_wconf 87' lang='lat' dir='ltr'><strong>sessio</strong></span> <span class='ocrx_word' id='word_1_218' title='bbox 270 1469 388 1505; x_wconf 84' lang='lat' dir='ltr'><strong>eius³:</strong></span> <span class='ocrx_word' id='word_1_219' title='bbox 423 1474 581 1505; x_wconf 89' lang='lat' dir='ltr'><strong>ceterum</strong></span> <span class='ocrx_word' id='word_1_220' title='bbox 604 1479 707 1505; x_wconf 89' lang='lat' dir='ltr'><strong>nemo</strong></span> <span class='ocrx_word' id='word_1_221' title='bbox 731 1468 853 1504; x_wconf 85' lang='lat' dir='ltr'><strong>furum</strong></span> <span class='ocrx_word' id='word_1_222' title='bbox 878 1469 1104 1505; x_wconf 88' lang='lat' dir='ltr'><strong>condictione</strong></span> <span class='ocrx_word' id='word_1_223' title='bbox 1126 1473 1226 1505; x_wconf 89' lang='lat' dir='ltr'><strong>tene-</strong></span> 
     </span>
     <span class='ocr_line' id='line_1_30' title="bbox 134 1514 1224 1560; baseline 0.001 -11"><span class='ocrx_word' id='word_1_224' title='bbox 134 1518 211 1556; x_wconf 91' lang='lat' dir='ltr'><strong>tur,</strong></span> <span class='ocrx_word' id='word_1_225' title='bbox 243 1518 478 1560; x_wconf 84' lang='lat' dir='ltr'><strong>posteaquam</strong></span> <span class='ocrx_word' id='word_1_226' title='bbox 502 1514 665 1551; x_wconf 90' lang='lat' dir='ltr'><strong>dominus</strong></span> <span class='ocrx_word' id='word_1_227' title='bbox 689 1515 952 1559; x_wconf 88' lang='lat' dir='ltr'><strong>possessionem</strong></span> <span class='ocrx_word' id='word_1_228' title='bbox 975 1514 1022 1550; x_wconf 89' lang='lat' dir='ltr'><strong>ad</strong></span> <span class='ocrx_word' id='word_1_229' title='bbox 1048 1515 1224 1550; x_wconf 90' lang='lat' dir='ltr'><strong>rehendit.</strong></span> 
     </span>
     <span class='ocr_line' id='line_1_31' title="bbox 135 1559 1226 1605; baseline 0.001 -11"><span class='ocrx_word' id='word_1_230' title='bbox 135 1564 171 1594; x_wconf 90' lang='lat' dir='ltr'><strong>et</strong></span> <span class='ocrx_word' id='word_1_231' title='bbox 193 1559 274 1595; x_wconf 90' lang='lat' dir='ltr'><strong>ideo</strong></span> <span class='ocrx_word' id='word_1_232' title='bbox 297 1560 469 1602; x_wconf 88' lang='lat' dir='ltr'><strong>Iulianus,</strong></span> <span class='ocrx_word' id='word_1_233' title='bbox 494 1563 536 1595; x_wconf 92' lang='lat' dir='ltr'><strong>ut</strong></span> <span class='ocrx_word' id='word_1_234' title='bbox 556 1559 731 1605; x_wconf 87' lang='lat' dir='ltr'><strong>procedat</strong></span> <span class='ocrx_word' id='word_1_235' title='bbox 752 1559 790 1594; x_wconf 80' lang='lat' dir='ltr'><strong>in</strong></span> <span class='ocrx_word' id='word_1_236' title='bbox 812 1559 893 1595; x_wconf 87' lang='lat' dir='ltr'><strong>fure</strong></span> <span class='ocrx_word' id='word_1_237' title='bbox 915 1570 974 1595; x_wconf 87' lang='lat' dir='ltr'><strong>ma</strong></span> <span class='ocrx_word' id='word_1_238' title='bbox 1002 1560 1009 1567; x_wconf 89' lang='lat'>&#39;</span> <span class='ocrx_word' id='word_1_239' title='bbox 1029 1563 1106 1596; x_wconf 90' lang='lat' dir='ltr'><strong>esto</strong></span> <span class='ocrx_word' id='word_1_240' title='bbox 1130 1564 1226 1595; x_wconf 90' lang='lat' dir='ltr'><strong>trac·</strong></span> 
     </span>
     <span class='ocr_line' id='line_1_32' title="bbox 134 1604 1227 1651; baseline 0.002 -12"><span class='ocrx_word' id='word_1_241' title='bbox 134 1609 214 1640; x_wconf 87' lang='lat' dir='ltr'><strong>tare</strong></span> <span class='ocrx_word' id='word_1_242' title='bbox 238 1604 282 1640; x_wconf 88' lang='lat' dir='ltr'><strong>de</strong></span> <span class='ocrx_word' id='word_1_243' title='bbox 306 1605 542 1647; x_wconf 88' lang='lat' dir='ltr'><strong>condictione,</strong></span> <span class='ocrx_word' id='word_1_244' title='bbox 566 1605 619 1640; x_wconf 84' lang='lat' dir='ltr'><strong>ita</strong></span> <span class='ocrx_word' id='word_1_245' title='bbox 641 1605 811 1650; x_wconf 86' lang='lat' dir='ltr'><strong>proponit</strong></span> <span class='ocrx_word' id='word_1_246' title='bbox 833 1605 949 1640; x_wconf 90' lang='lat' dir='ltr'><strong>furem</strong></span> <span class='ocrx_word' id='word_1_247' title='bbox 968 1605 1227 1651; x_wconf 89' lang='lat' dir='ltr'><strong>deprehensum</strong></span> 
     </span>
     <span class='ocr_line' id='line_1_33' title="bbox 135 1649 1226 1696; baseline 0.002 -12"><span class='ocrx_word' id='word_1_248' title='bbox 135 1653 200 1685; x_wconf 88' lang='lat' dir='ltr'><strong>aut</strong></span> <span class='ocrx_word' id='word_1_249' title='bbox 222 1649 396 1686; x_wconf 86' lang='lat' dir='ltr'><strong>occidisse</strong></span> <span class='ocrx_word' id='word_1_250' title='bbox 420 1654 485 1685; x_wconf 88' lang='lat' dir='ltr'><strong>aut</strong></span> <span class='ocrx_word' id='word_1_251' title='bbox 506 1650 654 1695; x_wconf 85' lang='lat' dir='ltr'><strong>fregisse</strong></span> <span class='ocrx_word' id='word_1_252' title='bbox 678 1653 741 1685; x_wconf 90' lang='lat' dir='ltr'><strong>aut</strong></span> <span class='ocrx_word' id='word_1_253' title='bbox 759 1649 927 1686; x_wconf 88' lang='lat' dir='ltr'><strong>effudisse</strong></span> <span class='ocrx_word' id='word_1_254' title='bbox 946 1650 983 1685; x_wconf 92' lang='lat' dir='ltr'><strong>id</strong></span> <span class='ocrx_word' id='word_1_255' title='bbox 1002 1651 1098 1696; x_wconf 90' lang='lat' dir='ltr'><strong>quod</strong></span> <span class='ocrx_word' id='word_1_256' title='bbox 1115 1651 1226 1686; x_wconf 88' lang='lat' dir='ltr'><strong>inter-</strong></span> 
     </span>
     <span class='ocr_line' id='line_1_34' title="bbox 138 1695 1227 1747; baseline 0.002 -18"><span class='ocrx_word' id='word_1_257' title='bbox 138 1699 151 1729; x_wconf 86' lang='lat'>1</span> <span class='ocrx_word' id='word_1_258' title='bbox 203 1698 357 1740; x_wconf 86' lang='lat' dir='ltr'><strong>ceperat.</strong></span> <span class='ocrx_word' id='word_1_259' title='bbox 405 1695 452 1730; x_wconf 89' lang='lat' dir='ltr'><strong>Ei</strong></span> <span class='ocrx_word' id='word_1_260' title='bbox 483 1706 642 1741; x_wconf 86' lang='lat' dir='ltr'><strong>quoque,</strong></span> <span class='ocrx_word' id='word_1_261' title='bbox 676 1695 737 1747; x_wconf 81' lang='lat' dir='ltr'><strong>qui</strong></span> <span class='ocrx_word' id='word_1_262' title='bbox 766 1695 801 1731; x_wconf 91' lang='lat' dir='ltr'><strong>vi</strong></span> <span class='ocrx_word' id='word_1_263' title='bbox 832 1696 1010 1731; x_wconf 90' lang='lat' dir='ltr'><strong>bonorum</strong></span> <span class='ocrx_word' id='word_1_264' title='bbox 1043 1700 1227 1742; x_wconf 87' lang='lat' dir='ltr'><strong>raptorum</strong></span> 
     </span>
     <span class='ocr_line' id='line_1_35' title="bbox 133 1740 1224 1785; baseline 0.003 -11"><span class='ocrx_word' id='word_1_265' title='bbox 133 1743 295 1782; x_wconf 88' lang='lat' dir='ltr'><strong>tenetur,</strong></span> <span class='ocrx_word' id='word_1_266' title='bbox 328 1740 469 1776; x_wconf 89' lang='lat' dir='ltr'><strong>condici</strong></span> <span class='ocrx_word' id='word_1_267' title='bbox 499 1751 605 1785; x_wconf 90' lang='lat' dir='ltr'><strong>posse</strong></span> <span class='ocrx_word' id='word_1_268' title='bbox 636 1741 795 1776; x_wconf 88' lang='lat' dir='ltr'><strong>Iuhanus</strong></span> <span class='ocrx_word' id='word_1_269' title='bbox 827 1741 918 1776; x_wconf 91' lang='lat' dir='ltr'><strong>libro</strong></span> <span class='ocrx_word' id='word_1_270' title='bbox 950 1741 1143 1777; x_wconf 90' lang='lat' dir='ltr'><strong>vicensimo</strong></span> <span class='ocrx_word' id='word_1_271' title='bbox 1167 1751 1224 1777; x_wconf 89' lang='lat' dir='ltr'><strong>se-</strong></span> 
     </span>
     <span class='ocr_line' id='line_1_36' title="bbox 135 1785 1226 1831; baseline 0.002 -11"><span class='ocrx_word' id='word_1_272' title='bbox 135 1789 154 1820; x_wconf 88' lang='lat'><strong>2</strong></span> <span class='ocrx_word' id='word_1_273' title='bbox 204 1785 321 1820; x_wconf 90' lang='lat' dir='ltr'><strong>cundo</strong></span> <span class='ocrx_word' id='word_1_274' title='bbox 347 1785 563 1830; x_wconf 89' lang='lat' dir='ltr'><strong>digestorum</strong></span> <span class='ocrx_word' id='word_1_275' title='bbox 588 1785 775 1831; x_wconf 87' lang='lat' dir='ltr'><strong>significat.</strong></span> <span class='ocrx_word' id='word_1_276' title='bbox 824 1785 977 1821; x_wconf 84' lang='lat' dir='ltr'><strong>Tamdiu</strong></span> <span class='ocrx_word' id='word_1_277' title='bbox 1000 1790 1121 1822; x_wconf 87' lang='lat' dir='ltr'><strong>autem</strong></span> <span class='ocrx_word' id='word_1_278' title='bbox 1141 1797 1226 1822; x_wconf 92' lang='lat' dir='ltr'><strong>con-</strong></span> 
     </span>
     <span class='ocr_line' id='line_1_37' title="bbox 135 1830 1226 1874; baseline 0.002 -9"><span class='ocrx_word' id='word_1_279' title='bbox 135 1830 283 1866; x_wconf 89' lang='lat' dir='ltr'><strong>dictioni</strong></span> <span class='ocrx_word' id='word_1_280' title='bbox 306 1830 407 1866; x_wconf 89' lang='lat' dir='ltr'><strong>locus</strong></span> <span class='ocrx_word' id='word_1_281' title='bbox 428 1831 505 1874; x_wconf 91' lang='lat' dir='ltr'><strong>erit,</strong></span> <span class='ocrx_word' id='word_1_282' title='bbox 531 1831 644 1867; x_wconf 91' lang='lat' dir='ltr'><strong>donec</strong></span> <span class='ocrx_word' id='word_1_283' title='bbox 665 1830 797 1866; x_wconf 91' lang='lat' dir='ltr'><strong>domini</strong></span> <span class='ocrx_word' id='word_1_284' title='bbox 815 1830 912 1867; x_wconf 90' lang='lat' dir='ltr'><strong>facto</strong></span> <span class='ocrx_word' id='word_1_285' title='bbox 936 1831 1130 1867; x_wconf 90' lang='lat' dir='ltr'><strong>dominium</strong></span> <span class='ocrx_word' id='word_1_286' title='bbox 1151 1832 1226 1867; x_wconf 89' lang='lat' dir='ltr'><strong>eius</strong></span> 
     </span>
     <span class='ocr_line' id='line_1_38' title="bbox 134 1876 1225 1920; baseline 0.002 -10"><span class='ocrx_word' id='word_1_287' title='bbox 134 1876 186 1910; x_wconf 91' lang='lat' dir='ltr'><strong>rei</strong></span> <span class='ocrx_word' id='word_1_288' title='bbox 219 1876 266 1911; x_wconf 88' lang='lat' dir='ltr'><strong>ab</strong></span> <span class='ocrx_word' id='word_1_289' title='bbox 299 1885 340 1911; x_wconf 91' lang='lat' dir='ltr'><strong>eo</strong></span> <span class='ocrx_word' id='word_1_290' title='bbox 373 1876 538 1911; x_wconf 87' lang='lat' dir='ltr'><strong>recedat:</strong></span> <span class='ocrx_word' id='word_1_291' title='bbox 573 1880 609 1911; x_wconf 90' lang='lat' dir='ltr'><strong>et</strong></span> <span class='ocrx_word' id='word_1_292' title='bbox 639 1876 719 1911; x_wconf 89' lang='lat' dir='ltr'><strong>ideo</strong></span> <span class='ocrx_word' id='word_1_293' title='bbox 754 1876 785 1911; x_wconf 88' lang='lat' dir='ltr'><strong>si</strong></span> <span class='ocrx_word' id='word_1_294' title='bbox 809 1887 887 1911; x_wconf 88' lang='lat' dir='ltr'><strong>eam</strong></span> <span class='ocrx_word' id='word_1_295' title='bbox 910 1887 984 1912; x_wconf 88' lang='lat' dir='ltr'><strong>rem</strong></span> <span class='ocrx_word' id='word_1_296' title='bbox 1008 1877 1225 1920; x_wconf 87' lang='lat' dir='ltr'><strong>alienaverit,</strong></span> 
     </span>
     <span class='ocr_line' id='line_1_39' title="bbox 135 1920 1225 1967; baseline 0.002 -11"><span class='ocrx_word' id='word_1_297' title='bbox 135 1924 154 1956; x_wconf 90' lang='lat'><strong>3</strong></span> <span class='ocrx_word' id='word_1_298' title='bbox 204 1920 391 1957; x_wconf 89' lang='lat' dir='ltr'><strong>condicere</strong></span> <span class='ocrx_word' id='word_1_299' title='bbox 422 1932 495 1957; x_wconf 92' lang='lat' dir='ltr'><strong>non</strong></span> <span class='ocrx_word' id='word_1_300' title='bbox 526 1922 668 1967; x_wconf 90' lang='lat' dir='ltr'><strong>poterit.</strong></span> <span class='ocrx_word' id='word_1_301' title='bbox 718 1921 819 1957; x_wconf 90' lang='lat' dir='ltr'><strong>Unde</strong></span> <span class='ocrx_word' id='word_1_302' title='bbox 852 1921 977 1957; x_wconf 87' lang='lat' dir='ltr'><strong>Celsus</strong></span> <span class='ocrx_word' id='word_1_303' title='bbox 1008 1922 1100 1958; x_wconf 90' lang='lat' dir='ltr'><strong>libro</strong></span> <span class='ocrx_word' id='word_1_304' title='bbox 1136 1922 1225 1958; x_wconf 90' lang='lat' dir='ltr'><strong>duo-</strong></span> 
     </span>
     <span class='ocr_line' id='line_1_40' title="bbox 135 1966 1226 2011; baseline 0.002 -10"><span class='ocrx_word' id='word_1_305' title='bbox 135 1966 270 2002; x_wconf 89' lang='lat' dir='ltr'><strong>decimo</strong></span> <span class='ocrx_word' id='word_1_306' title='bbox 297 1966 512 2011; x_wconf 88' lang='lat' dir='ltr'><strong>digestorum</strong></span> <span class='ocrx_word' id='word_1_307' title='bbox 537 1967 679 2009; x_wconf 89' lang='lat' dir='ltr'><strong>scribit,</strong></span> <span class='ocrx_word' id='word_1_308' title='bbox 713 1967 743 2001; x_wconf 84' lang='lat' dir='ltr'><strong>si</strong></span> <span class='ocrx_word' id='word_1_309' title='bbox 774 1977 850 2002; x_wconf 91' lang='lat' dir='ltr'><strong>rem</strong></span> <span class='ocrx_word' id='word_1_310' title='bbox 872 1966 1039 2002; x_wconf 88' lang='lat' dir='ltr'><strong>furtivam</strong></span> <span class='ocrx_word' id='word_1_311' title='bbox 1064 1967 1226 2003; x_wconf 89' lang='lat' dir='ltr'><strong>dominus</strong></span> 
     </span>
     <span class='ocr_line' id='line_1_41' title="bbox 133 2012 1225 2058; baseline 0.002 -12"><span class='ocrx_word' id='word_1_312' title='bbox 133 2021 222 2056; x_wconf 90' lang='lat' dir='ltr'><strong>pure</strong></span> <span class='ocrx_word' id='word_1_313' title='bbox 243 2012 413 2056; x_wconf 87' lang='lat' dir='ltr'><strong>legaverit</strong></span> <span class='ocrx_word' id='word_1_314' title='bbox 434 2012 523 2055; x_wconf 91' lang='lat' dir='ltr'><strong>furi,</strong></span> <span class='ocrx_word' id='word_1_315' title='bbox 548 2012 714 2048; x_wconf 89' lang='lat' dir='ltr'><strong>heredem</strong></span> <span class='ocrx_word' id='word_1_316' title='bbox 738 2012 770 2047; x_wconf 89' lang='lat' dir='ltr'><strong>ei</strong></span> <span class='ocrx_word' id='word_1_317' title='bbox 794 2012 982 2047; x_wconf 89' lang='lat' dir='ltr'><strong>condicere</strong></span> <span class='ocrx_word' id='word_1_318' title='bbox 1005 2023 1078 2048; x_wconf 91' lang='lat' dir='ltr'><strong>non</strong></span> <span class='ocrx_word' id='word_1_319' title='bbox 1100 2023 1225 2058; x_wconf 84' lang='lat' dir='ltr'><strong>posse:</strong></span> 
     </span>
     <span class='ocr_line' id='line_1_42' title="bbox 134 2056 1227 2102; baseline 0.002 -11"><span class='ocrx_word' id='word_1_320' title='bbox 134 2056 196 2091; x_wconf 88' lang='lat' dir='ltr'><strong>sed</strong></span> <span class='ocrx_word' id='word_1_321' title='bbox 221 2060 257 2091; x_wconf 88' lang='lat' dir='ltr'><strong>et</strong></span> <span class='ocrx_word' id='word_1_322' title='bbox 280 2057 311 2092; x_wconf 90' lang='lat' dir='ltr'><strong>si</strong></span> <span class='ocrx_word' id='word_1_323' title='bbox 333 2067 407 2093; x_wconf 89' lang='lat' dir='ltr'><strong>non</strong></span> <span class='ocrx_word' id='word_1_324' title='bbox 429 2057 499 2102; x_wconf 89' lang='lat' dir='ltr'><strong>ipsi</strong></span> <span class='ocrx_word' id='word_1_325' title='bbox 522 2057 613 2100; x_wconf 89' lang='lat' dir='ltr'><strong>furi,</strong></span> <span class='ocrx_word' id='word_1_326' title='bbox 639 2057 702 2093; x_wconf 89' lang='lat' dir='ltr'><strong>sed</strong></span> <span class='ocrx_word' id='word_1_327' title='bbox 727 2057 806 2099; x_wconf 88' lang='lat' dir='ltr'><strong>alii,</strong></span> <span class='ocrx_word' id='word_1_328' title='bbox 839 2057 934 2093; x_wconf 89' lang='lat' dir='ltr'><strong>idem</strong></span> <span class='ocrx_word' id='word_1_329' title='bbox 957 2057 1148 2093; x_wconf 88' lang='lat' dir='ltr'><strong>dicendum</strong></span> <span class='ocrx_word' id='word_1_330' title='bbox 1172 2062 1227 2093; x_wconf 90' lang='lat' dir='ltr'><strong>est</strong></span> 
     </span>
     <span class='ocr_line' id='line_1_43' title="bbox 134 2102 1226 2148; baseline 0.002 -12"><span class='ocrx_word' id='word_1_331' title='bbox 134 2111 275 2136; x_wconf 90' lang='lat' dir='ltr'><strong>cessare</strong></span> <span class='ocrx_word' id='word_1_332' title='bbox 299 2102 569 2145; x_wconf 89' lang='lat' dir='ltr'><strong>condictionem,</strong></span> <span class='ocrx_word' id='word_1_333' title='bbox 595 2103 679 2148; x_wconf 87' lang='lat' dir='ltr'><strong>quia</strong></span> <span class='ocrx_word' id='word_1_334' title='bbox 699 2102 892 2138; x_wconf 90' lang='lat' dir='ltr'><strong>dominium</strong></span> <span class='ocrx_word' id='word_1_335' title='bbox 911 2102 1010 2138; x_wconf 87' lang='lat' dir='ltr'><strong>facto</strong></span> <span class='ocrx_word' id='word_1_336' title='bbox 1031 2104 1226 2146; x_wconf 89' lang='lat' dir='ltr'><strong>testatoris,</strong></span> 
     </span>
     <span class='ocr_line' id='line_1_44' title="bbox 132 2146 611 2189; baseline 0.006 -9"><span class='ocrx_word' id='word_1_337' title='bbox 132 2146 168 2181; x_wconf 93' lang='lat' dir='ltr'><strong>id</strong></span> <span class='ocrx_word' id='word_1_338' title='bbox 192 2150 247 2181; x_wconf 92' lang='lat' dir='ltr'><strong>est</strong></span> <span class='ocrx_word' id='word_1_339' title='bbox 271 2146 414 2189; x_wconf 90' lang='lat' dir='ltr'><strong>domini,</strong></span> <span class='ocrx_word' id='word_1_340' title='bbox 439 2147 611 2183; x_wconf 88' lang='lat' dir='ltr'><strong>discessit.</strong></span> 
     </span>
    </p>

    <p class='ocr_par' dir='ltr' id='par_1_7' title="bbox 133 2190 1228 2373">
     <span class='ocr_line' id='line_1_45' title="bbox 183 2190 1227 2239; baseline 0.001 -11"><span class='ocrx_word' id='word_1_341' title='bbox 183 2190 229 2228; x_wconf 94' lang='lat'><strong>11</strong></span> <span class='ocrx_word' id='word_1_342' title='bbox 259 2191 316 2226; x_wconf 70' lang='grc' dir='ltr'><strong>ΡΑ</strong></span> <span class='ocrx_word' id='word_1_343' title='bbox 324 2201 367 2227; x_wconf 68' lang='grc' dir='ltr'><strong>σι</strong></span> <span class='ocrx_word' id='word_1_344' title='bbox 375 2201 419 2228; x_wconf 79' lang='lat' dir='ltr'><strong>vs</strong></span> <span class='ocrx_word' id='word_1_345' title='bbox 438 2192 529 2228; x_wconf 82' lang='lat' dir='ltr'><strong>libro</strong></span> <span class='ocrx_word' id='word_1_346' title='bbox 550 2194 759 2239; x_wconf 71' lang='lat' dir='ltr'><strong>triqensimo</strong></span> <span class='ocrx_word' id='word_1_347' title='bbox 780 2203 876 2228; x_wconf 81' lang='lat' dir='ltr'><strong>nono</strong></span> <span class='ocrx_word' id='word_1_348' title='bbox 896 2193 947 2228; x_wconf 84' lang='lat' dir='ltr'><strong>ad</strong></span> <span class='ocrx_word' id='word_1_349' title='bbox 965 2192 1119 2229; x_wconf 82' lang='lat' dir='ltr'><strong>edictum</strong></span> <span class='ocrx_word' id='word_1_350' title='bbox 1156 2192 1227 2229; x_wconf 88' lang='lat' dir='ltr'><strong>Sed</strong></span> 
     </span>
     <span class='ocr_line' id='line_1_46' title="bbox 134 2237 1228 2288; baseline 0.002 -17"><span class='ocrx_word' id='word_1_351' title='bbox 134 2247 200 2272; x_wconf 89' lang='lat' dir='ltr'><strong>nec</strong></span> <span class='ocrx_word' id='word_1_352' title='bbox 236 2237 428 2288; x_wconf 85' lang='lat' dir='ltr'><strong>legatarius</strong></span> <span class='ocrx_word' id='word_1_353' title='bbox 461 2238 650 2273; x_wconf 89' lang='lat' dir='ltr'><strong>condicere</strong></span> <span class='ocrx_word' id='word_1_354' title='bbox 684 2241 823 2284; x_wconf 89' lang='lat' dir='ltr'><strong>potest:</strong></span> <span class='ocrx_word' id='word_1_355' title='bbox 860 2238 893 2273; x_wconf 88' lang='lat' dir='ltr'><strong>ei</strong></span> <span class='ocrx_word' id='word_1_356' title='bbox 928 2238 1020 2273; x_wconf 91' lang='lat' dir='ltr'><strong>enim</strong></span> <span class='ocrx_word' id='word_1_357' title='bbox 1057 2239 1228 2284; x_wconf 90' lang='lat' dir='ltr'><strong>competit</strong></span> 
     </span>
     <span class='ocr_line' id='line_1_47' title="bbox 134 2281 1227 2328; baseline 0.003 -12"><span class='ocrx_word' id='word_1_358' title='bbox 134 2281 330 2324; x_wconf 79' lang='lat' dir='ltr'><strong>condictlo,</strong></span> <span class='ocrx_word' id='word_1_359' title='bbox 356 2282 413 2317; x_wconf 90' lang='lat' dir='ltr'><strong>cui</strong></span> <span class='ocrx_word' id='word_1_360' title='bbox 435 2293 492 2318; x_wconf 90' lang='lat' dir='ltr'><strong>res</strong></span> <span class='ocrx_word' id='word_1_361' title='bbox 516 2283 688 2328; x_wconf 89' lang='lat' dir='ltr'><strong>subrepta</strong></span> <span class='ocrx_word' id='word_1_362' title='bbox 712 2286 784 2325; x_wconf 91' lang='lat' dir='ltr'><strong>est,</strong></span> <span class='ocrx_word' id='word_1_363' title='bbox 809 2283 864 2317; x_wconf 87' lang='lat' dir='ltr'><strong>vel</strong></span> <span class='ocrx_word' id='word_1_364' title='bbox 886 2283 1010 2319; x_wconf 88' lang='lat' dir='ltr'><strong>heredi</strong></span> <span class='ocrx_word' id='word_1_365' title='bbox 1033 2283 1129 2319; x_wconf 88' lang='lat' dir='ltr'><strong>eius:</strong></span> <span class='ocrx_word' id='word_1_366' title='bbox 1164 2284 1227 2319; x_wconf 90' lang='lat' dir='ltr'><strong>sed</strong></span> 
     </span>
     <span class='ocr_line' id='line_1_48' title="bbox 133 2327 875 2373; baseline 0.001 -12"><span class='ocrx_word' id='word_1_367' title='bbox 133 2327 312 2362; x_wconf 89' lang='lat' dir='ltr'><strong>vindicare</strong></span> <span class='ocrx_word' id='word_1_368' title='bbox 335 2338 410 2362; x_wconf 93' lang='lat' dir='ltr'><strong>rem</strong></span> <span class='ocrx_word' id='word_1_369' title='bbox 432 2328 585 2373; x_wconf 86' lang='lat' dir='ltr'><strong>legatam</strong></span> <span class='ocrx_word' id='word_1_370' title='bbox 610 2329 655 2363; x_wconf 91' lang='lat' dir='ltr'><strong>ab</strong></span> <span class='ocrx_word' id='word_1_371' title='bbox 680 2339 721 2364; x_wconf 92' lang='lat' dir='ltr'><strong>eo</strong></span> <span class='ocrx_word' id='word_1_372' title='bbox 745 2332 875 2373; x_wconf 89' lang='lat' dir='ltr'><strong>potest.</strong></span> 
     </span>
    </p>

    <p class='ocr_par' dir='ltr' id='par_1_8' title="bbox 131 2370 1227 2912">
     <span class='ocr_line' id='line_1_49' title="bbox 182 2370 1224 2409; baseline 0 -1"><span class='ocrx_word' id='word_1_373' title='bbox 182 2370 232 2408; x_wconf 89' lang='lat'><strong>12</strong></span> <span class='ocrx_word' id='word_1_374' title='bbox 265 2371 461 2408; x_wconf 75' lang='lat' dir='ltr'><em>ULPJANUS</em></span> <span class='ocrx_word' id='word_1_375' title='bbox 489 2372 578 2409; x_wconf 76' lang='lat' dir='ltr'><strong>libro</strong></span> <span class='ocrx_word' id='word_1_376' title='bbox 612 2374 662 2408; x_wconf 78' lang='lat' dir='ltr'><strong>tri</strong></span> <span class='ocrx_word' id='word_1_377' title='bbox 686 2374 821 2409; x_wconf 77' lang='lat' dir='ltr'><strong>ensimo</strong></span> <span class='ocrx_word' id='word_1_378' title='bbox 845 2377 970 2409; x_wconf 83' lang='lat' dir='ltr'><strong>octavo</strong></span> <span class='ocrx_word' id='word_1_379' title='bbox 995 2373 1046 2408; x_wconf 84' lang='lat' dir='ltr'><strong>ad</strong></span> <span class='ocrx_word' id='word_1_380' title='bbox 1068 2373 1224 2409; x_wconf 81' lang='lat' dir='ltr'><strong>edictum</strong></span> 
     </span>
     <span class='ocr_line' id='line_1_50' title="bbox 131 2416 1224 2464; baseline 0.003 -13"><span class='ocrx_word' id='word_1_381' title='bbox 131 2416 182 2451; x_wconf 92' lang='lat' dir='ltr'><strong>Et</strong></span> <span class='ocrx_word' id='word_1_382' title='bbox 215 2417 294 2452; x_wconf 90' lang='lat' dir='ltr'><strong>ideo</strong></span> <span class='ocrx_word' id='word_1_383' title='bbox 329 2418 508 2463; x_wconf 86' lang='lat' dir='ltr'><strong>eleganter</strong></span> <span class='ocrx_word' id='word_1_384' title='bbox 537 2418 663 2454; x_wconf 87' lang='lat' dir='ltr'><strong>Marce</strong></span> <span class='ocrx_word' id='word_1_385' title='bbox 690 2429 732 2454; x_wconf 88' lang='lat' dir='ltr'><strong>us</strong></span> <span class='ocrx_word' id='word_1_386' title='bbox 773 2418 896 2453; x_wconf 89' lang='lat' dir='ltr'><strong>definit</strong></span> <span class='ocrx_word' id='word_1_387' title='bbox 929 2418 1021 2453; x_wconf 90' lang='lat' dir='ltr'><strong>libro</strong></span> <span class='ocrx_word' id='word_1_388' title='bbox 1055 2418 1224 2464; x_wconf 86' lang='lat' dir='ltr'><strong>septimo:</strong></span> 
     </span>
     <span class='ocr_line' id='line_1_51' title="bbox 132 2462 1223 2509; baseline 0.002 -13"><span class='ocrx_word' id='word_1_389' title='bbox 132 2462 183 2496; x_wconf 92' lang='lat' dir='ltr'><strong>ait</strong></span> <span class='ocrx_word' id='word_1_390' title='bbox 206 2462 317 2497; x_wconf 89' lang='lat' dir='ltr'><strong>enim:</strong></span> <span class='ocrx_word' id='word_1_391' title='bbox 344 2462 375 2498; x_wconf 91' lang='lat' dir='ltr'><strong>si</strong></span> <span class='ocrx_word' id='word_1_392' title='bbox 398 2473 455 2498; x_wconf 91' lang='lat' dir='ltr'><strong>res</strong></span> <span class='ocrx_word' id='word_1_393' title='bbox 479 2463 565 2498; x_wconf 91' lang='lat' dir='ltr'><strong>mihi</strong></span> <span class='ocrx_word' id='word_1_394' title='bbox 589 2464 762 2509; x_wconf 89' lang='lat' dir='ltr'><strong>subrepta</strong></span> <span class='ocrx_word' id='word_1_395' title='bbox 785 2467 849 2498; x_wconf 87' lang='lat' dir='ltr'><strong>tua</strong></span> <span class='ocrx_word' id='word_1_396' title='bbox 872 2467 1074 2506; x_wconf 89' lang='lat' dir='ltr'><strong>remaneat,</strong></span> <span class='ocrx_word' id='word_1_397' title='bbox 1101 2464 1223 2499; x_wconf 89' lang='lat' dir='ltr'><strong>condi-</strong></span> 
     </span>
     <span class='ocr_line' id='line_1_52' title="bbox 133 2507 1224 2552; baseline 0.002 -10"><span class='ocrx_word' id='word_1_398' title='bbox 133 2517 192 2542; x_wconf 93' lang='lat' dir='ltr'><strong>ces</strong></span> <span class='ocrx_word' id='word_1_399' title='bbox 204 2508 229 2543; x_wconf 79' lang='lat'><strong>⁴.</strong></span> <span class='ocrx_word' id='word_1_400' title='bbox 273 2507 337 2543; x_wconf 90' lang='lat' dir='ltr'><strong>sed</strong></span> <span class='ocrx_word' id='word_1_401' title='bbox 369 2511 404 2542; x_wconf 90' lang='lat' dir='ltr'><strong>et</strong></span> <span class='ocrx_word' id='word_1_402' title='bbox 434 2508 465 2543; x_wconf 91' lang='lat' dir='ltr'><strong>si</strong></span> <span class='ocrx_word' id='word_1_403' title='bbox 495 2509 689 2544; x_wconf 87' lang='lat' dir='ltr'><strong>dominium</strong></span> <span class='ocrx_word' id='word_1_404' title='bbox 720 2519 792 2544; x_wconf 89' lang='lat' dir='ltr'><strong>non</strong></span> <span class='ocrx_word' id='word_1_405' title='bbox 825 2512 888 2544; x_wconf 93' lang='lat' dir='ltr'><strong>tuo</strong></span> <span class='ocrx_word' id='word_1_406' title='bbox 922 2508 1020 2544; x_wconf 83' lang='lat' dir='ltr'><strong>facto</strong></span> <span class='ocrx_word' id='word_1_407' title='bbox 1053 2509 1224 2552; x_wconf 90' lang='lat' dir='ltr'><strong>amiseris,</strong></span> 
     </span>
     <span class='ocr_line' id='line_1_53' title="bbox 135 2553 1227 2599; baseline 0.003 -13"><span class='ocrx_word' id='word_1_408' title='bbox 135 2556 150 2586; x_wconf 87' lang='lat'>1</span> <span class='ocrx_word' id='word_1_409' title='bbox 201 2562 313 2598; x_wconf 87' lang='lat' dir='ltr'><strong>aeque</strong></span> <span class='ocrx_word' id='word_1_410' title='bbox 346 2553 521 2589; x_wconf 90' lang='lat' dir='ltr'><strong>condices.</strong></span> <span class='ocrx_word' id='word_1_411' title='bbox 570 2554 611 2589; x_wconf 90' lang='lat' dir='ltr'><strong>In</strong></span> <span class='ocrx_word' id='word_1_412' title='bbox 644 2554 823 2590; x_wconf 89' lang='lat' dir='ltr'><strong>communi</strong></span> <span class='ocrx_word' id='word_1_413' title='bbox 852 2553 960 2599; x_wconf 86' lang='lat' dir='ltr'><strong>igitur</strong></span> <span class='ocrx_word' id='word_1_414' title='bbox 982 2564 1022 2589; x_wconf 92' lang='lat' dir='ltr'><strong>re</strong></span> <span class='ocrx_word' id='word_1_415' title='bbox 1046 2554 1227 2598; x_wconf 87' lang='lat' dir='ltr'><strong>eleganter</strong></span> 
     </span>
     <span class='ocr_line' id='line_1_54' title="bbox 132 2596 1223 2644; baseline 0.002 -12"><span class='ocrx_word' id='word_1_416' title='bbox 132 2596 184 2632; x_wconf 88' lang='lat' dir='ltr'><strong>ait</strong></span> <span class='ocrx_word' id='word_1_417' title='bbox 202 2597 384 2640; x_wconf 89' lang='lat' dir='ltr'><strong>interesse,</strong></span> <span class='ocrx_word' id='word_1_418' title='bbox 410 2602 529 2633; x_wconf 88' lang='lat' dir='ltr'><strong>utrum</strong></span> <span class='ocrx_word' id='word_1_419' title='bbox 548 2602 589 2633; x_wconf 90' lang='lat' dir='ltr'><strong>tu</strong></span> <span class='ocrx_word' id='word_1_420' title='bbox 607 2599 813 2644; x_wconf 86' lang='lat' dir='ltr'><strong>provocasti</strong></span> <span class='ocrx_word' id='word_1_421' title='bbox 835 2599 1013 2634; x_wconf 88' lang='lat' dir='ltr'><strong>communi</strong></span> <span class='ocrx_word' id='word_1_422' title='bbox 1031 2598 1223 2634; x_wconf 89' lang='lat' dir='ltr'><strong>dividundo</strong></span> 
     </span>
     <span class='ocr_line' id='line_1_55' title="bbox 131 2642 1225 2689; baseline 0.002 -12"><span class='ocrx_word' id='word_1_423' title='bbox 131 2642 262 2678; x_wconf 89' lang='lat' dir='ltr'><strong>iudicio</strong></span> <span class='ocrx_word' id='word_1_424' title='bbox 288 2652 334 2678; x_wconf 87' lang='lat' dir='ltr'><strong>an</strong></span> <span class='ocrx_word' id='word_1_425' title='bbox 357 2647 571 2688; x_wconf 87' lang='lat' dir='ltr'><strong>provocatus</strong></span> <span class='ocrx_word' id='word_1_426' title='bbox 597 2654 653 2687; x_wconf 91' lang='lat' dir='ltr'><strong>es,</strong></span> <span class='ocrx_word' id='word_1_427' title='bbox 678 2648 736 2687; x_wconf 92' lang='lat' dir='ltr'><strong>ut,</strong></span> <span class='ocrx_word' id='word_1_428' title='bbox 762 2644 793 2679; x_wconf 92' lang='lat' dir='ltr'><strong>si</strong></span> <span class='ocrx_word' id='word_1_429' title='bbox 816 2644 1021 2689; x_wconf 86' lang='lat' dir='ltr'><strong>provocasti</strong></span> <span class='ocrx_word' id='word_1_430' title='bbox 1046 2645 1225 2679; x_wconf 91' lang='lat' dir='ltr'><strong>communi</strong></span> 
     </span>
     <span class='ocr_line' id='line_1_56' title="bbox 133 2687 1223 2735; baseline 0.004 -14"><span class='ocrx_word' id='word_1_431' title='bbox 133 2687 322 2723; x_wconf 89' lang='lat' dir='ltr'><strong>dividundo</strong></span> <span class='ocrx_word' id='word_1_432' title='bbox 346 2688 496 2731; x_wconf 87' lang='lat' dir='ltr'><strong>iudicio,</strong></span> <span class='ocrx_word' id='word_1_433' title='bbox 530 2689 690 2724; x_wconf 91' lang='lat' dir='ltr'><strong>amiseris</strong></span> <span class='ocrx_word' id='word_1_434' title='bbox 716 2689 995 2731; x_wconf 86' lang='lat' dir='ltr'><strong>condictionem,</strong></span> <span class='ocrx_word' id='word_1_435' title='bbox 1028 2689 1059 2724; x_wconf 91' lang='lat' dir='ltr'><strong>si</strong></span> <span class='ocrx_word' id='word_1_436' title='bbox 1092 2700 1223 2735; x_wconf 91' lang='lat' dir='ltr'><strong>provo-</strong></span> 
     </span>
     <span class='ocr_line' id='line_1_57' title="bbox 132 2734 1224 2775; baseline 0.003 -8"><span class='ocrx_word' id='word_1_437' title='bbox 132 2735 152 2766; x_wconf 88' lang='lat'>2</span> <span class='ocrx_word' id='word_1_438' title='bbox 201 2736 302 2768; x_wconf 89' lang='lat' dir='ltr'><strong>catus</strong></span> <span class='ocrx_word' id='word_1_439' title='bbox 328 2743 384 2775; x_wconf 89' lang='lat' dir='ltr'><strong>es,</strong></span> <span class='ocrx_word' id='word_1_440' title='bbox 408 2734 574 2769; x_wconf 89' lang='lat' dir='ltr'><strong>retineas.</strong></span> <span class='ocrx_word' id='word_1_441' title='bbox 622 2734 790 2770; x_wconf 88' lang='lat' dir='ltr'><strong>Neratius</strong></span> <span class='ocrx_word' id='word_1_442' title='bbox 814 2734 913 2769; x_wconf 87' lang='lat' dir='ltr'><strong>libris</strong></span> <span class='ocrx_word' id='word_1_443' title='bbox 937 2734 1224 2770; x_wconf 88' lang='lat' dir='ltr'><strong>membranarum</strong></span> 
     </span>
     <span class='ocr_line' id='line_1_58' title="bbox 131 2777 1223 2825; baseline 0.003 -13"><span class='ocrx_word' id='word_1_444' title='bbox 131 2777 334 2813; x_wconf 88' lang='lat' dir='ltr'><strong>Aristonem</strong></span> <span class='ocrx_word' id='word_1_445' title='bbox 366 2779 586 2814; x_wconf 83' lang='lat' dir='ltr'><strong>existimasse</strong></span> <span class='ocrx_word' id='word_1_446' title='bbox 618 2779 728 2815; x_wconf 89' lang='lat' dir='ltr'><strong>refert</strong></span> <span class='ocrx_word' id='word_1_447' title='bbox 764 2789 863 2822; x_wconf 89' lang='lat' dir='ltr'><strong>eum,</strong></span> <span class='ocrx_word' id='word_1_448' title='bbox 900 2779 958 2814; x_wconf 86' lang='lat' dir='ltr'><strong>cui</strong></span> <span class='ocrx_word' id='word_1_449' title='bbox 992 2779 1132 2825; x_wconf 88' lang='lat' dir='ltr'><strong>pignori</strong></span> <span class='ocrx_word' id='word_1_450' title='bbox 1166 2790 1223 2815; x_wconf 92' lang='lat' dir='ltr'><strong>res</strong></span> 
     </span>
     <span class='ocr_line' id='line_1_59' title="bbox 133 2822 1222 2889; baseline 0.003 -32"><span class='ocrx_word' id='word_1_451' title='bbox 133 2822 218 2857; x_wconf 87' lang='lat' dir='ltr'><strong>data</strong></span> <span class='ocrx_word' id='word_1_452' title='bbox 254 2823 338 2889; x_wconf 80' lang='lat' dir='ltr'><strong>sit,5</strong></span> <span class='ocrx_word' id='word_1_453' title='bbox 354 2823 481 2859; x_wconf 90' lang='lat' dir='ltr'><strong>incerti</strong></span> <span class='ocrx_word' id='word_1_454' title='bbox 517 2824 743 2860; x_wconf 88' lang='lat' dir='ltr'><strong>condictione</strong></span> <span class='ocrx_word' id='word_1_455' title='bbox 774 2828 958 2867; x_wconf 90' lang='lat' dir='ltr'><strong>acturum,</strong></span> <span class='ocrx_word' id='word_1_456' title='bbox 995 2825 1026 2859; x_wconf 91' lang='lat' dir='ltr'><strong>si</strong></span> <span class='ocrx_word' id='word_1_457' title='bbox 1061 2835 1103 2860; x_wconf 86' lang='lat' dir='ltr'><strong>ea</strong></span> <span class='ocrx_word' id='word_1_458' title='bbox 1137 2825 1222 2860; x_wconf 88' lang='lat' dir='ltr'><strong>sub-</strong></span> 
     </span>
     <span class='ocr_line' id='line_1_60' title="bbox 132 2871 802 2912; baseline 0.003 -10"><span class='ocrx_word' id='word_1_459' title='bbox 132 2872 235 2912; x_wconf 86' lang='lat' dir='ltr'><strong>repta</strong></span> <span class='ocrx_word' id='word_1_460' title='bbox 260 2872 314 2903; x_wconf 89' lang='lat' dir='ltr'><strong>est</strong></span> <span class='ocrx_word' id='word_1_461' title='bbox 341 2895 348 2903; x_wconf 95' lang='lat'><strong>.</strong></span> <span class='ocrx_word' id='word_1_462' title='bbox 799 2871 802 2874; x_wconf 85' lang='lat'>&#39;</span> 
     </span>
    </p>

    <p class='ocr_par' dir='ltr' id='par_1_9' title="bbox 131 2910 1224 3219">
     <span class='ocr_line' id='line_1_61' title="bbox 181 2910 1224 2960; baseline 0 -11"><span class='ocrx_word' id='word_1_463' title='bbox 181 2910 230 2950; x_wconf 90' lang='lat'><strong>13</strong></span> <span class='ocrx_word' id='word_1_464' title='bbox 256 2912 415 2949; x_wconf 53' lang='lat' dir='ltr'><strong>Panos</strong></span> <span class='ocrx_word' id='word_1_465' title='bbox 435 2913 527 2949; x_wconf 83' lang='lat' dir='ltr'><strong>libro</strong></span> <span class='ocrx_word' id='word_1_466' title='bbox 552 2915 761 2960; x_wconf 73' lang='lat' dir='ltr'><strong>triqensimo</strong></span> <span class='ocrx_word' id='word_1_467' title='bbox 785 2924 880 2950; x_wconf 79' lang='lat' dir='ltr'><strong>nono</strong></span> <span class='ocrx_word' id='word_1_468' title='bbox 904 2914 955 2949; x_wconf 81' lang='lat' dir='ltr'><strong>ad</strong></span> <span class='ocrx_word' id='word_1_469' title='bbox 976 2913 1131 2950; x_wconf 75' lang='lat' dir='ltr'><strong>edictum</strong></span> <span class='ocrx_word' id='word_1_470' title='bbox 1165 2914 1224 2949; x_wconf 90' lang='lat' dir='ltr'><strong>Ex</strong></span> 
     </span>
     <span class='ocr_line' id='line_1_62' title="bbox 132 2958 1222 3004; baseline 0.002 -12"><span class='ocrx_word' id='word_1_471' title='bbox 132 2962 279 3003; x_wconf 86' lang='lat' dir='ltr'><strong>argento</strong></span> <span class='ocrx_word' id='word_1_472' title='bbox 311 2958 482 3003; x_wconf 89' lang='lat' dir='ltr'><strong>subrepto</strong></span> <span class='ocrx_word' id='word_1_473' title='bbox 515 2960 646 3003; x_wconf 90' lang='lat' dir='ltr'><strong>pocula</strong></span> <span class='ocrx_word' id='word_1_474' title='bbox 677 2959 777 2994; x_wconf 86' lang='lat' dir='ltr'><strong>facta</strong></span> <span class='ocrx_word' id='word_1_475' title='bbox 809 2959 949 2994; x_wconf 91' lang='lat' dir='ltr'><strong>condici</strong></span> <span class='ocrx_word' id='word_1_476' title='bbox 971 2969 1079 3004; x_wconf 88' lang='lat' dir='ltr'><strong>posse</strong></span> <span class='ocrx_word' id='word_1_477' title='bbox 1102 2959 1222 2995; x_wconf 85' lang='lat' dir='ltr'><strong>Fulci-</strong></span> 
     </span>
     <span class='ocr_line' id='line_1_63' title="bbox 132 3002 1223 3049; baseline 0.002 -12"><span class='ocrx_word' id='word_1_478' title='bbox 132 3002 211 3038; x_wconf 89' lang='lat' dir='ltr'><strong>nius</strong></span> <span class='ocrx_word' id='word_1_479' title='bbox 236 3003 303 3038; x_wconf 86' lang='lat' dir='ltr'><strong>ait:</strong></span> <span class='ocrx_word' id='word_1_480' title='bbox 329 3014 411 3048; x_wconf 90' lang='lat' dir='ltr'><strong>ergo</strong></span> <span class='ocrx_word' id='word_1_481' title='bbox 434 3003 473 3038; x_wconf 93' lang='lat' dir='ltr'><strong>in</strong></span> <span class='ocrx_word' id='word_1_482' title='bbox 497 3004 722 3040; x_wconf 88' lang='lat' dir='ltr'><strong>condictione</strong></span> <span class='ocrx_word' id='word_1_483' title='bbox 743 3004 955 3049; x_wconf 91' lang='lat' dir='ltr'><strong>poculorum</strong></span> <span class='ocrx_word' id='word_1_484' title='bbox 978 3005 1085 3039; x_wconf 89' lang='lat' dir='ltr'><strong>etiam</strong></span> <span class='ocrx_word' id='word_1_485' title='bbox 1106 3005 1223 3040; x_wconf 90' lang='lat' dir='ltr'><strong>caela-</strong></span> 
     </span>
     <span class='ocr_line' id='line_1_64' title="bbox 131 3048 1222 3094; baseline 0.003 -12"><span class='ocrx_word' id='word_1_486' title='bbox 131 3052 234 3083; x_wconf 86' lang='lat' dir='ltr'><strong>turae</strong></span> <span class='ocrx_word' id='word_1_487' title='bbox 258 3049 457 3084; x_wconf 89' lang='lat' dir='ltr'><strong>aestimatio</strong></span> <span class='ocrx_word' id='word_1_488' title='bbox 483 3048 563 3092; x_wconf 90' lang='lat' dir='ltr'><strong>fiet,</strong></span> <span class='ocrx_word' id='word_1_489' title='bbox 597 3060 689 3094; x_wconf 89' lang='lat' dir='ltr'><strong>quae</strong></span> <span class='ocrx_word' id='word_1_490' title='bbox 720 3049 882 3094; x_wconf 89' lang='lat' dir='ltr'><strong>impensa</strong></span> <span class='ocrx_word' id='word_1_491' title='bbox 911 3049 1002 3085; x_wconf 89' lang='lat' dir='ltr'><strong>furis</strong></span> <span class='ocrx_word' id='word_1_492' title='bbox 1032 3049 1133 3085; x_wconf 88' lang='lat' dir='ltr'><strong>facta</strong></span> <span class='ocrx_word' id='word_1_493' title='bbox 1157 3053 1222 3092; x_wconf 89' lang='lat' dir='ltr'><strong>est,</strong></span> 
     </span>
     <span class='ocr_line' id='line_1_65' title="bbox 133 3093 1223 3139; baseline 0.003 -12"><span class='ocrx_word' id='word_1_494' title='bbox 133 3093 428 3137; x_wconf 88' lang='lat' dir='ltr'><strong>quemadmodum</strong></span> <span class='ocrx_word' id='word_1_495' title='bbox 451 3094 483 3129; x_wconf 92' lang='lat' dir='ltr'><strong>si</strong></span> <span class='ocrx_word' id='word_1_496' title='bbox 504 3093 623 3130; x_wconf 88' lang='lat' dir='ltr'><strong>infans</strong></span> <span class='ocrx_word' id='word_1_497' title='bbox 647 3094 838 3139; x_wconf 89' lang='lat' dir='ltr'><strong>subreptus</strong></span> <span class='ocrx_word' id='word_1_498' title='bbox 870 3094 1080 3137; x_wconf 88' lang='lat' dir='ltr'><strong>adoleverit,</strong></span> <span class='ocrx_word' id='word_1_499' title='bbox 1115 3095 1223 3130; x_wconf 88' lang='lat' dir='ltr'><strong>aesti-</strong></span> 
     </span>
     <span class='ocr_line' id='line_1_66' title="bbox 132 3138 1223 3186; baseline 0.003 -14"><span class='ocrx_word' id='word_1_500' title='bbox 132 3139 241 3173; x_wconf 85' lang='lat' dir='ltr'><strong>matio</strong></span> <span class='ocrx_word' id='word_1_501' title='bbox 273 3138 316 3172; x_wconf 89' lang='lat' dir='ltr'><strong>fit</strong></span> <span class='ocrx_word' id='word_1_502' title='bbox 350 3138 607 3182; x_wconf 90' lang='lat' dir='ltr'><strong>adulescentis,</strong></span> <span class='ocrx_word' id='word_1_503' title='bbox 644 3139 804 3185; x_wconf 88' lang='lat' dir='ltr'><strong>quamvis</strong></span> <span class='ocrx_word' id='word_1_504' title='bbox 837 3150 924 3175; x_wconf 89' lang='lat' dir='ltr'><strong>cura</strong></span> <span class='ocrx_word' id='word_1_505' title='bbox 956 3143 992 3175; x_wconf 93' lang='lat' dir='ltr'><strong>et</strong></span> <span class='ocrx_word' id='word_1_506' title='bbox 1023 3140 1223 3186; x_wconf 88' lang='lat' dir='ltr'><strong>sumptibus</strong></span> 
     </span>
     <span class='ocr_line' id='line_1_67' title="bbox 132 3182 404 3219; baseline 0.007 -3"><span class='ocrx_word' id='word_1_507' title='bbox 132 3182 220 3218; x_wconf 88' lang='lat' dir='ltr'><strong>furis</strong></span> <span class='ocrx_word' id='word_1_508' title='bbox 246 3183 404 3219; x_wconf 88' lang='lat' dir='ltr'><strong>creverit.</strong></span> 
     </span>
    </p>

    <p class='ocr_par' dir='ltr' id='par_1_10' title="bbox 131 3226 1225 3589">
     <span class='ocr_line' id='line_1_68' title="bbox 182 3226 1222 3275; baseline 0 -11"><span class='ocrx_word' id='word_1_509' title='bbox 182 3226 233 3264; x_wconf 89' lang='grc'><strong>14</strong></span> <span class='ocrx_word' id='word_1_510' title='bbox 257 3227 451 3264; x_wconf 75' lang='lat' dir='ltr'><em>IULIANUS</em></span> <span class='ocrx_word' id='word_1_511' title='bbox 478 3229 569 3264; x_wconf 80' lang='lat' dir='ltr'><strong>libro</strong></span> <span class='ocrx_word' id='word_1_512' title='bbox 602 3229 793 3265; x_wconf 82' lang='lat' dir='ltr'><strong>vicensimo</strong></span> <span class='ocrx_word' id='word_1_513' title='bbox 816 3229 975 3265; x_wconf 80' lang='lat' dir='ltr'><strong>secundo</strong></span> <span class='ocrx_word' id='word_1_514' title='bbox 999 3229 1222 3275; x_wconf 73' lang='lat' dir='ltr'><strong>diqestorum</strong></span> 
     </span>
     <span class='ocr_line' id='line_1_69' title="bbox 133 3272 1223 3319; baseline 0.003 -13"><span class='ocrx_word' id='word_1_515' title='bbox 133 3272 169 3306; x_wconf 89' lang='lat' dir='ltr'><strong>Si</strong></span> <span class='ocrx_word' id='word_1_516' title='bbox 194 3283 315 3308; x_wconf 86' lang='lat' dir='ltr'><strong>servus</strong></span> <span class='ocrx_word' id='word_1_517' title='bbox 338 3273 491 3309; x_wconf 82' lang='lat' dir='ltr'><strong>furtivus</strong></span> <span class='ocrx_word' id='word_1_518' title='bbox 516 3274 583 3309; x_wconf 90' lang='lat' dir='ltr'><strong>sub</strong></span> <span class='ocrx_word' id='word_1_519' title='bbox 609 3274 819 3310; x_wconf 87' lang='lat' dir='ltr'><strong>condicione</strong></span> <span class='ocrx_word' id='word_1_520' title='bbox 837 3274 976 3319; x_wconf 89' lang='lat' dir='ltr'><strong>legatus</strong></span> <span class='ocrx_word' id='word_1_521' title='bbox 992 3274 1111 3317; x_wconf 87' lang='lat' dir='ltr'><strong>fuerit,</strong></span> <span class='ocrx_word' id='word_1_522' title='bbox 1135 3285 1223 3319; x_wconf 88' lang='lat' dir='ltr'><strong>pen-</strong></span> 
     </span>
     <span class='ocr_line' id='line_1_70' title="bbox 133 3317 1223 3362; baseline 0.003 -11"><span class='ocrx_word' id='word_1_523' title='bbox 133 3317 238 3352; x_wconf 87' lang='lat' dir='ltr'><strong>dente</strong></span> <span class='ocrx_word' id='word_1_524' title='bbox 263 3328 305 3352; x_wconf 89' lang='lat' dir='ltr'><strong>ea</strong></span> <span class='ocrx_word' id='word_1_525' title='bbox 329 3318 433 3353; x_wconf 89' lang='lat' dir='ltr'><strong>heres</strong></span> <span class='ocrx_word' id='word_1_526' title='bbox 458 3319 719 3354; x_wconf 86' lang='lat' dir='ltr'><strong>condictionem</strong></span> <span class='ocrx_word' id='word_1_527' title='bbox 741 3319 889 3354; x_wconf 85' lang='lat' dir='ltr'><strong>habebit</strong></span> <span class='ocrx_word' id='word_1_528' title='bbox 912 3322 966 3362; x_wconf 89' lang='lat' dir='ltr'><strong>et,</strong></span> <span class='ocrx_word' id='word_1_529' title='bbox 998 3319 1030 3354; x_wconf 90' lang='lat' dir='ltr'><strong>si</strong></span> <span class='ocrx_word' id='word_1_530' title='bbox 1051 3319 1114 3355; x_wconf 88' lang='lat' dir='ltr'><strong>lite</strong></span> <span class='ocrx_word' id='word_1_531' title='bbox 1138 3330 1223 3354; x_wconf 90' lang='lat' dir='ltr'><strong>con-</strong></span> 
     </span>
     <span class='ocr_line' id='line_1_71' title="bbox 131 3363 1222 3409; baseline 0.002 -13"><span class='ocrx_word' id='word_1_532' title='bbox 131 3365 263 3397; x_wconf 87' lang='lat' dir='ltr'><strong>testata</strong></span> <span class='ocrx_word' id='word_1_533' title='bbox 297 3363 459 3399; x_wconf 91' lang='lat' dir='ltr'><strong>condicio</strong></span> <span class='ocrx_word' id='word_1_534' title='bbox 493 3364 685 3406; x_wconf 89' lang='lat' dir='ltr'><strong>exstiterit,</strong></span> <span class='ocrx_word' id='word_1_535' title='bbox 721 3364 899 3399; x_wconf 89' lang='lat' dir='ltr'><strong>absolutio</strong></span> <span class='ocrx_word' id='word_1_536' title='bbox 933 3364 1036 3409; x_wconf 90' lang='lat' dir='ltr'><strong>sequi</strong></span> <span class='ocrx_word' id='word_1_537' title='bbox 1067 3364 1222 3406; x_wconf 90' lang='lat' dir='ltr'><strong>debebit,</strong></span> 
     </span>
     <span class='ocr_line' id='line_1_72' title="bbox 132 3406 1225 3450; baseline 0.004 -10"><span class='ocrx_word' id='word_1_538' title='bbox 132 3406 276 3450; x_wconf 86' lang='lat' dir='ltr'><strong>perinde</strong></span> <span class='ocrx_word' id='word_1_539' title='bbox 310 3417 353 3442; x_wconf 91' lang='lat' dir='ltr'><strong>ac</strong></span> <span class='ocrx_word' id='word_1_540' title='bbox 385 3408 415 3443; x_wconf 91' lang='lat' dir='ltr'><strong>si</strong></span> <span class='ocrx_word' id='word_1_541' title='bbox 445 3408 538 3443; x_wconf 90' lang='lat' dir='ltr'><strong>idem</strong></span> <span class='ocrx_word' id='word_1_542' title='bbox 563 3419 685 3444; x_wconf 87' lang='lat' dir='ltr'><strong>servus</strong></span> <span class='ocrx_word' id='word_1_543' title='bbox 709 3409 776 3444; x_wconf 91' lang='lat' dir='ltr'><strong>sub</strong></span> <span class='ocrx_word' id='word_1_544' title='bbox 802 3409 1011 3444; x_wconf 87' lang='lat' dir='ltr'><strong>condicione</strong></span> <span class='ocrx_word' id='word_1_545' title='bbox 1033 3409 1124 3444; x_wconf 91' lang='lat' dir='ltr'><strong>liber</strong></span> <span class='ocrx_word' id='word_1_546' title='bbox 1147 3419 1225 3444; x_wconf 90' lang='lat' dir='ltr'><strong>esse</strong></span> 
     </span>
     <span class='ocr_line' id='line_1_73' title="bbox 131 3451 1222 3490; baseline 0.003 -5"><span class='ocrx_word' id='word_1_547' title='bbox 131 3451 249 3486; x_wconf 87' lang='lat' dir='ltr'><strong>iussus</strong></span> <span class='ocrx_word' id='word_1_548' title='bbox 282 3451 409 3488; x_wconf 86' lang='lat' dir='ltr'><strong>fuisset</strong></span> <span class='ocrx_word' id='word_1_549' title='bbox 440 3457 476 3489; x_wconf 87' lang='lat' dir='ltr'><strong>et</strong></span> <span class='ocrx_word' id='word_1_550' title='bbox 506 3454 568 3489; x_wconf 90' lang='lat' dir='ltr'><strong>lite</strong></span> <span class='ocrx_word' id='word_1_551' title='bbox 592 3457 794 3489; x_wconf 88' lang='lat' dir='ltr'><strong>contestata</strong></span> <span class='ocrx_word' id='word_1_552' title='bbox 819 3454 983 3490; x_wconf 90' lang='lat' dir='ltr'><strong>condicio</strong></span> <span class='ocrx_word' id='word_1_553' title='bbox 1009 3454 1222 3489; x_wconf 84' lang='lat' dir='ltr'><strong>exstitisset:</strong></span> 
     </span>
     <span class='ocr_line' id='line_1_74' title="bbox 132 3498 1225 3576; baseline 0.003 -47"><span class='ocrx_word' id='word_1_554' title='bbox 132 3506 213 3530; x_wconf 90' lang='lat' dir='ltr'><strong>nam</strong></span> <span class='ocrx_word' id='word_1_555' title='bbox 244 3507 310 3531; x_wconf 89' lang='lat' dir='ltr'><strong>nec</strong></span> <span class='ocrx_word' id='word_1_556' title='bbox 329 3498 502 3576; x_wconf 51' lang='lat' dir='ltr'><strong>‘petitoris</strong></span> <span class='ocrx_word' id='word_1_557' title='bbox 533 3499 605 3533; x_wconf 82' lang='lat' dir='ltr'><strong>iam</strong></span> <span class='ocrx_word' id='word_1_558' title='bbox 635 3499 783 3534; x_wconf 87' lang='lat' dir='ltr'><strong>interest</strong></span> <span class='ocrx_word' id='word_1_559' title='bbox 805 3499 983 3534; x_wconf 89' lang='lat' dir='ltr'><strong>hominem</strong></span> <span class='ocrx_word' id='word_1_560' title='bbox 1006 3499 1165 3543; x_wconf 89' lang='lat' dir='ltr'><strong>recipere</strong></span> <span class='ocrx_word' id='word_1_561' title='bbox 1189 3502 1225 3533; x_wconf 88' lang='lat' dir='ltr'><strong>et</strong></span> 
     </span>
     <span class='ocr_line' id='line_1_75' title="bbox 131 3542 1225 3589; baseline 0.004 -15"><span class='ocrx_word' id='word_1_562' title='bbox 131 3551 188 3575; x_wconf 89' lang='lat' dir='ltr'><strong>res</strong></span> <span class='ocrx_word' id='word_1_563' title='bbox 221 3542 296 3576; x_wconf 90' lang='lat' dir='ltr'><strong>sine</strong></span> <span class='ocrx_word' id='word_1_564' title='bbox 354 3542 409 3576; x_wconf 91' lang='lat'><strong>010</strong></span> <span class='ocrx_word' id='word_1_565' title='bbox 442 3544 535 3578; x_wconf 89' lang='lat' dir='ltr'><strong>malo</strong></span> <span class='ocrx_word' id='word_1_566' title='bbox 565 3543 656 3579; x_wconf 87' lang='lat' dir='ltr'><strong>furis</strong></span> <span class='ocrx_word' id='word_1_567' title='bbox 688 3544 763 3579; x_wconf 88' lang='lat' dir='ltr'><strong>eius</strong></span> <span class='ocrx_word' id='word_1_568' title='bbox 797 3554 876 3579; x_wconf 89' lang='lat' dir='ltr'><strong>esse</strong></span> <span class='ocrx_word' id='word_1_569' title='bbox 907 3543 1021 3579; x_wconf 89' lang='lat' dir='ltr'><strong>desiit.</strong></span> <span class='ocrx_word' id='word_1_570' title='bbox 1067 3543 1162 3589; x_wconf 89' lang='lat' dir='ltr'><strong>quod</strong></span> <span class='ocrx_word' id='word_1_571' title='bbox 1194 3543 1225 3578; x_wconf 91' lang='lat' dir='ltr'><strong>si</strong></span> 
     </span>
    </p>
   </div>
   <div class='ocr_carea' id='block_1_4' title="bbox 132 3653 571 3731">
    <p class='ocr_par' dir='ltr' id='par_1_11' title="bbox 132 3653 571 3731">
     <span class='ocr_line' id='line_1_76' title="bbox 133 3653 571 3704; baseline 0.005 -19"><span class='ocrx_word' id='word_1_572' title='bbox 133 3654 177 3704; x_wconf 67' lang='grc' dir='ltr'><strong>(ι)</strong></span> <span class='ocrx_word' id='word_1_573' title='bbox 198 3653 235 3685; x_wconf 91' lang='lat' dir='ltr'><strong>in</strong></span> <span class='ocrx_word' id='word_1_574' title='bbox 245 3654 332 3687; x_wconf 84' lang='lat' dir='ltr'><strong>hanc</strong></span> <span class='ocrx_word' id='word_1_575' title='bbox 342 3655 509 3687; x_wconf 82' lang='lat' dir='ltr'><strong>actionem.</strong></span> <span class='ocrx_word' id='word_1_576' title='bbox 518 3654 571 3687; x_wconf 59' lang='grc' dir='ltr'><strong>ΙΡ2</strong></span> 
     </span>
     <span class='ocr_line' id='line_1_77' title="bbox 132 3707 252 3731; baseline 0.017 -3"><span class='ocrx_word' id='word_1_577' title='bbox 132 3707 179 3729; x_wconf 71' lang='lat' dir='ltr'><strong>rel</strong></span> <span class='ocrx_word' id='word_1_578' title='bbox 191 3710 252 3731; x_wconf 71' lang='lat' dir='ltr'><strong>8CT.</strong></span> 
     </span>
    </p>
   </div>
   <div class='ocr_carea' id='block_1_5' title="bbox 136 3743 313 3782">
    <p class='ocr_par' dir='ltr' id='par_1_12' title="bbox 136 3743 313 3782">
     <span class='ocr_line' id='line_1_78' title="bbox 136 3743 313 3782; baseline 0.006 -7"><span class='ocrx_word' id='word_1_579' title='bbox 136 3743 177 3782; x_wconf 86' lang='lat'><strong>(5)</strong></span> <span class='ocrx_word' id='word_1_580' title='bbox 203 3744 248 3775; x_wconf 89' lang='lat' dir='ltr'><strong>sit</strong></span> <span class='ocrx_word' id='word_1_581' title='bbox 261 3743 313 3776; x_wconf 80' lang='lat' dir='ltr'><strong>F2</strong></span> 
     </span>
    </p>
   </div>
   <div class='ocr_carea' id='block_1_6' title="bbox 406 3657 1222 3786">
    <p class='ocr_par' dir='ltr' id='par_1_13' title="bbox 406 3657 1222 3786">
     <span class='ocr_line' id='line_1_79' title="bbox 641 3657 1222 3698; baseline -0.003 -8"><span class='ocrx_word' id='word_1_582' title='bbox 641 3657 683 3698; x_wconf 80' lang='lat'><strong>(2)</strong></span> <span class='ocrx_word' id='word_1_583' title='bbox 709 3657 919 3698; x_wconf 83' lang='lat' dir='ltr'><strong>adprehensa</strong></span> <span class='ocrx_word' id='word_1_584' title='bbox 931 3669 993 3690; x_wconf 83' lang='lat' dir='ltr'><strong>scr.</strong></span> <span class='ocrx_word' id='word_1_585' title='bbox 1067 3658 1109 3698; x_wconf 87' lang='grc'><strong>(3)</strong></span> <span class='ocrx_word' id='word_1_586' title='bbox 1135 3657 1222 3697; x_wconf 89' lang='lat' dir='ltr'><strong>eius]</strong></span> 
     </span>
     <span class='ocr_line' id='line_1_80' title="bbox 439 3700 1220 3742; baseline -0.001 -9"><span class='ocrx_word' id='word_1_587' title='bbox 439 3701 480 3742; x_wconf 83' lang='lat'><strong>(4)</strong></span> <span class='ocrx_word' id='word_1_588' title='bbox 506 3700 534 3732; x_wconf 90' lang='lat' dir='ltr'><strong>si</strong></span> <span class='ocrx_word' id='word_1_589' title='bbox 548 3711 601 3732; x_wconf 88' lang='lat' dir='ltr'><strong>res</strong></span> <span class='ocrx_word' id='word_1_590' title='bbox 614 3711 638 3733; x_wconf 84' lang='lat' dir='ltr'><strong>s.</strong></span> <span class='ocrx_word' id='word_1_591' title='bbox 653 3704 678 3734; x_wconf 85' lang='lat' dir='ltr'><strong>t.</strong></span> <span class='ocrx_word' id='word_1_592' title='bbox 694 3704 875 3740; x_wconf 87' lang='lat' dir='ltr'><strong>remaneat,</strong></span> <span class='ocrx_word' id='word_1_593' title='bbox 888 3701 975 3733; x_wconf 89' lang='lat' dir='ltr'><strong>mihi</strong></span> <span class='ocrx_word' id='word_1_594' title='bbox 989 3701 1146 3734; x_wconf 80' lang='lat' dir='ltr'><strong>condices</strong></span> <span class='ocrx_word' id='word_1_595' title='bbox 1158 3713 1220 3734; x_wconf 80' lang='lat' dir='ltr'><strong>scr.</strong></span> 
     </span>
     <span class='ocr_line' id='line_1_81' title="bbox 406 3744 1218 3786; baseline 0 -8"><span class='ocrx_word' id='word_1_596' title='bbox 406 3746 451 3786; x_wconf 83' lang='grc'><strong>(6)</strong></span> <span class='ocrx_word' id='word_1_597' title='bbox 476 3745 604 3777; x_wconf 84' lang='lat' dir='ltr'><strong>fuerint</strong></span> <span class='ocrx_word' id='word_1_598' title='bbox 617 3744 670 3777; x_wconf 85' lang='lat' dir='ltr'><strong>F2</strong></span> <span class='ocrx_word' id='word_1_599' title='bbox 754 3748 796 3786; x_wconf 83' lang='lat'><strong>(7)</strong></span> <span class='ocrx_word' id='word_1_600' title='bbox 822 3746 874 3778; x_wconf 76' lang='lat' dir='ltr'><strong>vel</strong></span> <span class='ocrx_word' id='word_1_601' title='bbox 888 3746 1097 3778; x_wconf 82' lang='lat' dir='ltr'><strong>commodata</strong></span> <span class='ocrx_word' id='word_1_602' title='bbox 1109 3757 1144 3778; x_wconf 84' lang='lat' dir='ltr'><strong>re</strong></span> <span class='ocrx_word' id='word_1_603' title='bbox 1157 3758 1218 3778; x_wconf 86' lang='lat' dir='ltr'><strong>scr.</strong></span> 
     </span>
    </p>
   </div>
   <div class='ocr_carea' id='block_1_7' title="bbox 2129 131 2389 175">
    <p class='ocr_par' dir='ltr' id='par_1_14' title="bbox 2129 131 2389 175">
     <span class='ocr_line' id='line_1_82' title="bbox 2129 131 2389 175; baseline 0.004 -1"><span class='ocrx_word' id='word_1_604' title='bbox 2129 131 2236 174; x_wconf 86' lang='lat' dir='ltr'>XIII</span> <span class='ocrx_word' id='word_1_605' title='bbox 2284 135 2389 175; x_wconf 83' lang='lat'><strong>1—3</strong></span> 
     </span>
    </p>
   </div>
   <div class='ocr_carea' id='block_1_8' title="bbox 1294 249 2392 2550">
    <p class='ocr_par' dir='ltr' id='par_1_15' title="bbox 1298 249 2392 883">
     <span class='ocr_line' id='line_1_83' title="bbox 1301 249 2390 296; baseline 0.003 -10"><span class='ocrx_word' id='word_1_606' title='bbox 1301 250 1478 296; x_wconf 88' lang='lat' dir='ltr'><strong>pendente</strong></span> <span class='ocrx_word' id='word_1_607' title='bbox 1491 249 1700 286; x_wconf 90' lang='lat' dir='ltr'><strong>condicione</strong></span> <span class='ocrx_word' id='word_1_608' title='bbox 1709 251 1936 295; x_wconf 87' lang='lat' dir='ltr'><strong>iudicaretur,</strong></span> <span class='ocrx_word' id='word_1_609' title='bbox 1957 253 2064 288; x_wconf 88' lang='lat' dir='ltr'><strong>iudex</strong></span> <span class='ocrx_word' id='word_1_610' title='bbox 2084 253 2272 289; x_wconf 88' lang='lat' dir='ltr'><strong>aestimare</strong></span> <span class='ocrx_word' id='word_1_611' title='bbox 2285 253 2390 289; x_wconf 88' lang='lat' dir='ltr'><strong>debe·</strong></span> 
     </span>
     <span class='ocr_line' id='line_1_84' title="bbox 1305 295 2391 340; baseline 0.005 -10"><span class='ocrx_word' id='word_1_612' title='bbox 1305 299 1319 330; x_wconf 85' lang='lat'>1</span> <span class='ocrx_word' id='word_1_613' title='bbox 1369 296 1433 338; x_wconf 89' lang='lat' dir='ltr'><strong>bit,</strong></span> <span class='ocrx_word' id='word_1_614' title='bbox 1458 295 1583 340; x_wconf 87' lang='lat' dir='ltr'><strong>quanti</strong></span> <span class='ocrx_word' id='word_1_615' title='bbox 1608 299 1801 340; x_wconf 87' lang='lat' dir='ltr'><strong>emptorem</strong></span> <span class='ocrx_word' id='word_1_616' title='bbox 1825 298 2007 333; x_wconf 89' lang='lat' dir='ltr'><strong>invenerit.</strong></span> <span class='ocrx_word' id='word_1_617' title='bbox 2056 298 2190 334; x_wconf 88' lang='lat' dir='ltr'><strong>Cavere</strong></span> <span class='ocrx_word' id='word_1_618' title='bbox 2209 303 2329 334; x_wconf 88' lang='lat' dir='ltr'><strong>autem</strong></span> <span class='ocrx_word' id='word_1_619' title='bbox 2349 310 2391 335; x_wconf 86' lang='lat' dir='ltr'><strong>ex</strong></span> 
     </span>
     <span class='ocr_line' id='line_1_85' title="bbox 1300 340 2389 388; baseline 0.004 -13"><span class='ocrx_word' id='word_1_620' title='bbox 1300 341 1370 375; x_wconf 87' lang='lat' dir='ltr'><strong>hac</strong></span> <span class='ocrx_word' id='word_1_621' title='bbox 1394 341 1536 376; x_wconf 89' lang='lat' dir='ltr'><strong>actione</strong></span> <span class='ocrx_word' id='word_1_622' title='bbox 1559 340 1692 385; x_wconf 86' lang='lat' dir='ltr'><strong>petitor</strong></span> <span class='ocrx_word' id='word_1_623' title='bbox 1715 341 1747 376; x_wconf 92' lang='lat' dir='ltr'><strong>ei</strong></span> <span class='ocrx_word' id='word_1_624' title='bbox 1772 352 1851 377; x_wconf 90' lang='lat' dir='ltr'><strong>cum</strong></span> <span class='ocrx_word' id='word_1_625' title='bbox 1884 354 1952 387; x_wconf 92' lang='lat' dir='ltr'><strong>quo</strong></span> <span class='ocrx_word' id='word_1_626' title='bbox 1985 344 2102 388; x_wconf 87' lang='lat' dir='ltr'><strong>agitur</strong></span> <span class='ocrx_word' id='word_1_627' title='bbox 2131 355 2203 380; x_wconf 89' lang='lat' dir='ltr'><strong>non</strong></span> <span class='ocrx_word' id='word_1_628' title='bbox 2236 344 2389 379; x_wconf 89' lang='lat' dir='ltr'><strong>debebit.</strong></span> 
     </span>
     <span class='ocr_line' id='line_1_86' title="bbox 1301 385 2391 430; baseline 0.005 -10"><span class='ocrx_word' id='word_1_629' title='bbox 1301 388 1321 420; x_wconf 86' lang='lat'>2</span> <span class='ocrx_word' id='word_1_630' title='bbox 1368 385 1466 421; x_wconf 90' lang='lat' dir='ltr'><strong>Bove</strong></span> <span class='ocrx_word' id='word_1_631' title='bbox 1489 386 1660 430; x_wconf 89' lang='lat' dir='ltr'><strong>subrepto</strong></span> <span class='ocrx_word' id='word_1_632' title='bbox 1682 388 1718 420; x_wconf 90' lang='lat' dir='ltr'><strong>et</strong></span> <span class='ocrx_word' id='word_1_633' title='bbox 1737 387 1857 422; x_wconf 89' lang='lat' dir='ltr'><strong>occiso</strong></span> <span class='ocrx_word' id='word_1_634' title='bbox 1879 388 2055 424; x_wconf 89' lang='lat' dir='ltr'><strong>condictio</strong></span> <span class='ocrx_word' id='word_1_635' title='bbox 2076 393 2112 424; x_wconf 93' lang='lat' dir='ltr'><strong>et</strong></span> <span class='ocrx_word' id='word_1_636' title='bbox 2131 389 2230 424; x_wconf 86' lang='lat' dir='ltr'><strong>bovis</strong></span> <span class='ocrx_word' id='word_1_637' title='bbox 2250 393 2286 423; x_wconf 91' lang='lat' dir='ltr'><strong>et</strong></span> <span class='ocrx_word' id='word_1_638' title='bbox 2305 389 2391 425; x_wconf 89' lang='lat' dir='ltr'><strong>corii</strong></span> 
     </span>
     <span class='ocr_line' id='line_1_87' title="bbox 1301 430 2391 476; baseline 0.005 -11"><span class='ocrx_word' id='word_1_639' title='bbox 1301 434 1337 466; x_wconf 92' lang='lat' dir='ltr'><strong>et</strong></span> <span class='ocrx_word' id='word_1_640' title='bbox 1362 431 1480 466; x_wconf 85' lang='lat' dir='ltr'><strong>carnis</strong></span> <span class='ocrx_word' id='word_1_641' title='bbox 1505 430 1647 466; x_wconf 87' lang='lat' dir='ltr'><strong>domino</strong></span> <span class='ocrx_word' id='word_1_642' title='bbox 1673 432 1860 476; x_wconf 89' lang='lat' dir='ltr'><strong>competit,</strong></span> <span class='ocrx_word' id='word_1_643' title='bbox 1896 433 2031 468; x_wconf 86' lang='lat' dir='ltr'><strong>scilicet</strong></span> <span class='ocrx_word' id='word_1_644' title='bbox 2062 435 2092 469; x_wconf 91' lang='lat' dir='ltr'><strong>si</strong></span> <span class='ocrx_word' id='word_1_645' title='bbox 2122 439 2158 470; x_wconf 92' lang='lat' dir='ltr'><strong>et</strong></span> <span class='ocrx_word' id='word_1_646' title='bbox 2189 435 2325 470; x_wconf 89' lang='lat' dir='ltr'><strong>corium</strong></span> <span class='ocrx_word' id='word_1_647' title='bbox 2356 438 2391 470; x_wconf 86' lang='lat' dir='ltr'><strong>et</strong></span> 
     </span>
     <span class='ocr_line' id='line_1_88' title="bbox 1301 475 2390 524; baseline 0.004 -13"><span class='ocrx_word' id='word_1_648' title='bbox 1301 486 1385 511; x_wconf 84' lang='lat' dir='ltr'><strong>caro</strong></span> <span class='ocrx_word' id='word_1_649' title='bbox 1410 479 1635 511; x_wconf 87' lang='lat' dir='ltr'><strong>contrectata</strong></span> <span class='ocrx_word' id='word_1_650' title='bbox 1657 475 1843 511; x_wconf 66' lang='lat' dir='ltr'><strong>fueruntss:</strong></span> <span class='ocrx_word' id='word_1_651' title='bbox 1878 488 2011 513; x_wconf 87' lang='lat' dir='ltr'><strong>cornua</strong></span> <span class='ocrx_word' id='word_1_652' title='bbox 2036 490 2176 524; x_wconf 87' lang='lat' dir='ltr'><strong>quoquc</strong></span> <span class='ocrx_word' id='word_1_653' title='bbox 2201 480 2390 515; x_wconf 90' lang='lat' dir='ltr'><strong>condicen-</strong></span> 
     </span>
     <span class='ocr_line' id='line_1_89' title="bbox 1300 520 2390 569; baseline 0.005 -14"><span class='ocrx_word' id='word_1_654' title='bbox 1300 524 1370 555; x_wconf 92' lang='lat' dir='ltr'><strong>tur.</strong></span> <span class='ocrx_word' id='word_1_655' title='bbox 1409 520 1472 556; x_wconf 90' lang='lat' dir='ltr'><strong>sed</strong></span> <span class='ocrx_word' id='word_1_656' title='bbox 1503 521 1534 556; x_wconf 89' lang='lat' dir='ltr'><strong>si</strong></span> <span class='ocrx_word' id='word_1_657' title='bbox 1567 520 1731 556; x_wconf 86' lang='lat' dir='ltr'><strong>dominus</strong></span> <span class='ocrx_word' id='word_1_658' title='bbox 1756 521 1979 557; x_wconf 87' lang='lat' dir='ltr'><strong>condictione</strong></span> <span class='ocrx_word' id='word_1_659' title='bbox 2003 524 2101 559; x_wconf 89' lang='lat' dir='ltr'><strong>bovis</strong></span> <span class='ocrx_word' id='word_1_660' title='bbox 2126 525 2280 569; x_wconf 91' lang='lat' dir='ltr'><strong>pretium</strong></span> <span class='ocrx_word' id='word_1_661' title='bbox 2305 535 2390 560; x_wconf 89' lang='lat' dir='ltr'><strong>con·</strong></span> 
     </span>
     <span class='ocr_line' id='line_1_90' title="bbox 1299 565 2391 615; baseline 0.004 -14"><span class='ocrx_word' id='word_1_662' title='bbox 1299 569 1444 601; x_wconf 89' lang='lat' dir='ltr'><strong>secutus</strong></span> <span class='ocrx_word' id='word_1_663' title='bbox 1455 565 1565 601; x_wconf 90' lang='lat' dir='ltr'><strong>fuerit</strong></span> <span class='ocrx_word' id='word_1_664' title='bbox 1577 570 1612 601; x_wconf 89' lang='lat' dir='ltr'><strong>et</strong></span> <span class='ocrx_word' id='word_1_665' title='bbox 1650 569 1750 601; x_wconf 89' lang='lat' dir='ltr'><strong>ostea</strong></span> <span class='ocrx_word' id='word_1_666' title='bbox 1762 566 1895 611; x_wconf 88' lang='lat' dir='ltr'><strong>aliquid</strong></span> <span class='ocrx_word' id='word_1_667' title='bbox 1916 577 2047 610; x_wconf 86' lang='lat' dir='ltr'><strong>eorum,</strong></span> <span class='ocrx_word' id='word_1_668' title='bbox 2069 569 2113 604; x_wconf 87' lang='lat' dir='ltr'><strong>de</strong></span> <span class='ocrx_word' id='word_1_669' title='bbox 2133 570 2261 614; x_wconf 88' lang='lat' dir='ltr'><strong>quibus</strong></span> <span class='ocrx_word' id='word_1_670' title='bbox 2282 580 2391 615; x_wconf 87' lang='lat' dir='ltr'><strong>supra</strong></span> 
     </span>
     <span class='ocr_line' id='line_1_91' title="bbox 1299 610 2390 658; baseline 0.005 -13"><span class='ocrx_word' id='word_1_671' title='bbox 1299 610 1435 646; x_wconf 91' lang='lat' dir='ltr'><strong>dictum</strong></span> <span class='ocrx_word' id='word_1_672' title='bbox 1455 615 1520 653; x_wconf 89' lang='lat' dir='ltr'><strong>est,</strong></span> <span class='ocrx_word' id='word_1_673' title='bbox 1547 621 1615 646; x_wconf 91' lang='lat' dir='ltr'><strong>con</strong></span> <span class='ocrx_word' id='word_1_674' title='bbox 1643 611 1722 653; x_wconf 85' lang='lat' dir='ltr'><strong>&#39;cet,</strong></span> <span class='ocrx_word' id='word_1_675' title='bbox 1744 612 1944 647; x_wconf 89' lang='lat' dir='ltr'><strong>omnimodo</strong></span> <span class='ocrx_word' id='word_1_676' title='bbox 1965 615 2174 658; x_wconf 88' lang='lat' dir='ltr'><strong>exceptione</strong></span> <span class='ocrx_word' id='word_1_677' title='bbox 2195 625 2390 651; x_wconf 90' lang='lat' dir='ltr'><strong>summove-</strong></span> 
     </span>
     <span class='ocr_line' id='line_1_92' title="bbox 1298 656 2390 702; baseline 0.005 -12"><span class='ocrx_word' id='word_1_678' title='bbox 1298 659 1367 690; x_wconf 92' lang='lat' dir='ltr'><strong>tur.</strong></span> <span class='ocrx_word' id='word_1_679' title='bbox 1406 659 1533 691; x_wconf 87' lang='lat' dir='ltr'><strong>contra</strong></span> <span class='ocrx_word' id='word_1_680' title='bbox 1557 656 1587 691; x_wconf 90' lang='lat' dir='ltr'><strong>si</strong></span> <span class='ocrx_word' id='word_1_681' title='bbox 1608 656 1743 691; x_wconf 91' lang='lat' dir='ltr'><strong>corium</strong></span> <span class='ocrx_word' id='word_1_682' title='bbox 1764 656 1962 692; x_wconf 88' lang='lat' dir='ltr'><strong>condixerit</strong></span> <span class='ocrx_word' id='word_1_683' title='bbox 1984 662 2019 692; x_wconf 89' lang='lat' dir='ltr'><strong>et</strong></span> <span class='ocrx_word' id='word_1_684' title='bbox 2038 660 2189 702; x_wconf 88' lang='lat' dir='ltr'><strong>pretium</strong></span> <span class='ocrx_word' id='word_1_685' title='bbox 2211 660 2284 695; x_wconf 88' lang='lat' dir='ltr'><strong>eius</strong></span> <span class='ocrx_word' id='word_1_686' title='bbox 2305 671 2390 695; x_wconf 93' lang='lat' dir='ltr'><strong>con-</strong></span> 
     </span>
     <span class='ocr_line' id='line_1_93' title="bbox 1299 701 2390 748; baseline 0.005 -12"><span class='ocrx_word' id='word_1_687' title='bbox 1299 704 1445 736; x_wconf 87' lang='lat' dir='ltr'><strong>secutus</strong></span> <span class='ocrx_word' id='word_1_688' title='bbox 1469 701 1596 737; x_wconf 90' lang='lat' dir='ltr'><strong>bovem</strong></span> <span class='ocrx_word' id='word_1_689' title='bbox 1620 701 1795 744; x_wconf 90' lang='lat' dir='ltr'><strong>condicet,</strong></span> <span class='ocrx_word' id='word_1_690' title='bbox 1821 701 1992 737; x_wconf 85' lang='lat' dir='ltr'><strong>offerente</strong></span> <span class='ocrx_word' id='word_1_691' title='bbox 2015 702 2094 738; x_wconf 89' lang='lat' dir='ltr'><strong>fure</strong></span> <span class='ocrx_word' id='word_1_692' title='bbox 2118 705 2270 748; x_wconf 91' lang='lat' dir='ltr'><strong>pretium</strong></span> <span class='ocrx_word' id='word_1_693' title='bbox 2290 705 2390 741; x_wconf 84' lang='lat' dir='ltr'><strong>bovis</strong></span> 
     </span>
     <span class='ocr_line' id='line_1_94' title="bbox 1298 745 2390 792; baseline 0.005 -12"><span class='ocrx_word' id='word_1_694' title='bbox 1298 745 1460 781; x_wconf 87' lang='lat' dir='ltr'><strong>detracto</strong></span> <span class='ocrx_word' id='word_1_695' title='bbox 1493 746 1607 792; x_wconf 90' lang='lat' dir='ltr'><strong>pretio</strong></span> <span class='ocrx_word' id='word_1_696' title='bbox 1641 746 1729 782; x_wconf 88' lang='lat' dir='ltr'><strong>corii</strong></span> <span class='ocrx_word' id='word_1_697' title='bbox 1759 746 1832 782; x_wconf 92' lang='lat' dir='ltr'><strong>doli</strong></span> <span class='ocrx_word' id='word_1_698' title='bbox 1854 747 1939 782; x_wconf 86' lang='lat' dir='ltr'><strong>mali</strong></span> <span class='ocrx_word' id='word_1_699' title='bbox 1963 749 2169 792; x_wconf 86' lang='lat' dir='ltr'><strong>exceptione</strong></span> <span class='ocrx_word' id='word_1_700' title='bbox 2193 760 2390 786; x_wconf 87' lang='lat' dir='ltr'><strong>summove-</strong></span> 
     </span>
     <span class='ocr_line' id='line_1_95' title="bbox 1299 791 2392 838; baseline 0.005 -13"><span class='ocrx_word' id='word_1_701' title='bbox 1299 794 1319 826; x_wconf 88' lang='lat'><strong>3</strong></span> <span class='ocrx_word' id='word_1_702' title='bbox 1367 791 1475 826; x_wconf 92' lang='lat' dir='ltr'><strong>bitur.</strong></span> <span class='ocrx_word' id='word_1_703' title='bbox 1531 791 1630 826; x_wconf 91' lang='lat' dir='ltr'><strong>Idem</strong></span> <span class='ocrx_word' id='word_1_704' title='bbox 1664 791 1751 827; x_wconf 87' lang='lat' dir='ltr'><strong>iuris</strong></span> <span class='ocrx_word' id='word_1_705' title='bbox 1787 795 1842 827; x_wconf 88' lang='lat' dir='ltr'><strong>est</strong></span> <span class='ocrx_word' id='word_1_706' title='bbox 1875 793 1953 828; x_wconf 92' lang='lat' dir='ltr'><strong>uvis</strong></span> <span class='ocrx_word' id='word_1_707' title='bbox 1988 793 2185 838; x_wconf 87' lang='lat' dir='ltr'><strong>subreptis:</strong></span> <span class='ocrx_word' id='word_1_708' title='bbox 2230 805 2313 830; x_wconf 90' lang='lat' dir='ltr'><strong>nam</strong></span> <span class='ocrx_word' id='word_1_709' title='bbox 2356 798 2392 831; x_wconf 90' lang='lat' dir='ltr'><strong>et</strong></span> 
     </span>
     <span class='ocr_line' id='line_1_96' title="bbox 1298 837 2128 883; baseline 0.004 -13"><span class='ocrx_word' id='word_1_710' title='bbox 1298 839 1455 871; x_wconf 91' lang='lat' dir='ltr'><strong>mustum</strong></span> <span class='ocrx_word' id='word_1_711' title='bbox 1480 840 1515 871; x_wconf 89' lang='lat' dir='ltr'><strong>et</strong></span> <span class='ocrx_word' id='word_1_712' title='bbox 1537 837 1677 872; x_wconf 90' lang='lat' dir='ltr'><strong>vinacia</strong></span> <span class='ocrx_word' id='word_1_713' title='bbox 1700 837 1778 872; x_wconf 89' lang='lat' dir='ltr'><strong>iure</strong></span> <span class='ocrx_word' id='word_1_714' title='bbox 1802 837 1943 872; x_wconf 92' lang='lat' dir='ltr'><strong>condici</strong></span> <span class='ocrx_word' id='word_1_715' title='bbox 1966 843 2128 883; x_wconf 86' lang='lat' dir='ltr'><strong>possunt.</strong></span> 
     </span>
    </p>

    <p class='ocr_par' dir='ltr' id='par_1_16' title="bbox 1298 879 2390 1018">
     <span class='ocr_line' id='line_1_97' title="bbox 1347 879 2390 928; baseline 0.002 -10"><span class='ocrx_word' id='word_1_716' title='bbox 1347 879 1398 918; x_wconf 84' lang='lat'><strong>15</strong></span> <span class='ocrx_word' id='word_1_717' title='bbox 1427 881 1573 917; x_wconf 68' lang='lat' dir='ltr'><strong>Cusus</strong></span> <span class='ocrx_word' id='word_1_718' title='bbox 1593 882 1683 917; x_wconf 80' lang='lat' dir='ltr'><strong>libro</strong></span> <span class='ocrx_word' id='word_1_719' title='bbox 1707 882 1917 918; x_wconf 81' lang='lat' dir='ltr'><strong>duodecimo</strong></span> <span class='ocrx_word' id='word_1_720' title='bbox 1941 882 2161 928; x_wconf 75' lang='lat' dir='ltr'><strong>diqestorum</strong></span> <span class='ocrx_word' id='word_1_721' title='bbox 2209 883 2311 927; x_wconf 82' lang='lat' dir='ltr'><strong>Quod</strong></span> <span class='ocrx_word' id='word_1_722' title='bbox 2344 885 2390 920; x_wconf 86' lang='lat' dir='ltr'><strong>ab</strong></span> 
     </span>
     <span class='ocr_line' id='line_1_98' title="bbox 1298 926 2388 972; baseline 0.003 -11"><span class='ocrx_word' id='word_1_723' title='bbox 1298 926 1368 962; x_wconf 94' lang='lat' dir='ltr'><strong>alio</strong></span> <span class='ocrx_word' id='word_1_724' title='bbox 1394 936 1516 962; x_wconf 89' lang='lat' dir='ltr'><strong>servus</strong></span> <span class='ocrx_word' id='word_1_725' title='bbox 1541 927 1731 972; x_wconf 86' lang='lat' dir='ltr'><strong>subripuit,</strong></span> <span class='ocrx_word' id='word_1_726' title='bbox 1756 927 1832 962; x_wconf 90' lang='lat' dir='ltr'><strong>eius</strong></span> <span class='ocrx_word' id='word_1_727' title='bbox 1853 928 1995 963; x_wconf 91' lang='lat' dir='ltr'><strong>nomine</strong></span> <span class='ocrx_word' id='word_1_728' title='bbox 2014 928 2103 963; x_wconf 89' lang='lat' dir='ltr'><strong>liber</strong></span> <span class='ocrx_word' id='word_1_729' title='bbox 2122 928 2210 963; x_wconf 86' lang='lat' dir='ltr'><strong>furti</strong></span> <span class='ocrx_word' id='word_1_730' title='bbox 2231 933 2388 964; x_wconf 84' lang='lat' dir='ltr'><strong>tenetur:</strong></span> 
     </span>
     <span class='ocr_line' id='line_1_99' title="bbox 1299 971 2389 1018; baseline 0.003 -12"><span class='ocrx_word' id='word_1_731' title='bbox 1299 971 1441 1007; x_wconf 90' lang='lat' dir='ltr'><strong>condici</strong></span> <span class='ocrx_word' id='word_1_732' title='bbox 1465 976 1584 1007; x_wconf 91' lang='lat' dir='ltr'><strong>autem</strong></span> <span class='ocrx_word' id='word_1_733' title='bbox 1610 972 1642 1007; x_wconf 90' lang='lat' dir='ltr'><strong>ei</strong></span> <span class='ocrx_word' id='word_1_734' title='bbox 1665 983 1738 1007; x_wconf 91' lang='lat' dir='ltr'><strong>non</strong></span> <span class='ocrx_word' id='word_1_735' title='bbox 1760 977 1898 1018; x_wconf 89' lang='lat' dir='ltr'><strong>potest,</strong></span> <span class='ocrx_word' id='word_1_736' title='bbox 1931 973 2000 1008; x_wconf 89' lang='lat' dir='ltr'><strong>nisi</strong></span> <span class='ocrx_word' id='word_1_737' title='bbox 2030 974 2120 1009; x_wconf 91' lang='lat' dir='ltr'><strong>liber</strong></span> <span class='ocrx_word' id='word_1_738' title='bbox 2145 975 2389 1010; x_wconf 88' lang='lat' dir='ltr'><strong>contrectavit.</strong></span> 
     </span>
    </p>

    <p class='ocr_par' dir='ltr' id='par_1_17' title="bbox 1296 1015 2392 1424">
     <span class='ocr_line' id='line_1_100' title="bbox 1348 1015 2390 1064; baseline -0.001 -10"><span class='ocrx_word' id='word_1_739' title='bbox 1348 1015 1399 1054; x_wconf 89' lang='grc'><strong>16</strong></span> <span class='ocrx_word' id='word_1_740' title='bbox 1424 1016 1656 1052; x_wconf 69' lang='lat' dir='ltr'><strong>Pomomvs</strong></span> <span class='ocrx_word' id='word_1_741' title='bbox 1668 1018 1759 1053; x_wconf 80' lang='lat' dir='ltr'><strong>libro</strong></span> <span class='ocrx_word' id='word_1_742' title='bbox 1780 1019 1988 1064; x_wconf 72' lang='lat' dir='ltr'><strong>triqensimo</strong></span> <span class='ocrx_word' id='word_1_743' title='bbox 2008 1022 2134 1055; x_wconf 82' lang='lat' dir='ltr'><strong>octavo</strong></span> <span class='ocrx_word' id='word_1_744' title='bbox 2154 1020 2203 1054; x_wconf 82' lang='lat' dir='ltr'><strong>ad</strong></span> <span class='ocrx_word' id='word_1_745' title='bbox 2221 1019 2390 1061; x_wconf 74' lang='lat' dir='ltr'><strong>Quintum</strong></span> 
     </span>
     <span class='ocr_line' id='line_1_101' title="bbox 1297 1061 2392 1107; baseline 0.001 -9"><span class='ocrx_word' id='word_1_746' title='bbox 1297 1061 1459 1098; x_wconf 83' lang='lat' dir='ltr'><strong>Mucium</strong></span> <span class='ocrx_word' id='word_1_747' title='bbox 1506 1062 1575 1107; x_wconf 77' lang='lat' dir='ltr'><strong>Qui</strong></span> <span class='ocrx_word' id='word_1_748' title='bbox 1597 1062 1732 1098; x_wconf 85' lang='lat' dir='ltr'><strong>furtum</strong></span> <span class='ocrx_word' id='word_1_749' title='bbox 1756 1063 1912 1098; x_wconf 86' lang='lat' dir='ltr'><strong>admittit</strong></span> <span class='ocrx_word' id='word_1_750' title='bbox 1931 1063 1986 1099; x_wconf 90' lang='lat' dir='ltr'><strong>vel</strong></span> <span class='ocrx_word' id='word_1_751' title='bbox 2005 1074 2045 1099; x_wconf 89' lang='lat' dir='ltr'><strong>re</strong></span> <span class='ocrx_word' id='word_1_752' title='bbox 2066 1064 2313 1099; x_wconf 87' lang='lat' dir='ltr'><strong>commodata⁷</strong></span> <span class='ocrx_word' id='word_1_753' title='bbox 2337 1065 2392 1099; x_wconf 89' lang='lat' dir='ltr'><strong>vel</strong></span> 
     </span>
     <span class='ocr_line' id='line_1_102' title="bbox 1297 1107 2392 1154; baseline 0.002 -12"><span class='ocrx_word' id='word_1_754' title='bbox 1297 1107 1461 1152; x_wconf 89' lang='lat' dir='ltr'><strong>deposita</strong></span> <span class='ocrx_word' id='word_1_755' title='bbox 1484 1107 1631 1150; x_wconf 88' lang='lat' dir='ltr'><strong>utendo,</strong></span> <span class='ocrx_word' id='word_1_756' title='bbox 1657 1108 1882 1144; x_wconf 90' lang='lat' dir='ltr'><strong>condictione</strong></span> <span class='ocrx_word' id='word_1_757' title='bbox 1902 1119 2044 1154; x_wconf 87' lang='lat' dir='ltr'><strong>quoque</strong></span> <span class='ocrx_word' id='word_1_758' title='bbox 2065 1119 2108 1144; x_wconf 91' lang='lat' dir='ltr'><strong>ex</strong></span> <span class='ocrx_word' id='word_1_759' title='bbox 2127 1109 2260 1144; x_wconf 88' lang='lat' dir='ltr'><strong>furtiva</strong></span> <span class='ocrx_word' id='word_1_760' title='bbox 2282 1119 2392 1145; x_wconf 86' lang='lat' dir='ltr'><strong>causa</strong></span> 
     </span>
     <span class='ocr_line' id='line_1_103' title="bbox 1297 1152 2390 1199; baseline 0.002 -12"><span class='ocrx_word' id='word_1_761' title='bbox 1297 1152 1548 1198; x_wconf 89' lang='lat' dir='ltr'><strong>obstringitur:</strong></span> <span class='ocrx_word' id='word_1_762' title='bbox 1575 1163 1667 1199; x_wconf 90' lang='lat' dir='ltr'><strong>quae</strong></span> <span class='ocrx_word' id='word_1_763' title='bbox 1690 1153 1809 1188; x_wconf 88' lang='lat' dir='ltr'><strong>differt</strong></span> <span class='ocrx_word' id='word_1_764' title='bbox 1832 1154 1878 1188; x_wconf 90' lang='lat' dir='ltr'><strong>ab</strong></span> <span class='ocrx_word' id='word_1_765' title='bbox 1903 1154 2046 1189; x_wconf 89' lang='lat' dir='ltr'><strong>actione</strong></span> <span class='ocrx_word' id='word_1_766' title='bbox 2071 1154 2286 1189; x_wconf 88' lang='lat' dir='ltr'><strong>commodati</strong></span> <span class='ocrx_word' id='word_1_767' title='bbox 2308 1154 2390 1196; x_wconf 92' lang='lat' dir='ltr'><strong>hoc,</strong></span> 
     </span>
     <span class='ocr_line' id='line_1_104' title="bbox 1297 1197 2392 1244; baseline 0.001 -11"><span class='ocrx_word' id='word_1_768' title='bbox 1297 1197 1412 1242; x_wconf 85' lang='lat' dir='ltr'><strong>quod,</strong></span> <span class='ocrx_word' id='word_1_769' title='bbox 1446 1198 1585 1234; x_wconf 88' lang='lat' dir='ltr'><strong>etiamsi</strong></span> <span class='ocrx_word' id='word_1_770' title='bbox 1607 1198 1684 1234; x_wconf 86' lang='lat' dir='ltr'><strong>sine</strong></span> <span class='ocrx_word' id='word_1_771' title='bbox 1707 1198 1788 1234; x_wconf 88' lang='lat' dir='ltr'><strong>dolo</strong></span> <span class='ocrx_word' id='word_1_772' title='bbox 1812 1199 1906 1234; x_wconf 92' lang='lat' dir='ltr'><strong>malo</strong></span> <span class='ocrx_word' id='word_1_773' title='bbox 1931 1203 1967 1234; x_wconf 89' lang='lat' dir='ltr'><strong>et</strong></span> <span class='ocrx_word' id='word_1_774' title='bbox 1991 1199 2096 1244; x_wconf 89' lang='lat' dir='ltr'><strong>culpa</strong></span> <span class='ocrx_word' id='word_1_775' title='bbox 2121 1200 2195 1235; x_wconf 91' lang='lat' dir='ltr'><strong>eius</strong></span> <span class='ocrx_word' id='word_1_776' title='bbox 2219 1199 2392 1234; x_wconf 89' lang='lat' dir='ltr'><strong>interierit</strong></span> 
     </span>
     <span class='ocr_line' id='line_1_105' title="bbox 1296 1243 2392 1287; baseline 0.001 -9"><span class='ocrx_word' id='word_1_777' title='bbox 1296 1253 1373 1285; x_wconf 88' lang='lat' dir='ltr'><strong>res,</strong></span> <span class='ocrx_word' id='word_1_778' title='bbox 1409 1243 1635 1279; x_wconf 90' lang='lat' dir='ltr'><strong>condictione</strong></span> <span class='ocrx_word' id='word_1_779' title='bbox 1657 1247 1779 1279; x_wconf 86' lang='lat' dir='ltr'><strong>tamen</strong></span> <span class='ocrx_word' id='word_1_780' title='bbox 1802 1247 1963 1287; x_wconf 89' lang='lat' dir='ltr'><strong>tenetur,</strong></span> <span class='ocrx_word' id='word_1_781' title='bbox 1997 1255 2077 1280; x_wconf 92' lang='lat' dir='ltr'><strong>cum</strong></span> <span class='ocrx_word' id='word_1_782' title='bbox 2108 1244 2145 1279; x_wconf 93' lang='lat' dir='ltr'><strong>in</strong></span> <span class='ocrx_word' id='word_1_783' title='bbox 2178 1244 2392 1280; x_wconf 90' lang='lat' dir='ltr'><strong>commodati</strong></span> 
     </span>
     <span class='ocr_line' id='line_1_106' title="bbox 1297 1288 2391 1335; baseline 0.001 -12"><span class='ocrx_word' id='word_1_784' title='bbox 1297 1289 1439 1324; x_wconf 90' lang='lat' dir='ltr'><strong>actione</strong></span> <span class='ocrx_word' id='word_1_785' title='bbox 1470 1299 1543 1324; x_wconf 90' lang='lat' dir='ltr'><strong>non</strong></span> <span class='ocrx_word' id='word_1_786' title='bbox 1574 1288 1681 1324; x_wconf 89' lang='lat' dir='ltr'><strong>facile</strong></span> <span class='ocrx_word' id='word_1_787' title='bbox 1711 1289 1806 1324; x_wconf 89' lang='lat' dir='ltr'><strong>ultra</strong></span> <span class='ocrx_word' id='word_1_788' title='bbox 1840 1289 1983 1335; x_wconf 91' lang='lat' dir='ltr'><strong>culpam</strong></span> <span class='ocrx_word' id='word_1_789' title='bbox 2015 1294 2051 1325; x_wconf 90' lang='lat' dir='ltr'><strong>et</strong></span> <span class='ocrx_word' id='word_1_790' title='bbox 2080 1290 2118 1324; x_wconf 89' lang='lat' dir='ltr'><strong>in</strong></span> <span class='ocrx_word' id='word_1_791' title='bbox 2142 1289 2296 1335; x_wconf 91' lang='lat' dir='ltr'><strong>depositi</strong></span> <span class='ocrx_word' id='word_1_792' title='bbox 2318 1300 2391 1325; x_wconf 92' lang='lat' dir='ltr'><strong>non</strong></span> 
     </span>
     <span class='ocr_line' id='line_1_107' title="bbox 1296 1333 2392 1380; baseline 0.001 -11"><span class='ocrx_word' id='word_1_793' title='bbox 1296 1334 1391 1369; x_wconf 90' lang='lat' dir='ltr'><strong>ultra</strong></span> <span class='ocrx_word' id='word_1_794' title='bbox 1422 1333 1543 1369; x_wconf 90' lang='lat' dir='ltr'><strong>dolum</strong></span> <span class='ocrx_word' id='word_1_795' title='bbox 1578 1335 1712 1370; x_wconf 87' lang='lat' dir='ltr'><strong>malum</strong></span> <span class='ocrx_word' id='word_1_796' title='bbox 1744 1338 1909 1370; x_wconf 91' lang='lat' dir='ltr'><strong>teneatur</strong></span> <span class='ocrx_word' id='word_1_797' title='bbox 1931 1335 1981 1378; x_wconf 90' lang='lat' dir='ltr'><strong>is,</strong></span> <span class='ocrx_word' id='word_1_798' title='bbox 2013 1346 2095 1370; x_wconf 92' lang='lat' dir='ltr'><strong>cum</strong></span> <span class='ocrx_word' id='word_1_799' title='bbox 2120 1345 2190 1380; x_wconf 88' lang='lat' dir='ltr'><strong>quo</strong></span> <span class='ocrx_word' id='word_1_800' title='bbox 2216 1335 2392 1380; x_wconf 89' lang='lat' dir='ltr'><strong>depositi⁸</strong></span> 
     </span>
     <span class='ocr_line' id='line_1_108' title="bbox 1296 1383 1433 1424; baseline 0.007 -11"><span class='ocrx_word' id='word_1_801' title='bbox 1296 1383 1433 1424; x_wconf 87' lang='lat' dir='ltr'><strong>agetur.</strong></span> 
     </span>
    </p>

    <p class='ocr_par' dir='ltr' id='par_1_18' title="bbox 1294 1422 2391 1695">
     <span class='ocr_line' id='line_1_109' title="bbox 1346 1422 2391 1471; baseline 0 -11"><span class='ocrx_word' id='word_1_802' title='bbox 1346 1422 1395 1461; x_wconf 90' lang='lat'><strong>17</strong></span> <span class='ocrx_word' id='word_1_803' title='bbox 1420 1424 1670 1460; x_wconf 73' lang='lat' dir='ltr'><em>PAPJNJANUS</em></span> <span class='ocrx_word' id='word_1_804' title='bbox 1697 1424 1788 1461; x_wconf 79' lang='lat' dir='ltr'><strong>libro</strong></span> <span class='ocrx_word' id='word_1_805' title='bbox 1819 1424 1956 1460; x_wconf 78' lang='lat' dir='ltr'><strong>decimo</strong></span> <span class='ocrx_word' id='word_1_806' title='bbox 1989 1426 2239 1471; x_wconf 81' lang='lat' dir='ltr'><strong>quaestionum</strong></span> <span class='ocrx_word' id='word_1_807' title='bbox 2286 1425 2391 1460; x_wconf 88' lang='lat' dir='ltr'><strong>Parvi</strong></span> 
     </span>
     <span class='ocr_line' id='line_1_110' title="bbox 1295 1469 2390 1513; baseline 0.001 -9"><span class='ocrx_word' id='word_1_808' title='bbox 1295 1469 1407 1504; x_wconf 89' lang='lat' dir='ltr'><strong>refert</strong></span> <span class='ocrx_word' id='word_1_809' title='bbox 1439 1469 1485 1505; x_wconf 91' lang='lat' dir='ltr'><strong>ad</strong></span> <span class='ocrx_word' id='word_1_810' title='bbox 1516 1469 1710 1505; x_wconf 91' lang='lat' dir='ltr'><strong>tollendam</strong></span> <span class='ocrx_word' id='word_1_811' title='bbox 1746 1469 2027 1513; x_wconf 88' lang='lat' dir='ltr'><strong>condictionem,</strong></span> <span class='ocrx_word' id='word_1_812' title='bbox 2064 1470 2237 1506; x_wconf 90' lang='lat' dir='ltr'><strong>offeratur</strong></span> <span class='ocrx_word' id='word_1_813' title='bbox 2269 1480 2390 1505; x_wconf 87' lang='lat' dir='ltr'><strong>servus</strong></span> 
     </span>
     <span class='ocr_line' id='line_1_111' title="bbox 1295 1514 2389 1561; baseline 0.001 -12"><span class='ocrx_word' id='word_1_814' title='bbox 1295 1514 1448 1550; x_wconf 85' lang='lat' dir='ltr'><strong>furtivus</strong></span> <span class='ocrx_word' id='word_1_815' title='bbox 1480 1525 1528 1550; x_wconf 89' lang='lat' dir='ltr'><strong>an</strong></span> <span class='ocrx_word' id='word_1_816' title='bbox 1559 1515 1596 1550; x_wconf 91' lang='lat' dir='ltr'><strong>in</strong></span> <span class='ocrx_word' id='word_1_817' title='bbox 1620 1515 1719 1550; x_wconf 88' lang='lat' dir='ltr'><strong>aliud</strong></span> <span class='ocrx_word' id='word_1_818' title='bbox 1742 1525 1871 1550; x_wconf 89' lang='lat' dir='ltr'><strong>nomen</strong></span> <span class='ocrx_word' id='word_1_819' title='bbox 1895 1515 2074 1561; x_wconf 90' lang='lat' dir='ltr'><strong>aliumque</strong></span> <span class='ocrx_word' id='word_1_820' title='bbox 2098 1519 2232 1551; x_wconf 88' lang='lat' dir='ltr'><strong>statum</strong></span> <span class='ocrx_word' id='word_1_821' title='bbox 2255 1515 2389 1560; x_wconf 84' lang='lat' dir='ltr'><strong>obliga-</strong></span> 
     </span>
     <span class='ocr_line' id='line_1_112' title="bbox 1295 1559 2389 1613; baseline 0.002 -19"><span class='ocrx_word' id='word_1_822' title='bbox 1295 1560 1402 1595; x_wconf 90' lang='lat' dir='ltr'><strong>tionis</strong></span> <span class='ocrx_word' id='word_1_823' title='bbox 1435 1559 1691 1596; x_wconf 88' lang='lat' dir='ltr'><strong>transferatur:</strong></span> <span class='ocrx_word' id='word_1_824' title='bbox 1728 1570 1795 1596; x_wconf 91' lang='lat' dir='ltr'><strong>nec</strong></span> <span class='ocrx_word' id='word_1_825' title='bbox 1827 1570 1883 1595; x_wconf 90' lang='lat' dir='ltr'><strong>me</strong></span> <span class='ocrx_word' id='word_1_826' title='bbox 1914 1565 2049 1603; x_wconf 90' lang='lat' dir='ltr'><strong>movet,</strong></span> <span class='ocrx_word' id='word_1_827' title='bbox 2082 1571 2253 1613; x_wconf 85' lang='lat' dir='ltr'><strong>praesens</strong></span> <span class='ocrx_word' id='word_1_828' title='bbox 2283 1561 2389 1597; x_wconf 90' lang='lat' dir='ltr'><strong>homo</strong></span> 
     </span>
     <span class='ocr_line' id='line_1_113' title="bbox 1294 1604 2389 1658; baseline 0.001 -18"><span class='ocrx_word' id='word_1_829' title='bbox 1294 1604 1404 1640; x_wconf 89' lang='lat' dir='ltr'><strong>fuerit</strong></span> <span class='ocrx_word' id='word_1_830' title='bbox 1434 1615 1501 1641; x_wconf 91' lang='lat' dir='ltr'><strong>nec</strong></span> <span class='ocrx_word' id='word_1_831' title='bbox 1533 1616 1596 1648; x_wconf 89' lang='lat' dir='ltr'><strong>ne,</strong></span> <span class='ocrx_word' id='word_1_832' title='bbox 1630 1616 1711 1641; x_wconf 92' lang='lat' dir='ltr'><strong>cum</strong></span> <span class='ocrx_word' id='word_1_833' title='bbox 1734 1615 1853 1648; x_wconf 90' lang='lat' dir='ltr'><strong>mora,</strong></span> <span class='ocrx_word' id='word_1_834' title='bbox 1888 1616 1979 1658; x_wconf 82' lang='lat' dir='ltr'><strong>quae</strong></span> <span class='ocrx_word' id='word_1_835' title='bbox 2003 1606 2189 1641; x_wconf 83' lang='lat' dir='ltr'><strong>eveniebat</strong></span> <span class='ocrx_word' id='word_1_836' title='bbox 2212 1616 2256 1641; x_wconf 91' lang='lat' dir='ltr'><strong>ex</strong></span> <span class='ocrx_word' id='word_1_837' title='bbox 2278 1604 2389 1648; x_wconf 90' lang='lat' dir='ltr'><strong>furto,</strong></span> 
     </span>
     <span class='ocr_line' id='line_1_114' title="bbox 1295 1650 2008 1695; baseline -0.001 -9"><span class='ocrx_word' id='word_1_838' title='bbox 1295 1650 1404 1686; x_wconf 90' lang='lat' dir='ltr'><strong>veluti</strong></span> <span class='ocrx_word' id='word_1_839' title='bbox 1452 1650 1582 1686; x_wconf 91' lang='lat' dir='ltr'><strong>uadam</strong></span> <span class='ocrx_word' id='word_1_840' title='bbox 1607 1650 1827 1695; x_wconf 86' lang='lat' dir='ltr'><strong>delegatione</strong></span> <span class='ocrx_word' id='word_1_841' title='bbox 1850 1650 2008 1686; x_wconf 85' lang='lat' dir='ltr'><strong>finiatur.</strong></span> 
     </span>
    </p>

    <p class='ocr_par' dir='ltr' id='par_1_19' title="bbox 1294 1662 2390 2003">
     <span class='ocr_line' id='line_1_115' title="bbox 1345 1662 2389 1742; baseline -0.002 -10"><span class='ocrx_word' id='word_1_842' title='bbox 1345 1692 1395 1733; x_wconf 88' lang='grc'><strong>18</strong></span> <span class='ocrx_word' id='word_1_843' title='bbox 1421 1662 1627 1732; x_wconf 59' lang='grc' dir='ltr'><strong>ἓσᾼενοιᾼ</strong></span> <span class='ocrx_word' id='word_1_844' title='bbox 1651 1696 1743 1731; x_wconf 80' lang='lat' dir='ltr'><strong>libro</strong></span> <span class='ocrx_word' id='word_1_845' title='bbox 1768 1700 1900 1741; x_wconf 83' lang='lat' dir='ltr'><strong>quarto</strong></span> <span class='ocrx_word' id='word_1_846' title='bbox 1925 1698 2173 1742; x_wconf 78' lang='lat' dir='ltr'><strong>quaestionum</strong></span> <span class='ocrx_word' id='word_1_847' title='bbox 2214 1695 2389 1739; x_wconf 80' lang='lat' dir='ltr'><strong>Quoniam</strong></span> 
     </span>
     <span class='ocr_line' id='line_1_116' title="bbox 1294 1740 2388 1786; baseline -0.001 -10"><span class='ocrx_word' id='word_1_848' title='bbox 1294 1740 1432 1776; x_wconf 90' lang='lat' dir='ltr'><strong>furtum</strong></span> <span class='ocrx_word' id='word_1_849' title='bbox 1462 1741 1524 1783; x_wconf 86' lang='lat' dir='ltr'><strong>fit,</strong></span> <span class='ocrx_word' id='word_1_850' title='bbox 1558 1752 1640 1776; x_wconf 91' lang='lat' dir='ltr'><strong>cum</strong></span> <span class='ocrx_word' id='word_1_851' title='bbox 1671 1741 1750 1786; x_wconf 91' lang='lat' dir='ltr'><strong>quis</strong></span> <span class='ocrx_word' id='word_1_852' title='bbox 1781 1741 1960 1776; x_wconf 91' lang='lat' dir='ltr'><strong>indebitos</strong></span> <span class='ocrx_word' id='word_1_853' title='bbox 1991 1752 2155 1777; x_wconf 89' lang='lat' dir='ltr'><strong>nummos</strong></span> <span class='ocrx_word' id='word_1_854' title='bbox 2187 1741 2303 1776; x_wconf 87' lang='lat' dir='ltr'><strong>sciens</strong></span> <span class='ocrx_word' id='word_1_855' title='bbox 2329 1750 2388 1775; x_wconf 87' lang='lat' dir='ltr'><strong>ac-</strong></span> 
     </span>
     <span class='ocr_line' id='line_1_117' title="bbox 1296 1785 2389 1832; baseline -0.001 -11"><span class='ocrx_word' id='word_1_856' title='bbox 1296 1786 1441 1832; x_wconf 90' lang='lat' dir='ltr'><strong>ceperit,</strong></span> <span class='ocrx_word' id='word_1_857' title='bbox 1465 1786 1666 1829; x_wconf 89' lang='lat' dir='ltr'><strong>videndum‚</strong></span> <span class='ocrx_word' id='word_1_858' title='bbox 1692 1787 1723 1821; x_wconf 90' lang='lat' dir='ltr'><strong>si</strong></span> <span class='ocrx_word' id='word_1_859' title='bbox 1742 1789 1956 1832; x_wconf 92' lang='lat' dir='ltr'><strong>procurator</strong></span> <span class='ocrx_word' id='word_1_860' title='bbox 1975 1797 2059 1822; x_wconf 90' lang='lat' dir='ltr'><strong>suos</strong></span> <span class='ocrx_word' id='word_1_861' title='bbox 2079 1796 2242 1821; x_wconf 92' lang='lat' dir='ltr'><strong>nummos</strong></span> <span class='ocrx_word' id='word_1_862' title='bbox 2263 1785 2389 1828; x_wconf 89' lang='lat' dir='ltr'><strong>solvat,</strong></span> 
     </span>
     <span class='ocr_line' id='line_1_118' title="bbox 1296 1830 2390 1877; baseline -0.001 -11"><span class='ocrx_word' id='word_1_863' title='bbox 1296 1841 1344 1866; x_wconf 91' lang='lat' dir='ltr'><strong>an</strong></span> <span class='ocrx_word' id='word_1_864' title='bbox 1375 1831 1445 1877; x_wconf 89' lang='lat' dir='ltr'><strong>ipsi</strong></span> <span class='ocrx_word' id='word_1_865' title='bbox 1467 1831 1605 1867; x_wconf 85' lang='lat' dir='ltr'><strong>furtum</strong></span> <span class='ocrx_word' id='word_1_866' title='bbox 1627 1832 1703 1866; x_wconf 86' lang='lat' dir='ltr'><strong>fiat.</strong></span> <span class='ocrx_word' id='word_1_867' title='bbox 1739 1836 1774 1866; x_wconf 91' lang='lat' dir='ltr'><strong>et</strong></span> <span class='ocrx_word' id='word_1_868' title='bbox 1797 1831 2016 1876; x_wconf 86' lang='lat' dir='ltr'><strong>Pomponius</strong></span> <span class='ocrx_word' id='word_1_869' title='bbox 2041 1831 2274 1876; x_wconf 89' lang='lat' dir='ltr'><strong>epistularum</strong></span> <span class='ocrx_word' id='word_1_870' title='bbox 2297 1830 2390 1865; x_wconf 90' lang='lat' dir='ltr'><strong>libro</strong></span> 
     </span>
     <span class='ocr_line' id='line_1_119' title="bbox 1296 1875 2390 1912; baseline -0.002 0"><span class='ocrx_word' id='word_1_871' title='bbox 1296 1880 1423 1912; x_wconf 89' lang='lat' dir='ltr'><strong>octavo</strong></span> <span class='ocrx_word' id='word_1_872' title='bbox 1447 1877 1460 1911; x_wconf 92' lang='lat' dir='ltr'><strong>i</strong></span> <span class='ocrx_word' id='word_1_873' title='bbox 1487 1887 1566 1912; x_wconf 92' lang='lat' dir='ltr'><strong>sum</strong></span> <span class='ocrx_word' id='word_1_874' title='bbox 1590 1877 1780 1912; x_wconf 90' lang='lat' dir='ltr'><strong>condicere</strong></span> <span class='ocrx_word' id='word_1_875' title='bbox 1803 1876 1855 1911; x_wconf 86' lang='lat' dir='ltr'><strong>ait</strong></span> <span class='ocrx_word' id='word_1_876' title='bbox 1878 1887 1922 1911; x_wconf 92' lang='lat' dir='ltr'><strong>ex</strong></span> <span class='ocrx_word' id='word_1_877' title='bbox 1946 1887 2058 1912; x_wconf 91' lang='lat' dir='ltr'><strong>causa</strong></span> <span class='ocrx_word' id='word_1_878' title='bbox 2080 1876 2232 1911; x_wconf 87' lang='lat' dir='ltr'><strong>furtiva:</strong></span> <span class='ocrx_word' id='word_1_879' title='bbox 2266 1875 2330 1911; x_wconf 90' lang='lat' dir='ltr'><strong>sed</strong></span> <span class='ocrx_word' id='word_1_880' title='bbox 2355 1879 2390 1910; x_wconf 89' lang='lat' dir='ltr'><strong>et</strong></span> 
     </span>
     <span class='ocr_line' id='line_1_120' title="bbox 1296 1920 2388 1967; baseline -0.001 -11"><span class='ocrx_word' id='word_1_881' title='bbox 1296 1931 1352 1956; x_wconf 92' lang='lat' dir='ltr'><strong>me</strong></span> <span class='ocrx_word' id='word_1_882' title='bbox 1377 1932 1444 1958; x_wconf 90' lang='lat' dir='ltr'><strong>con</strong></span> <span class='ocrx_word' id='word_1_883' title='bbox 1470 1923 1583 1964; x_wconf 90' lang='lat' dir='ltr'><strong>icere,</strong></span> <span class='ocrx_word' id='word_1_884' title='bbox 1616 1923 1647 1957; x_wconf 91' lang='lat' dir='ltr'><strong>si</strong></span> <span class='ocrx_word' id='word_1_885' title='bbox 1669 1925 1788 1957; x_wconf 89' lang='lat' dir='ltr'><strong>ratum</strong></span> <span class='ocrx_word' id='word_1_886' title='bbox 1809 1922 1963 1957; x_wconf 87' lang='lat' dir='ltr'><strong>habeam</strong></span> <span class='ocrx_word' id='word_1_887' title='bbox 1988 1921 2083 1967; x_wconf 90' lang='lat' dir='ltr'><strong>quod</strong></span> <span class='ocrx_word' id='word_1_888' title='bbox 2105 1921 2301 1956; x_wconf 89' lang='lat' dir='ltr'><strong>indebitum</strong></span> <span class='ocrx_word' id='word_1_889' title='bbox 2326 1920 2388 1955; x_wconf 90' lang='lat' dir='ltr'><strong>da-</strong></span> 
     </span>
     <span class='ocr_line' id='line_1_121' title="bbox 1295 1967 2251 2003; baseline -0.001 -1"><span class='ocrx_word' id='word_1_890' title='bbox 1295 1970 1371 2002; x_wconf 91' lang='lat' dir='ltr'><strong>tum</strong></span> <span class='ocrx_word' id='word_1_891' title='bbox 1395 1968 1451 2003; x_wconf 88' lang='lat' dir='ltr'><strong>sit.</strong></span> <span class='ocrx_word' id='word_1_892' title='bbox 1490 1967 1554 2003; x_wconf 90' lang='lat' dir='ltr'><strong>sed</strong></span> <span class='ocrx_word' id='word_1_893' title='bbox 1577 1968 1691 2003; x_wconf 88' lang='lat' dir='ltr'><strong>altera</strong></span> <span class='ocrx_word' id='word_1_894' title='bbox 1715 1967 1941 2003; x_wconf 89' lang='lat' dir='ltr'><strong>condictione</strong></span> <span class='ocrx_word' id='word_1_895' title='bbox 1965 1967 2080 2002; x_wconf 89' lang='lat' dir='ltr'><strong>altera</strong></span> <span class='ocrx_word' id='word_1_896' title='bbox 2102 1967 2251 2002; x_wconf 90' lang='lat' dir='ltr'><strong>tollitur.</strong></span> 
     </span>
    </p>

    <p class='ocr_par' dir='ltr' id='par_1_20' title="bbox 1295 2010 2391 2153">
     <span class='ocr_line' id='line_1_122' title="bbox 1345 2010 2391 2049; baseline -0.003 0"><span class='ocrx_word' id='word_1_897' title='bbox 1345 2010 1396 2049; x_wconf 87' lang='lat'><strong>19</strong></span> <span class='ocrx_word' id='word_1_898' title='bbox 1421 2012 1581 2048; x_wconf 55' lang='lat' dir='ltr'><strong>Panos</strong></span> <span class='ocrx_word' id='word_1_899' title='bbox 1601 2013 1692 2048; x_wconf 82' lang='lat' dir='ltr'><strong>libro</strong></span> <span class='ocrx_word' id='word_1_900' title='bbox 1717 2013 1821 2047; x_wconf 77' lang='lat' dir='ltr'><strong>tertio</strong></span> <span class='ocrx_word' id='word_1_901' title='bbox 1846 2012 1897 2047; x_wconf 84' lang='lat' dir='ltr'><strong>ad</strong></span> <span class='ocrx_word' id='word_1_902' title='bbox 1918 2012 2107 2047; x_wconf 80' lang='lat' dir='ltr'><strong>Neratium</strong></span> <span class='ocrx_word' id='word_1_903' title='bbox 2153 2011 2313 2046; x_wconf 91' lang='lat' dir='ltr'><strong>Iulianus</strong></span> <span class='ocrx_word' id='word_1_904' title='bbox 2347 2021 2391 2046; x_wconf 91' lang='lat' dir='ltr'><strong>ex</strong></span> 
     </span>
     <span class='ocr_line' id='line_1_123' title="bbox 1295 2057 2389 2103; baseline -0.002 -11"><span class='ocrx_word' id='word_1_905' title='bbox 1295 2068 1452 2103; x_wconf 88' lang='lat' dir='ltr'><strong>persona</strong></span> <span class='ocrx_word' id='word_1_906' title='bbox 1482 2057 1597 2100; x_wconf 89' lang='lat' dir='ltr'><strong>filiae,</strong></span> <span class='ocrx_word' id='word_1_907' title='bbox 1630 2067 1722 2103; x_wconf 87' lang='lat' dir='ltr'><strong>quae</strong></span> <span class='ocrx_word' id='word_1_908' title='bbox 1745 2067 1803 2093; x_wconf 89' lang='lat' dir='ltr'><strong>res</strong></span> <span class='ocrx_word' id='word_1_909' title='bbox 1828 2057 1978 2099; x_wconf 90' lang='lat' dir='ltr'><strong>amovit,</strong></span> <span class='ocrx_word' id='word_1_910' title='bbox 2012 2057 2167 2092; x_wconf 87' lang='lat' dir='ltr'><strong>dandam</strong></span> <span class='ocrx_word' id='word_1_911' title='bbox 2190 2057 2228 2092; x_wconf 93' lang='lat' dir='ltr'><strong>in</strong></span> <span class='ocrx_word' id='word_1_912' title='bbox 2250 2059 2389 2102; x_wconf 87' lang='lat' dir='ltr'><strong>patrem</strong></span> 
     </span>
     <span class='ocr_line' id='line_1_124' title="bbox 1297 2102 2354 2153; baseline -0.001 -15"><span class='ocrx_word' id='word_1_913' title='bbox 1297 2102 1560 2139; x_wconf 89' lang='lat' dir='ltr'><strong>condictionem</strong></span> <span class='ocrx_word' id='word_1_914' title='bbox 1581 2103 1620 2138; x_wconf 89' lang='lat' dir='ltr'><strong>in</strong></span> <span class='ocrx_word' id='word_1_915' title='bbox 1642 2102 1823 2148; x_wconf 90' lang='lat' dir='ltr'><strong>peculium</strong></span> <span class='ocrx_word' id='word_1_916' title='bbox 1846 2102 2040 2148; x_wconf 89' lang='lat' dir='ltr'><strong>respondit.</strong></span> <span class='ocrx_word' id='word_1_917' title='bbox 2347 2146 2354 2153; x_wconf 45' lang='lat'><strong>·</strong></span> 
     </span>
    </p>

    <p class='ocr_par' dir='ltr' id='par_1_21' title="bbox 1295 2145 2390 2500">
     <span class='ocr_line' id='line_1_125' title="bbox 1342 2145 2389 2194; baseline -0.004 -10"><span class='ocrx_word' id='word_1_918' title='bbox 1342 2145 1396 2186; x_wconf 87' lang='grc'><strong>20</strong></span> <span class='ocrx_word' id='word_1_919' title='bbox 1423 2147 1703 2183; x_wconf 70' lang='lat' dir='ltr'><em>TRYPHONJNUS</em></span> <span class='ocrx_word' id='word_1_920' title='bbox 1731 2148 1822 2184; x_wconf 82' lang='lat' dir='ltr'><strong>libro</strong></span> <span class='ocrx_word' id='word_1_921' title='bbox 1855 2149 1980 2194; x_wconf 80' lang='lat' dir='ltr'><strong>quinto</strong></span> <span class='ocrx_word' id='word_1_922' title='bbox 2013 2148 2150 2183; x_wconf 78' lang='lat' dir='ltr'><strong>decimo</strong></span> <span class='ocrx_word' id='word_1_923' title='bbox 2175 2146 2389 2192; x_wconf 79' lang='lat' dir='ltr'><strong>disputatzo-</strong></span> 
     </span>
     <span class='ocr_line' id='line_1_126' title="bbox 1296 2192 2390 2246; baseline -0.002 -18"><span class='ocrx_word' id='word_1_924' title='bbox 1296 2204 1382 2228; x_wconf 82' lang='lat' dir='ltr'><strong>num</strong></span> <span class='ocrx_word' id='word_1_925' title='bbox 1427 2193 1532 2228; x_wconf 89' lang='lat' dir='ltr'><strong>Licet</strong></span> <span class='ocrx_word' id='word_1_926' title='bbox 1554 2193 1614 2228; x_wconf 90' lang='lat' dir='ltr'><strong>fur</strong></span> <span class='ocrx_word' id='word_1_927' title='bbox 1636 2197 1786 2246; x_wconf 84' lang='lat' dir='ltr'><strong>paratus</strong></span> <span class='ocrx_word' id='word_1_928' title='bbox 1808 2192 1918 2228; x_wconf 85' lang='lat' dir='ltr'><strong>fuerit</strong></span> <span class='ocrx_word' id='word_1_929' title='bbox 1941 2193 2104 2238; x_wconf 87' lang='lat' dir='ltr'><strong>excipere</strong></span> <span class='ocrx_word' id='word_1_930' title='bbox 2129 2192 2390 2228; x_wconf 86' lang='lat' dir='ltr'><strong>condictionem</strong></span> 
     </span>
     <span class='ocr_line' id='line_1_127' title="bbox 1297 2236 2389 2283; baseline -0.003 -10"><span class='ocrx_word' id='word_1_931' title='bbox 1297 2242 1332 2273; x_wconf 90' lang='lat' dir='ltr'><strong>et</strong></span> <span class='ocrx_word' id='word_1_932' title='bbox 1355 2248 1421 2283; x_wconf 89' lang='lat' dir='ltr'><strong>per</strong></span> <span class='ocrx_word' id='word_1_933' title='bbox 1443 2248 1500 2273; x_wconf 90' lang='lat' dir='ltr'><strong>me</strong></span> <span class='ocrx_word' id='word_1_934' title='bbox 1525 2242 1672 2281; x_wconf 83' lang='lat' dir='ltr'><strong>steterit,</strong></span> <span class='ocrx_word' id='word_1_935' title='bbox 1698 2238 1782 2273; x_wconf 92' lang='lat' dir='ltr'><strong>dum</strong></span> <span class='ocrx_word' id='word_1_936' title='bbox 1805 2238 1842 2273; x_wconf 93' lang='lat' dir='ltr'><strong>in</strong></span> <span class='ocrx_word' id='word_1_937' title='bbox 1865 2238 1972 2273; x_wconf 88' lang='lat' dir='ltr'><strong>rebus</strong></span> <span class='ocrx_word' id='word_1_938' title='bbox 1995 2237 2160 2273; x_wconf 88' lang='lat' dir='ltr'><strong>humanis</strong></span> <span class='ocrx_word' id='word_1_939' title='bbox 2181 2247 2239 2272; x_wconf 91' lang='lat' dir='ltr'><strong>res</strong></span> <span class='ocrx_word' id='word_1_940' title='bbox 2259 2236 2389 2278; x_wconf 87' lang='lat' dir='ltr'><strong>fuerat,</strong></span> 
     </span>
     <span class='ocr_line' id='line_1_128' title="bbox 1297 2283 2388 2329; baseline -0.003 -11"><span class='ocrx_word' id='word_1_941' title='bbox 1297 2283 1485 2318; x_wconf 91' lang='lat' dir='ltr'><strong>condicere</strong></span> <span class='ocrx_word' id='word_1_942' title='bbox 1509 2293 1606 2326; x_wconf 89' lang='lat' dir='ltr'><strong>eam,</strong></span> <span class='ocrx_word' id='word_1_943' title='bbox 1638 2287 1765 2329; x_wconf 86' lang='lat' dir='ltr'><strong>postea</strong></span> <span class='ocrx_word' id='word_1_944' title='bbox 1796 2286 1918 2318; x_wconf 89' lang='lat' dir='ltr'><strong>autem</strong></span> <span class='ocrx_word' id='word_1_945' title='bbox 1947 2286 2133 2328; x_wconf 89' lang='lat' dir='ltr'><strong>perempta</strong></span> <span class='ocrx_word' id='word_1_946' title='bbox 2165 2285 2236 2324; x_wconf 87' lang='lat' dir='ltr'><strong>est,</strong></span> <span class='ocrx_word' id='word_1_947' title='bbox 2268 2285 2388 2316; x_wconf 89' lang='lat' dir='ltr'><strong>tamen</strong></span> 
     </span>
     <span class='ocr_line' id='line_1_129' title="bbox 1297 2326 2388 2372; baseline -0.003 -8"><span class='ocrx_word' id='word_1_948' title='bbox 1297 2328 1428 2364; x_wconf 85' lang='lat' dir='ltr'><strong>durare</strong></span> <span class='ocrx_word' id='word_1_949' title='bbox 1453 2329 1716 2364; x_wconf 89' lang='lat' dir='ltr'><strong>condictionem</strong></span> <span class='ocrx_word' id='word_1_950' title='bbox 1737 2332 1876 2364; x_wconf 90' lang='lat' dir='ltr'><strong>veteres</strong></span> <span class='ocrx_word' id='word_1_951' title='bbox 1900 2329 2106 2370; x_wconf 89' lang='lat' dir='ltr'><strong>voluerunt,</strong></span> <span class='ocrx_word' id='word_1_952' title='bbox 2131 2327 2215 2372; x_wconf 87' lang='lat' dir='ltr'><strong>quia</strong></span> <span class='ocrx_word' id='word_1_953' title='bbox 2238 2326 2388 2368; x_wconf 89' lang='lat' dir='ltr'><strong>videtur,</strong></span> 
     </span>
     <span class='ocr_line' id='line_1_130' title="bbox 1297 2373 2390 2419; baseline -0.003 -11"><span class='ocrx_word' id='word_1_954' title='bbox 1297 2374 1358 2419; x_wconf 89' lang='lat' dir='ltr'><strong>qui</strong></span> <span class='ocrx_word' id='word_1_955' title='bbox 1380 2374 1494 2419; x_wconf 84' lang='lat' dir='ltr'><strong>primo</strong></span> <span class='ocrx_word' id='word_1_956' title='bbox 1518 2374 1628 2410; x_wconf 91' lang='lat' dir='ltr'><strong>invito</strong></span> <span class='ocrx_word' id='word_1_957' title='bbox 1654 2374 1796 2409; x_wconf 92' lang='lat' dir='ltr'><strong>domino</strong></span> <span class='ocrx_word' id='word_1_958' title='bbox 1820 2384 1895 2409; x_wconf 92' lang='lat' dir='ltr'><strong>rem</strong></span> <span class='ocrx_word' id='word_1_959' title='bbox 1927 2373 2219 2415; x_wconf 89' lang='lat' dir='ltr'><strong>contrectaverit,</strong></span> <span class='ocrx_word' id='word_1_960' title='bbox 2251 2381 2390 2416; x_wconf 89' lang='lat' dir='ltr'><strong>semper</strong></span> 
     </span>
     <span class='ocr_line' id='line_1_131' title="bbox 1295 2418 2389 2464; baseline -0.003 -11"><span class='ocrx_word' id='word_1_961' title='bbox 1295 2419 1333 2453; x_wconf 93' lang='lat' dir='ltr'><strong>in</strong></span> <span class='ocrx_word' id='word_1_962' title='bbox 1356 2419 1579 2455; x_wconf 87' lang='lat' dir='ltr'><strong>restituenda</strong></span> <span class='ocrx_word' id='word_1_963' title='bbox 1602 2429 1663 2462; x_wconf 89' lang='lat' dir='ltr'><strong>ea,</strong></span> <span class='ocrx_word' id='word_1_964' title='bbox 1690 2429 1795 2464; x_wconf 90' lang='lat' dir='ltr'><strong>quam</strong></span> <span class='ocrx_word' id='word_1_965' title='bbox 1819 2429 1886 2454; x_wconf 87' lang='lat' dir='ltr'><strong>nec</strong></span> <span class='ocrx_word' id='word_1_966' title='bbox 1911 2419 2033 2454; x_wconf 90' lang='lat' dir='ltr'><strong>debuit</strong></span> <span class='ocrx_word' id='word_1_967' title='bbox 2056 2418 2216 2459; x_wconf 88' lang='lat' dir='ltr'><strong>auferre,</strong></span> <span class='ocrx_word' id='word_1_968' title='bbox 2253 2426 2389 2451; x_wconf 90' lang='lat' dir='ltr'><strong>moram</strong></span> 
     </span>
     <span class='ocr_line' id='line_1_132' title="bbox 1295 2463 1426 2500; baseline 0.008 -2"><span class='ocrx_word' id='word_1_969' title='bbox 1295 2463 1426 2500; x_wconf 86' lang='lat' dir='ltr'><strong>facere.</strong></span> 
     </span>
    </p>

    <p class='ocr_par' dir='ltr' id='par_1_22' title="bbox 1798 2511 1871 2550">
     <span class='ocr_line' id='line_1_133' title="bbox 1798 2511 1871 2550; baseline 0 0"><span class='ocrx_word' id='word_1_970' title='bbox 1798 2511 1871 2550; x_wconf 80' lang='lat'><strong>11⁹.</strong></span> 
     </span>
    </p>
   </div>
   <div class='ocr_carea' id='block_1_9' title="bbox 1520 2576 2163 2611">
    <p class='ocr_par' dir='ltr' id='par_1_23' title="bbox 1520 2576 2163 2611">
     <span class='ocr_line' id='line_1_134' title="bbox 1520 2576 2163 2611; baseline -0.003 -1"><span class='ocrx_word' id='word_1_971' title='bbox 1520 2578 1582 2610; x_wconf 88' lang='lat' dir='ltr'><strong>DE</strong></span> <span class='ocrx_word' id='word_1_972' title='bbox 1607 2577 1914 2611; x_wconf 87' lang='lat' dir='ltr'>CONDICTIONE</span> <span class='ocrx_word' id='word_1_973' title='bbox 1938 2576 2004 2609; x_wconf 88' lang='lat' dir='ltr'><strong>EX</strong></span> <span class='ocrx_word' id='word_1_974' title='bbox 2027 2576 2163 2609; x_wconf 84' lang='lat' dir='ltr'><strong>LEGE.</strong></span> 
     </span>
    </p>
   </div>
   <div class='ocr_carea' id='block_1_10' title="bbox 1294 2641 2388 2779">
    <p class='ocr_par' dir='ltr' id='par_1_24' title="bbox 1294 2641 2388 2779">
     <span class='ocr_line' id='line_1_135' title="bbox 1343 2641 2388 2686; baseline -0.004 -6"><span class='ocrx_word' id='word_1_975' title='bbox 1343 2643 1362 2680; x_wconf 93' lang='lat'>1</span> <span class='ocrx_word' id='word_1_976' title='bbox 1390 2643 1552 2680; x_wconf 74' lang='lat' dir='ltr'><strong>PAULtss</strong></span> <span class='ocrx_word' id='word_1_977' title='bbox 1567 2644 1659 2680; x_wconf 85' lang='lat' dir='ltr'><strong>libro</strong></span> <span class='ocrx_word' id='word_1_978' title='bbox 1679 2643 1836 2679; x_wconf 78' lang='lat' dir='ltr'><strong>secundo</strong></span> <span class='ocrx_word' id='word_1_979' title='bbox 1857 2643 1907 2678; x_wconf 80' lang='lat' dir='ltr'><strong>ad</strong></span> <span class='ocrx_word' id='word_1_980' title='bbox 1924 2642 2110 2678; x_wconf 76' lang='lat' dir='ltr'><strong>Plautium</strong></span> <span class='ocrx_word' id='word_1_981' title='bbox 2157 2641 2195 2676; x_wconf 86' lang='lat' dir='ltr'><strong>Si</strong></span> <span class='ocrx_word' id='word_1_982' title='bbox 2219 2641 2388 2686; x_wconf 88' lang='lat' dir='ltr'><strong>obligatio</strong></span> 
     </span>
     <span class='ocr_line' id='line_1_136' title="bbox 1294 2686 2388 2734; baseline -0.003 -10"><span class='ocrx_word' id='word_1_983' title='bbox 1294 2689 1371 2734; x_wconf 86' lang='lat' dir='ltr'><strong>lege</strong></span> <span class='ocrx_word' id='word_1_984' title='bbox 1395 2699 1489 2724; x_wconf 89' lang='lat' dir='ltr'><strong>nova</strong></span> <span class='ocrx_word' id='word_1_985' title='bbox 1511 2689 1718 2724; x_wconf 89' lang='lat' dir='ltr'><strong>introducta</strong></span> <span class='ocrx_word' id='word_1_986' title='bbox 1739 2689 1786 2723; x_wconf 91' lang='lat' dir='ltr'><strong>sit</strong></span> <span class='ocrx_word' id='word_1_987' title='bbox 1805 2699 1870 2723; x_wconf 84' lang='lat' dir='ltr'><strong>nec</strong></span> <span class='ocrx_word' id='word_1_988' title='bbox 1891 2691 2037 2722; x_wconf 86' lang='lat' dir='ltr'><strong>cautum</strong></span> <span class='ocrx_word' id='word_1_989' title='bbox 2059 2686 2181 2722; x_wconf 87' lang='lat' dir='ltr'><strong>eadem</strong></span> <span class='ocrx_word' id='word_1_990' title='bbox 2204 2687 2292 2731; x_wconf 89' lang='lat' dir='ltr'><strong>lege,</strong></span> <span class='ocrx_word' id='word_1_991' title='bbox 2317 2697 2388 2731; x_wconf 88' lang='lat' dir='ltr'><strong>quo</strong></span> 
     </span>
     <span class='ocr_line' id='line_1_137' title="bbox 1295 2732 2318 2779; baseline -0.004 -9"><span class='ocrx_word' id='word_1_992' title='bbox 1295 2744 1425 2779; x_wconf 89' lang='lat' dir='ltr'><strong>genere</strong></span> <span class='ocrx_word' id='word_1_993' title='bbox 1449 2734 1601 2770; x_wconf 84' lang='lat' dir='ltr'><strong>actionis</strong></span> <span class='ocrx_word' id='word_1_994' title='bbox 1626 2734 1860 2779; x_wconf 88' lang='lat' dir='ltr'><strong>experiamur,</strong></span> <span class='ocrx_word' id='word_1_995' title='bbox 1887 2743 1931 2768; x_wconf 91' lang='lat' dir='ltr'><strong>ex</strong></span> <span class='ocrx_word' id='word_1_996' title='bbox 1953 2733 2030 2777; x_wconf 90' lang='lat' dir='ltr'><strong>lege</strong></span> <span class='ocrx_word' id='word_1_997' title='bbox 2054 2732 2229 2777; x_wconf 87' lang='lat' dir='ltr'><strong>agendum</strong></span> <span class='ocrx_word' id='word_1_998' title='bbox 2254 2736 2318 2767; x_wconf 88' lang='lat' dir='ltr'><strong>est.</strong></span> 
     </span>
    </p>
   </div>
   <div class='ocr_carea' id='block_1_11' title="bbox 1484 2825 2194 2925">
    <p class='ocr_par' dir='ltr' id='par_1_25' title="bbox 1484 2825 2194 2925">
     <span class='ocr_line' id='line_1_138' title="bbox 1781 2825 1887 2865; baseline 0.009 -1"><span class='ocrx_word' id='word_1_999' title='bbox 1781 2827 1840 2864; x_wconf 87' lang='grc' dir='ltr'><strong>ΙΙΙ</strong></span> <span class='ocrx_word' id='word_1_1000' title='bbox 1849 2825 1887 2865; x_wconf 92' lang='lat'><strong>¹⁰.</strong></span> 
     </span>
     <span class='ocr_line' id='line_1_139' title="bbox 1484 2889 2194 2925; baseline -0.004 0"><span class='ocrx_word' id='word_1_1001' title='bbox 1484 2892 1546 2925; x_wconf 80' lang='lat' dir='ltr'><strong>DE</strong></span> <span class='ocrx_word' id='word_1_1002' title='bbox 1572 2890 1878 2924; x_wconf 85' lang='lat' dir='ltr'>CONDICTIONE</span> <span class='ocrx_word' id='word_1_1003' title='bbox 1903 2889 2194 2923; x_wconf 83' lang='lat' dir='ltr'><strong>TRITIGIARIA.</strong></span> 
     </span>
    </p>
   </div>
   <div class='ocr_carea' id='block_1_12' title="bbox 1292 2955 2388 3580">
    <p class='ocr_par' dir='ltr' id='par_1_26' title="bbox 1292 2955 2388 3543">
     <span class='ocr_line' id='line_1_140' title="bbox 1345 2955 2387 3007; baseline -0.004 -13"><span class='ocrx_word' id='word_1_1004' title='bbox 1345 2957 1363 2995; x_wconf 91' lang='lat'>1</span> <span class='ocrx_word' id='word_1_1005' title='bbox 1399 2958 1595 2994; x_wconf 75' lang='lat' dir='ltr'><em>ULPJANUS</em></span> <span class='ocrx_word' id='word_1_1006' title='bbox 1624 2957 1716 2993; x_wconf 81' lang='lat' dir='ltr'><strong>libro</strong></span> <span class='ocrx_word' id='word_1_1007' title='bbox 1748 2958 1938 2993; x_wconf 78' lang='lat' dir='ltr'><strong>vicensimo</strong></span> <span class='ocrx_word' id='word_1_1008' title='bbox 1968 2958 2121 3004; x_wconf 78' lang='lat' dir='ltr'><strong>septimo</strong></span> <span class='ocrx_word' id='word_1_1009' title='bbox 2152 2956 2202 2992; x_wconf 84' lang='lat' dir='ltr'><strong>ad</strong></span> <span class='ocrx_word' id='word_1_1010' title='bbox 2234 2955 2387 3007; x_wconf 53' lang='lat' dir='ltr'><strong>edictum</strong></span> 
     </span>
     <span class='ocr_line' id='line_1_141' title="bbox 1295 3001 2388 3048; baseline -0.004 -10"><span class='ocrx_word' id='word_1_1011' title='bbox 1295 3004 1364 3048; x_wconf 82' lang='lat' dir='ltr'><strong>Qui</strong></span> <span class='ocrx_word' id='word_1_1012' title='bbox 1388 3007 1521 3038; x_wconf 87' lang='lat' dir='ltr'><strong>certam</strong></span> <span class='ocrx_word' id='word_1_1013' title='bbox 1545 3003 1735 3048; x_wconf 87' lang='lat' dir='ltr'><strong>pecuniam</strong></span> <span class='ocrx_word' id='word_1_1014' title='bbox 1759 3005 1982 3037; x_wconf 86' lang='lat' dir='ltr'><strong>numeratam</strong></span> <span class='ocrx_word' id='word_1_1015' title='bbox 2013 3002 2122 3047; x_wconf 89' lang='lat' dir='ltr'><strong>petit,</strong></span> <span class='ocrx_word' id='word_1_1016' title='bbox 2153 3001 2215 3036; x_wconf 90' lang='lat' dir='ltr'><strong>illa</strong></span> <span class='ocrx_word' id='word_1_1017' title='bbox 2248 3005 2388 3035; x_wconf 80' lang='lat' dir='ltr'><strong>actione</strong></span> 
     </span>
     <span class='ocr_line' id='line_1_142' title="bbox 1294 3047 2388 3092; baseline -0.003 -9"><span class='ocrx_word' id='word_1_1018' title='bbox 1294 3049 1408 3084; x_wconf 90' lang='lat' dir='ltr'><strong>utitur</strong></span> <span class='ocrx_word' id='word_1_1019' title='bbox 1433 3048 1474 3083; x_wconf 89' lang='lat' dir='ltr'><strong>‘si</strong></span> <span class='ocrx_word' id='word_1_1020' title='bbox 1499 3052 1635 3083; x_wconf 89' lang='lat' dir='ltr'><strong>certum</strong></span> <span class='ocrx_word' id='word_1_1021' title='bbox 1658 3048 1831 3092; x_wconf 86' lang='lat' dir='ltr'><strong>petetur’:</strong></span> <span class='ocrx_word' id='word_1_1022' title='bbox 1866 3047 1927 3092; x_wconf 91' lang='lat' dir='ltr'><strong>qui</strong></span> <span class='ocrx_word' id='word_1_1023' title='bbox 1959 3052 2079 3082; x_wconf 89' lang='lat' dir='ltr'><strong>autem</strong></span> <span class='ocrx_word' id='word_1_1024' title='bbox 2103 3047 2192 3081; x_wconf 88' lang='lat' dir='ltr'><strong>alias</strong></span> <span class='ocrx_word' id='word_1_1025' title='bbox 2216 3056 2291 3087; x_wconf 91' lang='lat' dir='ltr'><strong>res,</strong></span> <span class='ocrx_word' id='word_1_1026' title='bbox 2324 3055 2388 3089; x_wconf 87' lang='lat' dir='ltr'><strong>per</strong></span> 
     </span>
     <span class='ocr_line' id='line_1_143' title="bbox 1295 3090 2385 3141; baseline -0.005 -13"><span class='ocrx_word' id='word_1_1027' title='bbox 1295 3093 1508 3129; x_wconf 88' lang='lat' dir='ltr'><strong>triticariam</strong></span> <span class='ocrx_word' id='word_1_1028' title='bbox 1542 3092 1803 3128; x_wconf 86' lang='lat' dir='ltr'><strong>condictionem</strong></span> <span class='ocrx_word' id='word_1_1029' title='bbox 1826 3097 1936 3138; x_wconf 89' lang='lat' dir='ltr'><strong>petet.</strong></span> <span class='ocrx_word' id='word_1_1030' title='bbox 1973 3096 2009 3128; x_wconf 91' lang='lat' dir='ltr'><strong>et</strong></span> <span class='ocrx_word' id='word_1_1031' title='bbox 2031 3092 2242 3137; x_wconf 82' lang='lat' dir='ltr'><strong>generaliter</strong></span> <span class='ocrx_word' id='word_1_1032' title='bbox 2266 3090 2385 3141; x_wconf 73' lang='lat' dir='ltr'><strong>‹licen-</strong></span> 
     </span>
     <span class='ocr_line' id='line_1_144' title="bbox 1294 3137 2386 3186; baseline -0.005 -13"><span class='ocrx_word' id='word_1_1033' title='bbox 1294 3139 1379 3174; x_wconf 92' lang='lat' dir='ltr'><strong>dum</strong></span> <span class='ocrx_word' id='word_1_1034' title='bbox 1404 3142 1460 3174; x_wconf 90' lang='lat' dir='ltr'><strong>est</strong></span> <span class='ocrx_word' id='word_1_1035' title='bbox 1483 3148 1544 3173; x_wconf 87' lang='lat' dir='ltr'><strong>eas</strong></span> <span class='ocrx_word' id='word_1_1036' title='bbox 1567 3147 1625 3172; x_wconf 90' lang='lat' dir='ltr'><strong>res</strong></span> <span class='ocrx_word' id='word_1_1037' title='bbox 1648 3148 1714 3183; x_wconf 89' lang='lat' dir='ltr'><strong>per</strong></span> <span class='ocrx_word' id='word_1_1038' title='bbox 1736 3138 1831 3173; x_wconf 90' lang='lat' dir='ltr'><strong>hanc</strong></span> <span class='ocrx_word' id='word_1_1039' title='bbox 1851 3138 2027 3173; x_wconf 88' lang='lat' dir='ltr'><strong>actionem</strong></span> <span class='ocrx_word' id='word_1_1040' title='bbox 2045 3138 2131 3182; x_wconf 89' lang='lat' dir='ltr'><strong>peti,</strong></span> <span class='ocrx_word' id='word_1_1041' title='bbox 2156 3137 2187 3172; x_wconf 91' lang='lat' dir='ltr'><strong>si</strong></span> <span class='ocrx_word' id='word_1_1042' title='bbox 2206 3145 2297 3186; x_wconf 80' lang='lat' dir='ltr'><strong>quae</strong></span> <span class='ocrx_word' id='word_1_1043' title='bbox 2316 3137 2386 3185; x_wconf 81' lang='lat' dir='ltr'><strong>slnt</strong></span> 
     </span>
     <span class='ocr_line' id='line_1_145' title="bbox 1293 3182 2386 3229; baseline -0.005 -11"><span class='ocrx_word' id='word_1_1044' title='bbox 1293 3187 1436 3229; x_wconf 87' lang='lat' dir='ltr'><strong>praeter</strong></span> <span class='ocrx_word' id='word_1_1045' title='bbox 1457 3183 1646 3228; x_wconf 90' lang='lat' dir='ltr'><strong>pecuniam</strong></span> <span class='ocrx_word' id='word_1_1046' title='bbox 1669 3186 1903 3224; x_wconf 87' lang='lat' dir='ltr'><strong>numeratam,</strong></span> <span class='ocrx_word' id='word_1_1047' title='bbox 1929 3183 2001 3218; x_wconf 90' lang='lat' dir='ltr'><strong>sive</strong></span> <span class='ocrx_word' id='word_1_1048' title='bbox 2023 3183 2061 3217; x_wconf 89' lang='lat' dir='ltr'><strong>in</strong></span> <span class='ocrx_word' id='word_1_1049' title='bbox 2080 3182 2238 3227; x_wconf 88' lang='lat' dir='ltr'><strong>pondere</strong></span> <span class='ocrx_word' id='word_1_1050' title='bbox 2256 3189 2329 3214; x_wconf 82' lang='lat' dir='ltr'><strong>sive</strong></span> <span class='ocrx_word' id='word_1_1051' title='bbox 2348 3190 2386 3213; x_wconf 89' lang='lat' dir='ltr'><strong>m</strong></span> 
     </span>
     <span class='ocr_line' id='line_1_146' title="bbox 1294 3226 2386 3277; baseline -0.005 -14"><span class='ocrx_word' id='word_1_1052' title='bbox 1294 3239 1460 3264; x_wconf 90' lang='lat' dir='ltr'><strong>mensura</strong></span> <span class='ocrx_word' id='word_1_1053' title='bbox 1485 3231 1668 3270; x_wconf 85' lang='lat' dir='ltr'><strong>constent,</strong></span> <span class='ocrx_word' id='word_1_1054' title='bbox 1702 3228 1775 3263; x_wconf 92' lang='lat' dir='ltr'><strong>sive</strong></span> <span class='ocrx_word' id='word_1_1055' title='bbox 1798 3228 1946 3263; x_wconf 91' lang='lat' dir='ltr'><strong>mobiles</strong></span> <span class='ocrx_word' id='word_1_1056' title='bbox 1970 3228 2041 3263; x_wconf 89' lang='lat' dir='ltr'><strong>sint</strong></span> <span class='ocrx_word' id='word_1_1057' title='bbox 2065 3228 2138 3262; x_wconf 89' lang='lat' dir='ltr'><strong>sive</strong></span> <span class='ocrx_word' id='word_1_1058' title='bbox 2162 3226 2252 3277; x_wconf 34' lang='lat' dir='ltr'><strong>soli..</strong></span> <span class='ocrx_word' id='word_1_1059' title='bbox 2276 3233 2386 3274; x_wconf 78' lang='lat' dir='ltr'><strong>quare</strong></span> 
     </span>
     <span class='ocr_line' id='line_1_147' title="bbox 1293 3272 2384 3318; baseline -0.006 -10"><span class='ocrx_word' id='word_1_1060' title='bbox 1293 3273 1443 3308; x_wconf 91' lang='lat' dir='ltr'><strong>fundum</strong></span> <span class='ocrx_word' id='word_1_1061' title='bbox 1456 3283 1596 3318; x_wconf 89' lang='lat' dir='ltr'><strong>quoque</strong></span> <span class='ocrx_word' id='word_1_1062' title='bbox 1607 3282 1672 3318; x_wconf 87' lang='lat' dir='ltr'><strong>per</strong></span> <span class='ocrx_word' id='word_1_1063' title='bbox 1688 3273 1783 3308; x_wconf 89' lang='lat' dir='ltr'><strong>hanc</strong></span> <span class='ocrx_word' id='word_1_1064' title='bbox 1802 3274 1979 3308; x_wconf 90' lang='lat' dir='ltr'><strong>actionem</strong></span> <span class='ocrx_word' id='word_1_1065' title='bbox 1997 3273 2151 3318; x_wconf 91' lang='lat' dir='ltr'><strong>petimus</strong></span> <span class='ocrx_word' id='word_1_1066' title='bbox 2172 3275 2207 3306; x_wconf 92' lang='lat' dir='ltr'><strong>et</strong></span> <span class='ocrx_word' id='word_1_1067' title='bbox 2224 3281 2254 3305; x_wconf 88' lang='lat' dir='ltr'><strong>Sl</strong></span> <span class='ocrx_word' id='word_1_1068' title='bbox 2275 3272 2384 3303; x_wconf 82' lang='lat' dir='ltr'><strong>vecti-</strong></span> 
     </span>
     <span class='ocr_line' id='line_1_148' title="bbox 1292 3313 2384 3363; baseline -0.006 -10"><span class='ocrx_word' id='word_1_1069' title='bbox 1292 3319 1381 3363; x_wconf 86' lang='lat' dir='ltr'><strong>galis</strong></span> <span class='ocrx_word' id='word_1_1070' title='bbox 1406 3318 1453 3353; x_wconf 91' lang='lat' dir='ltr'><strong>sit</strong></span> <span class='ocrx_word' id='word_1_1071' title='bbox 1472 3318 1546 3353; x_wconf 86' lang='lat' dir='ltr'><strong>sive</strong></span> <span class='ocrx_word' id='word_1_1072' title='bbox 1563 3318 1619 3353; x_wconf 88' lang='lat' dir='ltr'><strong>ius</strong></span> <span class='ocrx_word' id='word_1_1073' title='bbox 1644 3318 1835 3363; x_wconf 87' lang='lat' dir='ltr'><strong>stipulatus</strong></span> <span class='ocrx_word' id='word_1_1074' title='bbox 1856 3318 1934 3363; x_wconf 90' lang='lat' dir='ltr'><strong>quis</strong></span> <span class='ocrx_word' id='word_1_1075' title='bbox 1956 3318 2014 3360; x_wconf 86' lang='lat' dir='ltr'><strong>sit,</strong></span> <span class='ocrx_word' id='word_1_1076' title='bbox 2037 3317 2145 3353; x_wconf 89' lang='lat' dir='ltr'><strong>veluti</strong></span> <span class='ocrx_word' id='word_1_1077' title='bbox 2165 3326 2269 3351; x_wconf 91' lang='lat' dir='ltr'><strong>usum</strong></span> <span class='ocrx_word' id='word_1_1078' title='bbox 2287 3313 2384 3348; x_wconf 86' lang='lat' dir='ltr'><strong>fruc-</strong></span> 
     </span>
     <span class='ocr_line' id='line_1_149' title="bbox 1297 3357 2385 3410; baseline -0.006 -13"><span class='ocrx_word' id='word_1_1079' title='bbox 1297 3367 1311 3398; x_wconf 87' lang='lat'>1</span> <span class='ocrx_word' id='word_1_1080' title='bbox 1361 3367 1439 3398; x_wconf 93' lang='lat' dir='ltr'><strong>tum</strong></span> <span class='ocrx_word' id='word_1_1081' title='bbox 1461 3363 1517 3397; x_wconf 90' lang='lat' dir='ltr'><strong>vel</strong></span> <span class='ocrx_word' id='word_1_1082' title='bbox 1541 3363 1746 3398; x_wconf 85' lang='lat' dir='ltr'><strong>servitutem</strong></span> <span class='ocrx_word' id='word_1_1083' title='bbox 1769 3367 2002 3408; x_wconf 89' lang='lat' dir='ltr'><strong>utrorumque</strong></span> <span class='ocrx_word' id='word_1_1084' title='bbox 2021 3361 2272 3410; x_wconf 42' lang='lat' dir='ltr'><strong>praediorum..</strong></span> <span class='ocrx_word' id='word_1_1085' title='bbox 2295 3357 2385 3410; x_wconf 69' lang='lat' dir='ltr'><strong>Item</strong></span> 
     </span>
     <span class='ocr_line' id='line_1_150' title="bbox 1294 3409 2385 3454; baseline -0.004 -11"><span class='ocrx_word' id='word_1_1086' title='bbox 1294 3411 1413 3443; x_wconf 90' lang='lat' dir='ltr'><strong>autem</strong></span> <span class='ocrx_word' id='word_1_1087' title='bbox 1437 3418 1538 3443; x_wconf 84' lang='lat' dir='ltr'><strong>suam</strong></span> <span class='ocrx_word' id='word_1_1088' title='bbox 1588 3418 1626 3443; x_wconf 91' lang='lat' dir='ltr'><strong>er</strong></span> <span class='ocrx_word' id='word_1_1089' title='bbox 1647 3409 1742 3444; x_wconf 89' lang='lat' dir='ltr'><strong>hanc</strong></span> <span class='ocrx_word' id='word_1_1090' title='bbox 1766 3409 1943 3444; x_wconf 84' lang='lat' dir='ltr'><strong>actionem</strong></span> <span class='ocrx_word' id='word_1_1091' title='bbox 1966 3418 2068 3442; x_wconf 89' lang='lat' dir='ltr'><strong>nemo</strong></span> <span class='ocrx_word' id='word_1_1092' title='bbox 2092 3409 2206 3451; x_wconf 88' lang='lat' dir='ltr'><strong>petet,</strong></span> <span class='ocrx_word' id='word_1_1093' title='bbox 2239 3413 2307 3454; x_wconf 59' lang='lat' dir='ltr'><strong>nisi</strong></span> <span class='ocrx_word' id='word_1_1094' title='bbox 2340 3412 2385 3436; x_wconf 82' lang='lat' dir='ltr'><strong>ex</strong></span> 
     </span>
     <span class='ocr_line' id='line_1_151' title="bbox 1294 3446 2385 3498; baseline -0.007 -10"><span class='ocrx_word' id='word_1_1095' title='bbox 1294 3453 1412 3488; x_wconf 89' lang='lat' dir='ltr'><strong>causis</strong></span> <span class='ocrx_word' id='word_1_1096' title='bbox 1438 3463 1481 3487; x_wconf 88' lang='lat' dir='ltr'><strong>ex</strong></span> <span class='ocrx_word' id='word_1_1097' title='bbox 1505 3452 1565 3497; x_wconf 87' lang='lat' dir='ltr'><strong>qui</strong></span> <span class='ocrx_word' id='word_1_1098' title='bbox 1591 3464 1633 3489; x_wconf 88' lang='lat' dir='ltr'><strong>us</strong></span> <span class='ocrx_word' id='word_1_1099' title='bbox 1656 3457 1794 3498; x_wconf 89' lang='lat' dir='ltr'><strong>potest,</strong></span> <span class='ocrx_word' id='word_1_1100' title='bbox 1827 3454 1937 3489; x_wconf 90' lang='lat' dir='ltr'><strong>veluti</strong></span> <span class='ocrx_word' id='word_1_1101' title='bbox 1969 3463 2013 3487; x_wconf 89' lang='lat' dir='ltr'><strong>ex</strong></span> <span class='ocrx_word' id='word_1_1102' title='bbox 2045 3461 2155 3487; x_wconf 87' lang='lat' dir='ltr'><strong>causa</strong></span> <span class='ocrx_word' id='word_1_1103' title='bbox 2176 3449 2307 3484; x_wconf 83' lang='lat' dir='ltr'><strong>furtiva</strong></span> <span class='ocrx_word' id='word_1_1104' title='bbox 2330 3446 2385 3481; x_wconf 88' lang='lat' dir='ltr'><strong>vel</strong></span> 
     </span>
     <span class='ocr_line' id='line_1_152' title="bbox 1292 3497 1696 3543; baseline 0 -10"><span class='ocrx_word' id='word_1_1105' title='bbox 1292 3498 1366 3533; x_wconf 88' lang='lat' dir='ltr'><strong>vi¹¹</strong></span> <span class='ocrx_word' id='word_1_1106' title='bbox 1389 3497 1511 3533; x_wconf 89' lang='lat' dir='ltr'><strong>mobili</strong></span> <span class='ocrx_word' id='word_1_1107' title='bbox 1535 3497 1696 3543; x_wconf 89' lang='lat' dir='ltr'><strong>abrepta.</strong></span> 
     </span>
    </p>

    <p class='ocr_par' dir='ltr' id='par_1_27' title="bbox 1339 3535 2383 3580">
     <span class='ocr_line' id='line_1_153' title="bbox 1339 3535 2383 3580; baseline -0.009 -2"><span class='ocrx_word' id='word_1_1108' title='bbox 1339 3540 1365 3578; x_wconf 87' lang='lat'><strong>2</strong></span> <span class='ocrx_word' id='word_1_1109' title='bbox 1387 3541 1497 3577; x_wconf 77' lang='lat' dir='ltr'><strong>IDEM</strong></span> <span class='ocrx_word' id='word_1_1110' title='bbox 1522 3542 1614 3578; x_wconf 79' lang='lat' dir='ltr'><strong>libro</strong></span> <span class='ocrx_word' id='word_1_1111' title='bbox 1638 3547 1764 3580; x_wconf 83' lang='lat' dir='ltr'><strong>octavo</strong></span> <span class='ocrx_word' id='word_1_1112' title='bbox 1789 3543 1925 3579; x_wconf 77' lang='lat' dir='ltr'><strong>decimo</strong></span> <span class='ocrx_word' id='word_1_1113' title='bbox 1950 3542 2000 3577; x_wconf 81' lang='lat' dir='ltr'><strong>acl</strong></span> <span class='ocrx_word' id='word_1_1114' title='bbox 2022 3540 2196 3576; x_wconf 72' lang='lat' dir='ltr'><strong>Sabinum</strong></span> <span class='ocrx_word' id='word_1_1115' title='bbox 2244 3535 2314 3572; x_wconf 89' lang='lat' dir='ltr'><strong>Sed</strong></span> <span class='ocrx_word' id='word_1_1116' title='bbox 2347 3538 2383 3570; x_wconf 91' lang='lat' dir='ltr'><strong>et</strong></span> 
     </span>
    </p>
   </div>
   <div class='ocr_carea' id='block_1_13' title="bbox 1296 3656 1779 3742">
    <p class='ocr_par' dir='ltr' id='par_1_28' title="bbox 1296 3656 1779 3742">
     <span class='ocr_line' id='line_1_154' title="bbox 1296 3656 1687 3699; baseline 0.003 -9"><span class='ocrx_word' id='word_1_1117' title='bbox 1296 3657 1339 3698; x_wconf 87' lang='lat'><strong>(8)</strong></span> <span class='ocrx_word' id='word_1_1118' title='bbox 1365 3656 1512 3699; x_wconf 88' lang='lat' dir='ltr'><strong>depositi</strong></span> <span class='ocrx_word' id='word_1_1119' title='bbox 1527 3657 1591 3691; x_wconf 82' lang='lat' dir='ltr'><strong>del.</strong></span> <span class='ocrx_word' id='word_1_1120' title='bbox 1603 3658 1687 3691; x_wconf 84' lang='lat' dir='ltr'><strong>Hal.</strong></span> 
     </span>
     <span class='ocr_line' id='line_1_155' title="bbox 1340 3701 1779 3742; baseline 0.002 -7"><span class='ocrx_word' id='word_1_1121' title='bbox 1340 3701 1385 3742; x_wconf 81' lang='grc'><strong>(9)</strong></span> <span class='ocrx_word' id='word_1_1122' title='bbox 1409 3702 1477 3735; x_wconf 83' lang='lat' dir='ltr'><strong>Ed.</strong></span> <span class='ocrx_word' id='word_1_1123' title='bbox 1490 3719 1536 3726; x_wconf 95' lang='lat'>—</span> <span class='ocrx_word' id='word_1_1124' title='bbox 1548 3702 1634 3735; x_wconf 81' lang='lat' dir='ltr'><strong>Bas.</strong></span> <span class='ocrx_word' id='word_1_1125' title='bbox 1649 3704 1703 3741; x_wconf 88' lang='lat'><strong>24,</strong></span> <span class='ocrx_word' id='word_1_1126' title='bbox 1718 3709 1747 3742; x_wconf 86' lang='lat'><strong>8,</strong></span> <span class='ocrx_word' id='word_1_1127' title='bbox 1761 3709 1779 3735; x_wconf 80' lang='lat'>6</span> 
     </span>
    </p>
   </div>
   <div class='ocr_carea' id='block_1_14' title="bbox 1338 3742 2383 3789">
    <p class='ocr_par' dir='ltr' id='par_1_29' title="bbox 1338 3742 2383 3789">
     <span class='ocr_line' id='line_1_156' title="bbox 1338 3742 2383 3789; baseline -0.006 -10"><span class='ocrx_word' id='word_1_1128' title='bbox 1338 3747 1397 3786; x_wconf 83' lang='grc' dir='ltr'>(ιο)</span> <span class='ocrx_word' id='word_1_1129' title='bbox 1424 3747 1504 3779; x_wconf 83' lang='lat' dir='ltr'><strong>Sab.</strong></span> <span class='ocrx_word' id='word_1_1130' title='bbox 1520 3765 1564 3771; x_wconf 93' lang='lat'><strong>-—</strong></span> <span class='ocrx_word' id='word_1_1131' title='bbox 1578 3748 1662 3780; x_wconf 81' lang='lat' dir='ltr'><strong>Bas.</strong></span> <span class='ocrx_word' id='word_1_1132' title='bbox 1678 3748 1732 3786; x_wconf 81' lang='lat'><strong>24,</strong></span> <span class='ocrx_word' id='word_1_1133' title='bbox 1747 3755 1775 3785; x_wconf 86' lang='lat' dir='ltr'><strong>s,</strong></span> <span class='ocrx_word' id='word_1_1134' title='bbox 1791 3754 1815 3779; x_wconf 80' lang='lat'><strong>7.</strong></span> <span class='ocrx_word' id='word_1_1135' title='bbox 1830 3765 1874 3771; x_wconf 81' lang='lat'><em>-</em></span> <span class='ocrx_word' id='word_1_1136' title='bbox 1892 3746 1941 3789; x_wconf 88' lang='lat' dir='ltr'><strong>Cf.</strong></span> <span class='ocrx_word' id='word_1_1137' title='bbox 1960 3745 2035 3777; x_wconf 83' lang='lat' dir='ltr'><strong>Cocl.</strong></span> <span class='ocrx_word' id='word_1_1138' title='bbox 2052 3745 2083 3783; x_wconf 88' lang='lat'><strong>4,</strong></span> <span class='ocrx_word' id='word_1_1139' title='bbox 2099 3751 2115 3776; x_wconf 84' lang='lat'>9</span> <span class='ocrx_word' id='word_1_1140' title='bbox 2192 3745 2247 3783; x_wconf 86' lang='lat'>(11)</span> <span class='ocrx_word' id='word_1_1141' title='bbox 2272 3751 2307 3773; x_wconf 82' lang='lat' dir='ltr'><strong>re</strong></span> <span class='ocrx_word' id='word_1_1142' title='bbox 2322 3742 2383 3774; x_wconf 76' lang='lat' dir='ltr'><strong>ins.</strong></span> 
     </span>
    </p>
   </div>
  </div>
 </body>
</html>
