2528 3918
178 110 364 154 XXXVI
393 111 418 153 3

176 232 437 279 possessionem
458 240 538 267 esse
559 229 846 267 uansferendam
868 229 1063 276 rescripsit,
1090 240 1171 266 cum
1195 228 1267 265 alia

178 278 226 314 sit
240 277 347 313 edicti
362 275 549 312 condicio?
580 286 654 312 non
666 275 759 311 enim
778 275 931 322 exigitur
949 286 972 310 a
994 274 1166 320 legatarIo
1190 274 1267 310 vice

177 326 302 358 mutua
326 325 483 363 cautum,
509 319 572 356 sed
591 320 724 356 vicaria
746 321 931 356 custodiae
949 321 1065 365 gratia
1086 320 1266 365 possessio

178 368 286 403 datur
309 370 346 402 et
369 366 431 419 qui
455 365 611 419 optinuit
632 366 670 401 in
693 366 955 411 possessionem
979 375 1043 410 per
1065 368 1268 410 praetorem

176 416 242 448 aut
263 411 465 457 praesulem
487 410 681 446 inducitur.
717 410 780 446 sed
803 415 949 456 praetor
972 410 1115 455 quidem
1136 410 1175 444 111
1192 420 1267 445 0111-

176 458 274 493 nium
305 467 426 492 rerum
457 456 703 501 possessione,
742 466 833 500 quae
856 455 894 490 in
918 464 1030 490 causa
1051 454 1268 490 hereditaria

175 505 385 547 permanent
415 501 636 544 omnimodo,
669 500 935 536 fideicommissi
966 499 1131 535 servandi
1152 500 1269 544 gratia

175 557 255 583 esse
277 546 467 599 permittit:
491 546 660 592 princeps
685 550 804 581 autem
827 555 952 580 earum
974 555 1094 581 rerum
1110 545 1266 587 nomine,

176 592 221 627 de
236 592 364 637 qmbus
377 590 498 627 fuerat
514 591 718 631 iudicatum,
739 594 882 625 mutuas
903 589 1047 625 admisit
1060 590 1266 625 cautiones:

175 636 302 679 sicuti,
335 647 417 673 cum
448 635 492 672 de
522 636 626 672 bonis
650 636 724 672 suis
749 634 972 671 conferendis
996 634 1091 670 filius
1115 638 1266 680 accepta

174 682 402 728 possessione
433 691 559 717 cavere
591 692 664 717 non
694 684 832 726 potest,
897 680 958 715 uia
990 680 1204 725 denegamus
1236 680 1269 715 ei

176 727 346 769 actiones,
365 726 525 762 defertur
536 726 698 762 condicio
715 724 864 761 cavendi
914 725 1050 761 atribus
1068 735 1112 761 ex
1127 725 1267 760 forma¹

175 771 450 815 iurisdictionis,
474 771 571 817 quod
595 782 640 807 ex
662 771 828 823 portione
850 770 1000 806 fratris2
1022 770 1158 806 fuerint
1182 779 1267 806 con-

176 817 303 860 secuti,
329 827 411 853 cum
434 817 530 852 bona
543 817 700 861 'propria
724 815 886 851 conferre
911 815 1077 861 coeperit,
1102 825 1141 851 se
1164 815 1268 851 resti-

176 866 330 898 tuturos.
366 861 431 898 sed
448 861 479 897 si
502 872 568 897 nec
591 861 685 906 ipsi³
709 870 834 896 cavere
857 860 1008 906 possint,
1033 860 1167 896 utiliter
1208 871 1267 896 ro-

178 908 302 943 batum
318 910 374 943 est
390 907 505 943 virum
528 907 662 942 bonum
685 906 732 941 ab
756 910 909 951 utraque
931 910 1035 951 parte
1057 905 1171 951 eligen
1196 916 1268 947 um,

177 952 274 998 apud
291 962 397 998 quem
411 956 453 987 ut
468 955 687 997 sequestrem
702 950 843 987 fructus
864 951 1113 996 (101101101111114
1138 951 1269 996 quique

177 997 283 1034 utiles
308 997 469 1033 actiones
493 1007 516 1031 a
539 999 705 1042 praetore
728 996 831 1032 datas
863 1000 1040 1032 exerceat.
1087 996 1268 1042 possessio

177 1047 298 1079 autem
333 1052 378 1078 ex
406 1042 580 1087 rescripto
612 1051 722 1086 supra
744 1041 858 1077 relato
882 1052 957 1077 non
980 1041 1084 1077 aliter
1107 1041 1154 1076 ad
1177 1051 1267 1085 eum,

177 1087 239 1133 qui
254 1087 566 1123 fideicommissum
609 1087 683 1128 etit,
700 1085 928 1130 transfertur,
953 1096 1061 1132 quam
1077 1087 1108 1122 si
1124 1087 1268 1128 caverit,

176 1133 342 1169 tametsi-'³
372 1132 524 1167 maxime
556 1142 578 1166 a
603 1131 781 1167 versarius
814 1142 888 1167 non
918 1142 984 1177 per
1006 1131 1182 1177 inopiam,
1206 1132 1270 1168 sed

176 1189 241 1223 per
257 1178 518 1214 contumaciam
543 1187 668 1212 cavere
691 1176 864 1212 noluerit:
890 1176 954 1212 sed
977 1177 1009 1212 si
1030 1177 1061 1212 is
1086 1177 1147 1222 qui
1161 1177 1270 1212 vicit⁰

176 1234 249 1260 non
280 1223 395 1269 possit
419 1232 563 1265 cavere,
595 1222 651 1257 vel
673 1232 731 1257 res
757 1222 969 1267 deponenda
990 1222 1047 1257 vel
1069 1221 1267 1258 iurisdictio

179 1272 198 1303 2
245 1268 466 1304 restituenda
482 1267 560 1302 erit.
602 1267 640 1302 Si
658 1267 731 1303 dies
757 1272 820 1302 aut
844 1267 1007 1303 condicio
1031 1267 1045 1302 l
1089 1267 1139 1302 ati
1162 1266 1268 1303 fidei⁷

178 1313 358 1350 commissi
416 1313 597 1348 etitionem
627 1312 849 1348 actionemve
885 1312 1027 1348 differre
1087 1312 1202 1348 ‘catur
1233 1316 1270 1348 et

177 1358 256 1394 ideo
289 1359 377 1394 satis
403 1358 475 1393 atio
501 1357 742 1400 desideretur,
773 1359 878 1393 heres
901 1361 1022 1393 autem
1044 1368 1110 1403 per
1133 1357 1268 1393 calum-

177 1404 274 1438 niam
296 1403 472 1448 postulari
489 1402 683 1438 contendat
697 1406 733 1438 et
749 1403 913 1438 relictum
932 1407 1050 1447 neget,
1074 1413 1148 1438 nou
1167 1403 1271 1438 aliter

177 1448 375 1484 audiendus
399 1448 468 1483 erit
490 1449 552 1493 qui
577 1458 703 1484 cavere
753 1448 904 1491 ostulat,
930 1458 1036 1493 quam
1060 1448 1092 1484 si
1115 1448 1269 1529 00118111-

178 1497 197 1528 3
244 1504 339 1536 10111,
377 1504 450 1538 (1110
479 1493 669 1529 relictum⁸
693 1503 715 1528 a
821 1497 878 1536 et,
909 1493 1122 1529 exhibuerit.
1208 1504 1268 1528 um

178 1539 430 1591 quaerebatur,
455 1538 518 1575 ubi
539 1538 805 1592 fideicommissi
829 1538 993 1592 servandi
1017 1549 1129 1591 causa
1154 1539 1270 1592 caveri

179 1588 453 1665 3335}th
480 1584 984 1681 Z‘nfflfflfiafflfflffis
998 1587 1270 1665 ''gffffiss’hgff

179 1674 314 1710 reditas
349 1674 387 1710 in
421 1675 606 1720 provinc1a
639 1678 751 1717 esset,
791 1674 839 1710 ad
870 1675 1140 1711 satisdationem
1170 1674 1270 1710 fidei-

178 1719 358 1756 commissi
389 1720 532 1756 nomine
554 1720 592 1755 in
615 1719 835 1765 provinciam
846 1721 875 1742 ¹⁰
904 1720 1271 1756 fideicommissarium

177 1765 428 1802 remittendum
451 1775 541 1801 esse.
583 1775 694 1811 quare
718 1765 750 1801 si
771 1765 876 1801 heres
900 1766 938 1801 in
962 1776 1043 1801 eum
1065 1765 1186 1801 locum
1210 1775 1270 1800 ca-

178 1811 283 1846 vendi
304 1811 423 1863 gratia
444 1810 579 1846 remitti
603 1810 797 1853 desideret,
821 1810 886 1846 ubi
908 1811 1126 1846 domicilium
1148 1811 1269 1853 habet,

177 1856 371 1901 legatarius
389 1859 510 1892 autem
528 1855 579 1891 ibi
596 1856 714 1891 caveri
731 1856 901 1901 postulet,
925 1856 987 1892 ubi
1000 1860 1056 1892 est
1077 1855 1270 1899 hereditas,

177 1912 250 1937 non
278 1901 347 1937 erit
376 1902 480 1937 heres
509 1901 756 1937 remittendus.
803 1901 911 1947 idque
939 1902 1135 1955 imperator
1166 1901 1271 1936 Titus

178 1950 199 1982 4
246 1946 453 1983 Antoninus
477 1946 673 1992 rescripsit.
722 1946 859 1992 Quibus
883 1947 1011 1982 litteris
1035 1946 1216 1982 adiectum
1234 1949 1271 1982 et

178 1992 208 2028 si
238 1992 335 2028 bona
364 1991 436 2027 iam
469 1991 644 2028 distracta
675 1996 761 2027 sunt
791 1992 847 2027 vel
877 1992 1059 2028 testatoris
1095 1992 1271 2038 permissu

178 2037 232 2072 vel
253 2037 472 2073 concedente
487 2037 672 2082 legatario,
695 2037 851 2082 pretium
870 2048 992 2073 eorum
1007 2036 1271 2073 fideicommissi

179 2081 342 2118 servandi
367 2092 478 2118 causa
499 2082 538 2118 in
562 2082 724 2127 deposito
748 2082 965 2118 habendum.

224 2125 250 2164 6
270 2126 466 2163 mmmm
475 2127 567 2163 libro
578 2131 684 2163 sexto
693 2127 1052 2173 fideicommissorum
1076 2127 1269 2173 Siquando

177 2172 318 2208 incerta
334 2182 473 2208 summa
496 2175 551 2207 est
572 2171 847 2215 fideicommissi,
873 2173 934 2218 qui
958 2173 1142 2218 cognoscit
1164 2177 1267 2208 taxa-

182 2222 194 2251 1
239 2217 373 2253 tionem
385 2219 414 2239 ¹¹
431 2227 573 2263 quoque
586 2216 813 2253 fideiussores
828 2222 1010 2263 petuntur.
1046 2217 1272 2254 Admonendi

178 2265 299 2298 autem
314 2272 438 2298 sumus
461 2263 569 2298 rebus
594 2262 748 2307 publicis
772 2262 905 2298 remitti
927 2263 1043 2299 solere
1066 2263 1270 2299 satisdatio-

178 2317 259 2343 nem
298 2307 654 2343 fideicommissorum
691 2307 798 2343 etiam
837 2308 868 2344 si
900 2308 1042 2354 quando
1074 2308 1270 2344 necessitas

179 2352 289 2388 dandi
311 2352 527 2388 intercedat:
552 2353 786 2398 repromissio
804 2353 912 2398 plane
936 2353 1110 2399 exigenda
1134 2357 1189 2390 est
1207 2364 1269 2389 vo-

178 2398 307 2434 luntati
331 2397 490 2433 defuncti
514 2401 610 2434 statu
632 2398 726 2434 iri¹².

226 2440 249 2479 7
277 2443 332 2478 ΡΑ
341 2452 436 2479 mus
447 2444 537 2479 libro
552 2443 710 2479 secundo
726 2443 949 2479 manualium
984 2443 1077 2480 Filio
1094 2443 1151 2479 vel
1168 2454 1270 2480 servo

179 2488 247 2524 sub
283 2487 494 2524 condicione
530 2498 553 2523 a
583 2492 687 2534 patre
722 2488 907 2525 dominove
940 2489 1071 2525 herede
1105 2489 1270 2525 instituto

178 2533 335 2578 legatum
365 2538 429 2569 est.
477 2533 584 2569 huius
614 2534 722 2579 legati
746 2533 835 2570 satis
858 2537 981 2579 petere
1004 2545 1076 2570 non
1099 2539 1268 2580 possunt:

181 2579 245 2614 sed
260 2578 437 2623 pendente
452 2579 661 2614 condicione
681 2579 927 2624 emancipatus
951 2579 1007 2615 vel
1030 2579 1269 2616 manumissus

179 2623 211 2659 si
234 2624 323 2659 satis
349 2628 484 2669 petant,
509 2624 704 2670 quaeritur,
730 2635 777 2659 an
800 2624 969 2660 audiendi
991 2625 1072 2668 sint,
1097 2635 1142 2660 ne
1162 2625 1270 2661 bene-

179 2668 300 2705 ficium
323 2669 437 2715 patris
461 2669 637 2705 dominive
659 2669 747 2715 ipsis
760 2670 788 2691 ²³
812 2680 1002 2705 onerosum
1026 2670 1088 2712 sit,
1125 2680 1172 2705 an
1202 2670 1272 2706 sibi

179 2715 357 2760 imputare
386 2714 576 2757 deberent,
609 2715 669 2760 qui
701 2714 878 2751 dederunt
901 2715 953 2750 eis
975 2715 1183 2760 postulandi
1206 2715 1270 2751 ad-

180 2770 303 2795 versus
333 2769 373 2796 se
401 2759 622 2795 facultatem.
671 2760 733 2796 sed
764 2760 891 2796 melius
915 2764 970 2796 est
993 2770 1057 2806 per
1080 2760 1268 2796 mediocri-

179 2808 290 2840 tatem
315 2814 460 2840 causam
483 2804 666 2848 dirimere,
689 2809 730 2840 ut
754 2805 912 2842 cautioni
935 2809 1073 2842 tantum
1097 2816 1179 2841 cum
1202 2806 1265 2851 hy-

180 2850 336 2896 potheca
358 2860 504 2886 suarum
529 2860 647 2886 rerum
672 2850 951 2887 committantur.

228 2892 253 2932 8
286 2894 480 2931 Uzmzws
501 2895 591 2932 libro
615 2896 920 2942 quadraqensimo
945 2899 1070 2931 octavo
1095 2896 1145 2931 ad
1166 2895 1270 2932 Sabi-

180 2951 266 2975 num
313 2939 403 2975 eum
433 2940 631 2985 legatorum
660 2940 804 2976 nomine
826 2940 1040 2977 satisdatum
1063 2945 1135 2983 est,
1166 2941 1271 2976 simul

181 2985 257 3021 dies
273 2985 471 3031 legatorum
488 2985 605 3028 cessit,
630 2986 793 3052 protinus
816 2986 930 3022 isdem
954 2986 1078 3022 diebus
1102 2986 1209 3022 etiam
1225 2996 1270 3022 ex

181 3030 411 3076 stipulatione
435 3030 633 3066 debentur¹
652 3058 660 3074 ‚

229 3078 249 3110 9
275 3075 435 3111 Panos
454 3075 545 3111 libro
562 3076 772 3112 duodecimo
789 3075 839 3111 ad
854 3075 1028 3113 Sabinum
1064 3087 1136 3113 non
1150 3080 1271 3112 tamen

181 3124 222 3156 ut
236 3119 358 3156 statim
380 3120 454 3166 peti
476 3121 616 3166 possint
629 3122 674 3155 ¹⁵:
700 3121 823 3157 deberi
846 3121 939 3157 enim
956 3121 1106 3157 dicimus
1123 3126 1160 3158 et
1175 3121 1271 3167 quod

183 3165 238 3246 gie
255 3165 581 3246 (ιο1·101οξ11,1;11,1’10ω
603 3167 780 3211 praestari
804 3170 958 3212 oportet,
982 3166 1067 3203 licet
1089 3167 1164 3203 dies
1179 3177 1269 3203 non-

206 3221 266 3246 um
289 3220 410 3246 veneri
427 3238 436 3247 .

231 3254 282 3294 10
314 3255 543 3291 POMPONIUS
563 3255 654 3291 libro
678 3257 867 3292 vicensimo
891 3261 997 3293 sexto
1024 3257 1074 3293 ad
1096 3256 1270 3294 Sabinum

182 3300 220 3336 Si
236 3311 259 3336 0
274 3305 312 3336 te
326 3300 457 3336 herede
471 3300 628 3346 legatum
642 3300 728 3336 mihi
753 3302 800 3337 sit
823 3302 890 3338 sub
915 3302 1125 3339 condicione
1146 3306 1270 3347 tuque,

183 3416 221 3454 (1)
245 3413 387 3447 firmaF
482 3415 526 3455 (2)
552 3414 695 3447 fatrisF
791 3416 834 3455 (3)
858 3414 976 3457 ipseF
1071 3417 1113 3457 (4)
1138 3415 1268 3448 fructus

183 3458 403 3502 deponantur]
422 3459 563 3492 refectus
582 3459 768 3502 deponatur
785 3472 847 3492 scr.
1020 3462 1063 3503 (⁶)
1087 3460 1228 3493 tamensi
1241 3460 1278 3494 F

182 3505 227 3545 (0)
251 3505 300 3537 εἰσ
313 3503 350 3543 S,
371 3504 457 3536 vivit
470 3504 505 3537 F
622 3508 664 3544 (7)
688 3504 805 3538 fideive
824 3517 885 3537 scr.
1011 3506 1054 3546 ‹8)
1079 3504 1228 3538 relictam
1242 3506 1277 3539 F

182 3550 228 3589 (9)
253 3547 428 3581 domilium
440 3550 474 3581 F
570 3552 630 3590 (10)
654 3548 874 3592 provinciaF
968 3554 1023 3590 (11)
1048 3550 1131 3584 talia
1143 3551 1268 3585 excido-

182 3600 257 3626 runt
265 3606 276 3626 .·
300 3593 382 3626 facit
393 3596 426 3626 et
437 3594 486 3627 ita
497 3594 569 3627 eius

181 3637 241 3678 (14)
266 3637 405 3672 debetur
415 3651 476 3672 scr.
561 3643 619 3681 (15)
643 3639 748 3683 possit
758 3651 821 3673 cer.
908 3642 966 3678 (10)
992 3642 1083 3673 certa
1092 3639 1267 3727 legatario}

182 3682 324 3715 cei-tario
338 3683 373 3716 F
477 3684 538 3726 (17)
561 3684 772 3718 satisdederit
784 3684 820 3717 F
931 3690 988 3722 (10)
1014 3683 1026 3716 l
1090 3685 1185 3718 tariis
1196 3685 1254 3727 qui

184 3727 375 3767 legatorihis
390 3729 420 3760 F
485 3732 545 3767 (19)
572 3730 633 3762 mei
647 3739 715 3763 nou
729 3729 764 3763 F
823 3730 889 3770 (2ο)
913 3694 1089 3762 cavei-iel}a
1129 3735 1187 3767 (21)
1212 3730 1267 3763 (10-

703 3596 761 3636 (12)
786 3594 906 3627 staturi
921 3595 953 3627 F
1080 3597 1137 3635 (13)
1162 3595 1227 3638 ipsi
1239 3594 1272 3627 F

1255 104 1340 153 540

1485 0 1556 107 t,

1542 115 1602 153 nr
1618 110 1720 153 nno.
1737 121 1820 153 0011
1836 121 2002 153 nmmo.
2021 122 2143 153 snssv.
2159 121 2298 154 causa
2317 122 2403 154 cAv

1333 229 1663 312 ἓξεἛὲῗἏῖῗιῖῗῑ
1679 230 2167 312 ffieffiffimsifflessffi
2180 233 2213 312 ἰζ
2222 232 2418 314 Ῑθεὲῑῖἓω

1745 287 1781 311 111
2083 287 2106 312 u
2213 287 2272 313 ere
2384 290 2417 314 m

1337 330 1405 355 con
1432 320 1498 356 ‘cio
1519 320 1628 366 legati
1642 321 1809 363 extiterit,
1834 320 1988 356 Sabinus
2012 321 2063 356 ait
2084 321 2311 358 fideiussores
2333 324 2419 359 mihi

1335 365 1458 409 teneri,
1483 365 1567 410 quia
1582 365 1782 402 omnimodo
1797 366 1876 402 dari
1891 370 2033 411 oportet
2054 366 2210 412 legatum
2233 372 2270 403 et
2292 369 2330 403 in
2346 379 2419 405 rem

1335 413 1430 446 esset
1454 414 1630 456 concepta
1652 411 1848 457 stipulatio.

1385 454 1432 492 11
1464 456 1588 491 GAIUS
1615 456 1705 491 libro
1738 457 1841 492 tertio
1866 456 2002 492 decimo
2026 455 2076 491 ad
2098 456 2250 493 edictum
2268 460 2419 504 provin-

1341 500 1432 536 ciale
1479 499 1517 535 Si
1547 500 1747 546 legatariis,
1779 501 1840 547 qui
1854 501 1883 523 ¹⁸
1905 500 2076 537 adversus
2099 511 2156 537 me
2178 502 2256 537 in²⁹
2278 514 2420 549 posses-

1337 546 1472 581 sionem
1486 545 1685 590 legatorum
1701 545 1954 582 servandorum
1973 556 2084 581 causa
2102 547 2199 583 missi
2219 552 2314 591 sunt,
2337 560 2417 601 pro-

1337 594 1483 626 curator
1502 591 1558 626 vel
1581 590 1662 636 quis
1685 590 1778 627 alius
1801 602 1879 627 meo
1903 591 2044 627 nomine
2068 592 2201 628 caverit
2210 594 2251 637 ²⁰,
2321 594 2421 629 nude

1337 635 1421 670 mihi
1467 639 1588 671 raetor
1607 636 1854 672 accommodat
1872 636 2112 680 interdictum,
2137 647 2207 683 quo
2231 638 2269 674 iu
2295 644 2420 675 eantur

1337 647 1521 716 discedere
1544 681 1706 727 legatarii
1754 681 1973 724 ossessione‚
1997 692 2040 717 ac
2064 682 2095 718 si
2118 692 2182 728 ego
2208 683 2391 720 cavissem.

1386 724 1437 763 12
1461 725 1699 762 MAROIANUS
1739 727 1816 762 ibro
1846 727 1996 773 septimo
2020 728 2283 764 institutionum
2306 729 2421 773 Licet,

1338 774 1379 805 ut
1410 781 1482 807 non
1514 774 1659 816 petatur
1689 771 1828 815 cautio,
1853 771 2013 808 condicio
2044 776 2257 809 testamento
2289 774 2424 820 scripta

1336 815 1464 858 fuerit,
1498 827 1571 852 non
1593 815 1733 852 videtur
1757 816 1940 852 condicio:
1976 822 2013 852 et
2034 817 2113 853 ideo
2137 818 2221 854 licet
2244 818 2422 855 desidera-

1337 862 1426 896 verit
1457 862 1535 907 quis
1560 862 1676 897 caveri
1699 862 1785 905 sibi,
1810 872 1883 897 non
1905 861 2047 897 videtur
2070 862 2279 899 condicione
2303 864 2422 901 defec-

1337 907 1447 950 tus²¹‚
1479 907 1564 951 quia
1593 911 1784 952 postquam
1818 906 1950 942 remitti
1978 907 2085 942 talem
2114 909 2315 944 cautionem
2346 909 2423 945 iure

1336 951 1482 996 publico
1493 952 1525 973 ²²
1548 951 1700 997 placuit,
1731 962 1798 987 nec
1822 962 1910 987 onus
1935 952 2110 988 cautionis
2134 954 2294 999 sequitur
2316 965 2383 990 nec
2392 957 2424 977 ²³

1338 997 1481 1042 quidem
1505 997 1668 1033 condicio
1690 997 1919 1041 intellegitur.

1390 1039 1438 1080 13
1481 1042 1686 1078 Nfflaearws'
1716 1042 1809 1078 libro
1844 1043 1995 1088 septimo
2030 1044 2318 1079 membranarum
2378 1046 2423 1080 Ei

1338 1097 1499 1132 quoque,
1539 1087 1639 1123 011124
1667 1088 1867 1133 legatorum
1895 1087 1990 1123 actio
2024 1087 2131 1123 datur
2160 1089 2198 1123 in
2228 1098 2327 1132 eum,
2365 1091 2424 1136 qui

1337 1132 1592 1177 praetermissa
1621 1132 1846 1168 institutione
1877 1132 1922 1167 ab
1946 1132 2114 1169 intestato
2138 1134 2300 1179 possidet
2322 1135 2422 1171 here-

1338 1177 1495 1221 ditatem,
1519 1178 1717 1223 legatorum
1740 1177 1937 1213 satisdatur
1959 1182 2006 1220 et,
2030 1178 2099 1214 nisi
2123 1179 2364 1223 satisdabitur,
2388 1181 2424 1216 in

1337 1223 1600 1268 possessionem
1623 1224 1821 1268 legatorum
1844 1223 2098 1259 servandorum
2122 1235 2232 1260 causa
2254 1225 2424 1262 mittitur:

1337 1279 1421 1303 nam
1450 1268 1540 1304 haec
1572 1279 1714 1314 quoque
1744 1271 1890 1314 praetor
1939 1269 2060 1304 erinde
2071 1270 2101 1290 ²⁵
2125 1270 2226 1305 salva
2250 1280 2328 1306 esse
2350 1271 2428 1307 vult

1338 1317 1445 1393 apque
1470 1323 1512 1348 ea
1537 1324 1629 1359 (11100
1644 1313 1723 1349 iure
1742 1314 1834 1349 civili
1842 1314 1874 1336 ²⁰
1920 1314 2082 1349 ebentur.
2117 1314 2211 1350 idem
2225 1315 2425 1352 Aristoni²⁷

1376 1362 1468 1394 acet.

1337 1370 1360 1404 P
1386 1402 1481 1441 14²⁸
1510 1402 1705 1439 ULPIANUS
1727 1403 1818 1440 libro
1841 1414 1880 1438 se
1909 1405 2132 1449 luaqensimo
2154 1417 2248 1440 nono
2266 1406 2316 1441 ad
2331 1407 2418 1443 edic-

1338 1451 1412 1484 tum
1446 1449 1547 1485 Haec
1563 1449 1610 1485 sti
1636 1448 1748 1484 ulatio
1763 1453 1800 1484 et
1812 1449 1850 1484 in
1896 1449 2148 1485 deicommissis
2168 1450 2286 1486 locum
2305 1451 2425 1494 habet,

1338 1494 1411 1530 sive
1421 1494 1453 1516 ²⁹
1483 1504 1573 1539 pure
1630 1494 1914 1530 deicommissum
1947 1494 1994 1530 sit
2016 1495 2180 1530 relictum
2204 1495 2277 1532 sive
2300 1507 2345 1532 ex
2369 1497 2425 1532 die

1339 1543 1438 1575 certa
1453 1539 1511 1575 vel
1524 1539 1664 1575 incerta
1672 1540 1702 1561 ³⁰
1716 1540 1772 1575 vel
1795 1540 1862 1575 sub
1887 1539 2105 1582 condicione,
2131 1541 2203 1576 sive
2226 1551 2284 1577 res
2306 1542 2425 1587 aliqua

1341 1588 1357 1620 1
1407 1584 1480 1620 sive
1497 1584 1678 1620 hereditas
1696 1585 1769 1620 sive
1786 1584 1843 1620 ius
1861 1584 2007 1630 aliquod
2026 1585 2190 1621 relictum
2213 1591 2278 1622 est.
2314 1587 2425 1623 Divus

1339 1640 1480 1676 quoque
1494 1629 1582 1666 Pius
1599 1630 1794 1675 rescripsit,
1820 1631 1982 1674 quotiens
2006 1630 2149 1666 evidens
2172 1641 2230 1667 res
2254 1633 2361 1675 est³¹,
2385 1636 2425 1667 ut

1340 1679 1476 1711 certum
1516 1675 1563 1710 sit
1601 1675 1699 1711 nullo
1736 1675 1841 1710 modo
1879 1674 2150 1712 fideicommisso
2185 1676 2304 1712 locum
2336 1688 2425 1719 esse,

1338 1731 1511 1801 perqgam
1540 1720 1702 1766 iniquum
1734 1730 1813 1756 esse
1846 1731 2069 1765 supervacua
2097 1722 2263 1757 cautione
2286 1723 2426 1758 onerari

1364 1776 1422 1802 ere
1449 1776 1516 1801 em.

1388 1810 1438 1848 15
1464 1810 1521 1846 ΡΑ
1529 1819 1624 1846 ULUS
1634 1810 1726 1847 libro
1737 1821 1776 1846 se
1804 1812 2027 1858 tuaqensimo
2052 1812 2177 1858 quinto
2201 1813 2251 1848 ad
2272 1813 2424 1849 edictum

1338 1856 1460 1892 Etiam
1492 1855 1537 1892 de
1565 1856 1745 1901 praesenti
1790 1860 1893 1900 egato
1924 1856 2043 1892 locum
2071 1857 2182 1893 habet
2209 1858 2299 1894 haec
2322 1859 2425 1894 satis-

1339 1901 1436 1937 datio
1447 1902 1488 1944 32,
1525 1902 1694 1947 quoniam
1721 1902 1910 1937 nonnullas
1941 1911 2059 1937 moras
2096 1902 2263 1939 exercitio
2303 1903 2425 1939 iudicii

1343 1951 1356 1982 1
1406 1947 1527 1982 habet.
1574 1946 1614 1982 Si
1642 1950 1679 1982 et
1705 1947 1751 1982 ab
1774 1946 1905 1982 herede
1928 1947 2093 1983 instituto
2116 1947 2313 1992 legatorum
2337 1949 2425 1984 satis

1339 1992 1520 2038 acceperit
1534 1992 1728 2036 legatarius
1742 1996 1778 2028 et
1798 2002 1821 2027 a
1835 1992 2062 2029 Trebelliano
2085 1992 2424 2036 fideicommissario,

1339 2042 1492 2082 utraque
1505 2037 1647 2082 quidem
1664 2037 1848 2082 stipulatio
1864 2038 2113 2079 committetur,
2139 2038 2202 2074 sed
2218 2039 2426 2085 exceptione

1339 2093 1378 2119 se
1401 2082 1562 2118 tuebitur
1584 2083 1708 2126 heres,
1738 2083 1824 2128 quia
1846 2093 1971 2119 cavere
1994 2094 2067 2119 non
2090 2083 2262 2119 debuerit.
2308 2084 2373 2120 sed
2395 2084 2426 2120 si

1340 2138 1425 2174 pars
1455 2127 1663 2163 hereditatis
1694 2128 1861 2164 restituta
1884 2128 1950 2170 sit,
1986 2129 2031 2164 ab
2055 2133 2207 2174 utroque
2231 2130 2425 2165 cavendum

1340 2177 1360 2209 2
1407 2176 1472 2209 est.
1520 2173 1642 2208 Etiam
1665 2173 1696 2209 si
1719 2174 1766 2209 ab
1789 2174 1958 2209 intestato
1982 2173 2157 2210 debeatur
2178 2174 2424 2210 fideicommis-

1341 2229 1420 2254 sum
1454 2219 1574 2254 locum
1596 2218 1707 2254 habet
1728 2218 1819 2254 haec
1843 2218 2036 2264 stipulatio.

1389 2245 1439 2301 16
1467 2263 1591 2300 G-Mvs
1604 2263 1695 2299 libro
1713 2265 1903 2300 vicensimo
1917 2265 2068 2310 septimo
2092 2264 2142 2300 ad
2164 2264 2316 2301 edictum
2333 2276 2424 2313 pro-

1338 2308 1492 2345 vinciale
1537 2309 1576 2344 Si
1606 2308 1677 2345 duo
1709 2309 1868 2345 eiusdem
1896 2309 2048 2345 nominis
2079 2309 2162 2345 de³⁸
2189 2309 2306 2355 legato
2339 2321 2424 2346 cou-

1338 2354 1503 2396 tendant,
1541 2354 1701 2399 utrisque
1725 2354 1934 2390 satisdatur:
1959 2364 2025 2390 nec
2033 2355 2063 2376 ³⁴
2087 2355 2228 2391 onerari
2249 2355 2424 2400 heredem,

1339 2410 1421 2435 cum
1448 2399 1565 2444 possit
1594 2398 1736 2435 eosdem
1765 2399 1993 2435 fideiussores
2022 2399 2069 2435 ad
2100 2404 2288 2445 utramque
2311 2401 2424 2446 stipu-

1338 2444 1507 2483 lationem
1529 2444 1716 2487 adhibere,
1741 2445 1802 2488 qui
1825 2448 1862 2480 et
1883 2444 1951 2489 ipsi
1973 2455 2046 2480 non
2070 2450 2266 2481 onerantur
2275 2446 2318 2488 ³⁵,
2343 2457 2423 2482 011111

1339 2490 1501 2525 futurum
1524 2489 1580 2532 sit,
1605 2493 1646 2524 ut
1668 2490 1731 2525 11111
1754 2493 1971 2525 tenerentur.

1388 2532 1438 2572 17
1463 2534 1521 2570 ΡΑ
1528 2544 1572 2570 UL
1579 2544 1623 2570 σε
1636 2535 1726 2571 libro
1743 2534 1887 2581 quadra
1914 2535 2048 2571 ensimo
2062 2540 2188 2571 octavo
2205 2535 2256 2571 ad
2270 2536 2423 2572 edictum

1339 2579 1377 2615 Si
1410 2580 1457 2615 ab
1488 2590 1560 2615 uno
1591 2590 1636 2616 ex
1666 2580 1856 2622 heredibus
1901 2584 2086 2624 egatorum
2109 2580 2195 2616 satis
2220 2581 2423 2627 accipimus,

1340 2636 1422 2660 cum
1435 2625 1482 2661 ab
1507 2625 1670 2661 omnibus
1698 2625 1887 2661 heredibus
1911 2625 2015 2661 nobis
2027 2626 2058 2647 ³⁰
2079 2625 2234 2669 legatum
2256 2630 2368 2662 esset:
2394 2627 2424 2662 si

1338 2680 1424 2723 pars
1436 2671 1465 2692 ³⁷
1483 2670 1667 2706 coheredis
1689 2670 1875 2706 adcrescat
1920 2670 2113 2713 romissori,
2137 2670 2175 2705 in
2197 2674 2313 2706 totum
2335 2670 2422 2707 fide-

1338 2725 1495 2796 {luslsores
1519 2719 1686 2751 tenentur
1695 2716 1736 2759 ³⁸,
1761 2715 1792 2751 si
1815 2715 1883 2751 soli
1908 2726 1968 2750 um
1990 2715 2145 2760 legatum
2155 2716 2187 2737 ³⁹
2208 2715 2239 2751 is
2264 2716 2422 2761 coeperit

1363 2771 1382 2797 e
1409 2771 1468 2796 ere
1495 2763 1520 2795 ⁰.

1387 2804 1489 2845 18⁴⁰·
1508 2804 1716 2841 Seuerou
1740 2805 1831 2841 libro
1854 2806 2045 2842 vicensimo
2075 2816 2172 2841 nono
2199 2805 2421 2852 digestorum

1339 2851 1439 2895 Quae
1453 2850 1565 2886 filium
1582 2850 1775 2895 legitimum
1789 2850 2024 2894 relinquebat,
2048 2854 2187 2895 patrem
2203 2851 2423 2904 eundemque

1339 2896 1564 2932 collibertum
1587 2905 1632 2931 ex
1654 2905 1735 2930 asse
1759 2895 1902 2940 scripsit
1930 2895 2131 2931 heredem⁴¹
2162 2894 2315 2941 fideique
2346 2906 2422 2933 eius

1340 2941 1531 2983 commisit,
1564 2944 1622 2983 ut,
1654 2939 1825 2985 quidquid
1856 2940 1903 2975 ad
1933 2951 2013 2976 011111
2044 2950 2088 2975 ex
2118 2940 2316 2976 hereditate
2347 2942 2422 2977 eius

1338 2986 1568 3032 pervenisset,
1593 2996 1674 3020 cum
1690 2989 1899 3027 moreretur,
1922 2985 2127 3021 restitueret
2141 2985 2214 3021 filio
2229 2987 2421 3022 testatricis

1338 3031 1459 3096 nepoti
1475 3041 1551 3083 suo,
1569 3030 1710 3111 eteltm'ec
1720 3030 1752 3052 ⁴²
1766 3031 1876 3110 verb-iz.
1894 3030 2041 3110 adiecitt:
2067 3031 2165 3066 ‘satis
2179 3030 2301 3112 *3⁶³3
2318 3036 2422 3098 patre

1351 3086 1428 3112 meo
1458 3086 1478 3111 e
1581 3086 1602 3111 v
1641 3086 1685 3111 0.
1757 3086 1856 3111 110001
1874 3087 1934 3111 11111
1964 3086 2001 3112 00
2067 3086 2147 3111 cum
2176 3085 2207 3110 is
2302 3086 2379 3112 01110

1339 3086 1576 3157 000010οᾜ111
1591 3130 1694 3156 0110111
1712 3120 1862 3167 dissipat
1868 3121 1898 3142 ⁴⁴
1915 3124 1951 3157 et
1965 3102 2107 3156 ver'etur
2122 3124 2227 3166 pater
2241 3120 2420 3158 fideicom-

1338 3166 1509 3209 missarii,
1538 3175 1585 3201 ne
1611 3165 1717 3202 inane
1744 3165 2053 3202 fideicommissum
2083 3166 2338 3208 constituatur,
2374 3177 2421 3202 an

1339 3211 1386 3248 ad
1416 3210 1684 3247 satisdationem
1716 3211 1977 3247 fideicommissi
2012 3211 2152 3246 nomine
2213 3215 2324 3247 atrem
2359 3211 2419 3248 de·

1338 3256 1485 3292 functae
1498 3256 1709 3301 compellere
1724 3257 1849 3302 possit.
1872 3255 2056 3301 respondit
2066 3266 2175 3291 secun
2201 3267 2260 3291 um
2273 3267 2316 3292 ea
2352 3267 2421 3293 uae

1343 3305 1357 3337 1
1406 3305 1692 3347 proponerentur
1721 3312 1793 3337 non
1823 3300 2104 3346 compellendum
2135 3311 2271 3336 cavere.
2341 3301 2420 3338 dem

1335 3414 1443 3447 factus
1456 3414 1490 3447 F
1562 3415 1626 3456 (22)
1649 3414 1798 3457 publicio
1811 3414 1848 3448 F
1918 3415 1978 3454 (23)
2003 3424 2045 3447 110
2059 3414 2095 3447 F
2165 3418 2227 3455 (24)
2251 3413 2307 3447 0111
2319 3427 2376 3447 om.
2393 3415 2426 3448 F

1336 3460 1397 3501 (25)
1421 3459 1597 3502 perininde
1610 3460 1643 3493 F
1775 3459 1841 3502 (20)
1863 3458 1963 3492 civile
1976 3460 2008 3493 F
2142 3461 2205 3501 (27)
2230 3460 2332 3492 aristo
2344 3460 2379 3492 111
2393 3461 2425 3493 F

1336 3506 1400 3546 (28)
1426 3506 1467 3547 cs
1482 3505 1526 3537 D.
1543 3506 1596 3545 36,
1610 3512 1674 3546 4.1,
1687 3512 1704 3539 0
1796 3505 1862 3546 (10)
1884 3504 1914 3537 si
1925 3505 1961 3538 F
2048 3506 2113 3547 (so)
2137 3504 2190 3538 die
2203 3507 2292 3537 certa
2303 3503 2356 3537 vel
2366 3505 2418 3537 in-
2499 3527 2502 3532 2

1336 3548 1437 3591 certa]
1451 3549 1485 3582 di
1498 3553 1589 3582 certa
1601 3550 1639 3591 F,
1652 3550 1758 3593 suppl.
1773 3550 1820 3583 ad
1830 3549 1866 3582 B
1924 3551 1983 3592 (31)
2004 3551 2038 3583 et
2049 3550 2085 3583 F
2135 3550 2196 3590 (32)
2215 3548 2381 3582 satisdatis
2393 3550 2427 3583 F
2488 3576 2497 3590 ,

1337 3595 1399 3636 (88)
1423 3593 1463 3626 de
1476 3607 1534 3627 om.
1546 3595 1581 3627 F
1618 3596 1681 3637 (84)
1695 3594 1846 3636 utrisque
1858 3596 1950 3628 satur
1957 3594 2057 3628 veoF
2097 3595 2160 3636 (35)
2176 3596 2382 3627 nonerantur
2391 3594 2424 3627 F

1338 3640 1402 3680 (³0)
1427 3639 1534 3672 homis
1547 3640 1611 3682 F·,
1630 3638 1725 3673 hobi·
1737 3638 1787 3673 F⁰
1865 3641 1927 3682 (01)
1950 3639 2084 3683 parisF

1336 3690 1399 3731 (39)
1414 3691 1561 3722 secatum
1573 3687 1607 3721 F
1731 3688 1794 3728 (40)
1810 3686 1911 3719 deber
1925 3688 1957 3719 F
2075 3689 2156 3729 (⁴⁰⁸)
2175 3692 2219 3727 §5
2232 3702 2276 3715 ==
2289 3688 2343 3727 26,
2354 3695 2382 3723 9.
2397 3695 2413 3722 8

1336 3736 1393 3777 (41)
1407 3733 1563 3767 heredum
1575 3732 1609 3765 F
1659 3733 1721 3773 (42)
1733 3731 1796 3764 hac
1806 3732 1841 3765 F
1889 3733 1952 3773 (43)
1965 3732 2037 3765 eius
2048 3733 2083 3765 F
2131 3733 2191 3774 (44)
2203 3732 2379 3775 dissipatre
2389 3732 2423 3766 F

2157 3641 2222 3681 (⁸8)
2245 3639 2425 3672 teneturF
2492 3666 2494 3671 ,
