2528 3918
191 127 486 170 XXXXVHII
519 130 569 170 14

194 250 361 285 hibentur
384 252 530 295 propter
553 249 724 286 honorem
748 250 871 296 utique
889 253 927 287 et
944 250 1091 286 merita¹
1115 249 1273 286 militiae.

194 302 214 328 ti
261 295 350 330 Item
382 294 509 330 milites
540 299 687 340 propter
710 295 879 331 honorem
903 295 1158 341 stipendiorum
1182 305 1275 340 quae

195 344 210 374 ἰ
260 346 396 376 merent
420 339 560 375 deferre
579 340 825 386 prohibentur.
858 340 930 376 Sed
947 350 1169 376 communem
1187 350 1273 376 cau-

192 395 269 420 sam
298 384 366 421 sibi
398 395 480 420 cum
508 384 595 420 fisco
627 385 742 430 quivis
772 384 909 422 deferre
939 389 1074 431 potest,
1113 384 1183 421 hoc
1219 389 1276 421 est

192 429 388 473 vindicare,
419 440 485 465 nec
513 439 577 475 per
606 430 676 466 hoc
705 429 864 467 famosus
895 436 967 473 est,
997 430 1082 466 licet
1102 429 1142 465 in
1165 439 1275 465 causa

193 479 213 509 8
260 485 327 510 sua
357 485 428 510 non
459 475 665 520 optinuerit.
717 475 806 511 Item
840 485 921 518 eos,
960 476 1019 520 qui
1050 478 1189 510 tutores
1220 475 1276 511 vel

192 523 376 555 curatores
401 519 556 562 suerunt,
580 530 653 556 non
677 524 843 565 oportere
866 520 1004 556 deferre
1029 529 1157 556 causas
1170 521 1184 541 ²
1207 530 1273 565 pu·

193 565 358 610 pinorum
387 565 441 600 vel
472 564 752 601 adulescentium
781 576 928 601 suorum
958 564 1028 600 divi
1057 564 1207 601 Severus
1239 568 1276 600 et

193 610 394 646 Antoninus
424 610 694 656 rescripserunt.
745 610 841 656 quod
873 620 1094 655 consequens
1125 613 1179 645 est
1210 610 1274 645 ob-

192 654 325 690 servari
349 660 386 691 et
407 655 444 690 in
467 664 521 697 eo,
546 655 605 700 qui
630 655 732 700 quasi
755 659 968 701 procurator
987 655 1129 700 negotia
1146 655 1273 700 gessit:

191 704 230 735 et
244 700 296 735 ita
312 700 405 735 idem
420 700 604 752 principes
620 701 892 746 rescripserunt.
931 700 1023 735 idem
1042 699 1276 735 decreverunt

192 745 291 780 nulla
315 745 569 781 constitutione
590 745 808 790 prohibitum
834 756 911 781 esse
930 749 1201 790 procuratorem
1220 745 1274 780 in-

191 790 375 835 terrogari,
400 789 463 826 sed
486 800 656 826 accusare
679 801 771 834 eum,
797 790 899 826 cuius
922 790 1064 834 negotia
1082 789 1203 835 gessit.
1239 794 1276 825 et

192 839 361 877 tutorem,
416 835 452 871 ui
484 839 549 870 aut
579 835 706 871 detulit
734 839 798 871 aut
827 835 1023 877 mandavit,
1055 834 1275 871 severissime

191 884 211 915 ¹.)
258 879 392 925 punicu
419 891 477 915 um
500 881 771 926 rescripserunt.
821 880 891 915 Sed
914 890 960 916 ne
983 880 1124 926 quidem
1146 880 1188 924 is,
1216 879 1276 925 qui

191 925 346 970 aliquam
369 924 527 961 vendidit
548 936 639 970 rem,
670 926 817 961 eandem
841 924 980 961 deferre
1004 925 1111 961 debet
1133 925 1188 960 vel
1210 935 1276 970 per

192 980 231 1006 se
253 970 309 1006 vel
331 980 397 1015 per
419 970 616 1006 subiectam
639 980 846 1016 personam,
874 980 919 1006 ne
941 970 1100 1016 alioquin
1122 980 1275 1016 poenam

191 1015 351 1060 patiatur
380 1015 415 1050 di
440 1025 521 1050 nam
552 1026 640 1051 suae
669 1026 863 1060 personae,
902 1019 944 1051 ut
974 1019 1011 1051 et
1040 1015 1275 1051 constitutum

197 1064 234 1095 10
281 1069 360 1096 esse
382 1070 422 1096 re
438 1065 547 1096 ertur.
583 1060 804 1106 Papinianus
827 1064 902 1096 tam
925 1061 1017 1096 libro
1041 1065 1144 1096 sexto
1169 1071 1276 1113 quam

191 1105 402 1141 undecimo³
431 1115 684 1150 responsorum
708 1106 835 1141 scribit
855 1106 907 1141 ita
930 1105 1071 1141 demum
1094 1106 1275 1151 publicam

189 1150 324 1186 auferri
346 1151 535 1195 pecuniam
560 1151 611 1193 ei,
642 1151 720 1204 qui,
754 1161 835 1186 cum
858 1155 936 1186 erat
958 1150 1131 1192 creditor,
1155 1151 1193 1186 in
1217 1161 1274 1187 so-

189 1196 304 1231 lutum
327 1196 515 1240 pecuniam
538 1201 696 1241 accepit,
729 1196 759 1231 si
789 1200 854 1231 aut
881 1196 1037 1239 sciebat,
1070 1206 1151 1231 cum
1180 1196 1275 1231 acci-

189 1241 327 1286 piebat,
351 1241 534 1286 publicum
558 1251 699 1286 quoque
722 1251 803 1277 esse
826 1241 1039 1284 debitorem,
1063 1244 1127 1276 aut
1150 1244 1276 1286 postea

190 1286 371 1331 cognovit,
403 1290 593 1331 antequam
617 1290 842 1322 consumeret
863 1286 1063 1331 pecuniam.
1111 1286 1175 1322 sed
1198 1286 1276 1331 pla-

190 1336 249 1367 cet
271 1330 472 1366 omnimodo
496 1331 529 1367 ei
552 1331 742 1376 pecuniam
765 1331 996 1367 auferendam
1019 1341 1113 1375 esse,
1137 1331 1277 1367 etiamsi

189 1376 379 1429 ignoravit,
412 1387 491 1411 cum
515 1380 758 1412 consumeret:
790 1379 827 1412 et
856 1379 982 1422 postea
1036 1375 1155 1411 uidam
1176 1376 1275 1422 prin-

190 1431 289 1466 cipes
323 1421 494 1456 directam
529 1421 706 1457 actionem
738 1426 940 1467 competere
971 1421 1018 1456 ab
1033 1424 1094 1456 ata
1150 1421 1277 1457 ecunia

190 1466 461 1547 rescripsegnnt,
485 1470 526 1501 ut
545 1469 583 1502 et
598 1466 818 1503 Marcellus⁴¹
843 1467 934 1503 libro
953 1466 1104 1513 septimo
1149 1466 1156 1474 ‘
1183 1469 1275 1502 esto-

190 1522 269 1547 rum
291 1512 361 1547 scri
388 1512 426 1546 it.

239 1554 289 1593 19
315 1556 560 1592 Papumws
589 1556 679 1592 libro
704 1557 841 1593 decimo
863 1567 1121 1604 responsorum
1167 1556 1277 1593 Deni-

190 1612 259 1647 que
282 1612 355 1637 non
378 1611 457 1637 esse
480 1601 718 1647 praestandas
742 1611 890 1646 usuras,
923 1612 1005 1637 cum
1035 1602 1190 1648 pecunia
1220 1612 1276 1638 re-

189 1651 356 1689 vocatur,
387 1647 574 1690 convenit,
604 1647 773 1692 quoniam
804 1657 881 1691 res,
912 1658 985 1683 non
1012 1657 1169 1693 persona
1191 1658 1277 1683 con·

188 1692 341 1727 venitur.

235 1735 289 1775 20
313 1736 423 1772 IDEM
449 1737 541 1773 libro
565 1736 754 1773 undecimo
778 1746 819 1772 re
864 1747 1034 1772 onsorum
1082 1736 1152 1772 Sed
1176 1747 1276 1773 revo-

189 1787 272 1863 (clatJa
301 1782 456 1827 pecunia
485 1782 523 1817 in
552 1781 797 1818 fideiussorem
842 1782 1022 1818 iberatum
1051 1782 1150 1818 utilis
1182 1782 1278 1819 actio

213 1838 236 1862 a
261 1827 343 1862 itur.

235 1870 284 1909 21
314 1871 474 1908 Panos
500 1871 592 1908 libro
617 1872 723 1908 tertio
746 1873 997 1919 quaestionum
1049 1872 1186 1916 Titius,
1218 1873 1278 1918 qui

188 1917 274 1952 mihi
305 1917 373 1952 sub
403 1917 612 1963 pignoribus
669 1918 832 1953 ecuniam
863 1917 1034 1961 debebat,
1071 1928 1152 1953 cum
1184 1922 1278 1954 esset

188 1963 266 1998 fisci
289 1962 441 2005 debitor,
466 1962 571 1998 solvit
593 1962 639 1997 m‘
669 1962 676 1969 '
727 1972 795 1998 uae
818 1962 993 1998 debebat:
1019 1967 1146 2009 postea
1168 1962 1277 2000 fiscus

187 2007 266 2043 iure
291 2018 356 2043 suo
379 2018 466 2043 usus
490 2007 641 2043 abstulit
663 1973 749 2042 mi‘iii
778 2007 979 2053 pecuniam.
1027 2009 1277 2053 quaerebatur,

188 2063 237 2088 an
266 2053 419 2088 liberata
449 2056 572 2088 essent
600 2053 761 2098 pignora.
810 2053 1005 2089 Marcellus
1035 2058 1132 2090 recte
1155 2053 1277 2090 existi-

188 2098 329 2140 mabat,
362 2098 395 2134 si
423 2097 461 2133 id
492 2097 588 2142 quod
616 2098 702 2133 mihi
726 2098 882 2133 solutum
905 2102 961 2134 est
983 2098 1093 2135 fiscus
1118 2099 1277 2142 abstulit,

188 2154 261 2179 non
284 2146 486 2188 competere
508 2143 546 2188 pi
595 2153 697 2178 orum
725 2143 984 2179 liberationem.
1033 2154 1148 2189 neque
1177 2144 1278 2180 diffe-

187 2188 340 2224 rentiam
369 2188 542 2223 admitten
569 2198 625 2223 am
654 2198 733 2224 esse
765 2188 928 2224 existimo
951 2189 1124 2225 interesse
1146 2194 1277 2234 putan-

187 2234 297 2276 tium,
326 2233 365 2269 id
392 2233 511 2279 ipsum
540 2233 636 2279 quod
659 2234 816 2269 solutum
840 2237 895 2269 est
918 2244 965 2269 an
987 2234 1197 2270 tantundem
1220 2245 1277 2270 re-

213 2282 343 2315 etatur.

187 2290 211 2325 p
234 2322 288 2361 22
330 2322 567 2359 Mauouiws
609 2323 700 2359 libro
745 2323 930 2370 sinqulari
969 2323 1015 2360 de
1057 2324 1278 2360 delatoribus

187 2369 261 2405 Res
273 2370 298 2412 ⁵,
323 2378 416 2414 quae
438 2368 475 2403 in
499 2368 743 2404 controversia
766 2372 867 2412 sunt,
898 2379 969 2404 non
994 2369 1126 2405 debent
1148 2378 1171 2404 a
1192 2379 1277 2414 pro-

189 2418 356 2450 curatore
380 2412 545 2449 Caesaris
570 2413 739 2456 distrahi,
769 2413 831 2449 sed
855 2413 1051 2450 differenda
1074 2416 1131 2450 est
1153 2425 1276 2450 eorum

187 2460 355 2502 venditio,
379 2463 421 2494 ut
443 2458 570 2494 divus⁶
594 2468 736 2504 quoque
759 2458 910 2495 Severus
935 2463 972 2495 et
993 2460 1198 2495 Antoninus
1221 2470 1277 2495 re-

189 2505 421 2550 scripserunt,
446 2507 483 2539 et
501 2503 671 2539 defuncto
689 2503 886 2540 maiestatis
903 2514 976 2548 reo,
1000 2507 1128 2550 parato
1148 2504 1279 2541 herede

186 2559 342 2596 purgare
364 2548 606 2584 innocentiam
629 2549 777 2592 mortui,
811 2549 1079 2586 distractionem
1102 2550 1278 2586 bonorum

188 2594 359 2641 suspendi
387 2595 585 2636 iusserunt,
617 2597 655 2630 et
682 2594 896 2638 generaliter
917 2595 1180 2640 prohibuerunt
1203 2606 1278 2632 rem

188 2640 338 2676 distrahi
368 2649 391 2674 a
421 2643 674 2684 procuratore,
710 2649 802 2685 quae
831 2644 925 2676 esset
952 2640 991 2675 in
1022 2640 1276 2676 controversia.

193 2689 205 2721 ί
256 2684 328 2721 Res
353 2688 473 2720 autem
498 2693 608 2720 nexas
632 2684 774 2730 pignori
797 2684 996 2721 distrahere
1021 2689 1278 2731 procuratores

187 2733 350 2776 possunt.
406 2729 469 2764 sed
507 2729 539 2765 si
575 2733 659 2764 ante
695 2729 757 2764 alii
786 2740 843 2766 res
875 2730 1055 2776 obligatae
1085 2734 1172 2767 sunt
1201 2731 1278 2767 iure

187 2774 363 2821 pignoris,
395 2784 468 2810 non
498 2773 605 2810 debet
634 2779 850 2820 procurator
880 2776 937 2811 ius
963 2775 1180 2812 creditorum
1202 2776 1277 2812 lae-

188 2821 288 2855 dere:
315 2819 379 2855 sed
402 2820 432 2855 si
457 2819 622 2864 quidem⁷
646 2819 866 2866 superfluum
890 2824 945 2856 est
966 2821 1005 2856 in
1027 2831 1078 2864 re,
1102 2822 1277 2874 permitti-

187 2869 248 2901 tur
269 2864 499 2911 procuratori
521 2864 672 2900 vendere
702 2875 746 2901 ea
775 2865 871 2911 lege,
902 2870 945 2901 ut
971 2866 1132 2919 inprimis
1162 2866 1276 2902 credi-

187 2910 326 2946 toribus
349 2909 645 2955 praecedentibus
669 2909 826 2946 satisfiat
847 2915 883 2946 et
901 2911 933 2947 si
953 2911 1039 2957 quld
1058 2910 1278 2957 superfluum

187 2959 259 2999 est,
291 2953 381 2990 fisco
410 2953 596 2998 inferatur,
626 2958 708 2998 aut,
740 2955 771 2991 si
800 2956 982 3001 acceperit
1010 2960 1126 2993 totum
1154 2956 1276 3002 fiscus,

187 3001 302 3036 solvat
331 2999 427 3045 ipse:
466 2999 522 3035 vel
556 2999 766 3046 simpliciter
801 3001 832 3036 si
862 3001 1020 3037 vendidit
1050 3007 1276 3047 procurator,

187 3045 326 3081 iubebit
347 3044 548 3090 pecuniam,
573 3054 681 3088 quam
705 3045 826 3081 deberi
850 3046 1019 3083 creditori
1038 3047 1176 3092 privato
1197 3047 1275 3083 fue-

187 3091 234 3126 rit
290 3090 476 3133 robatum,
508 3089 643 3125 exsolvi
673 3090 717 3125 ei.
764 3095 802 3126 et
829 3091 881 3126 ita
909 3091 1037 3127 divus⁶
1059 3090 1211 3128 Severus
1240 3096 1277 3128 et

187 3138 207 3171 2
254 3101 460 3171 Kntoninus
494 3135 767 3187 rescripserunt.
822 3136 922 3172 Lites
954 3136 1105 3173 donatas
1135 3148 1174 3173 se
1205 3148 1277 3173 non

187 3180 370 3246 suscipere
400 3180 502 3215 divus
532 3178 619 3215 Pius
650 3180 852 3225 rescripsit,
892 3181 976 3217 licet
1006 3182 1102 3218 bona
1133 3182 1275 3218 relictu-

187 3236 267 3261 rum
323 3234 362 3261 se
386 3224 465 3270 quis
490 3223 720 3270 profiteatur:
752 3226 807 3260 vel
837 3230 976 3271 partem
1007 3227 1182 3263 bonorum
1212 3227 1276 3263 do-

187 3276 309 3305 natam
340 3280 412 3305 non
444 3270 637 3316 suscipere.
692 3273 729 3305 et
763 3270 894 3306 adiecit
933 3276 970 3307 et
999 3271 1100 3307 illum
1131 3272 1276 3318 dignum

186 3315 298 3351 fuisse
328 3315 449 3361 puniri
480 3325 547 3367 pro
578 3318 651 3350 tam
683 3315 780 3360 turpi
811 3320 955 3362 tamque
978 3317 1153 3354 invidioso
1178 3328 1274 3353 com·

188 3362 317 3403 mento,
342 3360 403 3395 et⁹
426 3359 494 3395 nisi
512 3359 640 3395 durum
660 3369 740 3396 esse
756 3359 943 3397 videbatur
961 3362 998 3397 in
1018 3362 1111 3398 ultro
1132 3363 1274 3398 venien-

187 3408 206 3440 3
252 3409 325 3441 tem
357 3414 510 3449 poenam
541 3409 710 3441 statuere.
760 3404 861 3441 Sicut
890 3407 1055 3443 nuntiare
1068 3409 1096 3429 ¹⁰
1128 3418 1275 3444 causam

186 3460 289 3486 nemo
315 3449 464 3494 cogitur,
488 3450 540 3484 ita
559 3449 710 3485 liberum
730 3450 916 3486 arbitrium
938 3451 1131 3488 desistendi
1150 3453 1183 3488 ei
1202 3463 1275 3488 non

186 3495 294 3531 datur
324 3495 385 3540 qui
418 3494 563 3530 detulit:
596 3499 632 3530 et
660 3496 711 3530 ita
742 3495 813 3531 divi
836 3496 988 3532 Severus
1012 3501 1048 3532 et
1070 3498 1274 3534 Antoninus

187 3610 228 3651 (1)
252 3611 286 3641 et
296 3608 429 3652 merita]
441 3608 598 3642 emeritae
612 3609 810 3643 Stewechius

188 3655 208 3686 Ι.
222 3661 259 3687 20
274 3655 303 3686 Ιι.
318 3662 337 3687 t.
420 3656 465 3695 (4)
491 3656 534 3697 ςῙί
548 3654 570 3688 I.
583 3655 659 3689 211³.
674 3662 693 3688 t.

186 3703 229 3739 (7)
255 3698 337 3741 quid
358 3700 430 3733 edd.
526 3699 574 3742 (s)
597 3697 790 3734 relictorum
811 3701 845 3733 F

186 3747 247 3785 (ιο)
271 3744 465 3777 renuntiare
478 3744 527 3777 F¹
620 3747 676 3786 (ιι)
701 3744 743 3777 ad
758 3758 820 3779 scr.

886 3611 930 3652 ‹2›
954 3620 1052 3643 eausa
1066 3612 1098 3644 F
1162 3613 1206 3655 ‹a›
1230 3614 1272 3656 cf

777 3658 820 3691 (ὃ)
846 3665 897 3689 res
909 3656 973 3690 det.
1058 3659 1102 3698 (6)
1128 3657 1197 3690 divi
1209 3669 1271 3691 scr.

937 3701 984 3743 (9)
1007 3702 1041 3734 et
1061 3702 1123 3734 del.
1145 3702 1272 3736 Iensius

914 3748 977 3788 (¹2)
999 3744 1051 3780 vel
1070 3746 1158 3780 actio
1177 3757 1271 3790 pere·

1258 124 1342 173 83⁰

1485 76 1553 111 *FN*

1547 114 1552 127 t

2083 143 2144 175 DE
2172 144 2277 177 mna·
2307 144 2422 178 mser

1343 249 1621 294 rescripserunt:
1645 253 1682 287 et
1703 249 1796 288 idem
1819 261 1909 295 esse,
1933 252 2018 289 licet
2039 251 2156 289 alieno
2174 253 2342 290 mandato
2362 254 2422 291 de-

1343 294 1494 330 tulisset.
1547 295 1653 341 plane
1687 297 1948 343 rescripserunt
1983 296 2177 334 delatorem
2207 298 2424 336 audiendum

1344 339 1518 375 volentem
1548 350 1572 375 a
1598 340 1660 376 lite
1689 340 1876 385 desistere,
1906 343 1938 379 si
1967 342 2037 378 sibi
2064 342 2309 380 mandatorem
2338 345 2424 381 sub-

1342 387 1498 420 tractum
1521 389 1702 431 queratur.

1390 426 1443 466 23
1472 428 1756 466 Carmsmnvs
1781 431 1872 468 libro
1895 432 2052 468 secundo
2076 432 2121 468 dc
2144 433 2223 468 iure
2242 433 2327 479 fisci
2370 434 2425 470 De

1343 483 1387 509 eo
1410 473 1588 517 delatore,
1624 475 1686 520 qui
1708 485 1854 512 causam
1877 476 1974 513 solus
1998 487 2103 523 agere
2126 477 2331 514 instituerat
2354 490 2426 514 non

1343 519 1470 554 habita
1487 519 1665 556 mentione
1685 520 1916 564 mandatoris,
1941 522 1972 558 si
1991 526 2120 567 postea
2137 521 2297 565 desistat,
2321 534 2425 569 prae-

1343 564 1493 617 tendens
1522 565 1767 601 mandatorem
1797 576 1928 603 causae
1956 566 2172 610 decessisse,
2207 568 2426 613 puniendum

1344 608 1414 644 divi
1437 609 1568 646 fratres
1592 610 1866 655 rescripserunt.

1390 651 1443 691 24
1467 653 1704 691 Maneant-s
1724 656 1815 692 libro
1831 656 2013 710 sinqulari
2029 657 2075 693 de
2094 656 2315 693 delatoribus
2344 657 2426 694 Non

1343 702 1482 734 tantum
1514 699 1652 735 delator
1680 701 1845 745 punitur,
1875 711 1906 737 si
1936 712 2008 738 non
2063 702 2262 745 robaverit,
2297 703 2359 739 sed
2391 707 2429 739 et

1344 744 1550 780 mandator:
1582 755 1686 790 quem
1710 746 1878 782 exhibere
1900 745 2006 782 debet
2053 747 2178 784 elator.

1391 787 1444 827 25
1475 789 1670 826 ΠιΡΙΔΝυε
1689 790 1780 826 libro
1805 802 1900 827 nono
1924 792 2060 828 decimo
2083 792 2133 828 ad
2154 792 2328 829 Sabinum
2360 793 2428 829 Est

1344 838 1381 870 et
1412 835 1594 870 decretum
1631 835 1677 870 ab
1715 835 1930 881 imperatore
1966 836 2096 872 Severo
2126 841 2164 874 et
2194 838 2428 874 constitutum

1345 880 1443 915 nullo
1475 879 1579 915 modo
1605 880 1816 925 exigendum
1839 892 1943 927 quem
1990 882 2136 926 robare,
2167 883 2261 919 unde
2283 883 2427 925 habeat,

1346 925 1443 960 circa
1467 924 1663 961 delationes
1687 925 1846 969 fiscales,
1879 926 1942 962 sed
1965 893 2160 963 delatorem
2187 928 2342 973 probare
2366 928 2427 964 de·

1345 970 1429 1006 bere
1453 969 1548 1016 quod
1569 970 1732 1006 intendit.

1391 1012 1445 1052 26
1469 1015 1577 1050 Ilum
1595 1015 1686 1052 libro
1709 1016 1916 1062 triyensimo
1930 1017 2055 1063 primo
2074 1017 2124 1052 ad
2143 1015 2315 1053 Sabinum
2340 1017 2429 1054 Cum

1345 1060 1490 1105 quidam
1513 1059 1641 1105 capitis
1672 1070 1756 1096 reus
1779 1061 2041 1106 emancipasset
2062 1061 2193 1104 filium,
2225 1066 2267 1098 ut
2288 1062 2427 1099 heredi-

1344 1109 1456 1141 tatem
1487 1105 1619 1150 adiret,
1652 1105 1765 1142 rescri
1791 1111 1865 1141 tum
1888 1110 1944 1142 est
1973 1117 2046 1143 non
2074 1107 2184 1143 videri
2207 1107 2244 1143 in
2267 1107 2428 1143 fraudem

1344 1150 1423 1187 fisci
1445 1150 1593 1193 factum,
1619 1151 1715 1195 quod
1786 1151 1954 1196 quisitum
1978 1162 2051 1188 non
2073 1156 2139 1188 est.

1390 1193 1443 1232 27
1465 1195 1572 1231 loru
1591 1196 1682 1232 libro
1708 1197 1916 1242 triqensimo
1936 1200 2067 1242 quarto
2085 1197 2136 1233 ad
2151 1197 2305 1234 edictum
2340 1199 2428 1234 Cum

1344 1244 1494 1277 mortem
1523 1241 1684 1294 maritus
1703 1242 1826 1277 uxoris
1849 1246 2000 1278 necatae
2023 1253 2096 1278 non
2119 1242 2295 1286 defendit,
2327 1243 2429 1279 divus

1345 1286 1496 1322 Severus
1518 1286 1704 1331 rescripsit
1726 1286 1845 1322 dotem
1864 1286 1953 1323 fisco
1974 1287 2233 1330 vindicandam,
2258 1292 2366 1333 prout
2383 1289 2430 1323 ad

1344 1331 1512 1367 maritum
1535 1331 1722 1376 pertineat.

1391 1373 1445 1414 28
1470 1376 1577 1411 loru
1603 1376 1694 1413 libro
1726 1378 1831 1412 tertio
1860 1377 2147 1432 disputationum
2194 1377 2232 1413 Si
2261 1377 2323 1422 qui
2345 1378 2431 1413 mihi

1346 1422 1565 1467 obligaverat
1587 1431 1679 1467 quae
1706 1421 1817 1458 habet
1838 1422 2097 1468 habiturusque
2119 1426 2215 1459 esset
2237 1433 2318 1458 cum
2342 1421 2429 1458 fisco

1346 1466 1585 1509 contraxerit,
1609 1467 1792 1503 sciendum
1816 1471 1873 1504 est
1895 1468 1932 1503 in
1955 1478 1994 1503 re
2017 1471 2144 1514 postea
2167 1467 2346 1513 adquisita
2367 1467 2429 1504 fis-

1348 1523 1429 1549 cum
1460 1512 1636 1557 potiorem
1666 1522 1745 1548 esse
1769 1512 1899 1548 debere
1922 1513 2158 1558 Papinianum
2181 1512 2428 1558 respondisse:

1346 1556 1442 1610 quod
1476 1561 1513 1611 et
1528 1557 1782 1638 fi‹gonstitutum
1820 1562 1885 1594 est.
1934 1558 2118 1604 praevenit
2158 1557 2252 1594 enim
2283 1568 2430 1593 causam

1372 1614 1383 1638 1
1433 1613 1505 1638 ons
1574 1612 1649 1638 cus.

1346 1614 1371 1648 p
1420 1645 1446 1685 9
1478 1647 1585 1683 [osu
1616 1647 1707 1683 libro
1735 1650 1861 1683 octavo
1894 1647 2179 1700 disputationum
2225 1647 2334 1690 Eius,
2369 1648 2431 1694 qui

1346 1692 1542 1728 delatorem
1559 1692 1731 1738 corrupit,
1757 1701 1801 1728 ea
1824 1692 1986 1728 condicio
2011 1697 2077 1736 est,
2101 1696 2142 1727 ut
2164 1703 2231 1737 pro
2250 1692 2343 1728 victo
2366 1692 2431 1729 ha-

1346 1738 1491 1773 beatur:
1525 1748 1608 1773 nam
1631 1737 1669 1772 in
1690 1737 1875 1773 fiscalibus
1899 1737 2018 1773 causis
2046 1737 2083 1772 id
2107 1738 2340 1774 constitutum
2362 1742 2429 1774 est.

1346 1783 1411 1819 sed
1439 1783 1534 1819 enim
1565 1783 1656 1818 haec
1687 1792 1805 1827 poena
1834 1782 1946 1828 magis
1971 1786 2026 1818 est
2047 1786 2089 1818 ut
2120 1782 2289 1819 adversus
2313 1783 2430 1828 ipsum

1345 1828 1465 1864 locum
1487 1828 1630 1870 habeat,
1656 1828 1717 1873 qui
1736 1827 1930 1864 delatorem
1950 1827 2115 1863 redemit:
2141 1827 2348 1873 ceteroquin
2366 1828 2424 1864 ad—

1345 1874 1511 1909 versus¹¹
1534 1872 1701 1908 heredem
1723 1873 1800 1908 eius
1822 1873 1976 1908 transire
1998 1883 2071 1909 non
2094 1872 2211 1909 debet.
2246 1883 2314 1909 nec
2336 1874 2430 1909 enim

1346 1917 1473 1954 exinde
1495 1918 1589 1963 perit
1613 1928 1740 1962 causa,
1778 1928 1823 1953 ex
1846 1928 1916 1963 quo
1949 1917 2132 1963 redempta
2156 1922 2227 1960 est,
2257 1918 2312 1954 vel
2335 1918 2430 1954 actio

1345 1963 1541 2010 peremitur
1555 1964 1583 1984 ¹2
1613 1964 1670 1999 vel
1701 1963 1948 1999 condemnatio
1988 1963 2087 1998 facta
2116 1962 2274 2006 videtur,
2308 1973 2429 2000 verum

1346 2019 1368 2044 o
1396 2012 1491 2045 ortet
1506 2012 1687 2062 ‘constare
1716 2008 1817 2054 prius
1840 2012 1877 2043 et
1900 2008 1944 2044 de
1973 2008 2119 2044 crimine
2147 2007 2381 2054 pronuntiare
2392 2010 2429 2044 ¹⁸.

1347 2065 1457 2135 {eniti
1479 2053 1642 2134 idisti&
1663 2053 1734 2142 825,
1751 2053 2308 2152 ‘Siifft‘isstxfisssssssmtssgffiz
2327 2064 2431 2151 ,ἓξὲξ

1347 2149 1431 2180 tuus
1452 2148 1641 2190 corruptor
1663 2154 1736 2180 non
1759 2143 1901 2186 efficiet,
1926 2155 1998 2189 quo
2021 2155 2138 2180 mmus
2159 2154 2216 2189 agi
2239 2148 2354 2190 possit
2376 2148 2431 2180 at·

1347 2200 1416 2235 que
1447 2189 1635 2225 retractari
1666 2190 1832 2225 causa¹⁴2
1867 2189 1927 2225 hic
1958 2189 2051 2225 enim
2079 2200 2152 2225 non
2180 2199 2337 2234 poenae,
2368 2189 2432 2225 sed

1351 2239 1363 2269 1
1417 2245 1549 2270 causae
1584 2234 1764 2270 restitutio
1796 2237 1863 2270 est.
1910 2234 2023 2278 Eum,
2060 2235 2122 2280 qui
2158 2233 2289 2270 falsum
2319 2238 2430 2271 testa-

1346 2284 1505 2316 mentum
1529 2280 1636 2322 dixit,
1665 2289 1772 2325 posse
1796 2279 1893 2315 adire
1915 2279 2150 2316 hereditatem
2174 2282 2335 2315 constat:
2368 2279 2432 2315 sed

1348 2329 1367 2360 2
1416 2325 1597 2370 denegatis
1621 2325 1655 2360 ei
1678 2324 1880 2360 actionibus
1903 2324 1990 2360 fisco
2014 2325 2116 2360 locus
2139 2325 2217 2360 erit.
2267 2323 2319 2360 Et
2341 2325 2431 2361 obli-

1345 2370 1522 2415 gationes,
1554 2380 1643 2415 quas
1674 2370 1839 2406 adeundo
1870 2369 2048 2412 confudit,
2079 2380 2153 2405 non
2174 2370 2430 2405 restituuntur:

1346 2426 1429 2451 nam
1452 2419 1489 2451 et
1510 2415 1548 2451 in
1570 2425 1632 2459 eo,
1665 2415 1725 2459 qui
1774 2419 1832 2451 ost
1853 2414 1987 2450 aditam
2015 2414 2249 2451 hereditatem
2271 2414 2432 2451 defuncti

1345 2464 1497 2496 mortem
1530 2470 1602 2496 non
1637 2459 1743 2495 defen
1770 2460 1815 2503 ἰ,
1851 2459 2047 2505 imperator
2078 2463 2200 2495 noster
2223 2470 2306 2495 cum
2326 2464 2431 2505 patre

1345 2505 1530 2551 rescripsit
1553 2505 1786 2551 obligationes
1810 2504 1980 2541 confusas
2003 2515 2077 2541 non
2098 2504 2316 2547 resuscitari.

1393 2548 1446 2588 30
1471 2550 1709 2586 Mfflmws
1728 2550 1820 2586 libro
1844 2551 1948 2586 tertio
1972 2550 2234 2586 institutionum
2268 2549 2324 2586 Ne
2345 2560 2430 2596 pro-

1347 2599 1531 2632 curatores
1555 2595 1719 2632 Caesaris
1743 2595 1919 2632 bonorum
1942 2598 2094 2639 actores,
2142 2604 2213 2630 uae
2234 2595 2282 2631 ad
2303 2594 2432 2631 fiscum

1347 2641 1514 2677 devoluta
1539 2644 1634 2683 sunt,
1660 2641 1833 2684 alienent,
1866 2640 2100 2686 imperatores
2169 2650 2273 2676 verus
2296 2643 2333 2676 et
2355 2641 2430 2675 An-

1346 2686 1493 2722 toninus
1513 2686 1794 2731 rescripserunt:
1819 2689 1866 2729 et,
1889 2686 1919 2722 si
1934 2685 2143 2722 manumissi
2160 2684 2305 2728 fuerint,
2328 2695 2430 2721 revo-

1348 2735 1477 2767 cantur
1499 2731 1546 2766 ad
1570 2732 1786 2767 servitutem.

1392 2774 1442 2814 31
1470 2776 1578 2812 loru
1602 2776 1693 2813 libro
1725 2779 1857 2823 quarto
1880 2776 2143 2812 institutionum
2189 2775 2302 2811 Divus
2327 2774 2431 2811 Gom-

1347 2822 1474 2858 modus
1502 2822 1688 2868 rescripsit
1724 2821 1889 2858 obsidum
1920 2821 2017 2857 bona
2045 2821 2180 2856 sicut¹‘
2209 2819 2431 2867 captivorum

1346 2866 1548 2903 omnimodo
1570 2867 1608 2902 in
1631 2867 1758 2903 fiscum
1781 2876 1860 2902 esse
1884 2866 2061 2912 cogenda:

1392 2909 1446 2951 32
1470 2911 1579 2947 Imm
1602 2912 1694 2948 libro
1726 2916 1857 2958 quarto
1890 2911 2026 2947 decimo
2059 2911 2321 2948 institutionum
2367 2909 2432 2946 sed

1346 2957 1378 2993 si
1400 2960 1549 3002 accepto
1574 2967 1643 2993 usu
1666 2961 1771 3037 tog
1788 2957 1973 2992 Romanae
1996 2960 2038 2992 ut
2056 2956 2150 2993 cives
2168 2955 2323 2993 Romani
2338 2965 2431 3008 sem-

1345 3013 1410 3048 per
1432 3002 1585 3048 egerint,
1618 3002 1688 3038 divi
1767 3005 1840 3038 tres
1864 3001 2160 3047 procuratoribus
2182 3002 2431 3039 hereditatium

1345 3047 1606 3093 rescripserunt
1636 3047 1712 3083 sine
1753 3047 1975 3083 dubitatione
2004 3047 2061 3083 ius
2074 3048 2102 3069 ¹⁸
2136 3057 2259 3083 eorum
2290 3047 2336 3083 ab
2366 3047 2430 3084 ob-

1345 3093 1430 3129 sidis
1455 3092 1664 3128 condicione
1688 3097 1894 3147 separatum
1924 3102 2004 3128 esse
2027 3091 2200 3128 beneficio
2229 3091 2429 3139 principali,

1344 3138 1495 3182 ideoque
1517 3137 1611 3174 idem
1633 3137 1689 3172 ius
1713 3147 1765 3173 eis
1784 3137 1994 3173 servandum
2029 3137 2126 3182 quod
2149 3136 2333 3181 habent¹⁷,
2357 3137 2390 3174 si
2407 3147 2430 3173 a

1344 3183 1357 3218 l
1403 3182 1508 3218 'timis
1541 3182 1676 3218 civibus
1701 3182 1871 3218 Romanis
1900 3164 2048 3218 heredes
2079 3181 2232 3218 instituti
2263 3181 2427 3219 fuissent.

1421 3225 1444 3265 3
1477 3227 1671 3264 Urmms
1691 3228 1782 3263 libro
1801 3228 1926 3275 primo
1949 3237 2203 3275 responsorum
2237 3225 2344 3270 Eum,
2368 3227 2430 3273 qui

1345 3272 1515 3309 debitoris
1538 3271 1617 3308 fisci
1640 3272 1727 3307 adiit
1750 3272 1999 3315 hereditatem,
2030 3271 2221 3318 privilegiis
2245 3271 2323 3308 fisci
2346 3282 2428 3309 coe-

1344 3319 1440 3364 pisse
1463 3326 1542 3354 esse
1565 3317 1778 3353 subiectum.

1391 3360 1445 3401 34
1477 3361 1619 3398 Mat-212
1650 3363 1742 3399 libro
1771 3362 1929 3399 secundo
1953 3361 2185 3409 publicorum
2199 3362 2228 3384 ¹⁸
2271 3361 2428 3408 Impera-

1345 3411 1441 3444 tores
1473 3407 1624 3444 Severus
1657 3412 1693 3443 et
1724 3407 1928 3443 Antoninus
1960 3406 2165 3452 Asclepiadi
2191 3406 2245 3443 ita
2273 3406 2428 3453 rescrip-

1344 3456 1485 3489 serunt:
1523 3452 1592 3488 ‘Tu
1646 3453 1706 3498 qui
1741 3452 1946 3488 defensione
1980 3451 2112 3487 omissa
2144 3451 2317 3488 redimere
2345 3460 2426 3488 sen-

1345 3498 1505 3534 ‘tentiam
1537 3480 1711 3542 mainisti,
1745 3508 1825 3533 cum
1848 3497 1914 3533 tibi
1944 3496 2078 3532 crimen
2101 3496 2323 3541 obiceretur,
2354 3506 2428 3534 non

1342 3611 1447 3645 mitur
1459 3612 1522 3646 del.
1615 3613 1675 3655 (1³)
1699 3612 1849 3645 constare
1860 3610 1955 3654 prim
1967 3609 2008 3643 de
2019 3609 2159 3644 erimine
2170 3613 2204 3644 et
2214 3611 2427 3654 pronuntiari

1341 3669 1404 3691 ser.
1425 3658 1586 3698 (similiter
1606 3658 1704 3698 Hac)
1809 3659 1867 3697 (14)
1892 3664 2023 3688 oausam
2043 3655 2078 3688 F
2172 3657 2232 3698 (15)
2256 3656 2355 3689 sicuti
2377 3655 2427 3689 Ρ

1340 3705 1414 3780 Q
1426 3701 1584 3781 {griis-dg
1606 3703 1665 3735 ine.
1766 3705 1824 3744 (ιτ)
1847 3700 2009 3735 haberent
2028 3701 2100 3734 odd.
2200 3703 2259 3743 (ιο)
2284 3699 2422 3733 indicio-
