2528 3918
200 140 468 183 XXXXVIII
501 142 551 183 19

199 274 279 299 mea
302 263 372 298 fort
395 274 416 299 ο
442 263 529 306 ἰιιίο,
562 273 709 308 prorsus
738 273 800 300 eos
824 273 895 299 non
919 262 1102 305 debuisse,
1161 266 1277 299 ostea-

200 318 305 352 quam
328 319 423 343 seme
460 308 616 343 damnati
641 311 735 351 sunt,
759 308 891 351 audiri,
923 307 1092 354 quidquid
1114 273 1160 343 af]
1226 311 1275 343 nt.

201 353 278 398 quis
309 353 399 388 euim
433 353 573 388 dubitat
600 353 796 389 cludendae
825 363 963 400 poenae
987 363 1097 388 causa
1119 352 1165 388 ad
1214 363 1277 388 aec

200 408 261 433 eos
291 397 479 433 decurrere
502 398 684 443 magisque
706 408 784 434 esse
807 398 1023 444 puniendos,
1056 398 1117 442 qui
1143 397 1278 433 tamdiu

201 442 466 485 conticuerunt,
505 443 600 488 quod
633 453 698 488 pro
730 444 846 479 salute
875 443 1045 488 principis
1076 443 1208 478 habere
1239 452 1278 478 se

201 487 318 523 dicere
340 488 501 523 iactant?
535 498 601 523 nec
620 488 714 523 enim
735 488 912 524 debebant
929 492 1003 522 tam
1022 497 1184 532 magnam
1204 498 1278 523 rem

207 537 215 567 1
268 536 340 567 tam
372 532 431 568 diu
462 533 621 568 reticere.
671 532 714 578 >Si
746 535 857 578 quos¹
890 533 1057 568 comitum
1088 532 1143 568 vel
1172 531 1280 577 legati

201 578 255 612 sui
279 588 359 613 reos
390 578 582 623 proconsul
613 578 800 622 invenerit,
833 581 952 613 utrum
982 577 1108 623 punire
1132 587 1193 613 eos
1218 577 1278 613 de-

200 622 285 657 beat
307 633 353 657 an
378 623 575 658 successori
599 633 750 667 servare,
776 623 898 668 quaeri
921 627 1050 667 potest.
1087 622 1150 658 sed
1167 623 1280 657 multa

201 671 344 702 exstant
367 667 544 712 exempla,
570 669 686 712 quae²
709 678 781 703 non
806 672 943 703 tantum
967 667 1172 702 officialium
1196 677 1279 703 suo-

200 723 278 746 rum
303 722 368 747 nec
393 713 459 748 sub
484 722 522 748 se
545 713 724 758 agentium
733 715 758 755 ³,
788 723 909 748 verum
933 722 1017 748 suos
1042 722 1111 766 quo
1137 721 1182 747 ue
1206 722 1280 748 ser-

200 767 262 792 vos
286 758 425 802 poena⁴
450 756 676 793 adfecerunt:
707 757 802 803 quod
826 757 967 802 quidem
989 756 1108 792 famen
1134 768 1192 792 um
1216 760 1280 800 est,

202 805 221 836 2
268 807 309 836 ιιι
332 802 492 847 exemplo
517 802 675 838 deterriti
699 803 814 838 minus
838 802 1055 847 delinquant.
1092 801 1198 837 Nunc
1220 812 1280 847 ge-

201 857 288 882 nera
310 858 505 891 poenarum
527 848 630 883 nobis
650 847 891 883 enumeranda
911 850 1004 890 sunt,
1030 846 1158 892 quibus
1176 857 1280 892 prae-

201 891 295 927 sides
315 892 466 927 adficere
484 902 657 938 quemque
677 893 826 938 possint.
863 896 898 927 et
914 895 999 927 sunt
1017 901 1165 936 poenae,
1190 902 1282 937 quae

200 940 263 970 aut
284 937 391 971 vitam
415 937 572 972 adimant
595 940 659 972 aut
682 937 884 972 servitutem
907 937 1093 981 iniungant
1115 940 1179 972 aut
1198 936 1281 972 civi-

200 985 309 1016 tatem
333 982 499 1017 auferant
523 987 585 1018 aut
608 982 749 1018 exilium
771 986 834 1017 aut
853 981 1103 1017 coercitionem
1122 981 1281 1027 corporis

201 1027 423 1062 contineant:

247 1069 271 1106 7
299 1071 583 1108 Carmsrmws
602 1072 693 1107 libro
716 1076 821 1106 sexto
845 1070 890 1106 de
912 1071 1176 1118 coqnitionibus
1210 1074 1282 1114 (ve-

200 1116 265 1150 luti
289 1116 447 1160 fustium,
473 1116 685 1152 admonitio:
717 1116 950 1161 flagellorum,
977 1116 1181 1162 castigatio:
1206 1116 1281 1152 vin-

201 1161 374 1200 culorum,
398 1161 610 1205 verberatio)

247 1204 272 1244 8
304 1205 497 1242 ULPIANUS
518 1207 608 1241 libro
629 1218 723 1241 nouo
742 1206 787 1241 de
806 1205 932 1251 officio
945 1205 1179 1252 proconsulis
1221 1209 1284 1241 aut

201 1251 367 1286 damnum
393 1262 473 1286 cum
496 1251 643 1286 infamia
666 1254 729 1285 aut
752 1250 932 1295 dignitatis
956 1250 1112 1304 aliquam
1141 1251 1282 1297 deposi-

206 1301 216 1331 1
268 1296 399 1331 tionem
438 1300 501 1331 aut
535 1295 685 1331 alicuius
723 1298 827 1331 actus
859 1295 1144 1340 prohibitionem.
1202 1297 1284 1331 Vita

201 1341 384 1384 adimitur,
417 1345 458 1375 ut
480 1345 567 1386 puta
590 1341 620 1376 si
645 1340 834 1375 damnatur
858 1340 1006 1386 aliquis,
1038 1343 1078 1376 ut
1105 1340 1222 1386 gladio
1246 1342 1284 1376 in

201 1397 281 1422 eum
306 1386 619 1421 animadvertatur.
655 1385 718 1421 sed
742 1385 973 1421 animadverti
991 1385 1110 1431 gladio
1130 1390 1282 1431 oportet,

201 1442 273 1467 non
304 1431 420 1466 securi
449 1431 504 1466 vel
527 1430 599 1466 telo
623 1431 679 1466 vel
701 1430 789 1466 fusti
811 1430 867 1465 vel
890 1431 1018 1475 laqueo
1041 1430 1095 1466 vel
1119 1441 1188 1476 quo
1213 1431 1284 1466 alio

200 1476 317 1512 modo.
366 1475 514 1527 proinde
544 1485 610 1511 nec
640 1475 786 1511 liberam
817 1476 942 1511 mortis
965 1475 1174 1511 facultatem
1198 1487 1282 1512 con-

202 1520 350 1556 cedendi
372 1531 427 1555 lus
452 1520 634 1566 praesides
657 1521 803 1556 habent.
851 1521 962 1556 multo
992 1521 1110 1556 enim-‘³
1140 1520 1195 1556 vel
1223 1531 1283 1556 ve-

201 1577 294 1601 neno
334 1566 486 1600 necandi
496 1566 520 1600 ⁸.
574 1565 644 1600 divi
686 1569 806 1601 tamen
850 1565 981 1601 fratres
1023 1566 1284 1611 rescripserunt

202 1614 222 1646 2
269 1610 513 1656 permittentes
543 1610 691 1646 liberam
722 1611 847 1646 mortis
878 1610 1097 1646 facultatem.
1152 1611 1283 1646 Hostes

201 1659 331 1697 autem,
355 1655 440 1690 item
462 1655 670 1700 transfugae
693 1665 737 1690 ea
758 1665 876 1700 poena
899 1655 1129 1699 adficiuntur,
1153 1659 1195 1691 ut
1216 1655 1284 1690 vivi

203 1705 221 1735 3
269 1704 477 1736 exurantur.
524 1700 600 1736 Nec
623 1710 667 1736 ea
690 1701 831 1745 quidem
854 1710 972 1745 poena
995 1700 1157 1735 damnari
1180 1711 1284 1746 quem

203 1749 354 1791 oportet,
379 1749 421 1780 ut
442 1745 648 1781 verberibus
672 1749 820 1781 necetur
842 1746 898 1780 vel
916 1745 1023 1791 virgis
1042 1746 1283 1787 interematur,

202 1802 268 1826 nec
288 1790 491 1826 tormentis:
517 1790 676 1836 quamvis
696 1790 856 1836 plerique
881 1790 966 1826 dum
988 1794 1046 1825 tor
1070 1794 1202 1826 uentur
1224 1790 1283 1825 de-

203 1841 222 1870 4
273 1835 380 1870 ficere
403 1835 530 1870 solent.
565 1835 634 1871 Est
649 1845 778 1886 poena,
804 1845 895 1880 quae
913 1835 1046 1870 adimat
1076 1835 1283 1871 ibertatem:

203 1880 404 1915 huiusmodi
427 1884 468 1915 ut
489 1884 596 1925 puta,
628 1891 659 1915 ει
690 1882 768 1924 quis
791 1880 828 1915 in
851 1880 1033 1915 metallum
1055 1881 1110 1915 vel
1131 1880 1170 1916 in
1194 1891 1284 1925 opus

202 1925 336 1961 metalli
359 1925 558 1960 damnetur.
594 1925 737 1960 metalla
761 1929 879 1960 autem
903 1925 1016 1959 multa
1035 1935 1181 1961 numero
1201 1929 1286 1961 sunt

203 1975 239 2006 et
263 1970 436 2016 quaedam
461 1970 601 2014 quidem
624 1970 828 2015 provinciae
852 1970 996 2013 habent,
1021 1970 1192 2015 quaedam
1212 1981 1286 2005 non

203 2016 354 2050 habent:
380 2015 444 2050 sed
468 2025 559 2060 quae
583 2025 655 2050 non
678 2015 822 2058 habent,
845 2015 883 2049 in
903 2025 964 2050 eas
983 2015 1185 2060 provincias
1204 2015 1284 2050 mit-

205 2065 223 2095 5
270 2063 361 2103 tunt,
387 2070 479 2105 quae
502 2060 647 2094 metalla
669 2059 813 2095 habent.
861 2060 1050 2096 Praefecto
1075 2060 1182 2105 plane
1205 2060 1286 2096 urbi

203 2105 406 2150 specialiter
437 2108 636 2149 competere
658 2104 714 2140 ius
738 2105 776 2139 in
798 2105 979 2140 metallum
1005 2104 1195 2140 damnandi
1217 2106 1284 2140 ex⁷

205 2150 359 2195 epistula
386 2149 457 2184 divi
481 2149 600 2184 Severi
630 2150 675 2184 ad
699 2149 851 2185 Fabium
876 2149 1035 2185 Cilonem
1065 2150 1283 2196 exprimitur.

204 2200 225 2231 6
271 2195 369 2230 Inter
390 2205 453 2230 eos
477 2199 606 2236 autem,
631 2194 691 2239 qui
713 2194 751 2229 in
774 2194 955 2230 metallum
979 2196 1039 2230 et⁸
1062 2205 1134 2238 eos,
1165 2194 1227 2240 qui
1248 2195 1287 2230 in

204 2250 294 2286 opus
318 2239 453 2275 metalli
476 2239 704 2282 damnantur,
735 2239 935 2275 differentia
963 2239 1001 2274 in
1032 2239 1182 2275 vinculis
1206 2244 1285 2274 tan-

202 2290 279 2320 tum
302 2288 368 2326 est,
394 2284 489 2329 quod
512 2284 573 2329 qui
595 2284 633 2319 in
655 2284 836 2320 metallum
859 2284 1085 2326 damnantur,
1115 2284 1285 2330 graviori-

203 2331 272 2365 bus
299 2329 448 2365 vinculis
472 2333 695 2374 premuntur,
719 2329 780 2374 qui
802 2329 839 2364 in
864 2340 954 2375 opus
978 2329 1123 2374 metalli,
1147 2329 1286 2365 leviori-

203 2375 290 2418 bus,
326 2374 490 2419 quodque
520 2374 600 2409 refu
624 2384 666 2409 ae
690 2384 734 2409 ex
758 2384 865 2427 opere
888 2374 1022 2410 metalli
1044 2374 1082 2409 in
1105 2374 1287 2410 metallum

206 2423 224 2454 7
273 2420 423 2462 dantur,
453 2430 497 2454 ex
519 2429 575 2454 me
641 2430 662 2454 o
684 2429 826 2464 gravius
851 2423 1072 2455 coercentur.
1119 2419 1286 2465 Quisquis

204 2468 325 2500 autem
347 2464 385 2499 in
409 2475 499 2509 opus
522 2464 705 2509 publicum
726 2464 915 2500 damnatus
938 2464 1079 2510 refugit,
1105 2464 1152 2500 du
1178 2464 1286 2500 licato

204 2514 364 2562 tempore
387 2509 549 2544 damnari
571 2509 681 2545 solet:
713 2508 778 2544 sed
806 2509 990 2554 duplicare
1019 2520 1101 2545 eum
1131 2510 1143 2544 i
1196 2513 1286 2545 tem-

204 2566 302 2600 poris
327 2565 348 2590 o
376 2558 479 2596 ortet,
505 2554 600 2599 quod
624 2554 657 2589 ei
680 2564 761 2589 cum
780 2564 823 2589 su
849 2558 984 2590 eresset
1003 2553 1095 2599 fugit
1103 2555 1128 2597 ⁹,
1153 2554 1288 2590 scilicet

205 2610 250 2635 ne
280 2600 342 2634 illu
398 2598 599 2644 duplicetur
611 2600 648 2642 ¹⁰,
688 2609 759 2644 quo
796 2609 819 2634 a
844 2599 1041 2644 prehensus
1075 2599 1113 2634 in
1142 2610 1287 2635 carcere

206 2645 285 2679 fuit.
333 2648 368 2680 et
398 2644 429 2680 si
460 2645 499 2678 in
530 2644 651 2679 decem
675 2654 789 2679 annos
813 2644 1002 2679 damnatus
1027 2644 1090 2688 sit,
1121 2648 1184 2679 aut
1205 2655 1287 2690 per-

205 2690 346 2735 petuari
377 2689 410 2724 ei
441 2689 547 2724 debet
576 2699 693 2734 poena
724 2692 788 2724 aut
816 2689 854 2724 in
885 2699 976 2734 opus
1004 2689 1139 2724 metalli
1168 2693 1286 2725 trans-

204 2734 348 2769 mitti¹¹.
403 2734 510 2779 plane
541 2733 572 2768 si
603 2734 774 2770 decennio
804 2733 993 2770 damnatus
1024 2733 1092 2769 fuit
1122 2737 1159 2769 et
1186 2734 1287 2770 initio

206 2779 326 2815 statim
350 2777 457 2823 fugit,
487 2778 675 2813 videndum
700 2782 772 2821 est,
802 2783 922 2814 utrum
946 2778 1121 2859 duplicari
1143 2778 1176 2814 ei
1198 2783 1287 2815 tem·

206 2834 296 2870 pora
327 2823 497 2866 debeant,
530 2833 576 2858 an
609 2834 692 2859 vero
723 2823 930 2869 perpetuari
957 2834 1001 2859 ve
1041 2823 1229 2860 transferri
1251 2825 1289 2859 in

206 2879 298 2914 opus
320 2868 474 2903 metalli:
507 2872 543 2903 et
564 2868 676 2913 magis
700 2872 772 2912 est,
796 2871 838 2903 ut
858 2868 1099 2904 transferatur
1121 2872 1185 2905 aut
1206 2879 1287 2915 per-

205 2917 384 2959 petuetur.
431 2913 643 2958 generaliter
675 2914 768 2948 enim
792 2913 941 2956 dicitur,
971 2914 1134 2959 quotiens
1159 2913 1287 2950 decen-

206 2959 303 2994 nium
340 2967 533 2993 excessura
573 2962 628 2993 est
658 2957 706 2993 du
731 2958 870 3001 licatio,
907 2969 979 2994 non
1016 2968 1094 2994 esse
1129 2963 1288 3005 tempore

208 3007 227 3036 8
273 3013 427 3056 poenam
455 3002 653 3037 artandam.
719 3014 744 3037 ιι
770 3003 1004 3039 ministerium
1028 3003 1288 3039 metallicorum

205 3048 357 3084 feminae
379 3047 417 3083 in
440 3051 649 3093 perpetuum
673 3047 729 3083 vel
752 3048 798 3083 ad
819 3052 960 3101 tempus
981 3048 1144 3083 damnari
1161 3049 1287 3085 solent.

207 3093 312 3128 simili
339 3092 446 3128 modo
479 3097 515 3128 et
544 3092 582 3127 in
612 3092 756 3128 salinas.
804 3096 841 3129 et
870 3103 901 3128 si
931 3093 1071 3138 quidem
1101 3093 1138 3128 in
1160 3104 1287 3139 perpe-

206 3142 308 3172 tuum
329 3137 463 3172 fuerint
485 3136 691 3181 damnatae,
723 3137 825 3182 quasi
848 3148 971 3174 servae
994 3147 1132 3183 poenae
1155 3138 1287 3174 consti-

205 3187 375 3218 tuuntur:
408 3182 438 3217 si
451 3182 479 3204 ¹²
507 3192 591 3217 vero
621 3181 667 3217 ad
697 3185 836 3235 tempus
866 3182 1097 3225 damnantur,
1133 3183 1288 3219 retinent

207 3231 228 3262 9
274 3228 462 3263 civitatem.
509 3227 633 3263 Solent
662 3227 843 3272 praesides
872 3228 911 3262 in
934 3238 1079 3263 carcere
1102 3228 1286 3264 continen-

207 3272 272 3308 dos
297 3273 466 3308 damnare
490 3275 554 3307 aut
575 3275 617 3307 ut
637 3271 676 3307 in
697 3272 846 3307 vinculis
871 3273 1140 3309 contineantur:
1165 3272 1228 3309 sed
1250 3272 1287 3308 id

206 3327 268 3353 eos
292 3318 411 3353 facere
434 3328 506 3352 uon
529 3320 680 3363 oportet.
727 3327 810 3352 nam
840 3317 1043 3353 huiusmodi
1072 3327 1209 3363 poenae
1231 3317 1286 3353 in-

206 3362 380 3397 terdictae
402 3366 505 3398 sunt:
531 3372 655 3398 carcer
675 3361 768 3397 enim
792 3361 838 3397 ad
862 3362 1093 3399 continendos
1114 3362 1286 3405 homines,

211 3411 251 3441 10
297 3417 371 3443 ιιοιι
398 3406 446 3442 ad
475 3407 674 3452 puniendos
704 3406 830 3442 haberi
860 3406 976 3442 debet.
1023 3408 1065 3443 In
1097 3408 1287 3443 calcariam

207 3522 249 3563 (1)
273 3530 385 3554 servos
401 3522 461 3555 ine.
562 3523 605 3563 (2)
630 3521 727 3564 quael
745 3520 836 3563 quod
851 3533 912 3554 ner.
1007 3524 1051 3564 (3)
1076 3523 1206 3555 tantum
1227 3523 1286 3555 ins.

207 3569 251 3608 (ι)
275 3576 401 3609 poenae
420 3567 455 3599 F
548 3567 591 3607 (5)
616 3566 703 3599 euim
725 3566 782 3607 F',
799 3565 905 3609 magis
923 3565 973 3600 F²
1070 3570 1114 3608 (6)
1139 3568 1287 3609 oportet:

208 3621 276 3643 non
294 3611 403 3643 securi
423 3610 476 3643 vel
493 3610 561 3643 telo
580 3611 633 3644 vel
650 3611 732 3644 fusti
751 3610 802 3644 vel
820 3610 939 3653 laqueo
958 3610 1011 3644 vel
1023 3621 1090 3653 quo
1102 3610 1169 3645 alio
1180 3611 1288 3653 modo,

207 3655 315 3687 multo
333 3656 444 3688 minus
460 3665 599 3698 veneno,
618 3656 770 3695 necandi,
790 3656 930 3699 proinde
949 3665 1009 3688 nec
1024 3655 1161 3689 liberam
1173 3656 1289 3689 mortis

208 3699 397 3733 facultatem
410 3700 611 3733 concedendi
623 3700 676 3732 ius
686 3701 850 3742 praesides
860 3700 985 3734 habent
994 3713 1057 3734 ner.
1111 3706 1153 3738 (7)
1173 3711 1210 3733 ex
1225 3702 1287 3734 del.

209 3746 255 3784 (8)
280 3747 328 3777 est
349 3745 401 3777 Ρ

1270 138 1350 186 814

491 3747 536 3786 (9)
560 3755 634 3777 cum
652 3746 741 3785 sugit
757 3749 938 3786 superesset
956 3757 1017 3778 scr.
1038 3747 1096 3782 (sic
1107 3747 1184 3787 sere
1202 3746 1287 3779 edd.)
1356 3744 1530 3786 apublieis
1542 3746 1581 3776 ut
1592 3744 1779 3777 abstineant

1479 76 1547 132 ’Ὗ

2170 157 2232 189 DE
2259 158 2420 190 POENIS

1346 264 1561 344 quoqxtligevg}
1577 264 1633 300 sul
1648 264 1814 319 ‘arariam
1832 264 2144 355 ᾶιιὲιιιιιξίἇοιειιιε
2168 266 2230 303 sed
2241 267 2316 347 ⁸hap
2360 277 2418 302 oe-

1815 321 1909 346 sun.
2028 321 2146 346 uicum
2172 322 2217 347 ue
2239 322 2275 347 ιιι
2312 323 2335 347 ιι
2361 323 2418 347 um

1346 353 1564 389 venatorium
1586 353 1720 390 fuerint
1767 355 1919 397 amnati,
1949 355 2135 391 videndum
2148 322 2229 398 ζει,
2260 366 2308 393 an
2330 357 2420 392 servi

1345 408 1483 479 ἔιᾶἓιέξιο
1507 397 1744 479 ιιιιίξτιζὶίἑιιιὲιτεο
1756 399 1872 480 splen-t
1903 401 1996 435 enim
2012 400 2283 480 eiuuitqresffihac
2294 411 2421 480 ¹:poena

1456 470 1464 478 .
1815 455 1866 479 rvi
1920 455 2010 481 oena
2061 456 2122 481 isi
2152 455 2172 481 e
2214 456 2354 482 cianur
2375 457 2420 482 an

1346 488 1522 524 retineant
1544 454 1755 530 libertatlegm
1778 488 1881 525 viden
1906 501 1964 525 um
1988 493 2052 526 est.
2100 493 2137 525 et
2159 501 2193 526 m
2241 490 2250 499 ⁶
2293 493 2359 535 est,
2382 495 2423 527 ut

1346 533 1384 568 hi
1407 542 1547 578 quoque
1571 533 1662 568 servi
1685 533 1905 570 efficiantur:
1936 535 2005 571 hoc
2036 535 2168 570 euim¹⁴
2197 535 2371 571 d1stant¹⁸
2400 546 2423 571 a

1348 578 1495 620 ceteris,
1527 577 1621 623 quod
1650 578 1887 615 instituuntur
1914 583 2100 616 venatores
2129 583 2193 615 aut
2214 580 2423 626 pyrricharii

1348 627 1412 657 aut
1447 622 1554 658 aliam
1591 633 1698 668 quam
1727 623 1944 669 voluptatem
1974 624 2206 670 gesticulandi
2235 626 2291 661 vel
2321 625 2424 661 aliter

1353 671 1390 702 12
1438 677 1477 703 se
1507 668 1669 703 movendi
1699 668 1825 713 gratia.
1873 668 2000 705 Servos
2028 670 2065 705 in
2096 670 2276 705 metallum
2303 670 2359 705 vel
2386 670 2422 706 in

1348 723 1439 792 oppls
1463 712 1621 792 nixegaffigi
1643 713 1727 792 itentl
1757 713 1809 792 int
1823 713 1945 793 ludpm
1966 715 2187 794 ‚vetuadtotriium
2211 714 2288 768 dari
2311 714 2424 750 solere

1349 768 1555 838 gpficaitunpug
1591 768 1657 838 nge
1667 767 1741 837 ead·
1764 768 1862 838 gum8¹
1901 768 2116 846 Πιῗιῖιιέὶιιιιξι,
2129 785 2138 802 ⁷
2153 770 2261 840 ciiii-ivr:
2310 769 2426 840 ιιὲἓίῗιῗ

1349 851 1539 900 antequam
1559 847 1822 883 damnarentur.
1858 813 2009 900 ‹ieenique
2034 859 2114 884 cum
2137 849 2279 902 quidam
2303 859 2425 884 servus

1349 903 1386 927 ιιι
1409 892 1590 927 metallum
1614 892 1801 928 damnatus
1825 893 1996 929 beneficio
2015 893 2185 939 principis
2203 897 2298 929 esset
2316 893 2385 928 iam
2399 895 2426 915 ¹⁶

1349 947 1465 982 poena
1492 936 1682 979 liberatus,
1713 937 1907 983 imperator
1929 938 2130 974 Antoninus
2153 938 2348 974 rectissime
2370 948 2424 974 re-

1350 981 1503 1027 scripsit,
1528 982 1612 1027 quia
1635 982 1742 1018 semel
1765 982 1896 1018 domini
1919 993 1998 1018 esse
2021 982 2173 1018 desierat
2194 993 2316 1019 servus
2340 993 2425 1028 poe-

1351 1037 1418 1062 nae
1453 1026 1590 1070 factus,
1632 1038 1705 1062 non
1739 1037 1817 1063 esse
1854 1037 1934 1063 eum
1973 1028 2010 1063 in
2047 1031 2259 1074 potestatem
2295 1027 2426 1063 domini

1356 1075 1392 1106 13
1440 1075 1567 1116 postea
1597 1072 1824 1107 reddendum.
1877 1072 1947 1108 Sed
1981 1072 2054 1108 sive
2083 1072 2121 1107 in
2148 1076 2323 1118 perpetua
2351 1073 2425 1107 vin-

1352 1116 1434 1152 cula
1457 1116 1566 1152 fuerit
1588 1116 1777 1152 damnatus
1801 1127 1922 1153 servus
1947 1117 2020 1153 sive
2041 1117 2079 1153 iu
2101 1117 2329 1163 temporalia,
2352 1117 2427 1153 eius

1348 1166 1518 1203 remanet,
1544 1161 1645 1197 cuius
1668 1161 1747 1204 fuit,
1772 1165 1962 1207 antequam
1985 1162 2224 1198 damnaretur.

1395 1204 1422 1243 9
1446 1206 1552 1241 IDEM
1572 1207 1662 1241 libro
1687 1207 1823 1242 decimo
1846 1209 1892 1242 dc
1911 1207 2037 1253 officio
2105 1207 2284 1242 oconsula's
2316 1206 2429 1243 Moris

1351 1255 1406 1286 est
1437 1250 1731 1287 advocationibus
1755 1260 1896 1297 quoque
1918 1252 2037 1305 praesi
2062 1262 2100 1288 es
2124 1251 2345 1287 luterdicere.
2393 1254 2430 1286 et

1351 1307 1616 1341 nonnumquam
1634 1296 1671 1331 iu
1689 1300 1900 1342 perpetuum
1917 1296 2145 1339 interdicunt,
2165 1306 2428 1341 nonnumquam

1351 1341 1397 1376 ad
1420 1345 1558 1387 tempus
1573 1343 1599 1362 ²³
1630 1341 1685 1376 vel
1716 1341 1820 1377 annis
1850 1342 2045 1377 metiuntur
2065 1341 2119 1377 vel
2143 1341 2250 1376 etiam
2271 1345 2430 1386 tempore

1354 1389 1367 1420 1
1442 1397 1488 1421 uo
1506 1386 1725 1431 provinciam
1744 1390 1882 1431 regunt.
1917 1387 1993 1422 Nec
2009 1397 2080 1422 nou
2095 1387 2146 1421 ita
2162 1396 2303 1432 quoque
2319 1386 2428 1421 inter-

1352 1434 1371 1466 2
1418 1398 1489 1466 dici
1508 1435 1627 1476 potest
1647 1431 1766 1473 alicui,
1790 1441 1835 1466 ne
1855 1431 1962 1467 certis
2008 1431 2144 1467 ersonis
2163 1431 2268 1467 adsit.
2307 1431 2431 1466 Potest

1352 1479 1388 1511 et
1410 1476 1462 1511 ita
1483 1476 1647 1511 interdici
1667 1477 1736 1518 cui,
1761 1487 1806 1511 ne
1823 1476 1920 1522 apud
1937 1476 1984 1511 tri
2009 1476 2094 1511 unal
2114 1476 2286 1522 praesidis
2305 1479 2428 1522 postu-

1352 1521 1419 1564 let,
1452 1524 1488 1556 et
1516 1525 1636 1556 tamen
1665 1521 1761 1566 apud
1790 1521 1822 1557 le
1847 1525 1945 1556 atum
1976 1521 2032 1556 vel
2061 1525 2328 1567 procuratorem
2359 1531 2429 1556 non

1353 1570 1372 1600 3
1416 1566 1630 1620 prohibetur
1660 1576 1775 1611 agere.
1848 1566 1861 1601 i
1890 1570 2010 1602 tamen
2040 1565 2137 1612 apud
2164 1567 2318 1612 legatum
2346 1576 2429 1611 pro-

1352 1611 1486 1646 hibltus
1509 1611 1618 1646 fuerit
1639 1611 1840 1656 postulare,
1871 1611 1977 1647 credo
1999 1622 2066 1656 per
2090 1611 2361 1656 consequentias
2385 1621 2430 1645 ne

1352 1656 1492 1701 quidem
1516 1655 1611 1701 apud
1640 1655 1839 1701 praesidem
1869 1656 2030 1692 relictam
2060 1656 2112 1691 illi
2142 1655 2347 1702 postulandi
2375 1654 2429 1690 fa-

1353 1706 1373 1735 4
1420 1701 1599 1736 cultatem.
1646 1701 1920 1746 Nonnumquam
1949 1711 2022 1736 nou
2053 1700 2345 1737 advocationibus
2374 1700 2431 1735 cui

1352 1745 1593 1787 interdicitur,
1633 1745 1697 1781 sed
1726 1745 1815 1781 foro.
1870 1746 1951 1791 plus
1983 1749 2039 1782 est
2067 1749 2187 1781 autem
2216 1744 2294 1781 foro
2325 1755 2431 1790 quam

1353 1790 1646 1826 advocationibus
1676 1790 1905 1833 interdicere,
1944 1790 1976 1826 si
2005 1790 2146 1835 quidem
2173 1790 2257 1826 huic
2288 1789 2431 1825 omnino

1353 1835 1555 1871 forensibus
1578 1835 1727 1880 negotiis
1751 1835 2021 1871 accommodare
2045 1846 2083 1871 se
2102 1845 2175 1870 non
2221 1834 2429 1871 ermittatur.

1353 1880 1445 1916 solet
1471 1883 1590 1915 autem
1621 1881 1673 1915 ita
1700 1881 1756 1915 vel
1784 1881 1873 1916 iuris
1902 1880 2071 1916 studiosis
2101 1881 2174 1916 inte
2220 1880 2265 1915 ‘ci
2290 1880 2345 1915 vel
2368 1879 2430 1914 ad-

1354 1929 1374 1960 5
1421 1925 1556 1961 vocatis
1587 1926 1642 1961 vel
1672 1925 1924 1961 tabellionibus
1956 1925 2028 1961 sive
2050 1924 2289 1971 pragmaticis.
2335 1924 2433 1960 Solet

1355 1973 1390 2005 et
1411 1970 1464 2006 ita
1485 1970 1658 2014 interdici,
1685 1980 1730 2005 ne
1752 1970 1989 2006 instrumenta
2011 1970 2152 2006 omuino
2172 1969 2327 2006 forment
2344 1979 2432 2005 neve

1355 2020 1376 2050 6
1422 2015 1561 2051 libellos
1585 2015 1790 2061 concipiant
1812 2015 1868 2051 vel
1887 2015 2095 2051 testationes
2113 2025 2155 2051 co
2202 2015 2211 2023 ”
2260 2018 2330 2050 ent.
2366 2014 2431 2049 So-

1353 2060 1404 2095 let
1427 2063 1464 2095 et
1485 2060 1549 2102 sic,
1574 2070 1619 2096 ne
1643 2070 1684 2096 eo
1708 2060 1779 2096 loci
1801 2061 1959 2102 sedeant,
1984 2071 2053 2105 quo
2076 2060 2114 2095 in
2136 2060 2209 2105 pub
2237 2070 2279 2096 co
2300 2059 2431 2095 instru-

1354 2109 1473 2141 menta
1497 2105 1740 2151 deponuntur,
1772 2106 1916 2141 archivo
1946 2105 2041 2141 forte
2070 2105 2125 2140 vel
2147 2104 2431 2158 grammatophy-

1356 2154 1373 2184 7
1421 2150 1526 2186 lacio.
1573 2150 1710 2186 Solet¹⁸
1740 2154 1777 2186 et
1805 2150 1874 2193 sic,
1904 2153 1945 2185 ut
1967 2153 2180 2186 testamenta
2200 2159 2246 2185 ne
2269 2149 2434 2185 ordinent

1355 2198 1375 2230 8
1421 2195 1478 2230 vel
1500 2194 1660 2230 scribant
1681 2195 1738 2231 vel
1760 2195 1911 2241 signent.
1957 2195 2039 2230 Erit
2069 2198 2106 2230 et
2134 2194 2197 2230 illa
2222 2205 2356 2240 poena,
2387 2204 2433 2230 ne

1355 2240 1434 2286 quis
1466 2239 1615 2284 negotiis
1638 2240 1791 2285 publicis
1813 2240 2043 2275 interveniat:
2075 2239 2134 2275 hic
2165 2239 2257 2275 enim
2287 2238 2432 2284 privatis

1355 2285 1496 2330 quidem
1524 2285 1698 2321 interesse
1729 2284 1878 2330 poterit,
1915 2284 2068 2330 publicis
2098 2284 2366 2338 prohibebitur,
2392 2287 2433 2319 ιιι

1355 2330 1473 2365 solent
1503 2329 1633 2375 quibus
1664 2329 1840 2365 sententia
1869 2329 2088 2375 praecipitur
2124 2328 2310 2373 δημοσίων
2343 2332 2431 2363 and-

1356 2377 1390 2410 9*
1419 2375 1553 2417 χεσθαι
1565 2375 1604 2409 ¹⁹.
1641 2374 1732 2410 Sunt
1752 2378 1872 2410 autem
1892 2378 1928 2410 et
1943 2374 2034 2410 aliae
2075 2383 2203 2410 oenae:
2225 2374 2258 2410 si
2274 2374 2430 2427 negotia-

1355 2419 1452 2456 tione
1486 2418 1565 2464 quis
1596 2420 1775 2455 abstinere
1805 2419 1973 2455 iubeatur
2002 2429 2044 2454 ve
2087 2419 2133 2454 ad
2164 2418 2432 2454 conductionem

1356 2475 1477 2500 eorum
1502 2474 1593 2517 quae
1640 2464 1756 2500 ublice
1778 2465 1942 2500 locantur
1965 2463 2154 2506 accedere,
2186 2466 2227 2498 ut
2257 2463 2303 2498 ad
2325 2463 2432 2499 vecti-

1360 2513 1399 2545 10
1444 2509 1540 2554 gaha
1586 2521 1611 2544 u
1637 2509 1717 2544 lica.
1763 2509 1933 2544 Interdici
1957 2512 2076 2544 autem
2099 2519 2123 2543 n
2189 2508 2336 2544 tiatione
2358 2508 2431 2553 ple-

1355 2564 1504 2599 rumque
1526 2565 1568 2590 ve
1604 2554 1903 2599 negotiationibus
1929 2554 2020 2590 solet
2028 2554 2078 2589 ²⁰:
2104 2563 2143 2589 se
2190 2552 2369 2595 damnare,
2393 2557 2434 2588 ut

1356 2600 1435 2645 quis
1457 2599 1669 2645 negotietur,
1694 2598 1879 2653 an'possit
1900 2598 2092 2634 videamus.
2129 2601 2165 2634 et
2187 2601 2271 2633 sunt
2292 2597 2431 2650 quidem

1356 2645 1424 2680 hae
1458 2654 1613 2689 poenae,
1649 2645 1680 2680 si
1709 2655 1790 2690 quis
1819 2644 2031 2689 generaliter
2059 2646 2217 2679 tractare
2246 2642 2345 2685 veut,
2379 2643 2432 2678 in-

1356 2689 1475 2725 civiles
1502 2689 1650 2724 invitum
1678 2689 1855 2725 hominem
1885 2689 2009 2725 iubere
2043 2688 2162 2724 facere
2189 2687 2285 2733 quod
2314 2686 2434 2724 facere

1356 2745 1428 2770 non
1449 2737 1587 2787 potest:
1611 2733 1675 2770 sed
1698 2734 1728 2770 si
1752 2733 1830 2779 quis
1854 2733 2056 2779 specialiter
2077 2732 2293 2774 tractaverit,
2316 2736 2435 2777 potest

1357 2789 1436 2815 esse
1458 2782 1554 2815 iusta
1571 2789 1682 2814 causa
1702 2778 1937 2824 compellendi
1956 2778 2057 2814 cuius
2079 2777 2126 2813 ad
2141 2777 2431 2823 negotiationem:

1360 2828 1396 2859 11
1447 2823 1543 2869 quod
1571 2823 1603 2860 si
1630 2823 1756 2867 fuerit,
1793 2823 1974 2868 sequenda
2003 2823 2071 2858 erit
2100 2821 2287 2858 sententia.
2339 2822 2434 2858 Istae

1355 2869 1431 2905 fere
1471 2872 1556 2904 sunt
1590 2879 1729 2914 poenae
1768 2878 1859 2922 quae
1891 2868 2027 2913 iniungi
2062 2867 2190 2904 solent.
2242 2866 2306 2903 sed
2340 2866 2434 2903 euim

1357 2913 1539 2950 sciendum
1562 2917 1618 2949 est
1640 2913 1845 2949 discrimina
1866 2923 1945 2949 esse
1962 2922 2157 2959 poenarum
2178 2922 2203 2947 ιι
2248 2921 2293 2948 ue
2312 2921 2433 2948 omnes

1356 2959 1480 2995 eadem
1529 2968 1621 2994 oena
1643 2958 1749 2994 adfici
1771 2968 1887 3012 posse.
1927 2968 2010 2993 nam
2025 2957 2064 2993 in
2081 2957 2204 3003 prlmis
2248 2957 2433 2992 ecus-iones

1355 3004 1393 3039 in
1415 3007 1510 3039 meta
1538 3014 1597 3038 um
1621 3003 1783 3038 damnari
1805 3014 1877 3039 non
1899 3006 2052 3048 possunt
2080 3011 2146 3038 nec
2175 3002 2213 3037 in
2241 3012 2331 3047 opus
2361 3011 2430 3036 me-

1356 3049 1451 3093 talli,
1483 3058 1549 3084 nee
1579 3047 1705 3083 furcae
1734 3048 1849 3083 subici
1877 3048 1933 3084 vel
1961 3047 2030 3082 vivi
2061 3046 2173 3083 exuri.
2219 3050 2255 3081 et
2283 3047 2314 3082 si
2340 3045 2433 3082 forte

1355 3093 1559 3130 huiusmodi
1581 3092 1757 3128 sententia
1778 3092 1913 3128 fuerint
1940 3091 2076 3134 affecti,
2109 3090 2282 3127 liberandi
2309 3094 2431 3127 erunt:

1356 3138 1420 3175 sed
1456 3139 1526 3174 hoc
1563 3147 1637 3173 ιιοιι
1673 3141 1793 3182 potest
1827 3137 1970 3173 efficere
2001 3137 2061 3182 qui
2091 3135 2302 3172 seutentiam
2331 3135 2431 3178 dixit,

1355 3193 1477 3219 verum
1499 3181 1634 3218 referre
1656 3182 1703 3217 ad
1725 3182 1922 3228 principem
1945 3181 2060 3225 debet,
2088 3185 2130 3216 ut
2152 3190 2196 3216 ex
2219 3180 2433 3216 auctoritate

1359 3230 1400 3264 12
1446 3227 1522 3264 eius
1544 3237 1661 3272 poena
1683 3231 1747 3262 aut
1794 3231 1991 3263 ermntetur
2012 3229 2077 3262 aut
2096 3225 2319 3261 liberaretur.
2362 3225 2432 3260 Pa-

1355 3276 1473 3309 rentes
1503 3281 1643 3318 quoque
1673 3275 1710 3307 et
1739 3271 1764 3307 li
1790 3272 1842 3307 eri
1865 3272 2094 3307 decurionum
2116 3270 2154 3305 in
2176 3270 2300 3306 eadem
2323 3279 2434 3306 causa

1360 3321 1398 3353 13
1445 3322 1539 3354 sunt.
1588 3317 1735 3352 Liberos
1765 3327 1837 3353 ιιοιι
1865 3319 2004 3352 tantum
2026 3315 2118 3351 filios
2142 3315 2305 3361 accipere
2326 3314 2432 3350 debe-

1360 3365 1400 3398 14
1444 3372 1544 3405 mus,
1574 3371 1696 3397 verum
1723 3371 1846 3398 omnes
1868 3361 2010 3397 liberos.
2059 3359 2130 3396 Sed
2151 3363 2271 3395 utrum
2293 3359 2332 3394 hi
2354 3359 2433 3401 soli,

1355 3407 1416 3454 qui
1437 3410 1521 3453 post
1542 3405 1813 3443 decurionatum
1835 3405 1994 3452 suscepti
2015 3409 2109 3449 sunt,
2134 3404 2190 3442 his
2212 3404 2338 3450 poenis
2359 3414 2433 3440 ιιοιι

1357 3522 1417 3562 (ιο)
1441 3519 1627 3563 duplicitur
1638 3519 1672 3553 F
1757 3522 1812 3562 (ιι)
1837 3520 1870 3554 et
1887 3519 1916 3553 si
1932 3519 1970 3552 in
1987 3518 2098 3552 decem
2175 3517 2357 3551 tranmitti
2369 3518 2431 3551 del.

1357 3567 1417 3606 (¹2)
1441 3565 1493 3597 sin
1508 3565 1558 3598 F*
1646 3566 1705 3606 (¹3)
1731 3567 1842 3608 dficit
1859 3571 2016 3598 tractatus
2034 3565 2074 3597 de
2091 3564 2255 3597 damnatis
2271 3564 2304 3597 t’n
2324 3563 2431 3597 lud-m

1356 3613 1414 3652 ita,
1425 3611 1560 3662 mser-ro
1573 3617 1630 3643 aut
1641 3622 1708 3643 cum
1722 3611 1831 3644 besti&
1839 3615 2025 3654 puynarent
2079 3609 2139 3650 (14)
2162 3609 2292 3641 tantum
2305 3609 2365 3641 ins.
2379 3606 2432 3640 F*

1356 3657 1414 3697 (15)
1439 3654 1540 3687 distat
1552 3655 1588 3688 F
1700 3657 1759 3698 (16)
1783 3654 1861 3697 iam]
1875 3665 1913 3688 ea
1924 3667 1986 3687 scr.
2105 3654 2165 3695 (17)
2189 3655 2222 3687 et
2231 3655 2359 3695 tempus
2369 3653 2429 3685 ina.

1357 3700 1517 3742 (similiter
1540 3700 1761 3743 Canneya‘eter)
1879 3704 1938 3737 (18)
1962 3698 2070 3731 nolent
2087 3699 2123 3731 F

1880 3746 1946 3786 (20)
1969 3742 2076 3777 solent
2087 3742 2140 3775 F’

2229 3699 2288 3739 (ιιι)
2312 3697 2350 3731 id
2366 3703 2430 3729 ese.-
