2528 3918
175 94 441 139 XXXVII4

222 214 248 255 8
279 216 473 254 Umfflvs
493 216 583 252 libro
606 215 886 263 quadraqesz'mo
910 215 960 251 ad
977 215 1132 251 edictum
1178 214 1262 251 Non

174 262 315 309 putavit
336 265 483 307 praetor
505 261 780 297 exheredatione
810 264 955 297 notatos
979 265 1015 296 et
1037 263 1192 296 remotos
1215 259 1263 295 ad

177 312 304 344 contra
334 306 477 342 tabulas
509 306 685 342 bonorum
715 307 978 352 possessionem
1012 303 1261 347 admittendos,

177 352 284 388 sicuti
314 361 380 387 nec
410 352 486 386 iure
519 351 611 386 civili
634 356 847 387 testamenta
870 350 1072 396 parentium
1095 349 1262 386 turbant:

176 408 264 433 sane
288 397 319 432 si
342 396 451 431 velint
473 396 663 432 inofficiosi
687 397 878 449 querellam
907 395 1111 438 instituere,
1144 399 1199 431 est
1226 395 1264 430 in

180 445 194 477 1
244 442 404 487 ipsorum
435 441 594 476 arbitrio.
648 441 781 494 Aliqua
818 445 922 486 parte
959 439 1163 475 tabularum
1201 450 1263 476 ex-

176 487 341 523 heredem
373 486 482 522 scribi
514 496 587 522 non
616 486 767 530 saffica,
802 486 865 521 sed
897 495 939 520 eo
1013 485 1103 528 adu,
1137 489 1264 521 contra

177 542 282 577 quem
310 532 446 577 petitur
474 532 649 567 bonorum
707 531 872 567 ossessio.
921 541 970 564 un
996 540 1015 566 e
1047 530 1078 566 si
1103 541 1125 565 a
1147 530 1262 575 primo

176 577 289 623 gradu
320 576 556 612 exheredatus
587 576 635 613 sit
665 577 688 611 fi
706 577 776 618 'us,
808 586 830 610 a
860 575 1016 611 secundo
1048 576 1263 620 praeteritus

176 627 214 658 et
236 621 350 667 primo
374 621 487 666 gradu
510 622 657 667 scripti¹
690 632 761 656 non
791 621 957 665 petierint
980 621 1156 656 bonorum
1178 630 1263 666 pos-

177 667 390 708 sessionem,
423 666 556 711 poterit
585 671 712 702 contra
735 666 878 701 tabulas
902 666 1065 710 accipere
1088 665 1265 701 bonorum

177 715 197 748 2
245 712 516 757 possessionem.
552 711 635 747 Non
657 711 800 756 quaevis
819 710 1046 746 exheredatio
1068 715 1266 746 summovet

176 757 288 793 filium
323 767 345 792 a
381 762 507 792 contra
537 757 680 791 tabulas
713 757 887 791 bonorum
916 755 1160 800 possessione,
1201 756 1265 792 sed

178 806 197 837 3
246 811 339 847 quae
361 802 430 837 rite
453 801 550 837 facta
574 806 639 837 est.
688 801 725 836 Si
754 801 800 836 ab
833 811 905 836 uno
935 810 980 836 ex
1003 801 1195 836 heredibus
1219 801 1265 836 sit

176 847 272 882 filius
296 846 549 889 exheredatus,
579 846 773 881 Marcellus
805 846 895 882 libro
927 856 1021 881 nono
1047 846 1266 891 digestorum

178 892 304 928 scribit
326 892 437 928 filium
462 902 533 927 non
557 891 668 926 videri
692 891 964 926 exheredatum:
989 891 1122 927 idcirco
1139 895 1266 928 contra

177 937 322 973 tabulas
365 937 539 972 bonorum
582 936 845 981 possessionem
881 937 956 981 peti
993 947 1101 981 posse
1140 940 1267 972 contra

178 987 200 1017 4
246 988 437 1028 utrumque
461 981 637 1017 heredem.
687 981 749 1016 Si²
776 981 1014 1017 exheredatus
1041 982 1089 1017 sit
1111 981 1208 1017 filius
1230 984 1266 1016 et

177 1028 380 1068 institutus,
405 1027 587 1071 optinente
610 1036 654 1062 eo
676 1026 807 1071 gradu,
832 1026 869 1061 in
894 1037 964 1071 quo
988 1027 1174 1062 institutus
1198 1029 1265 1068 est,

177 1076 266 1119 puto
303 1072 490 1108 commisso
524 1071 640 1107 edicto
676 1071 722 1106 ab
754 1072 825 1107 alio
857 1071 930 1107 filio
962 1075 1091 1107 contra
1121 1072 1265 1107 tabulas

180 1123 199 1153 5
247 1128 328 1153 eum
345 1117 520 1152 bonorum
535 1116 797 1162 possessionem
812 1121 935 1162 petere
978 1127 1069 1153 osse.
1102 1117 1137 1152 A
1176 1117 1265 1152 rimo

177 1162 292 1209 gradu
319 1162 533 1207 praeteritus
562 1165 618 1197 est
639 1160 754 1204 filius,
786 1171 809 1197 a
832 1172 943 1197 secun
970 1172 990 1197 o
1015 1162 1146 1198 exhere
1172 1166 1264 1198 atus.

178 1209 233 1244 si³
255 1208 293 1243 in
315 1207 430 1252 primo
453 1206 567 1251 gradu
591 1207 716 1260 scripti
738 1217 811 1242 non
830 1207 902 1243 sint
918 1207 956 1242 in
974 1207 1082 1243 rebus
1101 1207 1267 1242 humanis

178 1254 303 1289 mortis
326 1256 486 1297 tempore
508 1255 703 1294 testatons,
728 1251 916 1288 dicendum
939 1255 995 1288 est
1014 1255 1141 1288 contra
1161 1252 1267 1288 tabu-

178 1298 232 1334 las
270 1299 445 1334 bonorum
481 1297 745 1342 possessionem
779 1297 1011 1342 praeteritum
1041 1301 1164 1343 petere
1195 1307 1268 1333 non

177 1353 303 1389 posse:
342 1341 522 1378 hereditas
560 1343 654 1378 enim
687 1342 727 1377 in
759 1343 916 1379 secundo
988 1342 1060 1378 adu
1093 1346 1268 1386 versatur,

178 1399 252 1424 non
274 1388 311 1423 in
343 1387 476 1433 primo,
506 1397 551 1423 ex
582 1398 652 1433 quo
683 1397 798 1433 neque
829 1388 919 1423 adiri
975 1388 1128 1424 ereditas
1152 1397 1269 1433 neque

178 1434 355 1469 bonorum
376 1432 558 1478 possessio
580 1433 655 1478 peti
677 1436 809 1478 potest.
858 1433 921 1469 sed
952 1433 984 1469 si
1012 1437 1096 1478 post
1118 1436 1269 1469 mortem

178 1478 362 1514 testatoris
387 1477 606 1513 decesserint
627 1478 778 1514 heredes
803 1478 938 1524 scripti,
962 1478 1054 1513 idem
1075 1478 1268 1513 Marcellus

179 1528 284 1569 putat
320 1527 447 1558 contra
479 1523 623 1558 tabulas
658 1524 833 1559 bonorum
867 1523 1130 1568 possessionem
1161 1523 1270 1559 semel

179 1573 301 1604 natam
325 1578 403 1604 com
430 1571 537 1604 etere.
585 1568 649 1604 sed
673 1572 710 1604 et
732 1569 763 1604 si
787 1568 957 1605 defecerit
981 1568 1143 1605 condicio
1167 1568 1268 1604 insti-

178 1614 343 1656 tutionis,
376 1623 398 1648 a
449 1623 495 1648 uc
524 1613 736 1649 tantundem
767 1614 855 1649 dicit
885 1614 1118 1658 praeteritum
1147 1614 1193 1649 ab
1226 1624 1268 1649 eo

178 1659 293 1705 gradu
323 1658 437 1694 filium
469 1662 594 1694 contra
628 1659 771 1695 tabulas
800 1660 976 1695 bonorum
1007 1659 1269 1704 possessionem

178 1705 382 1750 petiturum.
432 1703 524 1739 idem
547 1704 673 1740 scribit
698 1709 733 1739 et
755 1705 787 1740 si
810 1708 1016 1749 postumus,
1042 1705 1102 1749 qui
1125 1704 1269 1740 institu-

179 1755 238 1785 tus
263 1749 342 1792 fuit,
367 1760 440 1785 non
458 1748 567 1785 fuerit
586 1753 713 1785 natus:
738 1760 822 1785 nam
841 1750 959 1785 adhuc
980 1754 1107 1785 contra
1125 1750 1269 1785 tabulas

179 1795 356 1831 bonorum
378 1794 641 1840 possessionem
665 1798 866 1840 competere
890 1795 964 1830 filio
987 1795 1182 1831 Marcellus
1207 1795 1268 1830 ait.

180 1844 201 1876 6
249 1840 287 1876 Si
320 1839 399 1885 quis
437 1849 503 1875 sua
538 1850 647 1875 manu
683 1850 722 1875 se
758 1840 971 1876 exheredem
1003 1840 1183 1885 scripsit⁴,
1222 1850 1270 1875 an

181 1890 308 1921 contra
326 1884 469 1920 tabulas
490 1885 668 1921 bonorum
687 1886 948 1930 possessionem
964 1886 1079 1931 possit
1095 1886 1269 1931 accipere,

180 1931 371 1966 videamus.
410 1934 447 1966 et
461 1930 655 1965 Marcellus
673 1930 764 1966 libro
785 1941 881 1967 nono
899 1930 1117 1975 digestorum
1139 1941 1271 1966 nocere

179 1977 213 2012 ei
243 1976 338 2011 hanc
367 1975 679 2011 exheredationem
707 1976 774 2020 ait,
833 1976 895 2011 uia
925 1979 1071 2012 senatus
1103 1976 1172 2011 hoc
1203 1987 1269 2021 pro

180 2024 199 2056 7
247 2031 321 2056 11011
344 2020 479 2066 scripto
503 2031 577 2056 non
599 2020 703 2064 facit,
736 1987 833 2066 quoa
864 2025 990 2057 contra
1014 2031 1095 2056 eum
1118 2024 1184 2057 est.
1233 2020 1272 2057 Si

180 2066 260 2112 quis
279 2066 541 2111 emancipatum
558 2066 671 2101 filium
691 2066 958 2102 exheredaverit
978 2076 1130 2112 eumque
1144 2069 1272 2112 postea

180 2110 421 2156 adrogaverit,
453 2110 672 2155 Papinianus
686 2113 698 2132 ⁵
729 2111 820 2147 libro
851 2111 1061 2147 duodecimo
1091 2111 1271 2165 quaestio-

179 2166 265 2192 num
289 2156 339 2190 ait
362 2156 443 2190 iura
465 2156 645 2191 naturalia
666 2156 704 2191 in
729 2167 770 2192 eo
819 2157 1017 2192 raevalere:
1047 2156 1184 2192 idcirco
1209 2166 1270 2192 ex-

181 2204 201 2237 8
248 2200 517 2236 heredationem
546 2211 687 2236 nocere.
735 2201 781 2236 Se
836 2202 874 2236 in
905 2205 1076 2238 extraneo
1107 2201 1272 2238 Marcelli

180 2246 395 2283 sententiam
417 2246 568 2291 probat,
600 2249 642 2281 ut
667 2246 895 2282 exheredatio
919 2247 953 2282 ei
983 2247 1154 2292 adrogato
1186 2258 1270 2293 pos-

181 2295 202 2327 9
248 2295 309 2327 tea
335 2301 409 2326 non
437 2294 577 2326 noceat.
624 2290 846 2327 Postliminio
877 2296 996 2328 autem
1024 2302 1167 2328 reverso
1197 2292 1271 2328 filio

180 2335 370 2373 dicendum
405 2339 461 2371 est
494 2335 806 2372 exheredationem
840 2340 924 2372 ante
959 2337 1093 2372 factam
1129 2348 1270 2373 nocere.

184 2385 225 2417 10
272 2380 311 2416 Si
341 2380 455 2416 filium
484 2381 522 2415 in
552 2380 721 2426 adoptiva
748 2381 883 2417 familia
913 2382 1146 2418 constitutum
1170 2386 1273 2427 pater

180 2426 356 2462 naturalis
381 2425 661 2470 exheredaverit,
686 2426 814 2462 deinde
833 2427 880 2462 sit
898 2427 994 2463 filius
1014 2428 1270 2473 emancipatus,

185 2475 221 2507 1¹
272 2471 419 2507 nocebit
452 2471 511 2507 ei⁸
541 2471 782 2508 exheredatio.
836 2472 879 2507 In
910 2472 1137 2518 adoptionem
1168 2472 1271 2508 datos

179 2517 273 2553 filios
296 2527 370 2552 11011
392 2516 606 2552 summoveri
627 2520 776 2562 praetor
803 2517 932 2561 voluit,
964 2517 1093 2554 ''modo
1124 2518 1272 2554 heredes

180 2561 335 2598 instituti
366 2561 456 2604 sint,
492 2565 529 2597 et
559 2562 629 2598 hoc
657 2562 850 2599 iustissime
878 2574 960 2599 eum
989 2562 1118 2599 fecisse
1148 2563 1271 2599 Labeo

182 2607 251 2643 ait:
283 2617 351 2642 nec
381 2606 475 2642 enim
502 2606 541 2642 in
563 2610 677 2642 totum
701 2607 864 2644 extranei
887 2611 981 2644 sunt.
1030 2619 1070 2644 er
1093 2619 1114 2644 0
1140 2608 1170 2644 si
1193 2607 1271 2644 fue-

182 2652 293 2688 runt⁸
321 2651 471 2688 heredes
502 2652 646 2698 scripti,
678 2653 856 2705 accipient
887 2657 1014 2690 contra
1039 2657 1078 2688 ta
1103 2653 1182 2689 ulas
1206 2654 1271 2689 bo-

182 2707 311 2733 norum
340 2697 623 2743 possessionem,
659 2698 723 2734 sed
750 2699 820 2744 ipsi
850 2698 918 2735 soli
949 2709 1022 2735 non
1053 2699 1274 2734 committent

182 2742 356 2786 edictum,
391 2742 461 2778 uisi
491 2741 600 2778 fuerit
630 2742 723 2779 alius
752 2744 969 2789 praeteritus
1000 2754 1046 2780 ex
1067 2743 1189 2779 liberis
1213 2744 1273 2789 qui

183 2787 300 2824 solent
325 2787 542 2823 committere
565 2787 732 2823 edictum.
781 2789 844 2824 sed
868 2789 899 2825 si
921 2789 998 2834 ipse
1021 2789 1176 2834 scriptus
1199 2800 1273 2825 non

183 2833 249 2875 sit,
282 2832 346 2868 sed
377 2832 488 2876 alius,
520 2833 581 2878 qui
611 2833 645 2869 ei
674 2833 863 2879 adquirere
885 2834 1118 2870 hereditatem
1140 2837 1271 2879 potest,

183 2888 258 2914 11011
281 2881 337 2913 081
359 2877 397 2912 111
420 2887 463 2913 ea
486 2888 608 2921 causa,
637 2881 678 2913 ut
701 2888 782 2914 eum
805 2878 852 2915 ad
874 2879 1051 2915 bonorum
1074 2879 1271 2925 possessio-

188 2925 229 2958 12
275 2932 356 2958 110111
381 2925 507 2958 contra
530 2923 672 2959 tabulas
696 2923 937 2960 admittamus.
985 2924 1034 2961 Ut
1065 2928 1185 2960 autem
1208 2924 1271 2960 ad·

183 2967 373 3004 mittantur
395 2967 441 3002 ad
463 2968 638 3003 bonorum
662 2969 942 3014 possessionem,
975 2981 1019 3005 ex
1047 2969 1169 3006 liberis
1194 2980 1273 3006 esse

184 3022 246 3049 008
278 3015 429 3065 oportet.
485 3017 642 3048 ceterum
676 3014 707 3049 si
741 3014 947 3067 adoptivum
979 3014 1092 3050 filium
1123 3014 1204 3051 dedi
1234 3015 1272 3050 in

185 3057 414 3103 adoptionem
443 3060 479 3093 et
509 3058 674 3093 heredem
703 3059 851 3105 scripsi,
883 3060 1070 3096 commisso
1094 3070 1159 3105 per
1182 3060 1272 3096 alios

186 3102 302 3139 edicto
326 3102 502 3139 bonorum
524 3104 703 3147 possessio
728 3109 854 3140 contra
876 3105 1020 3141 tabulas
1049 3105 1083 3141 ei
1112 3115 1185 3141 non
1208 3105 1270 3140 da-

188 3151 229 3183 13
275 3147 385 3183 bitur.
432 3146 550 3182 Datur
572 3151 692 3183 autem
715 3150 767 3192 ei,
799 3149 861 3196 qui
886 3150 923 3185 in
947 3150 1115 3196 adoptiva
1138 3150 1272 3185 familia

186 3196 259 3235 est,
299 3195 427 3246 contra
455 3192 624 3228 tabulas⁹
652 3195 850 3238 possessio,
888 3195 918 3231 si
950 3205 993 3231 eo
1023 3195 1138 3240 gradu
1167 3196 1271 3231 heres

185 3238 341 3284 scriptus
372 3241 437 3281 sit,
470 3241 596 3273 contra
623 3248 727 3283 quem
750 3240 824 3284 peti
846 3243 966 3285 potest
988 3240 1164 3276 bonorum
1186 3251 1270 3286 pos-

192 3285 231 3318 14
277 3282 400 3319 sessio.
447 3281 530 3318 Non
560 3285 617 3319 est
644 3293 794 3326 novum,
826 3289 867 3320 ut
897 3285 1143 3330 emancipatus
1165 3295 1270 3331 prae-

186 3327 313 3363 teritus
327 3329 355 3349 ¹⁰
385 3327 466 3373 plus
494 3327 583 3364 iuris
613 3327 756 3373 scriptis
787 3329 977 3366 heredibus
1000 3329 1172 3366 fratribus
1196 3331 1271 3366 suis

186 3372 333 3425 tribuat,
357 3382 463 3425 qnam
481 3372 640 3409 habituri
658 3376 788 3417 essent,
812 3373 842 3410 si
861 3375 927 3410 soli
944 3374 1113 3411 fuissent:
1163 3375 1271 3428 uippe

187 3428 218 3453 81
248 3416 344 3453 filius
374 3427 436 3462 qm
463 3417 502 3453 in
558 3419 712 3454 otestate
743 3418 858 3463 patris
890 3422 946 3456 est
977 3430 1023 3456 ex
1061 3419 1133 3456 duo
1159 3429 1272 3456 0011118

187 3465 290 3508 parte
322 3462 426 3499 heres
456 3427 638 3500 sorigutur-
666 3462 888 3509 emancipato
917 3464 1132 3510 praeterito,
1168 3464 1270 3501 dimi·

189 3578 228 3618 (¹)
253 3575 303 3609 ori
326 3575 354 3608 ti
367 3576 403 3610 F
496 3577 540 3619 (2)
565 3577 671 3610 atina.
683 3574 735 3610 F!

188 3620 270 3654 serit
335 3664 344 3673 ·
408 3621 451 3662 (ὅ)
474 3620 519 3654 D.
533 3621 590 3663 28,
603 3627 632 3663 2,
644 3627 680 3656 2³
688 3633 743 3665 pr.
821 3620 867 3663 (θ)
891 3622 925 3654 et
937 3621 973 3654 F
1038 3623 1082 3663 (7)
1105 3622 1134 3656 εἰ
1146 3623 1206 3657 ine.

189 3666 247 3750 ²¹8¹),
259 3664 450 3744 fumqt‘tfu':
461 3665 762 3744 “Ag—gubulim
773 3665 834 3699 t‘ns.
848 3664 900 3699 Γ,

272 3723 394 3754 requm

837 3576 881 3617 (³)
903 3575 995 3610 nitF
1101 3579 1144 3619 (4)
1168 3577 1234 3612 sori

731 3712 791 3753 (12)
814 3709 871 3744 1οἁ
881 3709 923 3753 ti]
935 3720 1012 3744 uam
1023 3712 1052 3744 si
1066 3712 1126 3754 F',
1146 3711 1271 3746 seilicet

1253 88 1340 137 546

982 3667 1049 3707 (10)·
1067 3667 1232 3710 pram-itus
1246 3668 1281 3702 F

1485 0 1594 137 Ἴ,

1330 214 1464 251 diam¹¹
1487 217 1626 261 partem
1648 214 1822 252 beneficio
1847 212 2062 260 emancipati
2083 216 2256 260 occupat,
2279 213 2360 261 qui,
2382 214 2414 252 ai

1330 259 1468 296 emanci
1495 262 1594 296 atum
1615 259 1763 297 ’ἐι-8110111
1785 271 1858 298 11011
1879 260 2039 302 haberet,
2064 258 2307 296 duodecimam
2329 270 2413 306 par·

1329 308 1401 340 tem
1429 304 1477 340 ha
1502 305 1619 341 iturus
1649 309 1755 342 esset.
1801 305 1865 342 sed
1897 306 1929 341 si
1940 305 1969 327 ¹²
1997 314 2043 340 ex
2069 308 2173 350 parte
2200 304 2346 340 minima
2368 305 2415 343 sit

1330 350 1434 386 heres
1464 349 1667 393 institutus,
1699 361 1771 387 11011
1801 361 1868 396 pro
1897 360 1941 387 ea
1969 352 2090 402 parte,
2151 359 2199 385 ua
2228 349 2413 386 institutus

1332 399 1402 438 est,
1432 394 1587 431 tuendus
1617 398 1673 430 est
1702 396 1889 432 commisso
1922 395 2058 437 edicto,
2089 404 2128 430 se
2175 394 2327 440 amplius
2349 404 2415 440 per

1331 441 1506 476 bonorum
1529 440 1790 484 possessionem
1813 441 1946 477 habere
1968 442 2099 485 potest.
2142 440 2300 485 praetori
2322 439 2414 475 enim

1331 484 1556 531 propositum
1584 488 1657 528 est,
1689 495 1770 521 cum
1799 490 1926 521 contra
1955 485 2099 521 tabulas
2128 484 2302 520 bonorum
2330 495 2414 530 pos-

1333 530 1527 566 sessionem
1550 530 1628 574 dat,
1661 539 1723 566 eas
1753 535 1874 576 partes
1904 530 2096 575 unicuique
2127 530 2320 566 liberorum
2350 529 2414 565 tri-

1333 575 1460 618 buere,
1498 585 1586 620 quas
1624 575 1792 611 intestato
1830 579 1932 621 patre
1968 579 2109 611 mortuo
2144 574 2183 610 in
2218 574 2415 610 hereditate

1335 619 1523 656 habiturus
1553 623 1662 662 esset,
1695 620 1727 656 si
1754 620 1792 656 in
1820 624 1999 674 potestate
2029 619 2236 656 mansisset:
2270 623 2307 656 et
2334 619 2413 655 ideo

1334 666 1407 701 sive
1439 665 1684 710 emancipatus
1721 665 1794 701 sive
1827 676 1858 701 1s
1894 666 1955 711 qui
1983 665 2023 701 in
2050 668 2264 711 potestatem
2287 665 2416 700 mansit

1334 711 1406 746 sive
1445 710 1482 745 in
1521 710 1748 755 adoptionem
1787 710 1892 746 datus
1928 720 1974 747 ex
2003 710 2147 746 minima
2178 714 2280 755 parte
2314 710 2416 746 heres

1334 755 1490 808 scriptus
1515 756 1572 798 sit,
1596 766 1669 791 non
1690 755 1862 808 redigitur
1884 755 1930 791 ad
1952 765 2031 792 eam
2047 756 2258 800 portionem,
2283 765 2327 790 ex
2346 765 2418 800 qua

1333 801 1518 836 institutus
1542 803 1607 842 est,
1632 800 1696 836 sed
1718 801 1853 836 virilem
1876 799 2018 846 accipit.

1379 844 1405 883 9
1433 845 1556 882 GAws
1577 846 1668 882 libro
1692 849 1823 891 quarto
1846 846 1982 881 decimo
2013 845 2063 881 ad
2092 845 2247 881 edictum
2263 845 2415 892 provin-

1335 891 1427 928 ciale
1472 890 1602 926 Utrum
1625 894 1745 926 autem
1767 894 1870 936 pater
1894 890 2081 936 adoptivus
2103 891 2188 926 vivit
2204 900 2251 926 an
2270 890 2417 926 defunc-

1332 940 1393 972 tus
1416 938 1490 978 est,
1515 935 1603 971 nihil
1625 936 1790 972 interest:
1815 946 1898 971 nam
1921 936 1991 972 hoc
2014 935 2130 972 solum
2152 936 2346 982 quaeritur,
2372 945 2419 971 an

1332 981 1370 1017 in
1394 981 1462 1017 ado
1489 981 1562 1016 tiva
1585 981 1720 1016 familia
1743 981 1799 1017 sit.
2418 1006 2422 1010 .

1383 1024 1434 1064 10
1494 1035 1661 1061 wmarus
1681 1026 1772 1062 libro
1796 1025 2074 1079 quadraqem'mo
2103 1025 2153 1061 ad
2180 1025 2334 1062 edictum
2380 1025 2420 1061 Si

1334 1075 1418 1117 post
1440 1074 1591 1107 mortem
1613 1071 1797 1107 testatoris
1816 1071 1919 1107 heres
1936 1070 2122 1107 institutus
2139 1070 2234 1107 filius
2251 1071 2289 1106 in
2307 1070 2418 1116 adop-

1333 1116 1468 1152 tionem
1482 1126 1522 1152 se
1538 1115 1686 1159 dederit,
1704 1117 1880 1152 bonorum
1894 1115 2156 1161 possessionem
2173 1119 2299 1154 contra
2314 1116 2419 1151 tabu-

1334 1162 1390 1198 las
1407 1162 1570 1207 accipere
1590 1165 1720 1206 potest,
1745 1161 1830 1207 quia
1852 1161 1994 1207 scriptis
2014 1161 2204 1197 heredibus
2217 1162 2246 1183 ¹⁸
2267 1161 2421 1197 instituti

1339 1211 1354 1242 1
1403 1217 1477 1243 non
1500 1207 1592 1242 solet
1614 1217 1744 1242 nocere
1768 1206 1925 1252 adoptio.
1962 1206 1999 1242 Si
2021 1206 2117 1242 filius
2135 1206 2174 1241 in
2193 1205 2421 1252 adoptionem

1336 1252 1442 1288 datus
1466 1262 1532 1287 avo
1555 1255 1717 1288 materno
1740 1252 1843 1288 heres
1866 1251 2051 1287 institutus
2075 1251 2122 1287 sit
2144 1261 2167 1287 a
2189 1255 2293 1297 patre
2315 1256 2420 1287 natu-

1335 1298 1414 1340 rali,
1440 1297 1627 1333 commisso
1651 1307 1716 1342 per
1738 1297 1847 1333 alium
1871 1297 1987 1333 edicto
2012 1297 2124 1342 magis
2148 1301 2212 1340 est,
2244 1300 2286 1332 ut
2308 1296 2420 1333 bono-

1336 1354 1416 1378 rum
1446 1343 1707 1388 possessionem
1736 1342 1899 1387 accipere
1930 1342 2062 1388 possit:
2093 1352 2161 1378 nec
2189 1341 2323 1378 enim²⁴
2347 1341 2420 1377 exi-

1336 1389 1462 1434 gimus,
1487 1391 1528 1423 ut
1547 1387 1653 1423 adeat
1671 1387 1915 1430 hereditatem,
1940 1387 2005 1424 sed
2024 1386 2168 1430 sufficit,
2193 1390 2235 1423 ut
2252 1387 2286 1423 ei
2305 1386 2422 1423 delata

1338 1437 1357 1469 2
1405 1433 1452 1469 sit
1484 1433 1692 1478 adquirique
1722 1433 1847 1478 possit.
1903 1432 1940 1468 Si
1973 1433 2012 1468 in
2045 1432 2273 1478 adoptionem
2304 1432 2421 1474 datus,

1337 1483 1572 1524 posteaquam
1602 1478 1702 1514 iussu
1732 1477 1846 1523 patris
1876 1477 2032 1523 adoptivi
2061 1477 2295 1514 hereditatem
2324 1477 2422 1519 adiit,

1339 1524 1584 1577 emancipatus
1615 1523 1741 1566 fuerit,
1771 1526 1890 1568 potest
1919 1527 2047 1559 contra
2073 1523 2217 1560 tabulas
2246 1523 2422 1559 bonorum

1336 1578 1601 1614 possesslonem
1639 1568 1803 1613 accipere
1840 1568 2143 1614 hereditatemque
2185 1569 2197 1603 i
2224 1578 2263 1604 se
2303 1568 2422 1613 potius

1339 1618 1358 1650 3
1405 1614 1570 1658 habebit,
1603 1624 1710 1659 quam
1764 1617 1842 1649 ater
1868 1613 2067 1658 adoptivus.
2114 1579 2222 1649 Illuc?
2229 1613 2423 1649 notandum

1339 1662 1411 1702 est,
1446 1658 1543 1705 quod
1578 1663 1615 1695 et
1647 1659 1679 1695 si
1709 1669 1731 1694 a
1758 1659 1837 1694 'erit
1866 1658 2102 1694 hereditatem
2128 1658 2166 1694 in
2198 1658 2423 1704 adoptionem

1339 1704 1461 1748 datus,
1494 1707 1621 1740 contra
1643 1704 1786 1739 tabulas
1811 1704 1844 1739 ei
1868 1703 1992 1739 datur:
2026 1704 2114 1739 alias
2143 1708 2262 1740 autem
2290 1704 2321 1740 si
2345 1703 2423 1748 quis

1337 1751 1494 1795 legatum
1506 1751 1534 1771 ¹⁵
1565 1749 1596 1785 si
1629 1750 1708 1794 quis
1737 1749 1935 1794 portionem
1966 1749 2035 1785 sibi
2064 1749 2184 1784 datam
2208 1749 2423 1794 adgnoverit,

1339 1806 1362 1831 a
1394 1798 1521 1831 contra
1551 1795 1693 1830 tabulas
1725 1795 1901 1830 bonorum
1937 1795 2163 1840 possessione
2201 1793 2423 1839 repellendus

1339 1844 1360 1875 4
1407 1844 1473 1876 est.
1520 1840 1658 1883 Liberi,
1689 1840 1749 1885 qui
1773 1843 1899 1875 contra
1923 1840 2064 1875 tabulas
2087 1840 2222 1876 habere
2244 1849 2317 1875 non
2339 1849 2423 1884 pos·

1339 1889 1441 1928 sunt,
1474 1895 1541 1921 nec
1571 1890 1710 1931 partem
1741 1884 1897 1927 faciunt,
1930 1885 1960 1920 si
1982 1895 2047 1930 per
2070 1884 2159 1921 alios
2182 1884 2425 1921 committatur

1340 1931 1512 1967 edictum:
1545 1941 1616 1976 quo
1647 1931 1740 1965 enim
1769 1930 1902 1966 bonum
1926 1934 1982 1966 est
2005 1930 2056 1966 eis
2079 1929 2200 1966 favere
2222 1933 2264 1965 ut
2285 1934 2424 1976 partem

1340 1980 1359 2012 5
1407 1975 1553 2018 faciant,
1578 1975 1666 2012 nihil
1687 1975 1890 2011 habituris?
1935 1975 2154 2011 Exheredati
2175 1975 2278 2011 liberi
2301 1984 2423 2021 quem·

1339 2021 1530 2058 admodum
1554 2020 1708 2056 edictum
1731 2031 1803 2056 non
1823 2021 2057 2064 committunt,
2081 2021 2132 2056 ita
2151 2030 2218 2056 nec
2237 2020 2423 2057 commisso

1339 2077 1404 2113 per
1426 2066 1518 2102 alios
1542 2066 1659 2102 edicto
1683 2077 1762 2102 cum
1785 2066 1854 2101 illis
1877 2066 2018 2102 venient
2031 2067 2059 2088 ¹⁶
2082 2066 2129 2101 ad
2145 2066 2321 2103 bonorum
2340 2076 2424 2111 pos-

1340 2111 1535 2148 sessionem
1557 2121 1699 2156 unaque
1723 2111 1773 2147 eis
1798 2111 1955 2157 querella
1977 2115 2156 2157 superest,
2186 2111 2217 2147 si
2241 2110 2285 2147 de
2306 2110 2424 2147 inoffi·

1341 2161 1361 2193 6
1409 2156 1506 2193 cioso
1532 2155 1664 2192 dicant.
1710 2156 1774 2200 Hi,
1807 2156 1867 2209 qui
1880 2157 1908 2178 ¹⁷
1937 2160 2085 2202 propter
2107 2156 2196 2192 alios
2221 2159 2347 2193 contra
2367 2159 2423 2192 ta·

1339 2202 1444 2238 bulas
1467 2201 1643 2238 bonorum
1666 2211 1928 2247 possessionem
1951 2205 2096 2247 petunt,
2120 2212 2193 2238 non
2216 2204 2425 2248 exspectant

1339 2251 1382 2284 ut
1414 2247 1642 2293 praeteriti¹⁸
1670 2247 1932 2292 possessionem
1965 2247 2162 2293 accipiant,
2198 2257 2321 2283 verum
2355 2248 2369 2283 i
2414 2247 2423 2255 ’

1341 2303 1482 2339 quoque
1504 2292 1681 2328 bonorum
1704 2292 1965 2345 possessiouem
1987 2296 2111 2338 petere
2134 2295 2260 2329 contra
2281 2257 2426 2328 tabuffi

1550 2348 1631 2373 cum
1663 2347 1758 2372 emm
1791 2337 1899 2373 semel
1930 2337 2102 2374 beneficio
2133 2337 2284 2374 aliorum
2315 2337 2362 2373 ad
2389 2338 2425 2373 id

1368 2382 1551 2419 eneficium
1581 2382 1714 2418 fuerint
1743 2381 1904 2426 admissi,
1935 2383 2006 2418 iam
2030 2393 2102 2418 11011
2126 2387 2268 2427 curant,
2299 2386 2425 2429 petant

1340 2428 1392 2464 illi
1415 2438 1481 2463 nec
1506 2438 1551 2462 ne
1574 2427 1750 2463 bonorum
1772 2427 2044 2473 possessionem.
2404 2436 2412 2443 ‘

1390 2472 1437 2510 11
1457 2473 1522 2508 ΡΑ
1530 2481 1625 2508 orvs
1645 2472 1735 2508 libro
1759 2472 2037 2520 quadraqesimo
2087 2473 2179 2509 rimo
2202 2473 2252 2509 ad
2270 2473 2424 2510 edictum

1341 2518 1379 2555 Si
1408 2519 1447 2554 in
1479 2517 1708 2563 adoptionem
1738 2517 1843 2554 datus
1875 2519 1942 2554 sub
1967 2483 2176 2555 condicione
2199 2519 2354 2564 scriptus
2377 2519 2425 2556 sit

1341 2565 1443 2600 heres
1467 2573 1490 2598 a
1513 2563 1669 2598 naturali
1691 2566 1804 2609 patre,
1829 2563 1899 2600 alio
1919 2564 2160 2600 committente
2178 2568 2304 2600 contra
2318 2564 2424 2600 tabu·

1340 2610 1394 2645 las
1418 2608 1573 2644 edictum
1597 2611 1633 2644 et
1654 2609 1733 2654 ipse
1755 2608 1888 2645 veniet:
1914 2609 1978 2646 sed
2001 2609 2031 2645 si
2054 2609 2226 2646 defecerit
2249 2609 2423 2654 condicio,

1340 2654 1525 2708 repellitur
1555 2654 1608 2707 ab·
1631 2663 1674 2689 ea
1704 2654 1947 2708 possessione..
1995 2653 2088 2691 idem
2106 2658 2206 2708 'puto
2238 2658 2275 2709 et
2301 2654 2340 2690 in
2370 2664 2423 2700 00,

1341 2709 1522 2781 1ωέἕὲ
1548 2698 2425 2797 s³33ss1.;{?ffi⁰2?bzuffsmsrffstzssstta

1340 2790 1484 2826 tabulas
1507 2755 1749 2825 AEstnbultur:
1773 2789 1881 2834 igitur
1904 2794 2052 2836 nepotes
2070 2801 2115 2827 ex
2134 2800 2206 2827 uno
2223 2790 2297 2827 filio
2316 2800 2424 2827 unam

1339 2839 1479 2882 partem
1501 2835 1698 2871 habebunt.

1390 2878 1440 2918 12
1475 2879 1599 2933 Guqs
1625 2879 1716 2915 libro
1749 2882 1879 2932 quq-to
1911 2879 2048 2917 decimo
2079 2880 2131 2916 ad
2156 2880 2310 2917 edictum
2333 2891 2424 2928 pro-

1340 2925 1493 2962 vinciale
1539 2924 1576 2961 Si
1607 2924 1747 2960 duobus
1776 2923 1858 2960 filus
1886 2928 1922 2961 et
1945 2936 1989 2961 ex
2012 2926 2124 2962 altero
2137 2926 2165 2947 ¹⁹
2186 2925 2260 2962 filio
2284 2925 2423 2962 duobus

1341 2971 1531 3016 nepotibus
1561 2970 1738 3006 bonorum
1766 2970 1947 3015 possessio
1979 2974 2158 3016 competat
2191 2975 2229 3007 et
2259 2971 2349 3007 alter
2378 2980 2424 3007 ex

1341 3016 1530 3061 nepotibus
1561 3025 1634 3051 11011
1662 3017 1780 3060 petat,
1811 3025 1895 3060 pars
1925 3016 2001 3052 eius
2030 3015 2135 3051 fratri
2158 3015 2345 3052 adcrescit.
2392 3016 2424 3052 si

1340 3071 1424 3097 vero
1448 3071 1492 3096 ex
1515 3059 1596 3096 filiis
1620 3060 1712 3095 alter
1735 3071 1807 3096 non
1830 3064 1940 3106 petat,
1964 3064 2037 3096 tam
2060 3060 2164 3096 fratri
2211 3071 2293 3097 uam
2312 3071 2422 3108 nepo-

1339 3106 1436 3142 tibus
1467 3106 1503 3140 id
1533 3105 1698 3151 prodest:
1731 3115 1885 3151 namque
1914 3110 2000 3142 tunc
2028 3106 2099 3142 duo
2127 3115 2166 3144 se
2234 3115 2291 3143 ses
2320 3105 2422 3150 fiunt,

1340 3161 1384 3187 ex
1409 3150 1537 3196 quibus
1559 3150 1710 3186 alterum
1730 3150 1835 3195 filius,
1860 3151 2010 3188 alterum
2030 3155 2178 3196 nepotes
2198 3161 2421 3198 consequun-

1343 3199 1354 3231 1
1407 3200 1477 3231 tur.
1514 3195 1553 3231 Si
1567 3196 1666 3241 prius
1686 3198 1935 3232 testamentum
1951 3198 2068 3232 exstet
2085 3196 2163 3233 iure
2180 3195 2326 3242 factum,
2350 3207 2421 3243 quo

1338 3240 1434 3276 filius
1457 3240 1694 3276 exheredatus
1726 3245 1799 3285 est,
1831 3250 1983 3294 sequens
2005 3241 2260 3286 inperfectum,
2290 3242 2328 3278 in
2373 3252 2421 3279 uo

1338 3285 1553 3332 praeteritus
1571 3285 1619 3321 sit
1637 3285 1742 3329 filius,
1762 3290 1959 3332 posteriore
1975 3288 2188 3323 testamento
2206 3291 2362 3333 praeteri

1338 3334 1436 3367 recte
1463 3334 1563 3376 petet
1592 3331 1768 3367 bonorum
1798 3331 2078 3377 possessionem,
2110 3332 2142 3368 si
2169 3336 2305 3369 remoto
2332 3342 2420 3386 quo-

1339 3384 1409 3422 que
1417 3375 1451 3397 ²⁰
1479 3373 1552 3411 filio
1583 3376 1741 3421 potiores
1771 3379 1856 3413 811111
1876 3375 1915 3412 in
1937 3386 1981 3412 ea
2002 3376 2201 3413 hereditate
2222 3380 2421 3423 posteriore

1337 3423 1552 3456 testamento
1575 3420 1701 3466 scripti
1722 3420 1888 3458 heredes:
1914 3424 1951 3457 et
1971 3421 2023 3458 ita
2045 3422 2101 3458 ius
2119 3421 2239 3467 habet,
2262 3425 2315 3466 ut,
2339 3432 2420 3459 cum

1337 3465 1386 3509 is,
1417 3468 1544 3502 contra
1574 3476 1679 3512 quem
1707 3465 1804 3503 filius
1830 3465 1923 3513 petit
1949 3466 2125 3504 bonorum
2145 3467 2419 3514 possessionem,

1777 103 1838 134 DE
1867 101 2090 134 Bonolum
2115 98 2414 133 Possnssloun

1367 2341 1494 2374 ossunt
1502 2351 1511 2372 :

1338 3577 1401 3613 01ιί
1410 3590 1475 3614 εον.
1585 3581 1645 3622 (¹³)
1667 3580 1800 3624 scriptis
1811 3579 1987 3614 heredibus
1998 3581 2060 3615 del.
2174 3582 2234 3625 (u)
2258 3582 2346 3617 onim
2357 3583 2418 3617 del.

1338 3623 1399 3668 (1³)
1421 3623 1450 3657 si
1468 3623 1544 3667 quis
1560 3623 1709 3667 legatum
1727 3625 1789 3660 dol.
1904 3626 1966 3667 (10)
1989 3626 2191 3661 veniuntF²
2303 3627 2364 3670 (17)
2387 3626 2419 3661 ei

1337 3668 1401 3756 anzi)
1406 3668 1448 3756 12
1447 3669 1595 3757 ’1,δὶιέἓὲῗί
1593 3669 1713 3749 :1211ss
1766 3672 1828 3713 (18)
1849 3670 2012 3704 bonorum
2023 3669 2146 3705 im.F²
2199 3670 2260 3714 (ιο)
2279 3670 2416 3707 dioscr.
