2528 3918
97 128 462 162 SIGNIFIOATIONE

95 244 214 277 autem
242 241 394 278 familias
427 251 474 288 ap
502 240 646 283 ellatur,
683 239 745 286 qui
774 238 813 275 in
850 238 955 276 domo
987 239 1182 276 dominium

95 287 222 330 habet,
263 290 431 333 recteque
498 297 542 322 oc
575 284 718 322 nomine
756 295 779 320 a
805 285 977 330 pellatur,
1022 285 1180 331 quamvis

95 331 206 367 filium
234 342 307 367 non
337 332 488 367 habeat:
523 342 595 367 non
625 331 719 366 enim
742 341 782 366 so
798 340 854 365 am
879 340 1067 376 personam
1092 331 1180 374 eius,

95 377 159 412 sed
178 380 214 412 et
231 377 289 412 ius
310 376 610 413 demonstramus:
632 375 783 421 denique
801 378 837 411 et
879 375 1030 421 upillum
1041 379 1181 421 patrem

94 422 248 457 familias
272 422 504 468 appellamus.
548 425 585 457 et
609 432 688 456 cum
712 425 817 467 pater
855 420 992 456 amilias
1016 421 1180 464 moritur,

95 470 270 519 quotquot
293 467 413 512 capita
437 468 469 502 ei
492 467 653 503 subiecta
676 466 820 509 fuerint,
844 465 1003 511 singulas
1026 465 1180 501 familias

94 512 268 557 incipiunt
303 512 451 548 habere:
495 512 623 556 singuli
658 512 749 547 enim
783 514 926 557 patrum
966 511 1181 546 familiarum

94 568 224 593 nomen
248 558 413 593 subeunt.
446 557 609 602 idemque
633 557 771 592 eveniet
793 560 830 591 et
851 556 889 590 in
913 566 955 592 60
980 557 1042 601 (1111
1061 567 1180 591 eman-

96 603 237 647 cipatus
261 606 334 638 est:
373 613 455 638 nam
488 606 525 638 et
547 602 606 638 hic
630 603 685 638 sui
708 602 795 637 iuris
819 601 967 637 effectus
999 601 1181 647 propriam

94 647 264 683 familiam
302 647 422 683 habet.
478 648 656 683 communi
700 647 778 682 iure
820 647 990 682 familiam
1030 647 1180 682 dicimus

94 693 249 728 omnium
272 692 524 737 adgnatorum:
550 704 633 728 nam
657 693 724 728 etsi
746 695 850 738 patre
866 692 1020 728 familias
1040 696 1180 728 mortuo

94 738 223 782 singuli
254 737 413 782 singulas
445 738 597 773 familias
621 738 770 781 habent,
802 741 922 773 tamen
946 747 1088 781 omnes,
1120 737 1181 791 (1111

93 783 160 818 sub
185 782 289 818 unius
317 785 498 828 potestate
521 783 682 826 fuerunt,
715 786 812 818 recte
843 783 1001 819 eiusdem
1024 783 1181 818 famihae

93 828 385 872 appellabuntur,
412 829 492 874 qui¹
517 839 562 863 ex
584 828 709 864 eadem
733 828 837 863 domo
862 831 899 863 et
921 832 1026 875 gente
1048 828 1181 874 proditi

94 876 112 907 3
161 877 254 908 sunt.
301 873 529 909 Servitutium
560 883 701 919 quoque
732 874 887 909 solemus
919 874 1102 919 appellare
1125 873 1180 908 fa-

93 917 207 953 milias
216 919 240 960 ²,
273 922 314 953 ut
336 919 373 953 in
397 919 513 954 edicto
538 919 714 964 praetoris
738 918 958 955 ostendimus
983 921 1051 954 sub
1075 919 1178 954 titulo

93 963 137 997 de
160 963 284 1005 furtis,
309 964 369 998 ubi
393 967 539 1008 praetor
560 964 719 1009 loquitur
744 964 787 999 (16
810 964 946 1000 familia
968 964 1179 1010 publicano-

92 1019 182 1043 rum.
230 1008 294 1044 sed
315 1009 366 1044 ibi
388 1019 461 1044 non
485 1019 607 1045 omnes
631 1009 732 1053 servi,
758 1009 822 1045 sed
846 1021 978 1055 corpus
1004 1009 1179 1055 quoddam

93 1063 274 1089 servorum
306 1053 571 1089 demonstratur
609 1054 716 1090 huius
755 1055 808 1090 rei
851 1065 962 1090 causa
1001 1058 1178 1099 paratum,

91 1099 160 1134 hoc
194 1102 249 1134 est
282 1099 463 1144 vectigalis
500 1110 620 1135 causa.
677 1100 748 1135 alia
783 1104 903 1135 autem
937 1104 1039 1145 parte
1074 1099 1180 1135 edicti

91 1154 213 1178 omnes
237 1144 329 1179 servi
354 1145 596 1180 continentur:
622 1148 663 1180 ut
686 1145 730 1180 de
754 1146 957 1181 hominibus
982 1145 1120 1181 coactis
1145 1148 1180 1179 et

91 1189 124 1223 vi
147 1189 321 1224 bonorum
344 1193 549 1235 raptorum,
584 1191 670 1225 item
693 1190 944 1234 redhibitoria,
970 1191 1001 1226 si
1025 1190 1180 1225 deterior

90 1244 147 1269 res
179 1234 350 1269 reddatur
383 1236 552 1281 emptoris
585 1246 695 1281 opera
728 1239 792 1271 aut
826 1236 982 1271 familiae
1013 1236 1107 1278 eins,
1144 1239 1181 1270 et

93 1279 282 1315 interdicto
314 1280 409 1315 unde
438 1280 473 1316 vi
501 1280 658 1315 familiae
689 1281 883 1326 appellatio
913 1291 1034 1316 omnes
1059 1291 1180 1317 servos

91 1327 112 1358 4
159 1325 436 1370 comprehendit.
484 1326 548 1361 sed
572 1330 607 1361 et
630 1326 695 1361 filii
720 1327 958 1361 continentur.
1001 1327 1090 1361 Item
1115 1337 1179 1371 ap-

90 1369 245 1449 gellatur
267 1370 401 1405 familia
424 1371 581 1416 plurium
604 1382 855 1416 personarum,
890 1382 983 1417 quae
1013 1372 1059 1407 ab
1084 1371 1179 1406 eius-

114 1425 170 1449 em
201 1414 318 1451 ultimi
347 1416 517 1460 genitoris
548 1417 721 1461 sanguine
750 1416 1030 1462 proficiscuntur
1061 1417 1180 1459 (sicuti

90 1460 239 1496 dicimus
263 1460 434 1496 familiam
457 1462 608 1506 Iuliam),
634 1463 737 1506 quasi
761 1472 783 1497 a
806 1462 906 1498 fonte
930 1462 1083 1507 quodam
1106 1472 1178 1497 me-

89 1508 112 1585 Ξ
157 1505 324 1541 1110111163.
364 1506 494 1541 Mulier
517 1511 635 1542 autem
659 1507 816 1543 familiae
840 1518 927 1543 suae
951 1511 988 1543 et
1012 1511 1121 1552 caput
1144 1511 1180 1542 et

104 1550 170 1586 'nis
193 1553 260 1586 est.

139 1592 218 1633 196
253 1595 377 1632 GAIUs
407 1597 498 1633 libro
529 1600 634 1633 sexto
667 1597 804 1634 decimo
829 1599 879 1633 ad
907 1598 1060 1634 edictum
1088 1609 1179 1644 pro-

89 1641 243 1677 vinciale
288 1641 460 1677 Familiae
492 1643 732 1688 appellatione
764 1647 800 1678 et
831 1644 909 1688 ipse
933 1644 1100 1688 princeps
1124 1643 1176 1678 fa-

92 1689 106 1720 1
156 1685 272 1722 miliae
297 1687 509 1722 continetur.
559 1687 788 1723 Feminarum
818 1689 952 1724 liberos
983 1689 1021 1723 in
1044 1688 1180 1723 familia

89 1741 213 1766 earum
247 1743 321 1767 non
355 1742 432 1768 esse
474 1733 594 1777 palam
630 1737 703 1777 est,
747 1734 832 1779 quia
873 1734 933 1779 qui
968 1738 1179 1777 nascuntur,

88 1777 225 1821 patris⁴
249 1777 418 1812 familiam
442 1782 652 1822 sequuntur.

139 1819 217 1859 197
255 1822 449 1858 Uiemvzss
478 1823 569 1859 libro
602 1824 928 1870 quinquaqensimo
953 1825 1002 1860 ad
1025 1824 1178 1860 edictum

89 1866 294 1920 ‘indicasse’
319 1871 374 1903 est
392 1868 579 1905 detulisse:
607 1869 790 1914 ‘arguisse’
815 1879 1009 1905 accusasse
1034 1872 1070 1904 et
1094 1879 1178 1906 con-

89 1922 225 1948 vicisse.

138 1955 216 1995 198
243 1957 350 1993 IDEM
379 1958 470 1994 libro
494 1959 650 1995 secundo
675 1959 720 1994 de
751 1960 917 1995 omnibus
941 1960 1181 1996 tribunalibus

89 2001 247 2038 ‘Urbana
270 2003 425 2048 praedia'
450 2004 569 2039 omnia
592 2004 756 2039 aedificia
780 2005 992 2050 accipimus,
1025 2017 1097 2041 11011
1121 2016 1178 2041 50-

87 2047 162 2083 111111
185 2058 229 2083 ea
253 2059 345 2093 quae
376 2052 459 2084 sunt
481 2049 519 2084 in
544 2049 695 2095 oppidis,
721 2050 784 2085 sed
810 2052 844 2085 et
867 2051 899 2085 si
922 2050 1015 2086 forte
1037 2052 1179 2086 stabula

88 2097 174 2129 sunt
203 2093 259 2129 vel
291 2094 362 2128 alia
393 2094 574 2130 meritoria
605 2095 642 2129 in
673 2095 764 2130 villis
799 2099 834 2129 et
862 2096 899 2130 in
931 2096 1038 2139 vicis,
1070 2097 1125 2131 vel
1149 2097 1179 2132 si

88 2138 269 2183 praetoria
279 2139 456 2183 voluptati
470 2143 612 2174 tantum
633 2140 883 2176 deservientia:
905 2141 990 2186 quia
1001 2142 1179 2177 urbanum

88 2183 275 2229 praedium
297 2195 370 2219 non
394 2185 494 2220 locus
518 2184 617 2228 facit,
643 2185 706 2221 sed
726 2186 887 2221 materia.
921 2187 1070 2232 proinde
1094 2187 1178 2222 hor-

88 2231 168 2263 tos⁵
192 2239 352 2274 quoque,
385 2229 416 2264 si
440 2230 500 2274 qui
531 2234 616 2265 sunt
638 2230 676 2265 in
700 2230 871 2266 aedificiis
897 2233 1092 2276 constituti,
1125 2233 1177 2267 di-

90 2273 241 2308 cendum
265 2277 320 2309 est
342 2274 561 2310 urbanorum
586 2276 827 2320 appellatione
852 2277 1037 2312 contineri.
1072 2278 1179 2322 plane

89 2319 118 2354 si
142 2319 333 2363 plurimum
363 2319 461 2355 horti
491 2321 528 2355 in
558 2321 675 2355 reditu
699 2323 801 2365 sunt,
834 2322 983 2357 vinearii
1005 2323 1100 2358 forte
1123 2324 1178 2358 vel

89 2365 195 2399 etiam
219 2364 386 2408 holitorii,
411 2366 522 2410 magis
546 2366 637 2401 haec
659 2377 732 2401 non
756 2370 842 2402 sunt
866 2368 1016 2402 urbana.

138 2407 217 2446 199
247 2408 353 2444 IDEM
385 2409 476 2446 libro
508 2415 635 2447 octavo
665 2412 710 2446 de
741 2412 905 2447 omnibus
937 2413 1177 2448 tribunalibus

89 2455 305 2490 ‘Absentem’
337 2456 501 2500 accipere
533 2456 701 2492 debemus
731 2467 829 2501 eum,
868 2457 928 2502 qui
959 2468 1031 2493 non
1055 2462 1111 2493 est
1136 2469 1176 2493 eo

88 2500 168 2544 loci,
192 2501 230 2534 in
278 2511 324 2535 uo
348 2500 453 2536 loco⁶
476 2502 627 2546 petitur:
652 2513 726 2537 non
750 2502 843 2537 enim
865 2506 966 2538 trans
990 2514 1088 2538 mare
1112 2504 1177 2539 ab·

88 2549 225 2580 sentem
281 2545 516 2581 esideramus:
555 2551 592 2582 et
621 2547 652 2582 si
688 2547 782 2582 forte
821 2551 924 2583 extra
956 2549 1178 2584 continentia

88 2589 188 2625 urbis
213 2590 269 2633 sit,
295 2591 409 2626 abest.
457 2595 615 2627 ceterum
645 2602 759 2635 usque
790 2593 837 2628 ad
862 2594 1082 2628 continentia
1105 2605 1177 2630 non

92 2639 106 2669 1
156 2635 282 2671 abesse
305 2636 498 2679 videbitur,
532 2637 562 2672 si
594 2648 667 2672 non
691 2637 818 2673 latitet.
867 2639 1006 2674 Abesse
1030 2650 1101 2674 non
1125 2639 1176 2674 vi-

88 2680 203 2722 detur,
227 2681 289 2726 qui
312 2681 358 2716 ab
382 2681 545 2718 hostibus
571 2686 699 2727 captus
725 2686 790 2726 est,
816 2683 879 2719 sed
903 2684 965 2729 qui
988 2694 1011 2719 a
1030 2684 1177 2720 latroni-

88 2726 157 2760 bus
182 2725 371 2761 detinetur.

134 2769 216 2809 200
252 2769 446 2807 IULIANUS
477 2771 567 2807 libro
604 2773 761 2808 secundo
798 2774 1020 2820 diqestorum
1077 2774 1178 2810 Haec

89 2815 272 2860 stipulatio
303 2816 418 2852 ‘noxis
448 2817 603 2852 solutum
634 2819 824 2862 praestari’
858 2830 931 2855 non
955 2820 1179 2855 existimatur

89 2861 135 2895 ad
158 2871 218 2896 eas
242 2871 355 2896 noxas
378 2862 570 2907 pertinere,
603 2873 695 2908 quae
718 2864 900 2908 publicam
925 2865 1178 2900 exercitionem

90 2910 125 2940 et
149 2907 399 2941 coercitionem
423 2907 612 2952 capitalem
635 2909 781 2943 habent.

135 2949 212 2988 201
255 2951 363 2987 IDEM
392 2951 483 2987 libro
518 2955 762 3000 octaqensimo
791 2955 916 3001 primo
956 2955 1177 3001 diqestorum

88 2996 188 3031 Iusta
204 2996 499 3041 interpretatione
518 2998 762 3043 recipiendum
785 3003 850 3043 est,
875 3003 917 3035 ut
937 3000 1179 3046 appellatione

89 3041 188 3084 ‘filii’‚
213 3041 320 3077 sicuti
343 3041 450 3076 filiam
472 3042 627 3078 familias
653 3045 827 3080 contineri
851 3055 913 3080 sae
941 3055 960 3080 e
983 3045 1177 3090 responde-

88 3086 204 3122 bimus
212 3088 236 3129 ⁷,
261 3087 312 3121 ita
331 3090 368 3122 et
383 3097 495 3132 nepos
513 3087 676 3124 videatur
696 3056 961 3135 comprehendi,
987 3093 1024 3126 et
1043 3091 1178 3136 ‘patris’

89 3132 230 3166 nomine
253 3142 341 3167 avus
366 3142 508 3177 quoque
530 3133 768 3170 demonstrari
790 3135 1030 3180 intellegatur.

134 3173 216 3214 202
246 3177 429 3212 Awmws
464 3177 592 3213 Vanus
628 3178 719 3215 libro
756 3181 917 3216 secundo
955 3181 1178 3233 digestorum

89 3221 178 3256 Cum
195 3222 234 3258 in
251 3225 465 3258 testamento
486 3222 659 3268 scriptum
679 3228 784 3268 esset,
809 3229 851 3260 ut
871 3226 975 3261 heres
996 3237 1034 3260 111
1052 3225 1178 3261 funere

90 3269 153 3301 aut
174 3266 213 3302 in
235 3271 464 3303 monumento
488 3267 687 3304 ‘dumtaxat
710 3264 838 3306 adreos
865 3271 1021 3306 centum'
1047 3281 1177 3306 consu-

89 3315 210 3354 meret,
234 3323 306 3348 non
328 3313 415 3348 licet
435 3312 553 3348 minus
578 3323 803 3351 consumere:
829 3315 861 3351 si
884 3316 1038 3361 amplius
1062 3316 1177 3360 vellet,

87 3356 188 3436 116161ιέ
218 3367 332 3402 neque
357 3358 403 3393 ob
428 3368 508 3394 eam
530 3368 605 3394 rem
629 3362 757 3395 contra
780 3363 1035 3396 testamentum
1059 3360 1179 3396 facere

88 3412 121 3436 v1
146 3410 166 3437 6
183 3412 237 3438 ur.

135 3443 216 3485 203
240 3446 347 3483 lom
367 3446 458 3484 libro
481 3448 634 3495 septimo
658 3448 879 3496 diqestorum
926 3451 969 3487 In
991 3451 1069 3496 lege
1094 3462 1177 3487 cen-

1172 111 1256 161 865

2213 124 2333 170 L16

1250 239 1347 275 soria
1369 242 1497 284 portus
1522 239 1663 276 Siciliae
1686 241 1735 277 ita
1760 243 1931 289 scriptum
1954 248 2048 282 erat:
2074 249 2218 291 ‘serv0s,
2245 260 2333 294 quos

1251 284 1424 320 ‘domum⁸
1461 284 1540 329 quis
1574 285 1679 321 ducet
1708 298 1773 322 suo
1806 300 1892 333 usu,
1923 300 1991 343 pro
2014 291 2046 327 is
2069 294 2266 337 portorium
2289 305 2334 330 ne

1251 329 1372 365 ‘dato’.
1417 330 1667 382 quaerebatur,
1693 332 1724 367 si
1748 333 1825 377 quis
1850 345 1872 369 a
1895 334 2015 371 Sicilia
2038 347 2157 374 servos
2181 338 2333 374 Romam

1248 375 1407 410 mitteret
1429 374 1531 410 fundi
1554 377 1753 412 instruendi
1771 388 1891 422 causa,
1916 384 2036 416 utrum
2059 393 2125 428 pro
2145 384 2200 419 his
2221 385 2333 419 homi-

1249 420 1356 455 nibus
1395 420 1594 465 portorium
1634 421 1718 456 dare
1758 423 1902 459 deberet
1939 436 2004 461 nec
2041 438 2096 462 ne.
2152 430 2335 473 respondit

1250 465 1341 500 duas
1377 475 1455 500 esse
1491 466 1528 499 in
1563 465 1632 500 hac
1675 468 1853 512 scriptura
1888 472 2128 515 quaestiones,
2172 474 2333 518 primam,

1250 510 1335 555 quid
1360 514 1454 546 esset
1478 509 1632 545 ‘domum
1657 511 1808 555 ducere’,
1841 514 2007 558 alteram,
2033 518 2116 561 quid
2140 523 2234 553 esset
2258 523 2333 554 ‘suo

1251 558 1330 591 ‘usu
1372 555 1525 591 ducere'.
1582 555 1690 600 igitur
1730 559 1852 601 quaeri
1889 561 2053 604 soleret⁹,
2098 566 2233 606 utrum,
2275 565 2335 599 ubi

1249 601 1400 680 finisque
1425 600 1606 636 habitaret
1630 601 1701 637 sive
1725 602 1761 636 111
1785 605 1968 648 provincia
1991 607 2063 642 sive
2086 607 2123 641 in
2146 608 2261 650 Italia,
2286 620 2333 644 an

1275 650 1438 681 umtaxat
1469 647 1507 681 in
1537 657 1603 682 sua
1634 647 1805 692 cuiusque
1836 650 1955 693 patria
1987 651 2112 687 domus
2136 663 2214 688 esse
2237 658 2334 689 recte

1249 691 1438 727 diceturw.
1487 691 1550 727 sed
1583 691 1626 726 de
1657 702 1699 727 ea
1729 703 1768 727 re
1800 695 2030 730 constitutum
2061 707 2139 732 esse
2170 708 2249 733 eam
2273 699 2334 733 do-

1249 748 1345 771 mum
1370 737 1562 781 unicuique
1585 740 1746 772 nostrum
1771 738 1900 774 debere
1924 740 2126 785 existimari,
2152 743 2214 777 ubi
2238 744 2333 788 quis-

1250 792 1319 827 que
1343 782 1447 818 sedes
1471 786 1508 817 et
1531 782 1674 818 tabulas
1698 782 1848 818 haberet
1871 795 2084 831 suarumque
2107 797 2226 822 rerum
2251 799 2334 823 con-

1249 827 1470 863 stitutionem
1505 827 1661 862 fecisset.
1720 828 1805 873 quid
1840 833 1959 864 autem
1994 835 2089 867 esset
2131 836 2209 867 ‘usu
2247 834 2335 876 suo',

1247 883 1412 917 magnam
1442 872 1612 908 habuisse
1644 873 1913 910 dubitationem.
1960 879 1996 910 et
2026 877 2136 920 magis
2168 878 2335 922 placet¹¹.

1249 918 1346 962 quod
1365 918 1480 953 victus
1502 919 1557 953 sui
1578 928 1690 953 causa
1709 923 1874 963 paratum
1895 923 1967 962 est,
1991 925 2129 956 tanturn
2150 923 2334 959 contineri.

1247 963 1404 1008 itemque
1428 963 1472 998 de
1496 963 1607 999 servis
1638 963 1762 998 eadem
1791 965 1930 1000 ratione
1954 967 2094 1010 quaeri,
2132 968 2190 1012 qui
2214 978 2336 1003 eorum

1249 1018 1336 1044 usus
1367 1009 1424 1043 sui
1457 1019 1568 1043 causa
1599 1009 1717 1053 parati
1741 1011 1884 1045 essent?
1920 1014 2038 1046 utrum
2063 1012 2335 1057 dispensatores,

1248 1053 1429 1096 insularii,
1462 1053 1575 1097 vilici,
1609 1054 1801 1097 atrienses,
1825 1058 1995 1099 textores,
2021 1058 2174 1102 operarii
2198 1068 2338 1102 quoque

1248 1099 1393 1142 rustici,
1427 1100 1487 1143 qui
1518 1109 1685 1144 agrorum
1716 1100 1946 1135 colendorum
1970 1112 2080 1137 causa
2110 1103 2337 1146 haberentur,

1249 1154 1293 1178 ex
1318 1144 1448 1189 quibus
1473 1145 1567 1189 agris
1592 1146 1696 1189 pater
1719 1145 1873 1180 familias
1902 1146 2042 1182 fructus
2066 1152 2228 1192 caperet,
2261 1148 2336 1192 (1111-

1248 1190 1316 1224 bus
1341 1200 1380 1224 se
1403 1189 1584 1234 toleraret,
1611 1201 1732 1226 omnes
1758 1190 1909 1235 denique
1933 1202 2052 1227 servos
2066 1193 2103 1236 ¹²,
2152 1204 2218 1228 uos
2243 1194 2338 1238 quis-

1250 1244 1318 1280 que
1342 1236 1503 1279 emisset,
1537 1239 1578 1269 ut
1601 1235 1678 1280 ipse
1702 1235 1853 1271 haberet
1887 1240 1994 1281 atque
2028 1239 2078 1273 eis
2108 1248 2130 1272 a
2184 1238 2338 1283 aliquam

1249 1290 1323 1315 rem
1348 1284 1528 1323 uteretur,
1564 1290 1679 1325 neque
1702 1281 1782 1316 ideo
1807 1282 1968 1326 emisset,
2003 1286 2043 1317 ut
2065 1283 2257 1318 venderet?
2303 1288 2340 1318 et

1249 1326 1318 1361 sibi
1337 1325 1448 1361 videri
1468 1336 1528 1361 eos
1550 1326 1692 1360 demum
1712 1337 1799 1362 usus
1820 1327 1877 1362 sui
1899 1338 2009 1362 causa
2028 1332 2166 1373 patrem
2187 1328 2339 1364 familias

1248 1371 1399 1414 habere,
1440 1372 1500 1416 qui
1532 1371 1578 1405 ad
1607 1371 1682 1406 eius
1714 1382 1845 1416 corpus
1877 1373 2049 1407 tuendum
2088 1375 2196 1419 atque
2226 1374 2339 1418 ipsius

1251 1416 1388 1451 cultum
1411 1416 1609 1462 praepositi
1632 1417 1870 1462 destinatique
1894 1422 2031 1460 essent,
2057 1429 2127 1463 quo
2152 1420 2190 1454 in
2212 1428 2339 1462 genere

1248 1461 1433 1497 iunctores
1449 1463 1485 1505 ¹³,
1532 1461 1761 1504 cubicularii,
1799 1463 1893 1506 coci,
1937 1464 2197 1499 ministratores
2233 1467 2340 1508 atque

1249 1507 1329 1549 alii,
1363 1507 1423 1573 (1111
1454 1507 1501 1542 ad
1531 1507 1707 1543 eiusmodi
1735 1518 1840 1543 usum
1862 1509 1981 1554 parati
2004 1512 2140 1553 essent,
2174 1519 2338 1544 numera«

1249 1555 1374 1587 rentur
1417 1580 1425 1587 .

1295 1595 1377 1635 204
1415 1597 1471 1633 ΡΑ
1481 1607 1576 1633 ULUS
1612 1598 1703 1633 libro
1743 1598 1900 1634 secundo
1939 1599 2174 1645 epitomarum
2215 1599 2342 1645 Alfeni

1250 1642 1379 1678 ‘Pueri'
1418 1643 1613 1688 appellatio
1646 1647 1720 1678 tres
1751 1643 2026 1688 significationes
2058 1644 2182 1679 habet:
2220 1654 2339 1686 unam,

1249 1699 1331 1723 cum
1367 1699 1490 1724 omnes
1527 1699 1648 1724 servos
1689 1699 1821 1733 pueros
1857 1689 2136 1734 appellaremus:
2179 1689 2340 1730 alteram,

1250 1744 1330 1768 cum
1362 1744 1514 1778 puerum
1546 1734 1726 1769 contrario
1768 1734 1911 1769 nomine
1943 1734 2084 1778 puellae
2123 1735 2339 1770 diceremus:

1248 1779 1407 1820 tertiam,
1435 1790 1514 1814 cum
1538 1782 1693 1814 aetatem
1716 1779 1888 1824 puerilem
1913 1779 2247 1815 demonstraremus.

1294 1822 1375 1860 205
1406 1824 1511 1859 IDEM
1530 1825 1620 1860 libro
1646 1826 1818 1870 quarto¹⁵
1842 1826 2080 1871 epitomarum
2104 1825 2232 1871 Alfeni
2269 1824 2339 1869 Qui

1248 1869 1399 1903 fundum
1424 1869 1600 1912 vendidit,
1628 1870 1795 1914 ‘pomum’
1820 1870 1972 1914 recepit:
1999 1880 2108 1906 nuces
2133 1874 2169 1905 et
2191 1870 2280 1905 ficos
2303 1873 2340 1905 et

1248 1925 1334 1949 uvas
1360 1915 1548 1950 dumtaxat
1572 1915 1763 1950 duracinas
1794 1918 1830 1950 et
1858 1926 2057 1960 purpureas
2089 1919 2125 1951 et
2149 1925 2239 1960 quae
2263 1915 2340 1950 eius

1247 1961 1387 2004 generis
1413 1964 1541 2003 essent,
1568 1971 1657 2005 quas
1682 1971 1755 1996 non
1778 1960 1850 1995 vini
1870 1971 1980 1996 causa
1999 1961 2222 2003 haberemus,
2250 1970 2338 2005 quas

1248 2005 1378 2040 Graeci
1402 2005 1600 2050 τρωξίμους
1615 2007 1640 2026 ¹0
1665 2006 1900 2051 appellarent,
1925 2015 2007 2040 rece
2034 2009 2072 2040 ta
2094 2006 2217 2041 videri.

1294 2048 1375 2088 206
1411 2050 1606 2086 IULIANUS
1635 2051 1726 2086 libro
1758 2055 1863 2086 seoeto
1894 2062 1943 2086 ex
2016 2052 2122 2087 inicio
2171 2050 2339 2086 ‘Vinaria’

1246 2106 1332 2131 vasa
1355 2096 1500 2140 proprie
1519 2106 1607 2131 vasa
1627 2096 1825 2131 torcularia
1845 2106 1923 2131 esse
1942 2096 2079 2141 placet:
2105 2096 2201 2132 dolia
2219 2099 2339 2131 autem

1247 2145 1284 2175 et
1315 2141 1428 2177 serias
1461 2141 1597 2176 tamdiu
1626 2141 1663 2175 in
1695 2151 1737 2176 ea
1762 2151 1872 2176 causa
1901 2151 1998 2184 esse,
2030 2141 2198 2187 quamdiu
2221 2142 2339 2176 vinum

1247 2187 1442 2229 haberent,
1474 2198 1555 2222 cum
1587 2186 1664 2222 sine
1688 2187 1769 2221 vino
1793 2196 1872 2222 esse
1897 2186 2113 2231 desinerent,
2145 2187 2183 2222 in
2206 2197 2247 2221 eo
2273 2197 2337 2221 nu-

1247 2242 1343 2267 mero
1369 2243 1442 2267 non
1466 2243 1546 2268 esse
1559 2233 1597 2273 ¹⁷,
1631 2232 1799 2276 quoniam
1823 2232 1869 2266 ad
1892 2232 1999 2266 alium
2024 2243 2127 2267 usum
2151 2231 2339 2267 transferri

1246 2281 1404 2322 possent,
1429 2277 1541 2312 veluti
1565 2277 1594 2312 si
1619 2278 1836 2312 frumentum
1854 2278 1891 2312 in
1914 2277 1970 2312 his
1989 2277 2154 2312 addatur.
2189 2276 2338 2312 eandem

1248 2332 1394 2357 causam
1428 2323 1682 2367 amphorarum
1707 2332 1804 2366 esse,
1837 2326 1898 2362 ut,
1922 2333 2002 2357 cum
2027 2322 2147 2357 vinum
2170 2322 2337 2363 habeant,

1246 2371 1322 2402 tum
1356 2368 1394 2402 in
1429 2368 1522 2403 vasis
1553 2368 1715 2409 vinariis,
1753 2378 1833 2402 cum
1864 2367 1988 2403 inanes
2014 2368 2101 2412 sint,
2137 2371 2212 2402 tum
2236 2370 2338 2402 extra

1246 2423 1434 2448 numerum
1469 2413 1685 2449 vinariorum
1722 2413 1812 2455 sint,
1849 2413 1934 2458 quia
1969 2412 2066 2448 aliud
2100 2413 2137 2447 in
2169 2413 2224 2447 his
2255 2412 2338 2446 addi

1273 2458 1371 2493 ossit.

1245 2470 1268 2502 p
1293 2501 1375 2540 207
1400 2504 1627 2538 AFRICANUS
1650 2503 1740 2538 libro
1767 2504 1871 2538 tertio
1894 2503 2144 2556 quaestionum
2182 2502 2336 2536 ‘Mercis'

1247 2549 1486 2593 appellatione
1518 2549 1679 2584 homines
1710 2559 1782 2583 non
1807 2548 1983 2584 contmeri
2008 2547 2106 2583 Mela
2128 2547 2193 2582 ait:
2231 2550 2267 2581 et
2290 2547 2336 2581 ob

1247 2604 1325 2629 eam
1342 2604 1418 2629 rem
1435 2604 1629 2638 mangones
1652 2605 1726 2630 non
1749 2596 1977 2637 mercatores,
2003 2592 2066 2628 sed
2090 2592 2336 2627 venaliciarios

1246 2649 1292 2684 ap
1321 2639 1421 2674 ellari
1444 2639 1505 2682 ait,
1531 2642 1568 2674 et
1590 2647 1699 2675 recte.

1293 2649 1374 2721 208
1405 2684 1514 2719 IDEM
1544 2684 1634 2720 libro
1667 2687 1797 2729 quarto
1829 2683 2076 2729 quaestionum
2132 2681 2335 2716 ‘Bonorum'

1247 2729 1461 2774 appellatio,
1498 2729 1593 2765 sicut
1615 2729 1842 2768 hereditatis,
1867 2728 2136 2764 universitatem
2160 2726 2336 2771 quandam

1247 2785 1290 2810 ac
1310 2775 1368 2809 ius
1389 2775 1627 2810 successionis
1649 2778 1683 2809 et
1705 2785 1775 2809 non
1800 2774 1959 2818 singulas
1983 2773 2080 2808 res¹⁸
2105 2772 2333 2807 demonstrat.

1295 2817 1376 2857 209
1395 2820 1673 2854 Frozzfflvmws
1695 2820 1786 2855 libro
1807 2819 1944 2854 decimo
1965 2818 2223 2852 institutionum
2255 2815 2334 2850 ‘Co-

1247 2867 1336 2900 ‘ram
1361 2865 1468 2900 Titio'
1501 2864 1634 2909 aliquid
1666 2865 1787 2899 facere
1817 2864 1936 2898 iussus
1969 2873 2041 2898 non
2070 2862 2209 2896 videtur
2231 2871 2333 2913 prae-

1247 2914 1347 2946 sente
1372 2920 1413 2945 eo
1438 2910 1584 2953 fecisse,
1609 2910 1678 2944 nisi
1700 2909 1731 2945 is
1755 2909 1957 2952 intellegat:
1982 2908 2101 2950 itaque
2126 2906 2157 2941 si
2180 2906 2333 2940 furiosus

1246 2960 1310 2991 aut
1332 2954 1450 2990 infans
1475 2955 1522 2990 sit
1546 2958 1610 2990 aut
1634 2954 1796 2996 dormiat,
1821 2964 1894 2988 non
1917 2952 2055 2987 videtur
2076 2961 2196 2986 coram
2219 2961 2260 2985 60
2280 2949 2332 2984 fe-

1248 3001 1351 3037 cisse.
1385 3000 1478 3036 scire
1496 3003 1628 3042 autem,
1652 3010 1726 3034 non
1750 2999 1857 3034 etiam
1879 2998 1967 3033 velle
1990 2997 2020 3032 is
2046 2996 2167 3031 debet:
2192 3005 2274 3030 nam
2297 2998 2334 3030 et

1246 3046 1357 3081 invito
1382 3056 1423 3081 eo
1447 3049 1546 3080 recte
1569 3044 1610 3079 fit
1634 3044 1730 3091 quod
1753 3045 1891 3079 iussum
1916 3046 1979 3077 est.

1293 3088 1374 3128 210
1400 3090 1637 3125 MAROIANUS
1667 3089 1758 3124 libro
1789 3089 1940 3134 septimo
1973 3086 2232 3121 institutionum
2284 3083 2331 3135 Is,

1246 3136 1308 3180 qui
1332 3139 1439 3170 natus
1463 3138 1518 3169 est
1540 3145 1585 3170 ex
1609 3133 1796 3180 mancipiis
1828 3133 1974 3168 urbanis
2007 3134 2043 3165 et
2065 3131 2193 3181 missus
2219 3131 2273 3163 est
2295 3138 2332 3162 111

1246 3181 1366 3216 villam
1389 3179 1612 3222 nutriendus,
1636 3179 1675 3214 in
1698 3178 1844 3214 urbanis
1869 3177 1978 3213 servis
2003 3177 2249 3227 constituetur.

1293 3223 1372 3262 211
1423 3225 1701 3261 Frofflivmws
1756 3224 1846 3259 libro
1900 3225 2024 3256 octavo
2070 3221 2329 3270 institutionum

1248 3270 1388 3306 ‘Fundi'
1421 3269 1662 3315 appellatione
1695 3279 1799 3305 omne
1822 3266 2020 3302 aedificium
2043 3268 2079 3316 et
2110 3273 2223 3315 omnis
2248 3271 2331 3305 ager

1246 3316 1460 3351 continetur.
1523 3314 1586 3349 sed
1623 3315 1661 3349 in
1699 3325 1768 3349 usu
1804 3312 1944 3347 urbana
1990 3308 2152 3344 aedificia
2177 3307 2330 3360 .‘f²e.d‘'“?'’

1245 3360 1382 3396 rustica
1407 3359 1532 3394 ‘villae'
1558 3359 1734 3394 dicuntur.
1777 3358 1877 3392 locus
1901 3365 1984 3390 vero
2008 3353 2084 3389 sine
2108 3352 2269 3387 aedlficlo
2292 3362 2331 3386 111

1247 3406 1337 3441 urbe
1361 3404 1481 3446 ‘area’‚
1514 3414 1598 3440 rure
1629 3407 1747 3439 autem
1776 3401 1883 3445 ‘ager'
1907 3398 2118 3444 appellatur.
2167 3396 2331 3441 idemque

1247 3460 1332 3496 ager
1356 3460 1437 3485 cum
1460 3448 1624 3485 aedificio
1648 3447 1803 3483 ‘fundus'
1828 3445 1968 3481 dicitur.

87 3562 129 3601 (1)
153 3559 234 3601 quia
253 3561 328 3594 dett.
370 3562 481 3596 uidam
620 3564 665 3606 (2)
688 3563 863 3596 servitium
884 3575 1017 3607 quoque
1038 3564 1180 3598 solemus

88 3604 255 3647 appellare
274 3605 291 3637 f
343 3605 351 3613 ’
368 3606 435 3639 iam
452 3619 516 3642 scr.
621 3611 664 3650 (3)
689 3608 833 3650 quodam
853 3610 1045 3652 memoriae]
1067 3609 1181 3643 eodem

88 3652 180 3682 ortae
198 3662 260 3683 scr.
283 3652 343 3692 (sic
352 3653 430 3696 fere
451 3652 652 3698 Bilderdyk)
755 3657 797 3695 (4)
822 3665 893 3687 11011
910 3656 1026 3687 matris
1044 3656 1105 3689 ins.
1127 3653 1180 3687 F2

89 3696 133 3736 (ὁ)
158 3694 321 3728 1101-th
407 3698 453 3739 (8)
476 3696 550 3731 loco
566 3699 629 3731 del.
644 3699 693 3732 F2
787 3701 830 3742 (7)
855 3700 1086 3743 respondimus
1105 3700 1177 3732 edd.

89 3740 136 3781 (8)
161 3739 257 3774 domo
275 3741 310 3773 F
430 3744 476 3785 (9)
501 3742 606 3777 solere
626 3745 705 3777 Hal.
832 3746 892 3787 (10)
918 3746 1085 3778 diceretur
1105 3745 1177 3778 edd.

1250 3564 1307 3605 (11)
1333 3564 1366 3595 et
1376 3562 1482 3605 magis
1491 3561 1611 3605 placet]
1624 3561 1697 3603 suit
1715 3560 1748 3591 et
1765 3567 1855 3600 penu
1871 3556 1923 3588 sui
1935 3565 2014 3588 115115
2026 3564 2124 3587 causa
2134 3555 2251 3597 parata
2262 3564 2329 3586 ma-

1248 3608 1301 3650 gis
1319 3607 1451 3650 placere
1543 3608 1602 3647 (12)
1625 3614 1735 3637 servos
1755 3603 1817 3635 del.
1911 3602 1968 3642 (13)
1994 3602 2148 3632 unctores
2167 3599 2330 3632 Victorius

1250 3655 1308 3694 (14)
1333 3654 1594 3695 numeparentur
1607 3651 1670 3691 Fa,
1684 3659 1765 3681 num
1775 3648 1933 3690 parentur
1947 3646 1981 3678 F
1985 3644 1999 3666 ⁶
2092 3645 2150 3686 (15)
2175 3643 2217 3675 ad
2230 3645 2288 3694 ips.
2303 3644 2336 3675 F

1250 3700 1308 3738 (16)
1335 3699 1372 3731 id
1386 3705 1451 3731 est:
1476 3695 1617 3730 cibarias
1707 3693 1766 3733 (17)
1793 3702 1867 3724 cum
1879 3691 1949 3723 sine
1962 3690 2040 3722 vino
2052 3691 2169 3729 essent,
2182 3688 2330 3721 desinere

1248 3743 1285 3775 in
1298 3753 1337 3776 eo
1349 3753 1489 3775 numero
1502 3750 1568 3775 esse
1581 3752 1642 3773 scr.
1658 3738 1816 3781 (simililer
1828 3737 1915 3777 edd.)
2020 3734 2082 3778 (18)
2105 3732 2290 3775 singulares
2301 3733 2332 3765 F

1995 3793 2057 3823 10¹.)
