2528 3918
129 102 443 136 mREmRANDo

181 215 205 251 4
237 214 293 249 ΡΑ
302 222 395 249 Utus
427 212 516 248 libro
552 213 676 246 octavo
712 208 847 244 decimo
883 207 933 243 ad
966 208 1119 243 edictum
1165 207 1220 242 vel

134 261 287 295 filiorum
310 264 462 298 tuorum,

182 304 205 342 5
238 304 430 340 Uzmzws
456 300 545 336 libro
577 300 767 335 vicensimo
798 298 955 334 secundo
987 297 1038 333 ad
1066 297 1218 333 edictum

136 361 208 385 non
243 349 308 384 erit
340 347 479 382 ratum¹
514 344 718 379 habendum
749 342 1014 378 iusiurandum:
1060 342 1156 387 quod
1190 342 1221 376 si

135 394 243 439 exegi,
267 397 308 429 ut
330 402 394 437 per
416 391 567 426 salutem
589 394 689 424 tuam
712 389 861 430 iurares,
887 391 923 422 et
945 388 1083 429 iurasti,
1108 387 1219 423 stabi-

134 445 193 475 tur
205 442 237 473 ¹⁴.
279 447 381 473 omne
404 436 497 471 enim
520 435 663 470 omnino
686 434 821 469 licitum
853 433 1121 475 iusiurandum,
1157 443 1221 477 per

133 483 229 530 quod
251 481 361 518 voluit
384 481 462 526 quis
486 480 555 515 sibi
576 479 705 522 iurari,
728 478 895 514 idoneum
920 482 973 513 est
996 482 1033 513 et
1056 478 1087 513 si
1111 488 1154 513 ex
1178 487 1219 512 eo

137 534 150 564 1
201 527 307 563 fuerit
328 526 504 567 iuratum,
536 528 681 570 praetor
711 523 749 559 id
779 524 949 559 tuebitur.
997 523 1109 558 Divus
1133 522 1219 557 Pius

133 571 379 614 iureiurando,
413 571 508 616 quod
531 570 677 615 propria
700 569 952 614 superstitione
974 569 1130 603 iuratum
1154 571 1219 610 est,

133 623 152 654 2
199 616 364 653 standum
394 616 587 660 rescripsit.
635 614 730 650 Dato
762 613 991 649 iureiurando
1025 624 1098 649 non
1122 612 1220 648 aliud

131 662 330 708 quaeritur,
365 671 472 706 quam
495 671 542 695 an
563 660 720 695 iuratum
743 659 807 701 sit,
839 659 988 694 remissa
1012 658 1221 704 quaestione

132 719 179 743 an
203 707 394 748 debeatur,
427 706 529 751 quasi
560 705 647 741 satis
678 705 870 750 probatum
901 704 949 739 sit
978 703 1217 739 iureiurando.

131 757 151 788 3
201 752 271 787 Sed
295 751 324 787 si
349 752 428 796 quis
451 751 612 786 illicitum
634 749 880 785 iusiurandum
906 749 1090 792 detulerit,
1123 749 1219 785 scili-

133 801 189 833 cet
212 797 435 841 improbatae
458 796 625 841 publice2
647 795 844 840 religionis,
876 795 1058 830 videamus
1083 804 1129 829 an
1153 804 1219 839 pro

131 854 172 878 eo
197 842 373 877 habeatur
397 845 503 886 atque
527 842 558 876 si
580 841 736 876 iuratum
759 851 832 876 non
852 843 965 875 esset:
991 839 1088 885 quod
1107 839 1219 884 magis

129 892 152 923 4
199 887 359 922 existimo
394 886 592 922 dicendum.
642 885 680 921 Si
710 896 824 930 neque
847 886 1002 920 iuratum
1028 888 1083 920 est
1105 894 1220 930 neque

131 933 317 968 remissum
339 932 596 974 iusiurandum,
621 941 686 976 pro
712 941 753 966 eo
779 930 884 966 debet
902 930 1038 972 haberi,
1063 933 1171 975 atque
1190 930 1221 964 si

130 988 188 1013 res
219 978 256 1012 in
287 977 535 1012 iusiurandum
567 976 723 1012 admissa
755 986 828 1011 non
859 979 964 1011 esset.
1008 975 1157 1020 proinde
1189 974 1221 1010 si

131 1026 257 1068 postea
280 1023 398 1058 iurare
421 1026 570 1068 paratus
595 1022 660 1064 sit,
693 1021 779 1056 nihil
811 1021 843 1056 ei
872 1021 942 1056 hoc
972 1020 1219 1056 iusiurandum

128 1068 301 1114 proficiet,
323 1068 406 1113 quia
425 1078 469 1102 ex
490 1078 530 1103 eo
551 1067 646 1113 quod
666 1066 821 1102 delatum
833 1070 887 1102 est
898 1066 1055 1101 iuratum
1067 1076 1141 1101 non
1154 1068 1218 1101 est.

177 1111 201 1150 6
226 1113 283 1148 PA
291 1123 386 1148 ULUS
406 1114 496 1149 libro
520 1123 616 1148 nono
641 1112 777 1148 decimo
801 1111 852 1146 ad
868 1112 1022 1147 edictum
1056 1111 1221 1146 Remittit

128 1158 386 1201 iusiurandum,
411 1159 472 1204 qui
496 1158 676 1193 deferente
699 1168 738 1192 se
763 1168 843 1193 cum
866 1159 1015 1202 paratus
1041 1160 1136 1192 esset
1155 1156 1219 1191 ad-

128 1204 307 1239 versarius
340 1204 459 1238 iurare
482 1203 633 1249 gratiam
658 1202 690 1238 ei
712 1202 801 1238 facit
825 1206 1014 1237 contentus
1038 1202 1220 1237 voluntate

128 1249 287 1294 suscepti
309 1248 547 1284 iurisiurandi.
592 1248 688 1293 quod
712 1248 743 1283 si
766 1258 838 1283 non
862 1248 1020 1292 suscepit
1041 1247 1219 1282 iusiuran-

131 1294 234 1336 dum,
267 1294 350 1329 licet
380 1298 507 1339 postea
538 1297 664 1339 parato
689 1293 808 1328 iurare
832 1296 934 1328 actor
958 1293 1047 1328 nolit
1071 1292 1219 1335 deferre,

130 1351 202 1375 non
234 1339 410 1375 videbitur
440 1339 644 1375 remissum:
677 1349 759 1373 nam
795 1338 890 1384 quod
925 1341 1132 1382 susceptum
1169 1342 1222 1373 est

129 1385 261 1420 remitti
285 1384 402 1420 debet.

177 1428 200 1466 7
234 1429 429 1466 Urmzws
459 1429 549 1465 libro
582 1430 772 1465 vicensimo
803 1428 960 1464 secundo
995 1428 1044 1463 ad
1067 1428 1221 1463 edictum

129 1475 191 1510 Ait
206 1478 367 1520 praetor:
394 1475 495 1510 ‘Eius
518 1475 581 1517 rei,
606 1475 650 1510 de
675 1484 746 1519 qua
768 1473 1013 1509 iusiurandum
1030 1473 1186 1508 delatum
1195 1473 1220 1493 2·

128 1520 261 1563 ⁴fuerit,
286 1531 400 1565 neque
422 1520 460 1555 in
483 1520 600 1565 ipsum
623 1530 738 1565 neque
756 1519 793 1554 in
813 1529 893 1554 eum
911 1518 957 1554 ad
979 1530 1083 1571 quem
1104 1529 1146 1554 ea
1163 1529 1221 1553 res

131 1569 141 1585 ⁴
170 1566 297 1601 ertinet
320 1565 497 1601 actionem
522 1565 639 1601 dabo.'
676 1565 762 1600 ‘eius
786 1564 849 1600 rei'
874 1564 926 1600 sic
951 1568 1019 1599 er1t
1042 1564 1220 1609 accipien-

155 1622 226 1653 um,
252 1611 325 1646 sive
349 1610 392 1646 de
415 1614 493 1646 tota
515 1622 555 1646 re
579 1611 652 1646 sive
677 1611 720 1646 de
743 1613 846 1655 parte
870 1610 917 1645 sit
939 1610 1113 1645 iuratum:
1138 1619 1222 1644 nam

128 1656 176 1691 de
208 1666 248 1691 eo
283 1656 379 1701 quod
408 1657 565 1691 iuratum
596 1660 651 1691 est
673 1655 863 1701 pollicetur
887 1665 925 1690 se
949 1655 1126 1690 actionem
1149 1665 1222 1690 non

130 1702 299 1737 daturum
330 1711 445 1747 neque
475 1701 513 1736 in
537 1712 617 1736 eum
641 1701 702 1747 qui
723 1701 853 1736 iuravit
876 1711 991 1746 neque
1014 1700 1052 1735 in
1076 1710 1137 1735 eos
1162 1700 1222 1745 qui

129 1748 166 1782 in
186 1747 305 1782 locum
327 1747 401 1782 eius
423 1747 481 1782 cui
499 1746 746 1782 iusiurandum
758 1746 916 1781 delatum
936 1750 990 1781 est
1011 1745 1219 1788 succedunt,

178 1789 201 1829 8
227 1791 284 1827 ΡΑ
292 1801 386 1827 ULUS
407 1792 497 1828 libro
522 1797 647 1828 octavo
668 1791 803 1827 decimo
824 1791 874 1826 ad
893 1791 1047 1827 edictum
1084 1791 1222 1826 etiamsi

130 1838 167 1872 in
191 1848 266 1873 rem
290 1837 540 1872 successerint.

177 1880 202 1920 9
234 1883 429 1918 ULPIANUS
457 1883 546 1918 libro
578 1882 768 1917 vicensimo
799 1881 956 1917 secundo
989 1881 1038 1917 ad
1068 1881 1221 1917 edictum

130 1928 223 1964 Nam
246 1932 479 1973 posteaquam
502 1928 659 1963 iuratum
684 1930 748 1970 est,
773 1926 967 1971 denegatur
998 1926 1113 1962 actio:
1147 1930 1220 1969 aut,

128 1974 161 2009 si
186 1973 428 2009 controversia
453 1973 529 2016 erit,
553 1972 591 2008 id
615 1976 669 2008 est
692 1972 723 2007 si
746 1972 947 2018 ambigitur,
973 1982 1019 2007 an
1042 1972 1221 2007 iusiuran-

136 2022 148 2053 1
200 2019 284 2054 dum
308 2018 431 2053 datum
454 2018 511 2061 sit,
537 2018 738 2063 exceptioni
760 2018 860 2053 locus
886 2021 950 2053 est.
986 2016 1221 2052 Iureiurando

132 2064 215 2099 dato
248 2064 303 2099 vel
333 2064 480 2099 remisso
511 2074 595 2099 reus
626 2063 768 2109 quidem
799 2063 954 2108 adquirit
978 2062 1223 2108 exceptionem

128 2110 199 2144 sibi
223 2109 388 2154 aliisque,
420 2112 522 2145 actor
552 2119 635 2144 vero
668 2108 844 2144 actionem
876 2108 1051 2153 adquirit,
1082 2108 1121 2143 in
1152 2119 1223 2153 qua

132 2154 200 2190 hoc
225 2155 340 2190 solum
364 2154 566 2199 quaeritur,
600 2165 647 2189 an
670 2154 842 2189 iuraverit
865 2153 943 2188 dari
966 2154 1035 2189 sibi
1058 2156 1223 2198 oportere

131 2200 196 2242 vel,
222 2210 303 2234 cum
325 2200 444 2235 iurare
466 2203 614 2245 paratus
640 2203 751 2242 esset,
775 2198 1022 2235 iusiurandum
1046 2199 1078 2234 ei
1100 2199 1222 2233 remis-

131 2248 151 2279 2
200 2255 278 2280 sum
302 2245 358 2280 sit.
407 2244 444 2280 Si
469 2245 657 2280 damnetur
680 2244 784 2290 quis³
806 2248 890 2290 post
909 2243 1158 2279 iusiurandum
1180 2254 1223 2279 ex

132 2293 152 2325 3
199 2290 337 2326 famoso
369 2290 520 2333 iudicio,
551 2290 730 2325 famosum
762 2300 839 2325 esse
870 2289 981 2334 magis
1006 2294 1071 2325 est.
1120 2289 1159 2324 Si
1180 2289 1222 2331 is,

135 2336 194 2380 qui
218 2335 436 2381 temporaria
459 2335 600 2371 actione
623 2335 709 2370 mihi
733 2335 910 2380 obligatus
934 2338 1032 2378 erat,
1058 2334 1224 2370 detulerit

131 2381 396 2424 iusiurandum,
430 2384 471 2416 ut
500 2381 613 2416 iurem
646 2391 727 2416 eum
759 2380 845 2416 dare
869 2383 1053 2425 oportere,
1087 2389 1223 2425 egoque

131 2426 304 2469 iuravero,
328 2429 487 2471 tempore
511 2437 583 2461 non
604 2426 787 2468 liberatur,
814 2426 898 2471 quia
918 2429 999 2470 post
1019 2425 1117 2460 litem
1138 2435 1222 2460 con-

130 2475 298 2507 testatam
323 2482 403 2507 cum
427 2481 468 2507 eo
493 2474 724 2517 perpetuatur
748 2471 920 2506 adversus
941 2482 1020 2506 eum
1040 2470 1221 2515 obligatio.

134 2519 155 2551 4
202 2516 239 2551 Si
269 2516 385 2551 minor
415 2516 536 2561 viginti
569 2516 722 2562 quinque
753 2517 856 2551 annis
889 2516 1056 2551 detulerit
1087 2520 1122 2551 et
1152 2516 1222 2551 hoc

132 2562 210 2606 ipso
244 2565 389 2606 captum
423 2572 461 2597 se
493 2562 607 2604 dicat,
640 2561 810 2597 adversus
843 2561 1088 2606 exceptionem
1118 2561 1222 2596 iuris-

132 2607 272 2641 iurandi
295 2607 460 2652 replicari
484 2607 637 2648 debebit,
662 2610 703 2642 ut
725 2607 945 2651 Pomponius
969 2606 1030 2641 ait.
1069 2616 1132 2651 ego
1158 2616 1221 2641 au-

132 2655 205 2686 tem
236 2655 326 2697 puto
355 2652 449 2687 hanc
483 2652 750 2697 replicationem
773 2662 846 2687 non
870 2662 944 2687 sem
972 2661 1010 2687 er
1034 2661 1112 2687 esse
1135 2651 1222 2686 dan-

136 2696 227 2739 dam,
253 2697 316 2732 sed
338 2698 546 2742 plerumque
569 2698 686 2742 ipsum
710 2700 911 2742 praetorem
935 2662 1066 2732 ‹febere
1081 2708 1223 2742 cognos-

131 2752 213 2777 cere
226 2768 234 2784 ,
284 2752 331 2776 an
363 2747 490 2787 captus
522 2743 586 2785 sit,
619 2746 654 2778 et
685 2742 737 2778 sic
759 2742 797 2777 in
819 2742 996 2787 integrum
1018 2743 1222 2777 restituere:

135 2797 199 2822 nec
234 2787 326 2822 enim
360 2788 482 2833 utique
519 2788 579 2833 qui
613 2787 728 2823 minor
763 2790 818 2823 est
848 2787 969 2823 statim
1001 2789 1037 2821 et
1073 2787 1222 2822 circum-

133 2832 305 2884 scriptum
331 2843 369 2868 se
402 2833 532 2868 docuit.
577 2836 764 2878 praeterea
786 2832 948 2877 exceptio
972 2832 1042 2867 ista
1065 2832 1138 2867 sive
1162 2842 1222 2867 co-

134 2881 241 2921 gmtio
267 2881 439 2914 statutum
458 2882 598 2923 tempus
644 2881 700 2914 ost
718 2888 851 2913 annum
870 2877 1100 2912 vicensimum
1121 2877 1221 2922 quin-

137 2924 155 2956 5
201 2925 276 2974 tum
300 2933 372 2958 non
396 2923 502 2959 debet
525 2889 652 2969 egredi.
690 2923 761 2959 Sed
784 2927 820 2958 et
843 2923 874 2958 si
898 2922 976 2968 quis
999 2922 1036 2957 in
1059 2922 1223 2957 fraudem

136 2967 347 3003 credltorum
369 2968 616 3004 iusiurandum
648 2968 814 3004 detulerit
847 2968 1021 3011 debitori,
1054 2967 1222 3003 adversus

134 3012 377 3057 exceptionem
407 3014 638 3049 iurisiurandi
666 3014 851 3059 replicatio
875 3013 1012 3048 fraudis
1038 3012 1222 3048 creditori-

137 3056 204 3108 bus
237 3057 342 3093 debet
365 3058 453 3094 dari.
489 3063 675 3104 praeterea
698 3059 728 3094 si
750 3059 938 3094 fraudator
962 3058 1128 3094 detulerit
1150 3058 1222 3093 ius-

135 3102 322 3138 iurandum
346 3104 522 3147 creditori,
546 3108 588 3139 ut
606 3105 700 3140 iuret
718 3104 786 3139 sibi
806 3104 928 3140 decem
949 3103 1026 3139 dari
1046 3114 1066 3139 o
1094 3106 1222 3145 ortere‚

135 3157 218 3182 mox
239 3147 342 3183 bonis
367 3149 441 3184 eius
464 3149 639 3184 venditis⁴
663 3150 816 3195 experiri
838 3150 943 3192 volet,
969 3152 1033 3184 aut
1082 3149 1224 3193 enegari

137 3190 240 3227 debet
263 3193 356 3228 actio
381 3198 444 3229 aut
468 3195 629 3239 exceptio
654 3205 700 3240 op
728 3195 847 3230 onitur
869 3194 1120 3230 fraudatorum
1146 3204 1222 3229 cre-

136 3238 167 3287 6.
204 3236 367 3273 ditorum.
414 3239 665 3275 Iusiurandum
711 3239 883 3275 efensoris
901 3239 958 3275 vel
977 3239 1222 3284 procuratoris

138 3289 170 3315 ei
200 3282 245 3333 ab
277 3282 478 3319 adversario
511 3284 667 3320 delatum
727 3285 873 3321 rodesse
908 3284 1223 3329 exceptionemque

141 3323 280 3377 dommo
303 3337 428 3372 parere
451 3329 610 3365 Iulianus
634 3330 705 3365 scri
730 3331 768 3366 it.
811 3330 905 3365 idem
928 3339 1010 3374 ergo
1036 3329 1223 3364 dicendum

136 3373 205 3404 erit
234 3374 282 3423 et·
298 3372 329 3407 si
359 3372 464 3409 datus
496 3375 543 3409 ad
571 3375 763 3420 petendum
794 3378 1008 3420 procurator
1038 3385 1099 3410 reo
1125 3374 1222 3409 defe-

140 3418 250 3467 rente·
272 3418 441 3468 iuraverit
479 3419 556 3454 dari
590 3420 676 3454 mihi
711 3424 893 3465 oportere:
929 3430 1013 3455 nam
1047 3419 1224 3455 actionem

139 3461 158 3492 ’1
205 3460 290 3495 mihi
327 3462 432 3506 parit.
476 3474 567 3508 quae
607 3465 783 3500 sententia
812 3465 923 3500 habet
951 3465 1137 3501 rationem.
1187 3464 1224 3499 Si

140 3572 179 3613 (1)
204 3572 406 3607 iuratumF¹
474 3577 525 3618 (1⁸)
550 3587 589 3610 eo
602 3579 662 3612 ins.
742 3579 784 3620 (2)
809 3577 1014 3622 publicaeF
1085 3578 1140 3619 (2¹)
1166 3578 1222 3609 da‘

145 3618 211 3668 tum
223 3630 283 3651 scr.
377 3621 419 3662 (3)
444 3622 564 3663 quitF
653 3624 695 3665 (4)
721 3623 750 3656 is
762 3625 822 3658 ins.
835 3624 1018 3667 Hoffmann
1123 3624 1166 3664 (5)
1191 3626 1226 3654 et

142 3672 202 3693 ms.
213 3662 271 3694 FS
417 3666 460 3707 (6)
485 3666 599 3699 datum
610 3668 792 3711 Hoffmann
937 3670 979 3711 (7)
994 3668 1184 3701 cautionem
1197 3668 1231 3699 F

142 3705 185 3744 (8)
200 3716 271 3738 eam
283 3717 302 3739 a
312 3710 376 3749 me]
390 3719 479 3743 eame
493 3711 530 3751 F,
545 3721 563 3743 a
575 3722 626 3744 me
640 3712 670 3746 S
859 3714 903 3755 (9)
918 3712 1184 3756 probassemeam
1197 3712 1231 3745 F

1220 80 1297 128 163

2240 86 2383 128 XH2

1291 206 1424 251 petitor
1453 207 1583 241 iuravit
1614 217 1820 250 possessore
1853 207 2035 243 deferente
2065 218 2141 243 rem
2165 218 2267 243 suam
2293 218 2383 251 esse,

1291 252 1406 287 actori
1429 252 1573 287 dabitur
1596 252 1702 294 actio,
1728 253 1791 287 sed
1814 253 1883 287 hoc
1904 253 2091 289 dumtaxat
2110 252 2281 288 adversus
2303 263 2383 288 eum

1291 297 1351 341 qui
1385 297 1631 332 iusiurandum
1668 296 1795 331 detulit
1829 308 1960 342 eosque
2019 298 2055 333 ui
2085 298 2122 332 in
2155 298 2229 333 eius
2265 298 2383 333 locum

1291 346 1560 378 successerunt:
1596 345 1751 377 ceterum
1784 343 1952 378 adversus
1985 354 2007 378 a
2023 343 2093 378 'um
2117 343 2149 378 si
2172 343 2255 378 velit
2278 353 2382 388 prae-

1290 398 1329 422 ro
1355 388 1450 423 ativa
1472 387 1703 422 iurisiurandi
1726 387 1790 429 uti,
1816 387 1903 421 nihil
1927 388 1959 422 ei
1982 389 2153 433 proderit,

1366 431 1390 470 Ο
1416 432 1576 468 ΡΑσισε
1597 432 1688 468 libro
1712 435 1837 467 octavo
1865 432 1999 467 decimo
2026 434 2076 468 ad
2098 433 2252 470 edictum
2300 433 2383 478 quia

1291 489 1363 512 non
1388 473 1535 513 deberet
1553 478 1613 513 alii
1632 487 1773 519 nocere,
1799 476 1896 522 quod
1914 477 2007 512 inter
2026 479 2114 513 alios
2135 483 2255 514 actum
2276 483 2382 513 esset.

1341 522 1386 559 11
1424 522 1619 558 ULPIANUS
1645 523 1736 558 libro
1760 523 1951 557 vicensimo
1975 524 2131 558 secundo
2156 524 2206 559 ad
2228 523 2383 559 edictum

1291 568 1362 603 Sed
1394 568 1423 603 si
1453 567 1652 613 possessori
1682 567 1791 602 fuerit
1822 567 2067 602 iusiurandum
2099 569 2256 603 delatum
2286 569 2383 603 iura-

1290 614 1380 649 verit
1405 623 1450 648 ue
1484 624 1560 648 rem
1594 613 1757 657 petitoris
1790 623 1863 647 non
1899 622 1995 654 esse,
2038 614 2205 658 quamdiu
2241 613 2384 658 quidem

1290 658 1389 704 possi
1417 662 1468 701 et,
1503 658 1675 693 adversus
1701 669 1780 692 eum
1804 658 1865 702 qui
1897 657 2024 692 detulit
2054 658 2321 701 iusiurandum,
2354 659 2385 694 si

1290 707 1409 749 petat,
1435 703 1645 749 exceptione
1668 702 1898 738 iurisiurandi
1921 706 2059 738 utetur:
2095 704 2125 738 si
2147 715 2229 739 vero
2256 705 2383 739 amise-

1290 750 1337 784 rit
1360 749 1641 794 possessionem,
1674 748 1851 783 actionem
1876 758 1949 783 non
1972 749 2137 790 habebit,
2172 759 2217 783 ne
2241 750 2384 794 quidem

1291 795 1321 830 si
1344 795 1374 829 is
1398 794 1582 839 possideat
1605 793 1666 839 qui
1690 794 1722 829 ei
1744 793 1990 828 iusiurandum
2015 793 2159 829 detulit:
2193 805 2265 829 non
2290 795 2384 829 enim

1293 843 1308 875 1
1357 850 1433 874 rem
1457 850 1558 874 suam
1582 850 1660 875 esse
1683 839 1832 881 iuravit,
1865 838 1929 873 sed
1961 839 2036 873 eius
2060 850 2132 874 non
2157 849 2245 874 esse.
2293 840 2383 874 Pro-

1288 884 1372 920 inde
1395 885 1436 927 si,
1463 896 1543 919 cum
1566 883 1775 929 possideret,
1788 885 1801 905 ⁵
1814 883 1996 919 deferente
2015 885 2167 929 petitore
2186 895 2260 919 rem
2282 895 2386 919 suam

1289 930 1429 973 iuravit,
1456 933 1715 975 consequenter
1739 929 1896 964 dicemus
1921 929 2052 964 amissa
2077 939 2217 974 quoque
2240 940 2383 974 posses-

1289 976 1407 1018 sione,
1441 975 1472 1011 si
1494 975 1524 1010 is
1549 975 1611 1021 qui
1634 974 1762 1010 detulit
1783 974 2031 1009 iusiurandum
2054 978 2207 1010 nanctus
2232 975 2278 1009 sit
2300 985 2384 1019 pos-

1290 1021 1493 1063 sessionem,
1519 1020 1697 1056 actionem
1718 1019 1756 1054 in
1779 1020 1917 1055 factum
1936 1020 1968 1055 ei
1988 1019 2153 1054 dandam.
2192 1023 2227 1055 et
2245 1019 2385 1054 fruetus

1289 1069 1479 1111 perceptos
1513 1076 1558 1101 ex
1587 1076 1645 1109 re,
1680 1075 1787 1111 quam
1818 1075 1934 1100 meam
1970 1075 2047 1100 esse
2078 1065 2211 1107 iuravi,
2245 1065 2386 1100 restitui

1289 1111 1375 1146 mihi
1405 1111 1560 1157 placuit:
1595 1110 1658 1146 sed
1690 1113 1726 1146 et
1756 1113 1902 1156 partum
1934 1110 2066 1145 editum
2089 1110 2183 1146 fetus
2209 1120 2255 1145 ue
2278 1121 2385 1154 peco-

1289 1168 1368 1192 rum
1392 1156 1632 1192 restituendos
1658 1159 1800 1192 constat
1822 1159 1907 1201 post
1925 1155 2172 1191 iusiurandum
2218 1155 2350 1190 elatum
2360 1157 2384 1189 ὃ.

1291 1205 1310 1237 2
1358 1202 1448 1237 Item
1481 1202 1511 1237 si
1542 1202 1705 1237 iuravero
1738 1212 1844 1236 usum
1874 1201 2031 1236 fructum
2062 1201 2213 1236 alicuius
2246 1201 2299 1235 rei
2330 1200 2387 1235 vel

1291 1258 1409 1282 meum
1433 1258 1512 1283 esse
1534 1247 1590 1283 vel
1611 1247 1689 1282 dari
1708 1247 1794 1282 mihi
1814 1249 1990 1292 oportere,
2016 1250 2162 1282 eatenus
2183 1246 2269 1280 mihi
2290 1256 2385 1281 com-

1289 1292 1380 1338 petit
1403 1293 1511 1336 actio,
1536 1296 1724 1338 quatenus,
1749 1292 1779 1328 si
1798 1302 1880 1327 vere
1900 1302 2004 1327 usum
2027 1291 2185 1327 fructum
2204 1291 2385 1333 haberem,

1291 1338 1453 1373 duraret:
1488 1338 1618 1383 quibus
1641 1348 1724 1374 vero
1751 1337 1894 1373 casibus
1919 1337 2159 1380 amitteretur,
2193 1347 2263 1372 non
2290 1347 2386 1371 com-

1290 1383 1381 1428 petit
1403 1384 1490 1418 mihi
1514 1383 1620 1420 actio.
1659 1383 1722 1419 sed
1744 1383 1775 1418 si
1798 1393 1937 1425 rerum,
1961 1382 1999 1417 in
2024 1382 2152 1427 quibus
2178 1393 2264 1417 usus
2288 1381 2386 1416 fruc-

1290 1433 1349 1464 tus
1379 1432 1528 1474 propter
1558 1429 1711 1464 abusum
1743 1429 1913 1464 constitui
1944 1439 2017 1463 non
2048 1431 2186 1472 potest,
2218 1427 2388 1462 iuraverit

1290 1485 1395 1510 usum
1429 1473 1588 1510 fructum
1623 1484 1662 1509 se
1695 1474 1830 1509 habere
1861 1474 1915 1508 vel
1947 1473 2014 1509 sibi
2045 1473 2184 1515 deberi,
2222 1472 2386 1508 effectum

1289 1519 1522 1555 iurisiurandi
1545 1519 1765 1565 sequendum
1787 1519 1943 1554 arbitror
1965 1518 2117 1563 ideoque
2136 1521 2223 1553 tunc
2245 1527 2388 1563 quoque

1289 1565 1401 1601 videri
1425 1574 1506 1600 eum
1537 1569 1636 1601 recte
1659 1565 1798 1600 iurasse
1824 1568 1912 1610 puto
1941 1567 1977 1600 et
2007 1574 2051 1599 ex
2081 1573 2124 1599 eo
2157 1563 2389 1599 iureiurando

1291 1613 1311 1645 3
1358 1620 1466 1655 posse
1485 1613 1608 1655 petere
1631 1621 1736 1646 usum
1759 1610 1918 1645 fructum
1942 1609 2132 1645 cautione⁷
2156 1608 2288 1644 oblata.
2337 1608 2388 1651 Si,

1294 1666 1376 1691 cum
1409 1655 1453 1691 de
1476 1656 1676 1691 hereditate
1699 1656 1791 1690 inter
1814 1665 1871 1690 me
1896 1658 1930 1690 et
1952 1658 1989 1690 te
2014 1654 2258 1690 controversia
2282 1657 2388 1696 esset,

1290 1701 1452 1737 iuravero
1478 1701 1712 1736 hereditatem
1735 1711 1851 1736 meam
1876 1710 1972 1743 esse,
2005 1699 2043 1734 id
2067 1700 2238 1751 consequi
2262 1699 2388 1741 debeo,

1292 1745 1388 1791 quod
1418 1746 1607 1789 haberem,
1640 1746 1671 1782 si
1702 1746 1901 1781 secundum
1930 1755 1987 1780 me
2012 1744 2056 1780 de
2079 1745 2279 1780 hereditate
2302 1754 2388 1789 pro-

1291 1791 1496 1827 nuntiatum
1517 1795 1622 1827 esset.
1660 1795 1696 1827 et
1708 1801 1781 1827 non
1794 1791 1909 1826 solum
1924 1800 1984 1825 eas
1996 1799 2053 1825 res
2066 1789 2255 1825 restituere
2268 1789 2389 1832 debes,

1293 1847 1380 1882 quas
1404 1839 1492 1873 tunc
1511 1836 1734 1883 possidebas,
1759 1836 1823 1871 sed
1843 1839 1878 1871 et
1897 1836 1928 1871 si
1949 1845 2039 1880 quas
2058 1838 2185 1880 postea
2207 1834 2389 1879 coepisses

1291 1882 1486 1927 possidere,
1510 1882 1728 1927 perindeque
1751 1881 1877 1916 haberi
1901 1880 1997 1926 quod
2020 1880 2177 1915 iuratum
2202 1883 2256 1915 est
2280 1883 2389 1924 atque

1291 1928 1322 1963 si
1344 1928 1538 1973 probatum
1562 1930 1674 1963 esset:
1699 1926 1832 1962 idcirco
1857 1926 1954 1962 utilis
1979 1926 2073 1961 actio
2099 1925 2185 1960 mihi
2205 1925 2387 1970 competit.

1292 1973 1389 2018 quod
1419 1973 1450 2009 si
1482 1983 1546 2018 ego
1582 1983 1626 2008 ex
1658 1973 1781 2007 eadem
1812 1971 2011 2007 hereditate
2033 1970 2254 2016 possiderem
2276 1974 2389 2014 tuque

1293 2018 1471 2064 coepisses
1494 2021 1617 2063 petere
1640 2028 1719 2053 eam
1743 2028 1765 2053 a
1788 2018 1886 2060 mefl,
1912 2027 1994 2052 cum
2018 2016 2189 2051 adversus
2212 2019 2249 2051 te
2272 2015 2388 2050 iuras-

1292 2074 1378 2106 sem,
1403 2074 1490 2099 exce
1515 2064 1613 2099 tione
1636 2073 1694 2099 me
1717 2063 1771 2098 uti
1795 2062 1926 2098 debere
1947 2061 2188 2097 iurisiurandi.
2226 2061 2334 2106 plane
2358 2061 2389 2095 si

1292 2109 1383 2144 alius
1398 2119 1420 2144 a
1431 2075 1734 2144 mezereditatem
1745 2112 1868 2153 petere
1881 2107 2049 2160 coeperit,
2063 2106 2210 2142 dubium
2223 2117 2295 2142 non
2309 2106 2387 2148 erit,

1292 2158 1333 2189 ut
1343 2158 1379 2189 et
1396 2154 1557 2190 Iulianus
1575 2154 1710 2196 scribit,
1731 2154 1819 2189 nihil
1838 2153 1923 2188 mihi
1943 2152 2193 2188 iusiurandum
2204 2151 2386 2197 prodesse.

1341 2197 1393 2237 12
1417 2199 1612 2235 IULIANUS
1632 2199 1724 2236 libro
1747 2209 1844 2235 nono
1869 2198 2090 2245 diqestorum
2137 2197 2235 2232 Idem
2268 2201 2322 2232 est
2353 2200 2389 2231 et

1293 2245 1323 2280 si
1347 2255 1410 2291 ego
1436 2255 1458 2280 a
1482 2245 1640 2291 quolibet
1664 2244 1733 2280 alio
1755 2243 1965 2297 possidente
1988 2253 2045 2278 res
2068 2242 2304 2278 hereditarias
2324 2252 2388 2287 pe-

1292 2295 1367 2326 tere
1397 2290 1519 2333 velim,
1553 2290 1636 2335 quia
1670 2293 1705 2325 et
1735 2300 1767 2325 si
1798 2290 1966 2335 petissem
1989 2299 2012 2323 a
2035 2292 2071 2323 te
2094 2288 2329 2323 hereditatem
2353 2290 2389 2322 et

1291 2335 1501 2381 probassem
1524 2345 1640 2371 meam
1649 2335 1675 2378 ⁹,
1700 2335 1810 2370 nihilo
1835 2334 1952 2369 minus
1977 2334 2023 2369 ab
2044 2333 2157 2368 altero
2178 2333 2330 2378 petendo
2350 2332 2388 2368 id

1291 2383 1407 2426 ipsum
1455 2381 1585 2416 robare
1609 2390 1756 2416 necesse
1778 2380 1958 2416 haberem.

1340 2424 1390 2464 13
1451 2436 1620 2462 LPIANUS
1647 2426 1741 2462 libro
1765 2425 1957 2461 vicensimo
1980 2423 2137 2460 secundo
2162 2422 2212 2458 ad
2233 2422 2388 2458 edictum

1292 2471 1330 2507 Si
1367 2472 1437 2508 duo
1472 2471 1617 2517 patroni
1653 2474 1773 2507 essent
1808 2473 1843 2505 et
1877 2470 2026 2505 libertus
2061 2470 2173 2504 altero
2207 2467 2389 2504 deferente

1290 2518 1445 2553 iurasset
1469 2527 1508 2552 se
1530 2516 1697 2552 libertum
1721 2516 1797 2551 eius
1821 2526 1894 2551 non
1918 2525 2018 2557 esse,
2051 2517 2173 2549 utrum
2205 2513 2308 2549 alteri
2330 2517 2387 2549 to-

1290 2563 1363 2598 tius
1400 2562 1541 2598 debitae
1575 2561 1737 2607 patronis
1752 2563 1779 2582 ¹⁰
1809 2560 1985 2606 portionis
2020 2570 2067 2594 an
2101 2570 2185 2595 vero
2222 2558 2388 2593 dimidiae

1293 2607 1435 2643 debitae
1459 2607 1509 2643 eis
1533 2608 1647 2659 partis
1670 2607 1847 2642 bonorum
1869 2604 2050 2650 possessio
2076 2604 2320 2650 competeret?
2352 2608 2389 2638 et

1292 2653 1353 2695 ait,
1379 2653 1410 2688 si
1432 2652 1462 2688 is
1488 2663 1547 2688 cui
1568 2652 1725 2687 iuratum
1748 2655 1803 2686 est
1821 2655 1994 2696 patronus
2013 2649 2153 2693 fuisset,
2178 2649 2281 2685 alteri
2302 2659 2389 2684 suae

1317 2698 1405 2733 artis
1424 2699 1599 2733 bonorum
1645 2697 1882 2732 ossessionem
1894 2697 1921 2717 ¹¹
1941 2706 2021 2731 com
2049 2698 2146 2730 etere
2164 2705 2231 2731 nec
2252 2694 2284 2730 ei
2302 2705 2386 2739 pro-

1317 2753 1413 2786 esse,
1457 2742 1554 2788 quod
1595 2708 1765 2777 adversus
1801 2741 1951 2776 alterum
1963 2741 1992 2762 ¹²
2041 2740 2177 2776 ’bertus
2211 2739 2383 2775 iurasset:

1291 2788 1442 2823 multum
1464 2792 1584 2823 tamen
1607 2787 1691 2822 fidei
1715 2790 1751 2823 et
1774 2785 1999 2822 auctoritatis
2023 2786 2122 2832 apud
2143 2785 2297 2821 iudicem
2319 2795 2385 2830 pa-

1292 2837 1434 2869 tronum
1469 2833 1695 2875 habiturum,
1729 2842 1799 2876 quo
1834 2831 1945 2876 magis
1977 2831 2092 2867 solum
2124 2841 2163 2866 se
2194 2834 2387 2876 patronum

1291 2879 1480 2923 probaret,
1516 2877 1612 2923 quod
1641 2877 1791 2912 libertus
1821 2876 1976 2912 iurasset
2010 2876 2160 2912 alterum
2195 2878 2386 2921 patronum

1297 2928 1309 2958 1
1359 2934 1432 2959 non
1457 2933 1545 2958 esse.
1592 2922 1753 2958 Iulianus
1778 2922 1830 2957 ait
1852 2933 1951 2965 eum,
1984 2922 2044 2967 qui
2074 2921 2205 2956 iuravit
2235 2920 2388 2955 fundum

1292 2979 1396 3004 suum
1421 2979 1510 3011 esse,
1534 2971 1617 3013 post
1639 2967 1735 3013 longi
1753 2968 1923 3012 temporis
1942 2966 2259 3012 praescriptionem
2281 2966 2388 3000 etiam

1292 3017 1312 3049 2
1359 3013 1482 3049 utilem
1517 3013 1695 3048 actionem
1727 3013 1862 3048 habere
1898 3013 2036 3048 debere.
2091 3011 2191 3047 Idem
2225 3010 2387 3046 Iulianus

1292 3059 1417 3094 scribit
1440 3069 1531 3101 eum,
1557 3058 1618 3103 qui
1640 3058 1770 3093 iuravit
1791 3057 1928 3092 furtum
1952 3068 1991 3093 se
2013 3067 2086 3092 non
2109 3056 2249 3098 fecisse,
2275 3055 2387 3091 videri

1293 3104 1336 3139 de
1359 3107 1437 3140 toto
1469 3104 1628 3145 iurasse,
1661 3106 1769 3148 atque
1799 3103 1878 3138 ideo
1911 3113 2026 3148 neque
2049 3101 2138 3137 furti
2160 3111 2275 3146 neque
2300 3111 2386 3136 con-

1293 3149 1437 3185 dicticia
1459 3152 1619 3191 tenetur,
1652 3149 1736 3193 quia
1768 3148 1999 3190 condicticia‚
2031 3147 2165 3192 inquit,
2198 3146 2296 3181 solus
2327 3145 2388 3180 fur

1291 3198 1443 3230 tenetur.
1480 3192 1652 3238 numquid
1676 3203 1758 3238 ergo
1783 3194 1845 3238 qui
1868 3193 1997 3228 iuravit
2028 3202 2066 3228 se
2089 3192 2225 3227 furtum
2256 3201 2301 3225 ne
2332 3190 2386 3225 fe-

1293 3240 1384 3275 cisse
1414 3240 1484 3274 hoc
1520 3239 1596 3274 solo
1628 3239 1790 3281 nomine,
1824 3238 2050 3274 condictione
2081 3237 2111 3273 si
2143 3236 2386 3276 conveniatur,

1293 3284 1500 3329 exceptione
1522 3285 1671 3319 utatur?
1707 3287 1865 3319 ceterum
1885 3284 1916 3318 si
1936 3282 2131 3318 contendat
2150 3281 2211 3327 qui
2230 3279 2387 3316 condicit

1293 3330 1396 3374 quasi
1421 3340 1502 3364 cum
1523 3329 1656 3364 herede
1679 3339 1718 3364 se
1740 3329 1831 3364 furis
1864 3339 1987 3373 agere,
2019 3338 2092 3362 non
2126 3327 2231 3362 debet
2261 3324 2386 3370 repelli

1293 3378 1329 3409 et
1353 3374 1455 3419 quasi
1488 3373 1729 3420 μονομερὴς13
1761 3373 1939 3410 condictio
1972 3373 2003 3408 ei
2016 3374 2043 3393 ¹¹¹
2077 3372 2153 3407 dari
2185 3371 2291 3405 debet
2321 3369 2385 3404 ad-

1292 3430 1414 3455 versus
1437 3419 1528 3455 furis
1552 3419 1718 3455 heredem
1741 3430 1808 3455 nec
1839 3419 1917 3464 pati
1949 3429 2028 3453 eum
2058 3417 2165 3452 iudex
2197 3416 2321 3457 debet,
2355 3414 2385 3449 si

1293 3467 1312 3500 3
1361 3465 1519 3510 coeperit
1541 3467 1717 3510 temptare
1746 3464 1901 3510 probare
1930 3463 2057 3498 furem.
2106 3461 2144 3496 Si
2175 3460 2253 3505 quis
2285 3460 2384 3494 iura-

1295 3578 1353 3619 (10)
1379 3578 1484 3610 totius
1501 3577 1632 3611 debitae
1645 3579 1811 3622 patronis]
1826 3577 1892 3609 sibi
1906 3576 2038 3608 debitae
2046 3575 2081 3607 F
2085 3573 2100 3594 ²
2229 3574 2283 3615 (11)
2309 3582 2387 3615 pos-

1294 3623 1441 3655 sessione
1453 3623 1488 3656 F
1605 3625 1665 3665 .(12)
1692 3623 1849 3655 alterium
1864 3622 1898 3654 F
2012 3619 2070 3660 (13)
2096 3620 2133 3652 id
2144 3625 2208 3652 est.-
2221 3617 2322 3650 unius
2334 3615 2386 3649 rei

1296 3668 1353 3710 (14)
1380 3668 1584 3701 condicticio
1598 3669 1653 3709 F¹‚
1668 3668 1871 3701 condicticio
1885 3676 1922 3699 eo
1934 3664 1987 3698 F2

2042 3765 2107 3798 21*
