2528 3918
190 92 337 136 mer.
367 93 423 148 Π,
454 94 521 136 22.
554 94 606 135 23
1277 88 1335 139 25

192 220 288 258 Titio
312 223 349 257 et
371 219 472 262 Seio,
503 218 534 254 si
556 217 642 254 Titii
665 227 749 263 pars
772 220 837 254 aut
857 220 935 254 tota
958 219 1133 255 exhausta
1156 218 1203 253 sit
1225 217 1275 254 le-

190 267 301 312 gatis,
334 275 426 311 quae
449 263 656 300 nominatim
679 263 725 299 ab
751 273 794 299 eo
818 262 904 300 data
936 268 1038 308 sunt,
1071 267 1135 299 aut
1166 273 1277 309 supra

191 311 335 348 modum
366 313 531 351 onerata,
564 318 587 343 a
610 307 691 344 Seio
723 318 806 345 vero
837 313 901 345 aut
929 310 1027 345 nulla
1057 309 1182 344 relicta
1204 308 1277 344 sint

191 356 327 403 legata,
363 359 427 391 aut
457 363 550 400 quae
579 357 719 399 partem
750 354 826 391 eius
857 354 1045 390 dumtaxat
1076 355 1113 390 in
1136 357 1275 399 partem

191 402 371 439 dimidiam
401 400 583 441 minuunt,
615 409 680 442 an,
713 399 796 445 quia
818 399 848 436 is
873 404 1036 446 quartam
1059 402 1196 445 partem
1220 402 1274 434 to-

190 448 263 484 tius
286 445 493 482 hereditatis
517 447 582 479 aut
604 444 754 490 amplius
777 445 903 488 habet,
928 446 1022 481 Titio
1047 445 1135 480 nihil
1158 454 1202 480 ex
1225 443 1275 479 le-

190 492 295 538 gatis,
319 501 410 537 quae
433 490 479 525 ab
504 499 546 525 eo
570 489 696 526 relicta
719 493 824 533 sunt,
847 490 998 526 retinere
1020 490 1159 526 liceret:
1197 489 1274 534 pla-

190 538 266 574 cuit
288 537 440 573 retinere
462 535 588 578 licere,
619 538 661 571 ut
690 539 854 581 quartam
910 538 1023 571 artem
1053 545 1141 571 suae
1163 534 1275 580 partis

190 583 325 619 salvam
355 580 528 616 habeat¹:
562 580 691 616 etenim
721 580 759 616 in
789 581 891 626 singu
906 581 935 616 is
968 580 1159 616 heredibus
1182 579 1275 615 ratio

190 631 211 663 2
257 627 343 672 legis
378 625 562 662 Falcidiae
595 626 761 671 ponenda
794 630 858 661 est.
907 625 1121 670 ²Quantitas
1156 628 1275 660 autem

189 671 413 719 patrimonii,
444 671 492 707 ad
522 681 629 717 quam
659 672 751 707 ratio
776 671 862 717 legis
886 671 1070 707 Falcidiae
1091 670 1274 723 redigitur,

189 717 313 754 mortis
336 720 497 763 tempore
519 720 713 762 spectatur.
749 717 871 762 itaque
901 716 932 752 si
959 716 1057 752 verbi
1087 719 1202 762 gratia
1231 715 1274 758 is,

189 763 250 810 qni
273 765 416 799 centum
439 772 628 798 aureorum
677 762 902 797 atrimonium
925 762 1101 804 habebat,
1133 764 1275 797 centum

188 818 317 845 aureos
340 807 354 843 1
420 807 520 851 verit,
544 806 632 843 nihil
651 773 833 853 legatariis
883 807 1014 850 rodest,
1039 807 1070 843 si
1093 810 1176 843 ante
1200 806 1275 842 adi-

187 858 263 890 tam
284 817 517 889 hergffiatem
539 863 616 906 per·
627 862 749 889 servos
773 853 856 888 here
883 852 1006 889 itarios
1026 856 1089 888 aut
1108 862 1152 888 ex
1168 855 1276 898 partu

188 899 397 936 ancillarum
427 898 721 935 hereditanarum
750 901 813 933 aut
836 908 879 933 ex
902 898 979 934 fetu
1002 908 1172 944 pecorum
1195 900 1275 932 tan-

187 948 264 981 tum
283 944 477 981 accesserit
493 943 694 986 hereditati,
719 946 760 979 ut
779 947 922 978 centum
942 944 1060 980 aureis
1078 944 1275 988 legatorum

187 990 330 1027 nomine
365 989 517 1035 erogatis
551 989 656 1025 heres
691 992 856 1034 quartam
890 992 1029 1034 partem
1069 988 1276 1024 hereditatis

186 1035 376 1072 habiturus
399 1034 457 1078 sit,
481 1034 543 1070 sed
566 1043 714 1070 necesse
733 1037 797 1075 est,
821 1037 863 1069 ut
881 1034 990 1070 nihilo
1011 1034 1127 1070 minus
1146 1036 1276 1079 quarta

187 1091 274 1135 pars
307 1080 434 1127 legatis
469 1080 688 1132 detrahatur.
733 1089 778 1131 εις
810 1079 948 1116 diverso
983 1080 1015 1133 si
1049 1079 1276 1132 septuaginta

186 1124 855 1208 ffiqi'eecffiitssffi‘ffgntnisscaeffi?
875 1124 1276 1215 ffidffieffatirssffig

187 1221 252 1253 aut
280 1219 395 1253 morte
426 1225 626 1259 servorum,
657 1219 699 1251 ut
730 1225 801 1251 non
825 1216 976 1269 amplius
1000 1226 1108 1262 quam
1131 1218 1275 1261 septua-

185 1262 285 1309 ginta
316 1262 471 1308 quinque
502 1271 690 1297 aureorum
719 1260 922 1296 substantia
950 1261 1006 1297 vel
1030 1261 1137 1297 etiam
1160 1261 1276 1296 minus

185 1308 418 1354 relinquatur,
442 1306 557 1343 solida
575 1307 693 1352 legata
712 1305 887 1343 debentur
895 1307 920 1342 ⁸.
953 1317 1019 1342 nec
1039 1316 1082 1342 ea
1098 1316 1156 1343 res
1176 1306 1275 1342 dam-

185 1363 276 1390 nosa
299 1356 354 1389 est
375 1351 515 1395 heredi,
547 1352 605 1387 cui
627 1352 779 1387 liberum
803 1355 857 1387 est
879 1362 953 1388 non
975 1351 1074 1387 adire
1097 1351 1275 1388 heredita-

186 1402 276 1435 tem:
309 1408 402 1444 quae
431 1407 489 1434 res
520 1396 650 1440 efficit,
685 1400 727 1432 ut
759 1406 906 1433 necesse
937 1397 984 1433 sit
1006 1397 1207 1443 legatariiS,
1231 1407 1276 1433 ne

186 1444 356 1480 destituto
379 1445 592 1479 testamento
618 1442 706 1478 nihil
731 1446 1016 1488 consequantur,
1042 1454 1123 1479 cum
1145 1442 1276 1478 herede

186 1492 206 1526 3
251 1490 289 1525 in
312 1488 478 1536 portione
500 1488 645 1534 pacisci.
694 1487 783 1523 Cum
813 1492 932 1524 autem
963 1488 1055 1524 ratio
1080 1488 1166 1534 legis
1190 1488 1275 1524 Fal·

186 1534 301 1572 cidiae
317 1534 486 1588 ponitur,
510 1537 595 1569 ante
618 1532 806 1586 deducitur
829 1543 889 1569 aes
913 1534 1085 1577 alienum,
1108 1534 1195 1569 item
1217 1533 1274 1570 fu-

185 1580 281 1616 neris
315 1589 478 1626 impensa
512 1582 549 1614 et
581 1582 698 1624 pretia
740 1588 923 1615 servorum
963 1579 1274 1623 manumissorum,

186 1630 272 1661 tunc
295 1623 423 1661 deiude
445 1624 483 1660 in
505 1623 642 1669 reliquo
672 1623 724 1659 ita
754 1624 846 1660 ratio
878 1624 1052 1668 habetur,
1085 1628 1127 1661 ut
1157 1634 1201 1660 ex
1232 1635 1274 1661 eo

186 1674 314 1717 quarta
335 1679 419 1716 pars
443 1668 541 1715 apud
563 1668 713 1705 heredes
736 1672 932 1713 remaneat,
956 1673 1030 1706 tres
1050 1679 1132 1706 vero
1152 1674 1274 1716 partes

184 1716 276 1752 inter
298 1715 311 1751 1
376 1714 488 1751 tarios
512 1714 791 1758 distribuantur,
823 1726 889 1761 pro
920 1719 1001 1751 rata
1031 1715 1168 1752 scilicet
1189 1726 1274 1762 por-

183 1761 280 1797 tione
311 1771 406 1804 elus,
441 1760 538 1806 quod
568 1759 696 1814 cuique
729 1770 852 1796 eorum
875 1761 1028 1806 legatum
1051 1760 1170 1797 fuerit.
1206 1762 1274 1797 ita-

184 1816 253 1853 que
276 1805 307 1842 si
329 1805 503 1859 fingamus
527 1805 804 1851 quadringentos
828 1816 957 1842 aureos
980 1806 1116 1852 legatos
1141 1816 1219 1843 esse
1239 1810 1276 1843 et

185 1851 389 1899 patrimonii
412 1851 666 1897 quantitatem,
699 1861 744 1886 ex
767 1861 839 1897 qua
861 1852 981 1897 legata
1005 1852 1143 1905 erogari
1166 1863 1272 1898 opor-

185 1901 257 1940 tet,
289 1896 440 1950 qnadrin
467 1899 629 1932 entorum
660 1906 756 1939 esse,
789 1901 920 1942 quarta
942 1907 1028 1943 pars
1052 1898 1199 1943 singulis
1223 1898 1272 1933 le-

206 1942 330 1979 atariis
354 1941 433 1978 detr
482 1941 490 1949 '
516 1940 632 1978 debet.
669 1941 798 1987 quodsi
816 1946 996 1979 trecentos
1017 1942 1101 1989 quin
1127 1943 1274 1989 uaginta

182 1954 320 2034 fegatos
343 1986 529 2033 fingamus,
554 1990 683 2023 octava
706 1986 811 2023 debet
835 1987 985 2023 detrahi.
1022 1999 1091 2033 quo
1119 1989 1149 2024 si
1170 1989 1272 2034 quin-

684 2032 804 2075 uinta,
829 2032 956 2069 deinde
980 2037 1109 2079 quarta
1132 2033 1272 2070 detrahi

702 2077 832 2113 endum
855 2081 929 2121 est,
962 2078 1058 2124 quod
1082 2082 1184 2115 extra
1206 2079 1271 2115 bo-

183 2134 312 2205 florgdni
335 2123 571 2205 quantitagegi
603 2122 836 2205 effi'tegleinde
859 2123 955 2169 quod
979 2133 1024 2159 ex
1046 2124 1151 2161 bonis
1175 2125 1273 2171 apud

209 2179 248 2205 er
293 2179 348 2205 em
371 2179 495 2205 reman
515 2179 535 2205 r
578 2179 625 2215 op
723 2195 731 2204 .

646 2262 777 2302 XXIII
791 2261 805 2283 ⁴

250 2329 313 2363 nn
336 2327 787 2362 F1DE100MM1SSAR118
811 2328 1194 2364 HEREDITATIBUS.

229 2394 369 2432 ⁸'Nunc
391 2398 616 2431 transeamus
640 2393 687 2430 ad
709 2394 993 2432 fideicommissa.
1031 2399 1068 2431 et
1097 2396 1196 2442 prius
1229 2396 1273 2432 de

183 2440 450 2478 'hereditatibus
473 2439 809 2476 fideicommissariis
832 2440 1035 2476 videamus.⁴

187 2490 200 2522 ι
296 2485 487 2522 Sciendum
517 2486 638 2531 itaque
669 2488 724 2521 est
753 2485 873 2521 omnia
902 2486 1176 2522 fideicommissa
1199 2487 1271 2532 pri·

182 2531 250 2568 mis
272 2531 492 2577 temporibus
515 2531 656 2566 infirma
678 2541 767 2574 esse,
792 2531 875 2577 quia
893 2541 997 2568 nemo
1016 2532 1147 2568 invitus
1168 2542 1271 2577 coge-

182 2577 291 2613 batur
312 2580 498 2622 praestare
520 2576 557 2611 id
582 2576 626 2611 de
649 2586 720 2622 quo
744 2587 784 2612 ro
831 2580 891 2612 tus
912 2580 1006 2613 erat:
1031 2577 1159 2623 quibus
1180 2578 1272 2613 enim

183 2632 256 2659 non
278 2625 445 2667 poterant
467 2621 683 2658 hereditates
707 2621 762 2657 vel
800 2625 904 2667 egata
926 2623 1137 2668 relinquere,
1162 2622 1193 2659 si
1215 2633 1270 2659 re-

182 2667 400 2713 linquebant,
425 2666 508 2702 fidei
532 2666 802 2703 committebant
825 2677 966 2711 eorum,
991 2668 1053 2721 qui
1077 2677 1206 2713 capere
1229 2678 1272 2703 ex

182 2716 396 2749 testamento
421 2716 606 2758 poterant:
633 2715 668 2748 et
690 2711 770 2748 ideo
794 2711 1069 2749 fideicommissa
1092 2713 1272 2760 appellata

183 2761 286 2801 sunt,
321 2758 406 2804 quia
435 2757 533 2793 nullo
564 2757 706 2793 vinculo
730 2757 836 2801 iuris,
869 2757 931 2794 sed
965 2761 1105 2794 tantum
1135 2758 1273 2804 pudore

183 2813 305 2840 comm
329 2803 390 2848 qui
413 2802 632 2848 rogabantur
656 2803 944 2839 continebantur.
987 2807 1114 2849 postea
1136 2804 1271 2849 primus

183 2848 283 2885 divus
313 2848 497 2894 Augustus
529 2847 637 2883 semel
667 2848 864 2894 iterumque
893 2849 1009 2894 gratia
1038 2859 1272 2894 personarum

182 2897 319 2937 motus,
350 2893 407 2929 vel
438 2893 523 2938 quia
553 2903 617 2939 per
639 2893 749 2938 ipsius
773 2894 925 2930 salutem
947 2898 1093 2940 rogatus
1117 2894 1195 2940 quis
1219 2894 1271 2929 di-

184 2942 335 2982 ceretur,
360 2942 425 2974 aut
447 2938 494 2974 ob
518 2938 689 2983 insignem
713 2939 934 2984 quorundam
959 2939 1145 2985 perfidiam
1168 2939 1273 2976 iussit

183 2983 390 3021 consulibus
411 2983 660 3019 auctoritatem
680 2994 782 3019 suam
801 2984 1036 3030 interponere.
1074 2984 1169 3031 quod
1189 2985 1273 3031 quia

181 3030 315 3066 iustum
336 3028 523 3065 videbatur
547 3032 582 3064 et
604 3029 777 3074 populare
801 3033 895 3073 erat,
928 3029 1100 3076 paulatim
1125 3041 1270 3066 conver-

183 3085 262 3111 sum
285 3078 341 3111 est
362 3074 400 3110 in
423 3073 609 3109 adsiduam
632 3073 928 3111 iurisdictionem:
953 3079 1147 3121 tantusque
1169 3075 1272 3111 favor

183 3129 307 3156 eorum
329 3119 449 3156 factus
473 3123 540 3162 est,
564 3123 606 3154 ut
624 3119 795 3164 paulatim
815 3121 921 3156 etiam
941 3124 1086 3166 praetor
1103 3131 1169 3166 pro
1196 3121 1270 3157 rius

183 3168 375 3207 crearetur,
400 3164 461 3210 qni
483 3163 764 3201 fideicommissis
787 3166 843 3201 ius
868 3165 1013 3210 diceret,
1039 3176 1145 3212 quem
1194 3166 1268 3202 dei-

184 3209 466 3247 commissarium
490 3209 731 3262 appellabant.

183 3258 205 3292 2
297 3255 372 3291 ⁸'In
395 3255 517 3301 primis
540 3254 647 3300 igitur
677 3254 861 3291 sciendum
894 3259 949 3292 est
978 3266 1069 3302 opus
1101 3265 1199 3300 esse,
1232 3259 1273 3291 ut

183 3300 322 3348 'aliquis
343 3304 443 3337 recto
467 3299 544 3335 iure
567 3303 779 3336 testamento
803 3300 908 3336 heres
939 3301 1148 3337 instituatur
1179 3301 1271 3340 eius-

184 3347 263 3392 'que
284 3345 368 3382 fidei
391 3345 645 3389 committatur,
669 3349 711 3380 ut
734 3355 812 3381 eam
834 3346 1067 3382 hereditatem
1088 3346 1148 3382 alii
1167 3347 1271 3382 resti·

183 3391 289 3428 'tuatz
315 3390 472 3437 alioquin
494 3389 619 3426 inutile
642 3394 697 3426 est
719 3394 989 3435 testamentum,
1013 3392 1051 3427 in
1074 3402 1145 3438 quo
1169 3401 1272 3428 nemo

183 2037 308 2114 gentos
331 2032 511 2085 legaverit,
534 2032 635 2068 initio

209 2078 307 2115 ebet:
340 2082 425 2114 ante
456 2087 549 2114 emm
573 2077 653 2113 detr

183 3507 223 3547 (ι)
249 3505 380 3548 placuit
394 3507 456 3538 ret.
465 3503 522 3538 lic.
531 3503 740 3546 nt...habeat]
756 3506 896 3549 scripsi.-
913 3505 999 3547 plac.
1010 3508 1070 3539 ret.
1081 3504 1138 3538 lic.
1150 3517 1207 3539 om.
1220 3505 1266 3548 B,

183 3551 314 3593 placuit
329 3553 368 3583 ut
382 3550 527 3593 (placuit
534 3550 570 3583 in
588 3549 661 3592 W).
672 3574 679 3581 .
691 3574 697 3581 .
708 3550 829 3583 habeat
838 3554 872 3583 et
879 3550 923 3593 pl.
935 3560 1033 3594 posse
1050 3553 1178 3593 (postse
1197 3550 1267 3591 W0)
1337 3552 1388 3582 est
1398 3549 1479 3583 libri

491 3596 535 3637 (2)
563 3599 579 3635 ξ
593 3602 610 3629 2
619 3596 737 3629 similia
746 3596 882 3639 Diffi-¹³5,
894 3602 922 3636 2,
935 3602 970 3630 78
976 3608 1028 3639 pr.
1042 3595 1133 3637 (Gai.
1147 3596 1168 3629 l.
1178 3603 1212 3630 18
1223 3596 1270 3629 ad
1337 3594 1406 3627 tuit
1415 3594 1449 3627 Β
1519 3596 1578 3636 (13)
1604 3595 1652 3636 at]
1666 3594 1709 3627 1⁷⁶
1721 3594 1882 3634 WGaffl,
1892 3604 1930 3626 ac
1940 3593 1986 3634 B,
1995 3595 2055 3626 aut
2067 3590 2121 3633 P,
2131 3594 2215 3627 inter
2223 3593 2293 3626 alia
2302 3605 2359 3626 om.
2375 3593 2423 3626 T·

184 3598 243 3628 ret.
260 3596 351 3629 CPE
360 3595 403 3629 W

185 3641 232 3673 ed.
241 3642 349 3683 prov.)
441 3641 484 3682 (³)
509 3641 557 3674 sie
566 3640 878 3684 Di9.,denturlibri

230 3686 273 3725 (ι)
302 3686 351 3728 Cf.
366 3684 633 3725 Gai.2,24o..2⁵o
657 3686 829 3729 Diq.36,1
858 3685 1025 3725 θυσίαις)
1118 3686 1162 3726 (ο)
1190 3684 1266 3718 Gai.

185 3730 363 3770 Quam
455 3732 500 3772 (o)
529 3730 604 3765 Gai.
616 3732 646 3772 2,
657 3737 801 3765 mnaso.
812 3739 861 3765 πει
932 3733 976 3772 (ι)
1004 3730 1081 3765 Gai.
1092 3731 1122 3771 2,
1134 3737 1267 3765 staats

1514 105 1576 138 nn
1603 96 2044 141 rinmcomnsssims
2071 107 2428 144 annania-armus

1345 214 1456 254 ’heres
1478 218 1686 255 instituitur.
1732 230 1814 257 cum
1835 220 1942 267 igitur
1965 220 2093 268 aliquis
2116 222 2318 269 scripserit:
2342 223 2428 262 ‘Lu-

1344 264 1454 317 ’‘cius·
1475 264 1590 317 Titius
1624 265 1727 302 heres
1762 267 1863 309 esto',
1895 267 2027 312 poterit
2058 269 2216 305 adicere:
2250 271 2346 315 ‘rogo
2381 274 2428 314 te,

1344 309 1456 344 '‘Lum
1476 309 1559 352 Titi,
1583 313 1634 352 ut,
1660 321 1741 346 cum
1760 312 1911 356 primum
1931 313 2045 357 possis
2064 314 2297 350 hereditatem
2315 325 2430 351 meam

1344 354 1483 397 '‘adire‚
1516 365 1594 390 eam
1618 355 1709 392 Gaio
1734 355 1814 392 Seio
1838 356 1968 392 reddas
1990 359 2182 395 restituas’.
2219 363 2340 405 potest
2364 371 2428 397 au-

1344 399 1423 435 'tem
1447 400 1596 445 quisque
1620 404 1656 436 et
1679 400 1723 436 de
1740 405 1843 447 parte
1862 402 2083 439 restituenda
2099 404 2266 441 heredem
2284 415 2427 451 rogare:

1345 444 1390 479 ’et
1411 444 1562 497 liberum
1586 449 1641 481 est
1663 446 1716 482 vel
1739 457 1828 492 pure
1846 447 1902 482 vel
1919 447 1986 483 sub
2006 449 2214 487 condicione
2232 450 2430 496 relinquere

1344 489 1662 550 ’fideicpmmissum
1685 491 1741 527 vel
1765 502 1809 527 ex
1832 491 1889 527 die
1913 496 2021 545 certo.
2059 538 2067 547 ·

1344 535 2096 619 {mustssssiffliffiissssefferssssm‘ssffiffngss
2118 539 2264 622 ‘33¹3ssss
2289 552 2351 632 ἓξὲξ
2373 551 2429 622 {21

1344 625 1442 671 'cipit
1470 626 1703 662 hereditatem
1733 627 1878 673 aliquan
1903 638 1924 663 o
1955 628 2095 665 heredis
2119 629 2309 676 aliquando
2334 631 2429 677 lega·

1344 673 1366 705 4
1413 671 1504 706 'tarii
1538 671 1618 707 loco
1654 672 1864 708 habebatur.
1925 672 1999 708 ⁷Et
2033 674 2070 709 in
2104 674 2255 712 Neronis
2291 676 2430 722 quidem

1345 716 1423 751 'tem
1450 717 1571 752 oribus
1591 716 1767 753 Trebellio
1787 717 1944 754 Maximo
1965 722 2002 754 et
2019 719 2168 756 Annaeo
2188 720 2326 758 Seneca
2345 731 2430 758 con-

1345 761 1422 796 ’suli
1449 763 1516 797 us⁸
1540 766 1686 798 senatus
1711 763 1912 799 consultum
1934 763 2070 800 factum
2094 769 2166 809 est,
2190 776 2261 812 quo
2285 770 2430 803 cautum

1345 806 1426 849 ’est,
1458 810 1517 850 ut,
1550 807 1605 843 si⁹
1626 808 1805 844 hereditas
1837 819 1881 844 ex
1903 809 2164 847 fideicommissi
2188 821 2299 847 causa
2328 812 2430 848 resti-

1345 851 1434 887 ’tuta
1465 852 1529 895 sit,
1564 863 1686 889 omnes
1710 853 1887 896 actiones,
1920 864 2013 900 quae
2034 855 2111 891 iure
2135 856 2228 892 civili
2251 857 2373 893 heredi
2396 861 2431 892 et

1345 897 1390 933 'in
1423 897 1590 934 heredem
1622 902 1881 951 competerent,
1920 900 1952 935 ei
1991 903 2027 936 et
2064 901 2102 936 in
2138 911 2218 937 eum
2249 902 2429 945 darentur,

1346 942 1413 978 'cui
1433 953 1477 979 ex
1495 943 1767 979 fideicommisso
1787 944 1953 980 restituta
1971 949 2065 981 esset
2076 947 2104 968 ¹⁰
2127 946 2316 984 hereditas.
2348 952 2431 993 post

1345 987 1451 1033 'quod
1474 992 1620 1025 senatus
1645 989 1845 1025 consultum
1868 993 2013 1035 praetor
2035 991 2139 1028 utiles
2163 992 2321 1029 actiones
2346 993 2378 1029 ei
2396 997 2432 1029 et

1346 1033 1391 1069 'in
1426 1043 1504 1069 eum
1541 1035 1602 1079 qui
1632 1035 1767 1080 recepit
1795 1035 2028 1071 hereditatem
2060 1036 2163 1082 quasi
2192 1037 2314 1074 heredi
2337 1042 2373 1074 et
2394 1039 2432 1074 in

1345 1081 1364 1113 5
1413 1078 1588 1114 'heredem
1611 1080 1697 1116 dare
1721 1080 1849 1125 coepit.
1898 1080 1969 1116 Sed
2000 1081 2085 1126 quia
2115 1081 2265 1120 heredes
2296 1083 2431 1129 scripti,

1345 1124 1437 1159 'eum
1469 1128 1534 1160 aut
1567 1127 1681 1160 totam
1710 1125 1945 1162 hereditatem
1976 1130 2041 1161 aut
2069 1136 2184 1172 paene
2213 1131 2325 1164 totam
2356 1129 2431 1175 ple-

1345 1169 1503 1215 'rumque
1526 1170 1713 1206 restituere
1736 1171 1974 1216 rogabantur,
2007 1171 2106 1208 adire
2129 1173 2361 1210 hereditatem
2385 1174 2430 1210 ob

1345 1214 1491 1250 ’nullum
1514 1215 1570 1251 vel
1592 1215 1775 1251 minimum
1797 1216 1935 1252 lucrum
1958 1217 2177 1253 recusabant
2198 1222 2307 1265 atque
2329 1219 2376 1255 ob
2395 1219 2432 1255 id

1346 1260 1655 1306 'extinguebantur
1673 1260 1965 1298 fideicommissa:
2013 1266 2114 1299 ostea
2125 1263 2337 1310 Vespasiani
2355 1265 2431 1300 Au-

1346 1305 1450 1351 'gusti
1492 1306 1713 1352 temporibus
1748 1306 1885 1352 Pegaso
1922 1311 1958 1344 et
2024 1308 2149 1345 usione
2183 1310 2390 1346 consulibus
2403 1311 2430 1332 ¹¹

1345 1350 1501 1387 'senatus
1526 1352 1666 1387 censuit
1677 1352 1716 1394 ¹2,
1740 1355 1781 1387 ut
1803 1352 1853 1395 ei,
1886 1353 1946 1398 qui
1968 1357 2114 1399 rogatus
2138 1358 2233 1391 esset
2254 1354 2431 1391 heredita·

1344 1395 1426 1432 'tem
1449 1396 1655 1440 restituere,
1686 1397 1832 1443 perinde
1854 1397 1978 1434 liceret
2001 1402 2164 1444 quartam
2183 1403 2325 1453 partem
2347 1400 2427 1437 reti-

1345 1441 1455 1486 'nere,
1488 1446 1596 1488 atque
1627 1443 1660 1478 le
1684 1453 1703 1478 e
1726 1442 1888 1479 Falcidia
1911 1453 1955 1479 ex
1977 1443 2103 1489 legatis
2126 1448 2278 1482 retinere
2302 1456 2429 1482 conce-

1344 1486 1459 1523 'ditur.
1495 1498 1541 1524 ex
1563 1453 1710 1533 singuiis
1735 1498 1877 1534 quoque
1900 1489 2026 1531 rebus,
2051 1500 2142 1535 quae
2164 1501 2229 1537 per
2250 1490 2430 1528 fideicom-

1345 1532 1501 1569 'missum
1524 1533 1790 1579 relinquuntur,
1825 1534 1948 1570 eadem
1977 1535 2128 1571 retentio
2160 1536 2335 1582 permissa
2364 1540 2429 1573 est.

1345 1578 1436 1659 ’ἕξει
1459 1578 1555 1625 quod
1578 1582 1724 1615 senatus
1748 1579 1951 1615 consultum
1973 1579 2052 1626 ipse
2074 1580 2178 1617 heres
2199 1592 2309 1617 onera
2327 1582 2430 1618 here-

1345 1623 1352 1637 *
1380 1624 1483 1659 'taria
1507 1623 1724 1660 sustinebat:
1756 1624 1816 1660 ille
1839 1628 1974 1668 autem,
2008 1625 2069 1671 qui
2092 1636 2137 1662 ex
2158 1626 2430 1664 fideicommisso

1344 1668 1487 1715 'recepit
1520 1672 1660 1715 partem
1692 1669 1918 1714 hereditatis,
1961 1671 2122 1716 legatarii
2155 1672 2317 1717 partiar-ii
2350 1673 2430 1709 loco

1343 1714 1449 1758 ἐπει,
1481 1715 1519 1750 id
1542 1718 1598 1751 est
1621 1715 1697 1751 eius
1722 1714 1900 1761 legatarii,
1933 1716 1991 1751 cui
2022 1727 2106 1761 pars
2138 1717 2313 1754 bonorum
2335 1718 2430 1763 lega-

1344 1759 1471 1796 'batur.
1510 1770 1603 1806 quae
1627 1760 1764 1806 species
1787 1761 1894 1806 legati
1925 1762 2069 1806 partitio
2100 1763 2316 1806 vocabatur,
2348 1763 2432 1809 quia

1343 1805 1435 1841 ’cum
1457 1805 1589 1842 herede
1608 1805 1797 1852 legatarius
1818 1806 2043 1852 partiebatur
2061 1807 2304 1844 hereditatem.
2336 1808 2431 1845 unde

1343 1850 1445 1897 'quae
1468 1851 1633 1887 solebant
1655 1851 1904 1904 stipulationes
1927 1852 2020 1887 inter
2043 1852 2208 1888 heredem
2232 1856 2268 1889 et
2322 1854 2444 1895 artia-.

1343 1896 1443 1932 'rium
1466 1896 1676 1941 legatarium
1706 1897 1904 1949 interponi,
1937 1897 2080 1933 eaedem
2111 1898 2298 1944 interpone
2324 1902 2431 1935 antur

1343 1942 1444 1977 'inter
1467 1952 1558 1985 eum,
1583 1941 1644 1987 qui
1668 1951 1712 1977 ex
1734 1941 2007 1978 fideicommissa
2030 1953 2091 1978 rec
2136 1943 2165 1978 it
2186 1943 2430 1987 hereditatem,

1342 1987 1388 2023 'et
1410 1987 1596 2030 heredem,
1619 1987 1657 2023 id
1681 1991 1736 2023 est
1758 1991 1799 2022 ut
1822 1990 1859 2023 et
1879 1987 2019 2023 lucrum
2042 1992 2079 2024 et
2127 1999 2270 2025 amnum
2292 1989 2430 2025 heredi·

1342 2036 1362 2068 6
1411 2033 1549 2068 'tarium
1561 2043 1627 2078 pro
1638 2036 1719 2068 rata
1736 2036 1840 2079 parte
1861 2033 1955 2068 inter
1967 2043 2027 2069 eos
2041 2044 2227 2070 commune
2238 2034 2295 2070 sit.
2332 2034 2427 2080 Ergo

1342 2078 1382 2114 'si
1405 2078 1546 2123 quidem
1565 2089 1638 2114 non
1657 2078 1739 2123 plus
1757 2088 1864 2131 quam
1885 2078 2094 2115 dodrantem
2112 2079 2320 2115 hereditatis
2341 2080 2429 2116 scri-

1342 2123 1434 2169 'ptus
1457 2123 1560 2159 heres
1583 2127 1729 2168 rogatus
1749 2127 1796 2159 sit
1813 2124 2009 2167 restituere,
2034 2128 2121 2160 tunc
2141 2135 2186 2161 ex
2205 2125 2430 2161 Trebelliano

1342 2170 1496 2205 'senatus
1521 2170 1685 2205 consulto
1709 2169 1966 2204 restituebatur
1984 2169 2162 2206 hereditas
2183 2173 2219 2206 et
2236 2170 2273 2205 in
2293 2174 2428 2206 utrum-

1341 2215 1420 2268 'que
1443 2214 1602 2250 actiones
1626 2213 1861 2250 hereditariae
1889 2225 1956 2267 pro
1988 2218 2068 2251 rata
2097 2218 2200 2261 parte
2233 2215 2428 2252 dabantur:

1341 2260 1387 2295 'in
1411 2259 1577 2295 heredem
1600 2259 1742 2305 quidem
1764 2260 1842 2295 iure
1866 2259 1978 2303 civili,
2009 2260 2047 2295 in
2079 2270 2160 2296 eum
2183 2271 2265 2297 vero
2291 2261 2351 2307 qui
2373 2271 2429 2296 re-

1341 2305 1508 2351 'cipiebat
1529 2304 1763 2341 hereditatem
1787 2315 1831 2340 ex
1855 2308 1999 2341 senatus
2019 2306 2183 2341 consulto
2205 2306 2429 2342 Trebelliano

1341 2351 1533 2396 'tamquam
1555 2350 1594 2385 in
1616 2350 1793 2385 heredem.
1831 2353 1869 2385 at
1882 2350 1910 2372 ¹³
1933 2350 1963 2386 si
1985 2351 2066 2396 plus
2091 2361 2196 2396 quam
2220 2351 2429 2387 dodrantem

1341 2396 1405 2432 *vel
1435 2395 1543 2431 etiam
1573 2398 1687 2431 totam
1715 2395 1948 2431 hereditatem
1978 2396 2167 2432 restituere
2195 2400 2341 2442 rogatus
2371 2397 2428 2439 sit,

1341 2441 1453 2477 'locus
1479 2444 1557 2476 erat
1578 2440 1776 2486 Pegasiano
1801 2445 1947 2476 senatus
1972 2441 2147 2484 consulto,
2171 2445 2208 2477 et
2230 2442 2345 2485 heres,
2370 2442 2429 2487 qui

1342 2486 1459 2522 'semel
1494 2486 1621 2522 adierit
1655 2485 1905 2529 hereditatem,
1941 2486 1972 2521 si
2007 2486 2112 2522 modo
2147 2497 2213 2522 sua
2247 2487 2429 2523 voluntate

1342 2531 1496 2575 ‘adierit,
1529 2531 1602 2567 sive
1623 2531 1809 2567 retinuerit
1832 2535 1996 2577 quartam
2019 2535 2156 2577 partem
2181 2532 2254 2567 sive
2275 2532 2429 2568 noluerit

1341 2577 1521 2620 retinere,
1552 2576 1631 2622 ipse
1659 2576 1826 2612 universa
1848 2586 1959 2612 onera
1981 2576 2196 2612 hereditaria
2218 2577 2426 2613 sustinebat.

1342 2622 1414 2658 'sed
1428 2622 1455 2643 ¹⁴
1476 2625 1606 2667 quarta
1625 2621 1768 2674 quidem
1787 2625 1928 2657 retenta
1947 2622 2049 2668 quasi
2064 2622 2176 2668 partis
2197 2627 2233 2658 et
2243 2633 2308 2668 pro
2327 2626 2428 2668 parte

1342 2667 1598 2713 'stipulationes
1628 2667 1948 2713 interponebantur
1974 2671 2156 2712 tamquam
2178 2667 2272 2703 inter
2321 2668 2426 2703 artia-

1342 2713 1444 2749 ’rium
1467 2712 1678 2758 legatarium
1701 2716 1738 2748 et
1759 2712 1943 2748 heredem:
1976 2712 2007 2747 si
2038 2722 2121 2748 vero
2153 2716 2266 2748 totam
2316 2713 2427 2748 eredi-

1341 2760 1461 2794 'tatem
1495 2757 1707 2801 restituerit,
1751 2758 1780 2779 ¹⁵
1791 2760 1931 2803 emptae
1962 2761 1998 2794 et
2026 2757 2190 2793 venditae
2219 2757 2427 2794 hereditatis

1342 2803 1597 2849 'stipulationes
1627 2803 1958 2848 interponebantur.
2001 2802 2064 2838 sed
2099 2802 2131 2838 si
2167 2806 2310 2838 recuset
2340 2804 2426 2838 scri-

1342 2851 1435 2895 'ptus
1458 2848 1561 2884 heres
1586 2848 1685 2884 adire
1707 2847 1940 2884 hereditatem
1963 2848 2009 2883 ob
2033 2847 2082 2891 id,
2107 2847 2203 2893 quod
2227 2847 2325 2884 dicat
2348 2858 2426 2884 eam

1342 2894 1418 2930 ’sibi
1442 2897 1645 2940 suspectam
1669 2903 1747 2929 esse
1770 2892 1873 2938 quasi
1896 2892 2122 2936 damnosam,
2147 2896 2293 2929 cavetur
2314 2893 2425 2939 Pega-

1341 2940 1451 2976 'siano
1475 2942 1621 2975 senatus
1645 2938 1824 2981 consulto,
1849 2941 1890 2973 ut
1913 2937 2134 2974 desiderante
2157 2948 2218 2981 eo,
2244 2938 2302 2974 cui
2325 2939 2426 2975 resti-

1341 2986 1450 3021 'tuere
1473 2987 1618 3030 rogatus
1642 2987 1715 3026 est,
1746 2983 1846 3019 iussu
1874 2983 2049 3036 praetoris
2073 2983 2180 3019 adeat
2202 2987 2239 3018 et
2261 2983 2427 3019 restituat

1342 3029 1582 3066 ’hereditatem
1611 3028 1830 3082 perindeque
1853 3038 1885 3064 ei
1909 3031 1944 3063 et
1966 3028 2004 3064 in
2028 3039 2108 3064 eum
2130 3028 2191 3074 qui
2214 3029 2287 3064 reci
2313 3029 2342 3064 it
2363 3029 2425 3065 he-

1341 3075 1535 3112 'reditatem
1559 3077 1718 3110 actiones
1750 3073 1897 3117 dentur,
1929 3074 2004 3110 acsi
2025 3073 2112 3110 iuris
2135 3076 2190 3109 est
2213 3084 2256 3109 ex
2351 3074 2425 3110 bel-

1341 3121 1444 3156 'liano
1470 3122 1614 3156 senatus
1639 3119 1821 3155 consulto:
1871 3130 1917 3155 uo
1943 3129 2031 3155 casu
2054 3118 2161 3154 nullis
2185 3119 2424 3164 stipulationi-

1341 3166 1417 3201 'bus
1442 3175 1532 3211 opus
1557 3167 1630 3208 est,
1662 3165 1746 3211 quia
1769 3130 1872 3200 simdl
1895 3168 1931 3200 et
1953 3164 2037 3200 huic
2061 3164 2121 3209 qui
2143 3164 2299 3199 restituit
2322 3174 2424 3200 secu-

1341 3211 1438 3247 'ritas
1473 3210 1580 3246 datur
1614 3213 1651 3246 et
1685 3209 1842 3245 actiones
1877 3209 2112 3246 hereditariae
2146 3209 2178 3244 ei
2209 3212 2246 3244 et
2276 3210 2313 3245 in
2345 3219 2424 3245 eum

1340 3255 1617 3292 'transferuntur
1639 3255 1700 3301 qui
1723 3255 1851 3300 recipit
1872 3254 2121 3297 hereditatem,
2145 3257 2298 3300 utroque
2321 3265 2423 3290 sena-

1341 3304 1359 3336 7
1407 3305 1466 3338 tus
1491 3300 1654 3336 consulto
1679 3300 1715 3335 in
1738 3301 1808 3336 hac
1832 3299 1951 3345 specie
1969 3302 2214 3336 concurrente.
2251 3298 2322 3335 Sed
2341 3300 2425 3345 quia

1340 3346 1589 3393 stipulationes
1621 3355 1664 3381 ex
1695 3349 1842 3381 senatus
1867 3345 2030 3380 consulto
2053 3343 2251 3390 Pegasiano
2276 3344 2422 3380 descen-

1341 3391 1465 3427 dentes
1490 3394 1525 3427 et
1547 3391 1617 3437 ipsi
1640 3390 1843 3436 antiquitati
1867 3390 2122 3436 displicuerunt
2145 3392 2180 3425 et
2212 3390 2422 3435 quibusdam

1338 3505 1384 3547 (8)
1409 3516 1536 3548 annop.
1551 3504 1627 3538 Chr.
1644 3504 1707 3539 56?
1770 3506 1816 3545 (9)
1840 3504 1884 3545 si]
1894 3503 1924 3537 εἰ
1933 3503 1990 3536 cui
2002 3502 2116 3538 Gaio
2186 3503 2247 3545 (lo)
2271 3504 2319 3536 sic
2332 3502 2420 3542 Gai„

1575 3550 1631 3591 (n)
1657 3561 1742 3582 anno
1752 3550 1872 3583 incerto
1971 3549 2031 3590 (12)
2054 3549 2102 3582 eie
2113 3547 2229 3582 Gaas·
2238 3547 2285 3588 W,
2295 3548 2420 3580 consti·

1338 3641 1397 3682 (14)
1420 3639 1491 3681 sed]
1505 3639 1625 3680 TGm'„
1635 3639 1692 3672 sed
1701 3640 1730 3672 si
1740 3639 1777 3673 B

1338 3683 1431 3727 plum
1443 3685 1501 3718 ins.
1518 3683 1594 3719 Gai.

1908 3639 1967 3681 (1⁶)
1990 3649 2038 3672 etc
2047 3638 2126 3673 libri
2134 3650 2201 3672 cum
2212 3638 2243 3671 θ
2262 3637 2303 3670 ad
2313 3647 2421 3670 exem·
