2528 3918
169 140 357 183 XXVIII
385 141 411 183 6

170 262 383 298 substituto:
427 270 511 296 nam
549 260 609 295 ille
644 260 826 297 Falcidiae
864 261 1037 296 rationem
1075 260 1258 295 induceret

169 307 272 352 quasi
302 306 408 351 plane
438 305 506 341 sub
538 305 748 342 condicione
777 306 899 352 primis
922 305 1054 340 tabulis
1077 305 1180 340 heres
1203 305 1257 340 in-

169 352 326 392 stitutus,
351 349 493 386 tametsi
516 350 669 386 maxime
693 351 839 387 coheres
863 351 945 394 tilio,
957 350 1060 386 datus
1077 349 1257 395 quadran-

169 403 240 431 tem
264 396 316 430 int
403 406 437 430 m
461 395 647 440 optineret.
687 406 771 432 nam
794 401 830 432 et
853 406 934 431 cum
957 395 1113 440 legatum
1135 395 1258 440 primis

168 440 301 476 tabulis
363 440 426 475 itio
460 439 585 483 datur,
623 441 791 477 secundis
822 446 941 476 autem
971 439 1103 475 tabulis
1134 439 1259 475 eadem

169 496 225 521 res
258 484 487 530 Sempronio,
526 484 755 532 Sempronius
791 485 1005 538 quandoque
1039 485 1134 520 Titio
1172 494 1257 520 con-

169 534 186 565 7
238 530 361 566 currit.
399 529 489 565 Cum
511 534 616 575 pater
634 531 681 566 im
709 532 811 566 uberi
829 531 934 572 filiae,
983 540 1053 565 uae
1066 529 1260 566 novissima

169 575 260 610 diem
285 586 389 610 suum
413 575 566 617 obisset,
594 577 655 610 tab
696 587 736 611 as
761 575 938 611 secundas
980 576 1109 610 ecisset
1132 579 1169 611 et
1190 574 1256 610 im-

170 621 283 672 pubes
314 620 388 655 iilia
418 621 610 665 superstite
634 632 757 657 sorore
779 621 915 672 pubere
938 620 1011 655 vita
1034 619 1258 662 decessisset,

168 665 305 700 irritam
336 675 415 700 esse
446 665 582 701 factam
612 666 900 702 substitutwnem
931 665 1085 717 placuit,
1116 665 1155 700 in
1177 674 1257 710 per-

169 720 258 746 sona
288 709 429 755 quidem
459 710 606 756 prioris,
646 711 730 757 quia
762 722 834 746 non
869 710 1061 746 novissima
1094 709 1258 752 decessit,

168 756 205 790 in
240 755 386 791 alterius
416 765 519 798 vero,
556 756 641 801 quia
671 756 842 800 puberem
873 760 1027 790 aetatem
1058 754 1257 799 complevit.

170 803 190 835 8
236 799 320 836 Non
351 800 462 836 videri
493 811 575 836 cum
605 801 689 844 vitio
720 801 855 836 factam
886 800 1176 835 substitutionem
1203 799 1258 834 his

168 845 285 880 verbis
315 845 472 890 placuit:
506 845 575 880 ‘ille
606 846 699 881 iilius
731 856 831 880 meus
863 845 894 880 si
925 845 1035 890 (quod
1059 845 1259 887 abominor)

170 891 277 926 ‘intra
307 890 507 935 pubertatis
539 901 654 926 annos
688 890 900 933 decesserit,
943 896 1030 926 tunc
1069 890 1106 925 in
1140 890 1259 925 locum

170 939 363 988 ‘partemve
387 936 462 970 eius
487 935 604 971 Titius
636 936 739 971 heres
770 936 871 977 esto',
904 947 978 971 non
1008 935 1121 980 magis
1152 945 1258 980 quam

169 991 200 1016 si
222 986 307 1026 post
329 980 607 1016 demonstratam
632 980 876 1016 condicionem
899 980 969 1016 sibi
990 980 1157 1016 heredem
1181 989 1259 1015 esse

169 1025 402 1061 substitutum
431 1026 611 1061 iussisset:
651 1036 733 1061 nam
764 1032 800 1061 et
830 1025 891 1071 qui
923 1030 1042 1061 certae
1072 1026 1125 1060 rei
1155 1025 1259 1061 heres

168 1070 367 1106 instituitur
387 1070 561 1106 coherede
580 1081 653 1106 non
673 1070 770 1113 dato,
791 1071 968 1106 bonorum
984 1070 1140 1105 omnium
1158 1070 1260 1105 here·

169 1115 318 1151 ditatem
341 1115 490 1161 optinet.

216 1158 269 1197 42
317 1159 425 1196 lom!
443 1160 534 1195 libro
552 1161 675 1206 primo
700 1159 947 1204 definitionum
987 1159 1056 1204 Qui
1079 1160 1170 1195 duos
1192 1159 1258 1194 im-

169 1206 322 1251 puberes
353 1205 445 1240 filios
476 1204 624 1240 heredes
655 1205 867 1249 reliquerat,
907 1205 958 1239 ita
990 1205 1193 1247 substituit,
1229 1205 1260 1240 si

169 1251 274 1286 ambo
298 1251 428 1286 mortui
453 1255 588 1285 essent:
614 1249 742 1285 deinde
760 1250 864 1294 pueri
882 1255 966 1294 post
981 1253 1131 1285 mortem
1147 1250 1260 1295 patris

168 1295 272 1332 simul
303 1295 502 1341 perierunt:
536 1294 629 1330 duae
642 1296 652 1316 ¹
683 1294 901 1330 hereditates
932 1294 1128 1330 substituto
1162 1294 1259 1330 defe-

168 1345 308 1376 runtur.
356 1339 420 1375 sed
443 1340 474 1375 si
498 1340 645 1375 diversis
670 1339 890 1392 temporibus
913 1339 987 1375 vita
1010 1339 1198 1382 decedant,
1221 1339 1259 1375 in

168 1385 367 1421 hereditate
390 1384 570 1420 novissimi
592 1385 696 1430 pueri
719 1395 794 1420 eius
814 1384 948 1427 fratris,
973 1385 1034 1430 qui
1057 1390 1142 1420 ante
1164 1395 1259 1420 mor·

169 1436 252 1466 tuus
285 1435 357 1466 est.
397 1429 630 1465 hereditatem
665 1430 881 1465 substitutus
915 1430 1087 1465 inveniet:
1128 1430 1192 1466 sed
1221 1429 1260 1465 in

169 1476 309 1511 ratione
331 1474 514 1510 Falcidiae
544 1475 647 1519 pueri
678 1474 806 1519 prioris
838 1474 1018 1510 hereditas
1049 1485 1122 1510 non
1144 1475 1261 1510 veniet

169 1531 235 1555 nec
259 1520 474 1555 substitutus
498 1520 650 1565 amplius
675 1530 782 1565 quam
805 1520 1030 1555 sescunciam
1052 1520 1130 1555 iure
1149 1525 1260 1556 testa-

170 1565 278 1601 menti
303 1564 536 1600 desiderabit:
569 1565 687 1609 legata
709 1575 870 1610 quoque,
903 1575 996 1610 quae
1018 1575 1042 1600 a
1064 1565 1260 1601 substituto

169 1611 245 1645 eius
269 1609 332 1645 fflii
355 1610 442 1644 data
465 1614 568 1652 sunt,
600 1610 660 1655 qui
691 1611 792 1655 prior
813 1610 984 1646 intestato
1010 1610 1182 1653 decessit,
1215 1610 1261 1645 ad

168 1656 308 1691 irritum
334 1655 531 1690 recciduut.

215 1698 268 1738 43
293 1699 351 1736 ΡΑ
358 1709 403 1735 ω,
409 1710 454 1735 os
466 1700 558 1736 libro
574 1710 670 1735 nono
686 1700 938 1746 quaestionum
960 1699 1020 1735 Ex
1034 1699 1134 1735 facto
1150 1709 1260 1745 quae-

167 1746 277 1781 ritur:
302 1745 364 1797 qui
386 1745 498 1780 filium
516 1745 676 1780 habebat
694 1749 832 1780 mutum
852 1745 1036 1790 puberem,
1059 1745 1263 1790 impetravit

168 1801 192 1827 a
212 1791 394 1843 principe,
418 1795 460 1825 ut
481 1795 581 1826 muto
605 1790 822 1826 substituere
846 1790 878 1825 ei
900 1790 1044 1830 liceret,
1069 1794 1105 1825 et
1126 1790 1260 1826 substi-

171 1840 239 1871 tuit
255 1835 407 1871 Titium:
431 1840 552 1870 mutus
576 1835 679 1870 duxit
701 1845 849 1870 uxorem
872 1839 955 1880 post
977 1840 1129 1871 mortem
1147 1835 1261 1880 patris

168 1885 206 1916 et
229 1880 391 1916 nascitur
414 1880 447 1915 ei
469 1879 583 1915 filius:
610 1890 762 1925 quaero,
787 1890 836 1915 an
858 1884 1045 1925 rumpatur
1067 1885 1260 1916 testamen·

168 1931 256 1962 tum.
288 1925 476 1970 respondi:
500 1925 675 1960 beneficia
691 1925 833 1970 quidem
848 1924 1062 1971 principalia
1077 1925 1147 1970 ipsi
1161 1925 1260 1971 prin-

170 1971 269 2015 cipes
293 1970 410 2006 solent
431 1970 677 2014 interpretari:
702 1980 825 2006 verum
847 1970 1067 2006 voluntatem
1090 1970 1262 2016 principis

168 2015 439 2061 inspicientibus
473 2020 594 2060 potest
629 2015 700 2051 dici
735 2019 883 2051 eatenus
918 2015 955 2050 id
990 2025 1072 2051 eum
1103 2015 1262 2051 tribuere

168 2061 342 2102 voluisse,
378 2063 555 2105 quatenus
589 2060 683 2095 filius
718 2060 794 2095 eius
827 2060 866 2095 in
900 2060 1024 2096 eadem
1058 2060 1262 2096 valetudine

195 2110 444 2147 erseverasset,
468 2110 520 2147 ut,
545 2105 843 2150 quemadmodum
861 2105 939 2140 iure
958 2105 1052 2141 civili
1069 2106 1262 2151 pubertate

169 2117 293 2186 {nitur
318 2150 495 2196 pupillare
517 2155 790 2192 testamentum,
820 2149 873 2185 ita
902 2150 1069 2196 princeps
1101 2149 1261 2186 imitatus

170 2197 216 2232 sit
246 2206 302 2231 lus
332 2195 371 2230 in
402 2205 462 2237 eo,
499 2195 560 2240 qui
590 2200 738 2240 propter
766 2195 1009 2230 infirmitatem
1039 2206 1113 2231 non
1142 2199 1263 2247 potest

171 2241 305 2276 testari.
354 2251 436 2276 nam
460 2244 496 2274 et
519 2240 549 2275 si
571 2240 708 2276 furioso
733 2239 806 2275 filio
829 2240 1092 2282 substituisset,
1125 2240 1259 2276 dicere-

169 2296 248 2321 mus
277 2285 438 2321 desinere
461 2285 580 2321 valere
601 2289 871 2326 testamentum,
905 2296 987 2320 cum
1016 2285 1225 2330 resipuisset
1234 2287 1259 2328 ²,

170 2331 255 2376 quia
292 2331 364 2366 iam
401 2334 525 2375 posset
560 2330 628 2365 sibi
662 2334 915 2366 testamentum
948 2330 1088 2366 facere:
1130 2331 1261 2366 etenim

169 2376 332 2421 iniquum
361 2375 488 2420 incipit
518 2374 595 2410 fieri
622 2375 834 2411 beneficium
858 2375 1047 2421 principis,
1080 2375 1110 2410 si
1141 2375 1261 2411 adhuc

169 2421 206 2456 id
230 2421 346 2456 valere
370 2420 549 2456 dicamus:
582 2419 765 2456 auferret³
788 2420 882 2456 enim
904 2420 1110 2456 testamenti
1132 2419 1259 2456 factio-

170 2477 251 2502 nem
282 2466 418 2501 homini
449 2475 560 2501 sanae
590 2465 730 2501 mentis.
777 2465 886 2510 igitur
915 2466 1022 2501 etiam
1046 2465 1260 2510 adgnatione

170 2511 226 2547 sui
249 2511 390 2546 heredis
414 2510 604 2546 dicendum
628 2514 683 2546 est
704 2511 822 2556 rumpi
844 2510 1152 2552 substitutionem,
1200 2511 1261 2546 uia

170 2557 257 2591 nihil
287 2556 456 2598 interest,
489 2556 597 2591 alium
628 2555 794 2591 heredem
823 2555 1028 2591 institueret
1058 2556 1070 2590 i
1097 2565 1136 2591 se
1181 2555 1259 2591 ‘'us

171 2607 298 2646 postea
332 2612 380 2637 an
410 2601 487 2636 iure
518 2601 652 2636 habere
683 2601 803 2646 coepit
832 2611 937 2636 suum
967 2601 1053 2636 here
1079 2611 1152 2635 em:
1193 2611 1260 2636 nec

171 2647 265 2681 enim
296 2651 359 2681 aut
391 2651 529 2691 patrem
562 2651 627 2681 aut
655 2645 852 2691 principem
883 2645 928 2681 de
959 2646 1029 2681 hoc
1053 2655 1141 2681 casu
1165 2647 1260 2691 cogi-

170 2695 269 2726 tasse
291 2691 501 2727 verisimile⁴
526 2696 592 2733 est,
619 2695 661 2726 ut
683 2701 775 2732 eum,
807 2691 868 2735 qui
891 2696 1019 2736 postea
1041 2696 1260 2733 nasceretur,

171 2736 414 2771 exheredaret.
456 2746 523 2771 nec
546 2736 704 2778 interest,
727 2735 1026 2781 quemadmodum
1050 2735 1261 2771 beneficium

170 2780 368 2825 principale
385 2781 583 2816 intercedat
596 2781 693 2816 circa
703 2781 908 2816 testamenti
918 2780 1124 2823 factionem,
1140 2785 1262 2817 utrum

175 2830 187 2860 1
238 2826 276 2860 iu
299 2836 488 2870 personam
513 2826 618 2861 unius
641 2836 690 2861 an
713 2825 959 2870 complurium.
1001 2826 1091 2861 Item
1115 2836 1260 2871 quaero,

171 2870 202 2906 si
234 2870 285 2905 ita
314 2870 413 2906 facta
444 2878 668 2915 proponatur
698 2871 925 2907 substitutio:
962 2870 1069 2907 ‘filius
1099 2882 1199 2907 meus
1231 2872 1262 2907 si

171 2915 279 2951 ‘intra
302 2914 425 2950 decem
448 2926 562 2951 annos
587 2916 795 2957 decesserit,
827 2915 944 2951 Titius
974 2916 1079 2952 heres
1102 2921 1199 2959 esto,
1231 2917 1262 2952 si

171 2960 279 2995 ‘intra
301 2960 604 3005 quattuordecim,
631 2961 803 3009 Maeyius’
827 2960 1019 3007 filiusque⁶
1041 2965 1124 2997 octo
1147 2971 1261 2997 anno-

171 3016 251 3040 rum
275 3004 487 3047 decesserit,
520 3011 638 3040 utrum
662 3006 778 3042 Titius
809 3006 907 3042 solus
940 3016 984 3041 ex
1007 3006 1262 3042 substitutione

171 3051 205 3086 ei
226 3050 331 3086 heres
355 3050 422 3085 erit
446 3060 493 3084 an
513 3056 549 3085 et
564 3051 735 3093 Maevius,
760 3051 846 3096 quia
869 3055 1006 3087 certum
1031 3055 1087 3087 est
1108 3055 1146 3087 et
1167 3051 1262 3086 intra

172 3095 295 3131 decem
319 3099 355 3131 et
376 3094 472 3130 intra
491 3095 776 3139 quattuordecim
791 3106 906 3132 annos
923 3096 1034 3131 filium
1053 3096 1259 3132 decessisse.

172 3139 341 3185 respondi
364 3150 468 3175 omne
492 3140 632 3184 quidem
657 3142 830 3185 spatium,
862 3140 960 3187 quod
990 3145 1046 3177 est
1075 3142 1171 3176 intra
1220 3153 1261 3177 u-

171 3186 365 3226 bertatem.
397 3185 547 3220 liberum
578 3196 656 3220 esse
679 3187 773 3230 patri
797 3186 843 3221 ad
866 3186 1154 3222 substituendum
1217 3187 1261 3229 ’o,

171 3230 235 3266 sed
252 3229 334 3265 finis
350 3230 457 3265 huius
473 3230 644 3275 pubertas
665 3235 735 3265 est:
761 3231 873 3276 magis
892 3236 1012 3267 autem
1033 3236 1087 3267 est
1105 3231 1142 3266 in
1161 3237 1261 3267 utro-

172 3285 241 3320 que
265 3285 387 3311 eorum
409 3280 550 3320 tempus
575 3285 678 3310 suum
701 3277 893 3320 separatim
917 3276 1060 3318 servari,
1084 3276 1154 3311 nisi
1174 3286 1260 3312 con·

173 3324 192 3355 2
232 3321 345 3356 traria
360 3320 526 3355 voluntas
544 3320 727 3355 testatoris
744 3326 867 3365 aperte
883 3320 1100 3357 ostendatur.
1126 3320 1260 3357 Lucius

172 3365 289 3401 Titius
314 3376 396 3401 cum
419 3365 568 3400 haberet
590 3364 682 3399 filios
706 3365 741 3399 in
792 3370 960 3406 otestate‚
989 3376 1134 3401 uxorem
1159 3366 1260 3401 here-

172 3410 253 3446 dem
277 3410 421 3456 scripsit
442 3415 479 3445 et
503 3410 535 3445 ei
558 3409 741 3445 substituit
804 3410 874 3446 'ost
900 3411 1099 3456 quaesitum
1124 3417 1189 3453 est,
1214 3422 1261 3446 an

171 3455 351 3491 institutio
376 3455 498 3491 uxoris
522 3454 652 3490 nullius
677 3455 844 3490 momenti
866 3456 914 3490 sit
938 3466 999 3498 eo,
1028 3455 1125 3508 quod
1148 3457 1194 3492 ab
1218 3466 1261 3493 eo

171 3500 286 3545 gradu
309 3500 372 3535 tilii
395 3510 468 3535 non
492 3505 611 3535 essent
631 3499 846 3535 exheredati.
886 3500 1054 3545 respondi
1077 3511 1158 3536 eum
1180 3511 1261 3546 gra-

174 3619 214 3655 (ι)
240 3614 369 3647 duosF
444 3616 488 3654 (2)
512 3612 735 3655 resipissetF
803 3616 845 3653 (3)
871 3613 1064 3647 anferretF
1135 3616 1179 3655 (⁴)
1204 3625 1259 3646 ve-

173 3658 331 3691 rissimile
346 3659 382 3692 F
449 3661 493 3699 (5)
516 3658 665 3700 filiusqui
680 3658 715 3692 F
783 3659 827 3695 (61
852 3663 963 3690 essent
979 3659 1013 3691 F
1078 3661 1122 3701 (Ἰ)
1148 3664 1260 3691 utrum

932 3752 976 3784 (9)
1001 3748 1197 3781 auferantur
1210 3749 1260 3782 Γ*

174 3748 322 3791 scriptus
335 3748 400 3780 fuit
412 3761 474 3781 scr.
576 3754 620 3788 (s)
647 3749 695 3780 itu
710 3750 768 3781 ins.
784 3748 835 3780 F²

1257 133 1343 182 392

174 3713 236 3744 pro
256 3714 295 3735 ea
313 3708 409 3745 parte
430 3714 528 3746 quam
550 3704 642 3744 cepit
663 3702 776 3735 veniat
795 3713 838 3735 an
859 3713 936 3735 vero
956 3714 1017 3744 pro
1038 3714 1087 3742 ea,
1113 3714 1173 3746 pro
1195 3714 1261 3746 qua
1320 3659 1531 3736 ζῖιῗζῗίηῑιυωε
1545 3705 1606 3738 del.
1623 3703 1784 3745 (similiter
1796 3702 1893 3741 Hal.)

1520 0 1528 57 ’ί

1530 54 1625 165 Ἷχ

1327 259 1421 302 dum,
1445 269 1469 294 a
1488 270 1559 305 quo
1579 259 1642 295 filii
1658 260 1841 305 praeteriti
1857 260 1938 302 sint,
1964 260 2095 296 nullius
2119 262 2222 297 esse‘
2243 262 2411 298 momenti

1327 307 1363 339 et
1384 304 1485 347 ideo,
1517 315 1599 340 cum
1620 304 1716 341 idem
1738 305 1922 341 substituti
1945 310 2208 356 proponantur,
2233 317 2279 342 ex
2300 310 2410 343 testa-

1326 354 1445 385 mento
1470 359 1532 385 eos
1554 349 1703 385 heredes
1727 350 1905 386 exstitisse
1928 350 2048 392 videri,
2075 350 2211 386 scilicet
2233 351 2317 397 quia
2340 362 2412 387 non

1326 398 1442 430 totum
1472 398 1724 430 testamentum
1749 395 1931 430 infirmant
1953 395 2034 437 filii,
2066 395 2130 430 sed
2159 399 2300 431 tantum
2331 405 2412 432 eum

1325 438 1494 484 gradum,
1526 439 1588 484 qui
1617 439 1664 475 ab
1693 439 1795 475 initio
1826 451 1898 476 non
1920 440 2049 482 valuit,
2084 441 2178 476 sicut
2199 450 2412 486 responsum

1327 489 1399 526 est,
1432 484 1463 519 si
1485 494 1508 519 a
1529 484 1643 529 primo
1670 484 1718 520 sit
1738 484 1833 520 filius
1856 485 2088 531 praeteritus,
2122 495 2145 520 a
2168 485 2325 521 secundo
2350 495 2410 521 ex-

1326 528 1535 564 heredatus:
1565 528 1653 564 nihil
1675 532 1795 565 autem
1817 529 1984 571 interest.
2009 540 2081 576 qua
2103 530 2243 566 ratione
2265 531 2413 566 secundi

1326 573 1467 609 heredis
1500 573 1677 610 institutio
1711 575 1847 618 valeat,
1886 579 2006 610 utrum
2040 575 2124 620 quia
2158 575 2204 610 ab
2240 585 2282 610 eo
2318 574 2412 611 filius

1327 618 1562 654 exheredatus
1594 623 1650 655 est
1678 629 1726 654 an
1757 619 1841 665 quia
1869 620 1947 665 ipse
1977 620 2071 655 filius
2103 620 2317 655 substitutus
2347 625 2412 656 est.

1799 150 1859 181 DE
1888 151 2022 182 VULG.
2051 150 2108 181 ΕΤ
2134 151 2233 182 Pur.
2262 151 2406 184 SUBST·

1328 666 1348 699 3
1394 664 1507 699 Iulius
1531 663 1715 715 Longinus
1763 669 1842 699 ater
1865 675 1945 706 eos,
1977 675 2067 711 quos
2095 665 2163 700 sibi
2186 665 2334 700 heredes
2357 665 2412 700 in-

1327 709 1502 751 stituerat,
1527 708 1601 744 filio
1620 713 1673 744 xta
1689 674 1872 745 suestituit
1895 709 2066 761 ‘quisquis
2083 710 2152 745 sibi
2167 710 2270 745 heres
2288 711 2412 745 esset’:

1326 763 1420 789 unus
1443 764 1487 790 ex
1510 753 1700 789 heredibus
1722 753 1914 796 institutis,
1946 765 2007 799 qm
2036 754 2184 790 tacitam
2215 754 2321 790 fidem
2353 765 2413 790 ac-

1327 798 1631 840 commodaverat,
1662 803 1703 834 ut
1732 809 1804 834 non
1836 799 1991 844 capienti
2020 804 2160 851 partem
2184 810 2229 835 ex
2252 810 2294 835 eo
2319 800 2414 852 quod

1327 849 1517 888 acceperat
1533 843 1645 886 daret,
1665 843 1712 879 ad
1726 844 2015 879 substitutionem
2030 845 2222 889 impuberis
2238 845 2414 881 admissus

1327 893 1446 924 utrum
1477 899 1541 934 pro
1574 898 1618 925 ea
1647 893 1769 934 parte,
1801 900 1866 935 pro
1891 899 1963 933 qua
1986 889 2141 934 scriptus
2166 889 2253 932 fuit,
2284 890 2412 932 veniat,

1327 944 1374 969 an
1405 944 1488 969 vero
1545 943 1585 969 ro
1617 943 1661 969 ea
1688 943 1794 979 quam
1819 934 1914 979 cepit
1922 935 1948 974 ⁷,
1979 933 2030 968 ita
2062 939 2102 969 ut
2134 939 2308 979 augeatur
2338 935 2414 971 eius

1353 989 1411 1014 ars
1427 979 1464 1013 in
1480 989 1523 1014 su
1550 978 1758 1014 stitutione?
1781 978 1965 1024 respondi:
1991 979 2051 1024 qui
2066 979 2103 1013 in
2119 978 2282 1014 fraudem
2295 980 2411 1024 legum

1354 1023 1433 1059 dem
1456 1023 1723 1066 accommodat,
1757 1023 1920 1058 adeundo
1951 1023 2054 1058 heres
2087 1023 2241 1059 efficitur
2263 1034 2330 1060 nec
2353 1024 2414 1060 de·

1328 1069 1420 1104 sinet
1442 1069 1545 1104 heres
1570 1078 1665 1110 esse,
1696 1069 1780 1104 licet
1810 1079 1868 1104 res
1900 1069 2015 1114 quae⁸
2038 1069 2183 1104 relictae
2206 1075 2291 1104 sunt
2313 1068 2413 1104 aufe-

1327 1119 1456 1149 runtur
1465 1114 1489 1147 ⁹.
1525 1113 1621 1149 unde
1641 1119 1676 1148 et
1698 1124 1741 1149 ex
1762 1113 1927 1149 secundis
1946 1113 2077 1149 tabulis
2095 1114 2133 1148 in
2152 1118 2293 1149 tantum
2311 1114 2415 1150 heres

1329 1168 1408 1195 esse
1437 1163 1574 1204 potest,
1605 1159 1643 1194 in
1674 1163 1846 1204 quantum
1879 1158 2033 1203 scriptus
2065 1162 2175 1194 esset:
2207 1159 2295 1194 satis
2320 1159 2414 1195 enim

1327 1204 1475 1255 punitus
1507 1208 1562 1239 est
1591 1204 1629 1239 in
1660 1214 1722 1245 eo,
1755 1204 1791 1239 in
1823 1214 1893 1249 quo
1920 1204 2007 1239 fecit
2029 1214 2098 1239 con
2178 1203 2283 1249 leges.
2330 1204 2416 1249 quin

1327 1259 1434 1284 immo
1459 1248 1526 1286 etsi
1549 1248 1725 1297 desineret
1747 1249 1850 1284 heres
1874 1258 1964 1291 esse,
1986 1248 2080 1284 idem
2136 1258 2268 1284 cerem:
2294 1259 2416 1295 quem·

1328 1293 1522 1329 admodum
1544 1293 1817 1339 intellegendum
1841 1300 1895 1329 est
1918 1293 1955 1328 in
1979 1303 2020 1329 eo
2046 1294 2124 1339 qui,
2157 1304 2239 1329 cum
2262 1294 2416 1340 scriptus

1329 1343 1422 1374 esset
1456 1339 1579 1381 heres,
1618 1344 1809 1384 postquam
1843 1338 1976 1374 adisset
2010 1338 2242 1374 hereditatem
2273 1339 2309 1374 in
2341 1348 2415 1380 ser-

1327 1384 1476 1420 vitutem
1506 1383 1673 1419 redactus
1705 1389 1760 1419 est
1791 1389 1827 1419 et
1856 1390 1981 1429 postea
2011 1383 2177 1419 libertate
2189 1385 2218 1405 ¹⁰
2248 1383 2414 1420 donatus.

1329 1429 1388 1464 cui
1410 1429 1620 1474 permissum
1644 1433 1699 1464 est
1723 1428 1771 1464 ad
1794 1429 2081 1464 substitutionem
2103 1429 2241 1471 venire,
2293 1439 2362 1464 uae
2383 1429 2417 1465 ei

1327 1474 1367 1509 in
1388 1478 1601 1510 testamento
1625 1474 1744 1509 fuerat
1770 1474 1913 1509 relicta:
1946 1473 2030 1508 licet
2060 1474 2152 1509 enim
2182 1474 2268 1510 here
2295 1474 2418 1510 'tatem

1329 1529 1375 1555 ex
1396 1519 1620 1555 institutione
1643 1519 1779 1561 amisit,
1810 1525 1931 1554 tamen
1962 1528 2006 1553 ex
2035 1519 2288 1554 substitutione
2310 1519 2417 1555 istam

1328 1564 1541 1610 portionem,
1566 1568 1778 1609 quantum¹¹
1802 1564 1931 1605 amisit,
1955 1569 2219 1609 percepturum.

1374 1608 1428 1646 44
1452 1608 1561 1644 IDEM
1579 1609 1670 1645 libro
1695 1609 1832 1645 decimo
1861 1609 2111 1654 quaestionum
2156 1608 2216 1644 Ex
2246 1609 2415 1655 pupillari

1328 1658 1542 1690 testamento
1567 1664 1609 1689 su
1636 1654 1730 1689 erius
1753 1653 1950 1699 principale
1973 1663 2087 1698 neque
2111 1664 2154 1689 ex
2177 1659 2279 1706 parte
2301 1663 2418 1700 neque

1328 1699 1367 1734 in
1389 1703 1506 1734 totum
1529 1665 1734 1734 contii-mari
1755 1709 1862 1743 posse
1885 1698 2094 1733 Maecianus
2117 1699 2260 1744 scripsit
2271 1700 2310 1734 ¹².

1374 1743 1428 1781 45
1461 1744 1569 1779 IDEM
1602 1744 1693 1780 libro
1729 1743 1938 1779 duodecimo
1972 1754 2227 1789 responsorum
2282 1743 2417 1780 Lucius

1329 1789 1445 1824 Titius
1469 1789 1662 1834 legitimum
1684 1788 1796 1824 filium
1820 1793 1856 1824 et
1879 1788 2030 1823 alterum
2048 1788 2247 1823 naturalem
2267 1788 2417 1824 heredes

1328 1834 1484 1870 instituit
1505 1844 1639 1879 eosque
1660 1834 1811 1869 invicem
1830 1833 2032 1869 substituit:
2059 1833 2223 1869 Titianus
2241 1833 2418 1878 legitimus

1329 1879 1442 1922 filius,
1478 1889 1583 1924 quem
1617 1884 1720 1923 pater
1754 1878 1958 1914 anniculum
1992 1878 2152 1923 reliquit,
2187 1883 2272 1924 post
2330 1878 2417 1916 atris

1328 1929 1478 1960 mortem
1509 1924 1672 1969 impubes
1705 1924 1858 1959 decessit
1888 1923 2080 1968 superstite
2110 1927 2224 1959 matre
2246 1928 2283 1960 et
2363 1928 2418 1960 tre

1329 1970 1495 2011 naturali,
1519 1978 1624 2014 quem
1647 1969 1755 2004 etiam
1778 1968 1988 2004 coheredem
2011 1968 2185 2004 habebat:
2211 1979 2346 2014 quaero
2370 1979 2418 2005 an

1328 2014 1508 2050 hereditas
1528 2014 1604 2050 eius
1624 2013 1672 2049 ad
1691 2014 1824 2049 Titium
1848 2013 2047 2048 naturalem
2070 2012 2217 2049 fratrem
2240 2024 2284 2049 ex
2307 2023 2419 2050 causa

1329 2059 1593 2095 substitutionis
1617 2059 1794 2104 pertineat
1816 2069 1864 2094 an
1887 2068 1970 2094 vero
1990 2057 2038 2093 ad
2053 2063 2213 2094 matrem.
2249 2058 2419 2104 respondi

1329 2104 1376 2140 ad
1405 2105 1559 2149 primum
1588 2114 1712 2140 casum
1742 2115 1815 2140 non
1843 2103 2070 2139 existentium
2092 2103 2263 2139 heredum
2285 2104 2418 2140 substi-

1329 2150 1503 2185 tutionem
1526 2150 1570 2185 de
1593 2160 1666 2195 qua
1688 2149 1873 2194 quaeritur
1895 2148 2082 2194 pertinere,
2107 2159 2180 2184 non
2199 2148 2248 2184 ad
2266 2159 2417 2195 sequen-

1328 2200 1419 2236 tem,
1453 2195 1484 2230 si
1515 2195 1592 2240 quis
1624 2205 1746 2230 eorum
1776 2198 1904 2239 postea
1935 2193 2148 2229 decessisset
2168 2194 2264 2229 intra
2286 2195 2416 2240 puber-

1327 2245 1451 2282 tatem,
1476 2250 1558 2275 cum
1572 2240 1610 2274 in
1626 2239 1799 2275 naturalis
1816 2239 1879 2274 filii
1894 2249 2048 2284 persona
2064 2238 2196 2284 duplex
2211 2239 2417 2275 substitutio

1328 2285 1446 2321 locum
1469 2285 1604 2320 habere
1626 2294 1699 2319 non
1722 2284 1912 2330 poterit¹³z
1938 2290 1975 2319 et
1996 2283 2077 2319 ideo
2097 2283 2145 2319 ad
2163 2290 2313 2320 matrem
2332 2284 2417 2329 legi-

1332 2334 1345 2364 1
1396 2330 1473 2365 timi
1503 2329 1567 2364 filii
1597 2329 1778 2365 hereditas
1805 2329 1852 2364 ab
1875 2329 2045 2364 intestato
2069 2329 2234 2374 pertinet.
2281 2329 2417 2365 Paulus

1327 2374 1522 2420 respondit,
1547 2374 1578 2410 si
1598 2384 1720 2410 omnes
1738 2374 1894 2409 instituti
1912 2373 2062 2408 heredes
2082 2374 2245 2410 omnibus
2267 2373 2418 2410 invicem

1329 2420 1513 2455 substituti
1537 2424 1667 2461 essent,
1699 2419 1775 2455 eius
1798 2419 2006 2464 portionem,
2033 2418 2094 2463 qui
2117 2418 2330 2470 quibusdam
2355 2418 2416 2454 de·

1328 2465 1462 2500 functis
1494 2468 1621 2509 postea
1649 2465 1850 2510 portionem
1881 2473 1982 2499 suam
2014 2463 2231 2508 repudiavit,
2265 2464 2313 2499 ad
2337 2474 2418 2500 eum

1329 2509 1463 2552 solum,
1484 2510 1556 2555 ‚qui
1589 2520 1630 2546 eo
1660 2513 1820 2555 tempore
1843 2509 2058 2554 supervixit,
2091 2518 2136 2543 ex
2159 2509 2418 2544 substitutione

1354 2555 1516 2590 ertinere.

1327 2566 1352 2601 p
1375 2597 1429 2637 46
1453 2599 1562 2635 loru
1586 2599 1678 2636 libro
1710 2600 1815 2635 tertio
1846 2599 1982 2635 decimo
2009 2610 2264 2646 responsorum
2309 2598 2418 2634 Pater

1328 2645 1482 2681 familias
1538 2645 1636 2681 rimis
1665 2644 1800 2680 tabulis
1830 2650 1995 2696 postumo
2020 2644 2151 2680 herede
2172 2644 2337 2679 instituto
2360 2653 2415 2679 se-

1330 2690 1455 2726 cundis
1479 2690 1510 2726 si
1534 2690 1548 2725 i
1570 2690 1626 2726 vel
1647 2690 1740 2732 filio,
1773 2689 1804 2725 si
1828 2695 1924 2725 intra
1945 2690 2171 2734 pubertatem
2193 2689 2416 2731 decessisset,

1330 2736 1459 2771 Gaium
1483 2735 1602 2771 Seium
1624 2735 1774 2770 fratrem
1796 2745 1901 2770 suum
1919 2734 2114 2776 substituit,
2138 2733 2267 2770 deinde
2283 2733 2416 2768 Titium

1330 2780 1421 2816 Gaio
1446 2780 1539 2822 Seio,
1565 2785 1601 2816 et
1623 2785 1751 2826 postea
1774 2780 1826 2815 sic
1850 2779 1958 2815 dixit:
1992 2779 2100 2824 ‘quod
2123 2780 2152 2815 si
2178 2779 2289 2814 Gaius
2314 2779 2416 2814 Seius

1330 2826 1454 2861 ‘frater
1477 2835 1576 2861 meus
1624 2825 1713 2860 rimo
1737 2825 1816 2860 loco
1841 2825 2055 2860 substitutus
2078 2825 2182 2860 heres
2205 2824 2290 2859 mihi
2310 2829 2415 2865 esset,

1331 2875 1429 2906 ‘tunc
1452 2870 1546 2906 Titio
1607 2870 1891 2906 deicommissum
1920 2869 2102 2915 relinquo'.
2152 2879 2302 2915 quaero,
2334 2879 2415 2904 cum

1328 2916 1424 2951 filius
1454 2916 1549 2961 patri
1580 2915 1682 2951 heres
1714 2915 1889 2950 exstiterit
1922 2924 2037 2959 eoque
2067 2915 2161 2949 intra
2190 2914 2415 2959 pubertatem

1330 2967 1470 2996 mortuo
1494 2960 1606 2996 frater
1624 2960 1806 2995 testatoris
1827 2970 1871 2995 ex
1889 2959 2145 2995 substitutione
2163 2958 2266 2994 heres
2286 2958 2344 3000 sit,
2367 2968 2414 2993 an

1329 3006 1639 3042 fideicommissum
1670 3004 1861 3046 debeatur,
1897 3015 1977 3039 cum
2006 3004 2059 3039 ita
2089 3003 2254 3039 relictum
2283 3003 2349 3046 sit,
2383 3004 2415 3039 si

1331 3050 1442 3086 Gaius
1458 3050 1561 3086 Seius
1576 3049 1690 3086 frater
1704 3060 1790 3085 suus
1808 3050 1875 3085 sibi
1891 3049 1994 3085 heres
2010 3049 2214 3084 exstiusset
2245 3047 2416 3100 respondi

1329 3096 1476 3131 fratrem
1500 3094 1677 3137 defuncti,
1710 3095 1769 3140 qui
1800 3095 1837 3129 in
1869 3099 2057 3139 utrumque
2084 3103 2207 3128 casum
2229 3093 2415 3129 institutus

1330 3141 1384 3177 vel
1407 3140 1623 3176 substitutus
1636 3141 1663 3161 ¹⁴
1686 3144 1751 3182 est,
1777 3139 1848 3174 filio
1873 3140 1920 3174 im
1947 3139 2055 3174 ubere
2078 3137 2247 3173 defuncto
2264 3147 2309 3174 ea
2346 3147 2416 3174 uae

1329 3190 1481 3222 testator
1503 3184 1645 3230 reliquit
1667 3190 1852 3230 praestare
1875 3150 2022 3220 degere:
2047 3193 2114 3218 nec
2130 3182 2310 3218 adversari
2350 3192 2414 3218 aec

1329 3230 1437 3266 verba
1460 3230 1568 3275 ‘quod
1587 3229 1619 3265 si
1634 3230 1746 3265 Gaius
1763 3229 1863 3265 Seius
1887 3229 1971 3264 mihi
1994 3229 2095 3263 heres
2121 3228 2198 3270 erit,
2221 3234 2310 3264 tunc
2333 3227 2412 3263 dari

1329 3275 1445 3317 ⁴v010',
1477 3285 1559 3311 cum
1590 3286 1711 3311 verum
1741 3275 1789 3310 sit
1816 3284 1897 3310 enm
1921 3279 1956 3309 et
1979 3273 2141 3309 testatori
2163 3272 2329 3309 heredem
2352 3282 2413 3309 ex-

1329 3320 1473 3357 stitisse.

1375 3363 1427 3402 47
1465 3364 1668 3401 ScAEvoLA
1708 3364 1799 3400 libro
1836 3363 1994 3399 secundo
2033 3372 2287 3410 responsorum
2340 3361 2414 3442 διαί

1329 3410 1486 3446 habebat
1525 3410 1634 3445 filium
1671 3414 1706 3444 et
1738 3408 1848 3444 filiam
1883 3408 2103 3454 impuberes.
2141 3407 2304 3443 instituto
2379 3406 2413 3442 ’o

1330 3455 1458 3490 herede
1473 3456 1499 3476 ¹⁶
1522 3455 1630 3490 filiam
1655 3453 1882 3490 exheredavit
1905 3458 1959 3495 et,
1973 3474 1977 3478 -
1991 3454 2022 3489 si
2046 3452 2259 3504 filius-intra
2282 3451 2412 3504 puber-

1329 3506 1439 3535 tatem
1463 3499 1693 3541 decessisset,
1721 3499 1830 3535 filiam
1854 3499 1966 3534 eidem
1990 3499 2189 3534 substitmt:
2221 3496 2284 3532 sed
2307 3496 2413 3538 filiae.

1329 3616 1389 3654 (10)
1414 3613 1604 3647 libertatem
1618 3613 1654 3646 F

1743 3613 1798 3652 (11)
1824 3622 1923 3654 quam
1943 3616 2015 3645 tum
2033 3612 2165 3655 quidam
2186 3611 2277 3655 apud
2289 3610 2412 3645 Gotho·

1540 3660 1599 3699 (ιῖ)
1624 3655 1745 3690 scribit
1758 3656 1808 3690 F²

1888 3659 1946 3698 (1³)
1970 3657 2121 3699 potuerit
2131 3669 2196 3689 scr.
2276 3657 2334 3695 (u)
2359 3654 2410 3687 vel

1986 3709 2043 3740 (ιω
2068 3701 2220 3734 heredem
2233 3700 2268 3733 F
