2528 3918
124 167 183 197 DE
214 167 261 196 VI
289 166 346 195 ET
375 166 436 195 DE
468 166 514 195 VI
543 164 725 195 ARMATA

122 276 276 329 plurium
300 285 346 310 an
370 286 453 311 vero
479 278 514 310 et
538 275 646 310 duum
670 274 726 308 vel
748 273 867 308 trium.
917 273 979 308 sed
1009 273 1126 308 verius
1158 274 1213 307 est

121 333 158 357 m
188 322 256 356 hoc
285 321 493 364 interdicto,
529 320 668 355 etiamsi
699 329 791 354 unus
822 328 945 354 servus
976 319 1009 353 vi
1033 318 1210 359 deiecerit,

127 370 164 401 18
212 366 383 401 familiam
407 366 515 401 videri
539 365 720 400 deiecisse.
767 364 939 398 Familiae
972 363 1212 409 appellatione

121 416 157 447 et
180 422 253 454 eos,
280 422 369 456 quos
393 411 473 446 1000
498 421 681 446 servorum
699 410 884 451 habemus,
911 409 1085 444 contineri
1105 419 1211 453 opor-

126 460 165 492 19
214 462 290 492 tere
315 456 504 492 dicendum
525 459 591 491 est.
637 455 676 490 Si
699 455 777 499 quis
802 458 922 489 tamen
946 458 1051 499 neget
1075 464 1114 489 se
1138 464 1210 488 ser-

122 513 203 537 vum
226 503 281 536 vel
304 501 475 536 familiam
499 500 721 542 defendere¹,
754 499 933 544 cogendus
964 504 1020 534 est
1042 499 1119 544 pati
1142 499 1212 533 1100

122 547 367 591 interdictum,
397 546 444 581 ad
472 546 541 581 hoc
571 546 726 588 scilicet,
759 548 800 579 ut
830 545 925 589 quod
954 545 1001 579 ad
1025 555 1106 579 eum
1128 554 1210 589 per-

123 596 164 627 20
213 592 307 627 venit
329 592 506 627 restituat.
554 590 594 626 Si
624 591 719 626 filius
747 590 901 625 familias
926 591 980 625 vel
1003 599 1211 624 mercenna-

124 641 161 672 21
212 638 286 673 rius
310 637 344 672 vi
368 636 555 679 deiecerit,
584 636 670 670 utile
694 635 921 670 interdictum
945 635 1125 679 competit.
1174 634 1212 668 Si

123 683 291 718 adversus
308 692 399 725 eum,
425 681 487 726 qui
502 682 539 716 in
554 681 752 717 libertatem
769 691 812 715 ex
828 681 998 716 servitute
1014 681 1069 714 vel
1085 682 1212 715 contra

122 728 274 773 petitur,
298 731 381 772 post
404 727 610 762 inchoatum
633 727 779 761 liberale
802 726 973 761 iudicium
996 729 1079 760 utar
1101 725 1210 760 inter-

122 773 216 808 dicto
241 777 277 808 et
300 773 389 807 liber
412 772 590 807 iudicatus
610 771 719 806 fuerit
740 775 775 806 et
795 770 1006 817 apparuerit
1025 771 1212 816 ignorante

121 830 163 854 eo
197 829 219 852 a
251 818 361 853 servis
391 818 467 852 eius
498 818 531 852 vi
562 827 618 852 me
651 817 847 858 deiectum,
880 817 917 851 in
948 815 1212 861 possessionem

123 867 165 898 22
212 864 390 898 restituar.
445 862 548 906 Quod
580 873 704 898 servus
734 863 789 897 vel
822 865 1036 906 procurator
1065 861 1120 896 vel
1151 871 1211 895 co-

123 910 226 944 lonus
250 912 391 950 tenent,
423 908 585 943 dominus
611 907 749 942 videtur
772 908 966 952 possidere,
992 912 1027 941 et
1050 906 1131 941 ideo
1155 906 1211 940 his

123 954 267 989 deiectis
304 954 381 998 ipse
421 953 514 988 deici
546 953 588 988 de
619 953 847 998 possessione
878 953 1034 994 videtur,
1074 951 1213 986 etiamsi

121 1000 260 1044 ignoret
283 1009 344 1034 000
370 998 537 1040 deiectos,
562 1009 628 1042 per
651 1009 741 1043 quos
790 997 983 1033 ossidebat.
1020 1001 1056 1032 et
1080 997 1110 1032 si
1157 997 1212 1031 uis

121 1046 230 1089 igitur
260 1044 369 1086 alius,
406 1054 472 1088 per
511 1054 615 1089 quem
649 1044 748 1088 possi
774 1044 895 1087 eham,
937 1043 1097 1078 deiectus
1151 1052 1211 1076 00-

121 1092 184 1132 rit,
220 1090 306 1124 mihi
338 1092 538 1134 competere
566 1089 795 1124 interdictum
819 1089 951 1124 nemini
974 1088 1122 1123 dubium
1147 1090 1212 1122 est.

122 1140 164 1169 23
211 1135 444 1170 Interdictum
479 1138 599 1169 autem
638 1135 707 1169 hoc
744 1134 834 1168 nulli
867 1133 1037 1179 competit
1067 1133 1137 1168 nisi
1170 1133 1212 1175 ei,

123 1181 183 1226 qui
206 1185 293 1215 tunc
316 1191 398 1215 cum
421 1180 620 1215 deiceretur
643 1180 869 1225 possidebat,
901 1190 968 1214 nec
1002 1178 1093 1213 alius
1121 1178 1213 1213 deici

124 1230 166 1261 24
212 1227 310 1261 visus
340 1229 396 1261 est
424 1236 532 1270 quam
562 1225 622 1269 qui
651 1225 823 1270 possidet.
872 1225 952 1260 Sive
982 1227 1101 1259 autem
1133 1234 1212 1258 cor-

123 1282 210 1317 pore
240 1271 313 1306 sive
343 1271 460 1305 animo
485 1271 671 1315 possidens
697 1270 777 1315 quis
802 1270 961 1305 deiectus
987 1272 1060 1312 est,
1093 1269 1214 1314 palam

123 1321 177 1352 est
207 1327 289 1352 eum
319 1316 354 1351 vi
386 1316 562 1351 deiectum
591 1316 712 1351 videri.
760 1315 966 1359 idcircoque
998 1315 1030 1350 si
1059 1315 1137 1359 quis
1171 1314 1214 1349 de

122 1373 209 1407 agro
240 1373 305 1397 suo
335 1361 391 1396 vel
421 1362 464 1396 de
494 1361 598 1396 domo
628 1361 865 1405 processisset
896 1361 1035 1396 nemine
1066 1370 1213 1395 suorum

122 1408 257 1450 relicto,
281 1417 364 1442 mox
383 1410 563 1442 revertens
581 1406 784 1451 prohibitus
804 1406 850 1441 sit
868 1406 1006 1450 ingredi
1025 1406 1082 1441 vel
1096 1405 1215 1450 ipsum

121 1453 317 1498 praedium,
341 1452 398 1487 vel
421 1453 452 1487 si
476 1452 554 1496 quis
578 1462 659 1487 eum
682 1452 719 1486 in
743 1451 859 1487 medio
875 1452 1002 1486 itinere
1023 1450 1216 1486 detinuerit

122 1503 158 1533 et
180 1499 257 1544 ipse
279 1497 490 1543 possederit,
515 1498 550 1532 vi
574 1497 732 1532 deiectus
756 1496 913 1532 videtur:
940 1495 1105 1531 ademisti
1122 1495 1216 1531 enim

123 1545 155 1579 ei
179 1544 452 1589 possessionem,
478 1553 584 1588 quam
604 1542 721 1577 animo
743 1543 932 1584 retinebat,
958 1542 1025 1577 etsi
1041 1552 1115 1576 non
1137 1549 1214 1576 cor—

123 1593 165 1624 25
213 1600 312 1634 pore.
369 1588 472 1633 Quod
503 1588 604 1633 volgo
638 1588 768 1623 dicitur
799 1588 1015 1623 aestivorum
1045 1587 1214 1622 hiberno-

121 1645 271 1680 rumque
296 1635 451 1669 saltuum
474 1644 538 1669 nos
563 1634 807 1678 possessiones
834 1634 952 1668 animo
975 1633 1151 1675 retinere,
1178 1631 1216 1666 id

123 1680 276 1725 exempli
311 1680 446 1714 causa2
486 1679 594 1714 didici
632 1678 827 1714 Proculum
868 1679 1003 1714 dicere:
1049 1688 1132 1713 nam
1172 1687 1216 1712 ex

123 1725 288 1761 omnibus
311 1724 486 1770 praediis,
514 1735 560 1759 ex
584 1724 712 1768 quibus
737 1734 810 1759 non
833 1724 903 1759 hac
926 1726 1046 1759 mente
1069 1722 1214 1758 recede—

123 1782 219 1813 mus,
252 1774 294 1805 ut
318 1769 498 1805 omississe
521 1769 783 1814 possessionem
806 1769 995 1813 vellemus,
1028 1768 1123 1803 idem
1148 1772 1212 1803 est.

123 1820 166 1851 26
213 1816 319 1860 Eum,
345 1815 405 1860 qui
425 1825 539 1859 neque
560 1815 678 1849 animo
694 1825 810 1859 neque
827 1825 979 1860 corpore
994 1813 1214 1859 possidebat,

123 1861 258 1906 ingredi
282 1865 403 1896 autem
427 1864 462 1895 et
484 1860 642 1905 incipere
665 1860 850 1905 possidere
872 1860 1118 1905 prohibeatur,
1143 1870 1216 1894 non

122 1907 232 1942 videri
257 1906 434 1942 deiectum
457 1906 575 1941 verius
601 1909 672 1940 est:
705 1905 857 1940 deicitur
882 1905 975 1940 enim
999 1905 1061 1950 qui
1085 1904 1217 1939 amittit

123 1956 162 1987 27
240 1951 492 1995 ossessionem,
523 1961 596 1986 non
626 1951 686 1995 qui
717 1961 791 1986 non
815 1951 991 1995 accipitur
1002 1952 1027 1984 ³.
1076 1950 1158 1985 Vim
1182 1949 1216 1984 vi

121 2007 207 2042 repe
222 1998 295 2032 lere
317 1997 426 2032 licere
443 1996 588 2032 Cassius
610 1997 736 2032 scribit
753 1996 861 2041 idque
883 1996 940 2031 ius
964 1999 1096 2031 natura
1120 2005 1215 2030 com-

123 2047 291 2088 paratur:
325 2047 475 2087 apparet
499 2046 637 2083 autem,
661 2042 794 2086 inquit,
820 2052 865 2076 ex
888 2042 958 2077 004
983 2051 1083 2076 arma
1107 2040 1215 2075 armis

124 2091 166 2123 28
215 2088 388 2133 repellere
411 2088 530 2122 licere.
579 2087 627 2122 Vi
654 2087 838 2132 possidere
872 2097 953 2122 eum
977 2086 1216 2122 definiendum

123 2138 188 2176 est,
214 2134 275 2178 qui
294 2133 443 2178 expulso
463 2136 582 2167 vetere
599 2143 808 2177 possessore
828 2132 1044 2177 adquisitam
1061 2142 1126 2176 per
1146 2132 1216 2166 vim

123 2178 386 2224 possessionem
419 2178 557 2223 optinet
587 2181 652 2212 aut
682 2178 744 2223 qui
772 2178 809 2212 in
833 2178 903 2213 1100
926 2178 1045 2222 ipsum
1069 2180 1215 2221 aptatus

124 2229 159 2259 et
183 2228 419 2269 praeparatus
443 2224 538 2258 venit
561 2225 627 2258 ut⁵
651 2227 778 2258 contra
797 2224 911 2258 bonos
932 2233 1050 2258 mores
1069 2222 1214 2266 auxilio,

123 2281 168 2305 ne
190 2269 375 2315 prohiberi
398 2269 512 2313 possit
534 2268 734 2313 ingrediens
758 2269 795 2303 in
814 2268 1090 2313 possessionem,
1114 2267 1212 2302 facit.

124 2315 187 2351 sed
211 2315 272 2360 qui
294 2325 359 2360 per
376 2315 447 2349 vim
465 2314 729 2358 possessionem
748 2324 852 2349 suam
868 2314 1065 2357 retinuerit,
1091 2313 1215 2348 Labeo

125 2364 166 2395 29
215 2361 266 2395 ait
289 2371 361 2395 non
383 2359 419 2395 vi
441 2359 634 2404 possidere.
683 2359 782 2394 Idem
805 2360 928 2395 Labeo
953 2360 1004 2393 ait
1028 2369 1129 2400 eum,
1156 2359 1216 2402 qui

123 2410 220 2441 metu
243 2406 372 2440 turbae
396 2404 606 2449 perterritus
630 2404 776 2450 fugerit,
807 2404 865 2439 1116
889 2404 1001 2440 videri
1025 2404 1213 2439 deiectum.

125 2452 187 2487 sed
204 2451 424 2495 Pomponius
448 2450 499 2485 ait
521 2450 592 2485 vim
615 2450 690 2485 sine
716 2450 895 2495 corporali
918 2451 952 2485 vi
975 2450 1118 2485 locum⁷
1142 2460 1216 2484 non

125 2497 274 2538 habere,
312 2497 422 2540 ergoS
460 2495 569 2531 etiam
598 2505 695 2538 eum,
736 2496 796 2540 qui
827 2495 971 2540 fugatus
1003 2499 1059 2530 est
1089 2505 1214 2540 super-

125 2542 345 2577 venientibus
370 2540 599 2586 quibusdam,
633 2541 663 2576 si
691 2541 744 2576 illi
774 2540 809 2575 vi
841 2551 931 2576 occu
958 2544 1108 2575 averunt
1129 2551 1214 2585 pos-

126 2591 168 2622 30
216 2587 428 2629 sessionem,
463 2586 577 2621 videri
613 2586 648 2621 vi
684 2586 872 2621 deiectum.
961 2586 997 2620 ui
1035 2596 1058 2620 a
1090 2596 1147 2621 me
1182 2585 1216 2620 vi

124 2632 347 2678 possidebat,
379 2632 409 2667 si
438 2632 483 2666 ab
514 2631 584 2666 alio
616 2631 808 2673 deiciatur,
840 2632 952 2667 habet
974 2630 1214 2666 interdictum.

126 2682 164 2712 31
216 2677 285 2721 Qui
307 2678 342 2711 vi
366 2676 523 2712 deiectus
549 2681 621 2719 est,
652 2676 825 2721 quidquid
849 2676 969 2711 damni
993 2676 1145 2711 senserit
1170 2677 1214 2711 ob

125 2724 193 2758 hoc
209 2722 306 2768 quod
323 2722 481 2757 deiectus
497 2724 562 2764 est,
587 2723 792 2766 reciperare
806 2722 929 2757 debet:
953 2721 1106 2766 pristina
1121 2721 1214 2756 enim

126 2778 237 2803 causa
266 2767 407 2802 restitui
436 2767 556 2809 debet,
594 2777 699 2818 quam
727 2767 917 2802 habiturus
946 2771 1042 2809 erat,
1081 2767 1112 2801 si
1143 2778 1215 2802 non

126 2816 168 2848 32
214 2813 342 2847 fuisset
365 2812 535 2847 deiectus.
583 2811 621 2846 Si
643 2811 796 2854 fundus,
829 2822 852 2847 a
884 2823 954 2856 quo
986 2813 1020 2846 vi
1044 2812 1214 2856 expulsus

125 2859 207 2901 sim,
233 2858 319 2892 mihi
341 2858 530 2892 restitutus
555 2860 665 2899 esset,
692 2860 832 2893 ceterae
855 2867 939 2893 vero
963 2868 1039 2899 res,
1066 2867 1156 2902 quae
1181 2858 1215 2891 vi

126 2904 267 2938 ablatae
299 2906 399 2944 sunt,
436 2912 510 2937 non
546 2902 801 2946 restituantur,
837 2903 897 2938 hic
934 2902 1124 2937 dicendum
1161 2906 1216 2937 est

125 2948 353 2984 interdictum
384 2947 493 2982 nihilo
517 2946 633 2983 minus
657 2951 796 2991 tenere,
828 2948 913 2992 quia
941 2958 1063 2983 verum
1095 2951 1151 2983 est
1181 2948 1215 2982 vi

126 3004 205 3029 esse
239 2993 426 3029 deiectum.
474 2992 580 3037 plane
616 2993 645 3027 si
683 2993 761 3038 quis
797 2993 881 3028 velit
911 2993 956 3028 de
986 2993 1215 3038 possessione

126 3039 267 3084 quidem
290 3038 342 3073 rei
365 3037 433 3074 soli
456 3047 521 3082 per
543 3037 612 3072 hoc
635 3037 862 3073 interdictum
885 3038 1057 3083 experiri,
1091 3038 1135 3073 de
1157 3049 1213 3074 re-

125 3085 194 3120 bus
225 3095 307 3119 vero
338 3083 528 3119 mobilibus
560 3082 606 3117 ad
635 3083 873 3118 exhibendum
905 3084 1064 3127 actione,
1094 3087 1215 3128 potest

126 3130 220 3164 hoc⁹
252 3140 317 3164 suo
350 3128 498 3163 arbitrio
530 3128 682 3170 habere,
723 3132 760 3163 et
793 3129 844 3163 ita
872 3129 1033 3163 Iulianus
1071 3129 1213 3163 scribit:

126 3175 220 3210 idem
242 3174 369 3210 scribit
392 3177 427 3208 et
451 3174 481 3208 si
504 3173 583 3217 quis
607 3173 642 3207 vi
664 3173 839 3209 bonorum
862 3179 1049 3218 raptorum
1079 3174 1124 3209 de
1147 3174 1213 3208 hu-

128 3224 168 3256 33
215 3219 369 3255 iusmodi
396 3219 503 3254 rebus
534 3218 618 3253 velit
650 3219 813 3270 experiri.
866 3219 970 3264 Quod
1007 3223 1127 3254 autem
1165 3220 1215 3254 ait

126 3269 288 3311 praetor:
323 3267 495 3309 ‘quaeque
517 3263 567 3298 ibi
590 3263 740 3305 habult’,
765 3264 817 3299 sic
841 3264 1049 3309 accipimus,
1075 3268 1116 3298 ut
1139 3275 1213 3299 om-

127 3320 189 3345 nes
213 3321 271 3345 res
297 3309 556 3351 contineantur,
581 3319 654 3343 non
672 3309 788 3343 solum
806 3319 897 3353 quae
914 3310 1083 3354 propriae
1100 3309 1214 3354 ipsius

126 3355 288 3402 fuerunt,
317 3365 440 3390 verum
469 3355 576 3389 etiam
609 3354 640 3389 si
670 3364 762 3398 quae
793 3354 890 3399 apud
918 3364 999 3390 eum
1029 3354 1215 3399 depositae

127 3400 183 3435 vel
206 3400 239 3435 ei
263 3399 507 3435 commodatae
530 3399 585 3434 vel
607 3399 832 3444 pigneratae,
865 3409 1086 3444 quarumque
1109 3411 1215 3435 usum

127 3445 182 3481 vel
205 3456 310 3480 usum
332 3445 490 3480 fructum
511 3444 569 3480 vel
592 3444 793 3479 custodiam
815 3444 959 3486 habuit,
990 3446 1046 3479 vel
1068 3445 1100 3480 si
1124 3455 1215 3490 quae

129 3491 161 3526 ei
194 3490 334 3526 locatae
366 3493 466 3525 sunt:
506 3500 588 3525 00111
623 3489 717 3524 enim
746 3489 843 3524 dicat
873 3493 1020 3534 praetor
1052 3490 1214 3532 ‘habuit',

129 3539 171 3571 34
220 3535 338 3571 omnia
360 3535 451 3570 haec
474 3534 631 3570 habendi
654 3535 761 3569 verbo
789 3535 1025 3570 continentur.
1074 3535 1216 3570 Rectis-

130 3652 168 3693 (1)
193 3651 222 3683 si
240 3651 314 3692 quis
330 3651 431 3692 neget
507 3648 699 3689 defendere,
719 3650 831 3681 tamen
847 3660 909 3681 scr.
1004 3649 1046 3691 (2)
1072 3648 1141 3682 dici
1153 3651 1212 3682 ins.

129 3698 172 3737 (3)
197 3696 319 3738 accipit
332 3694 384 3729 F2
392 3693 404 3716 ’ἶ
516 3696 559 3734 (4)
584 3693 674 3735 (10οᾱ
685 3694 723 3725 111
734 3692 915 3725 interdicto
928 3692 968 3726 de
979 3693 1014 3725 vi
1025 3696 1153 3726 armata
1163 3704 1214 3726 re-

130 3743 262 3783 ceptum
274 3742 323 3772 est
333 3741 494 3773 similiave
506 3740 662 3780 deficiunt
742 3739 784 3779 (5)
810 3739 843 3770 et
855 3750 918 3771 scr.
1000 3740 1045 3780 (6)
1069 3739 1103 3770 vi
1116 3752 1174 3772 om.
1190 3739 1225 3771 F

132 3787 172 3822 (ἵ)
197 3785 319 3827 1000111]
333 3795 408 3818 cum
424 3783 494 3817 ΡΜ
553 3786 596 3825 (8)
621 3785 668 3817 sic
680 3796 742 3816 sec.
757 3784 802 3823 Β,
815 3794 877 3823 ego
889 3784 923 3816 F
971 3785 1015 3824 (9)
1039 3784 1075 3815 111
1089 3786 1150 3817 ins.
1165 3782 1216 3815 F2

1204 145 1287 194 689

2054 154 2289 196 XXXXIII
2324 157 2374 196 16

1283 272 1369 307 sime
1394 275 1514 307 autem
1538 274 1684 316 praetor
1708 273 1844 307 addidit
1873 278 1968 309 ‘tunc
1991 275 2043 310 ibi
2066 275 2215 310 habuit’.
2263 278 2372 310 ‘tunc'

1283 318 1335 352 sic
1367 317 1563 362 accipimus
1595 318 1686 350 ‘cum
1718 317 1949 354 deiceretur':
1983 324 2018 355 et
2048 320 2126 356 ideo
2161 325 2196 356 et
2225 321 2256 356 si
2288 321 2374 366 quid

1282 366 1409 407 postea
1434 362 1539 398 desiit
1561 361 1633 396 illic
1657 372 1751 404 esse,
1784 364 1971 400 dicendum
1995 366 2063 400 erit
2086 367 2123 400 in
2146 366 2374 401 interdictum

1282 408 1412 443 venire.
1462 408 1514 443 sic
1545 407 1604 449 fit,
1638 411 1697 449 ut,
1731 408 1869 443 etiamsi
1897 410 2055 446 homines
2081 412 2133 445 vel
2158 422 2289 456 pecora
2313 411 2373 446 de-

1281 457 1424 488 mortua
1449 454 1520 488 sint
1541 455 1626 497 post
1649 451 1903 496 deiectionem,
1934 456 2123 492 interdicto
2148 457 2250 492 locus
2274 457 2321 492 sit
2335 459 2372 491 ¹⁰.

1283 502 1324 532 :35
1373 498 1539 543 Denique
1571 498 1696 533 scribit
1719 497 1879 533 Iulianus
1910 510 2006 543 eum,
2037 502 2098 545 qui
2121 502 2155 536 vi
2179 502 2308 537 deiecit
2331 512 2374 535 ex

1282 554 1323 578 00
1349 543 1516 588 praedio,
1548 543 1586 577 in
1618 553 1688 587 quo
1721 543 1881 578 homines
1913 545 2072 588 fuerant,
2107 548 2255 591 propius
2286 557 2373 589 0000,

1282 594 1322 622 01
1354 589 1460 623 etiam
1490 589 1568 624 sine
1602 588 1708 633 culpa
1745 588 1821 623 eius
1851 591 2000 624 mortuis
2032 592 2234 628 hominibus
2267 592 2373 627 aesti-

1281 634 1474 669 mationem
1510 644 1634 669 eorum
1664 643 1729 678 per
1758 634 1985 669 interdictum
2015 636 2202 672 restituere
2234 637 2373 679 debeat,

1282 680 1388 714 sicuti
1420 679 1479 714 fur
1511 679 1663 714 hominis
1699 679 1806 714 etiam
1842 683 1982 714 mortuo
2016 692 2057 715 00
2088 685 2241 717 tenetur.
2290 683 2374 717 huic

1283 735 1504 769 consequens
1529 735 1608 760 esse
1632 725 1700 766 ait,
1734 728 1775 758 ut
1804 724 1908 759 villae
1933 736 2072 769 quoque
2097 730 2131 761 et
2155 728 2295 762 aedium
2318 728 2372 762 in-

1282 770 1409 805 cendio
1428 773 1722 815 consumptarum
1739 770 1894 814 pretium
1913 770 2099 806 restituere
2121 777 2287 817 cogatur:
2313 773 2375 807 ubi

1282 815 1375 850 enim
1400 816 1496 859 quis,
1528 815 1662 860 inquit,
1695 815 1841 858 deiecit,
1865 825 1931 860 per
1954 826 2036 850 eum
2059 817 2199 852 stetisse
2222 818 2374 859 videtur,

1283 864 1325 896 36
1374 871 1445 905 quo
1470 860 1587 895 minus
1612 860 1828 895 restitueret.
1869 860 2007 895 Idcirco
2028 865 2192 897 constare
2213 863 2264 897 ait
2283 873 2375 905 eum,

1282 906 1343 951 qui
1372 905 1406 940 vi
1438 905 1566 941 deiecit
1598 906 1729 951 quique
1759 906 1832 940 vi¹¹
1869 906 1946 941 sine
1984 906 2065 941 dolo
2105 908 2200 943 malo
2234 908 2376 943 desierit

1283 955 1322 986 37
1373 951 1569 996 possidere,
1590 951 1782 986 interdicto
1805 952 1931 986 teneri.
1970 951 2045 986 ‘Ibi‘
2066 956 2185 987 autem
2204 953 2254 987 ait
2271 964 2375 997 prae-

1283 1001 1351 1040 tor,
1376 1000 1418 1031 ut
1441 1007 1485 1031 ne
1511 997 1589 1041 quis
1615 1000 1650 1031 et
1675 1007 1766 1041 quae
1789 996 1862 1031 illic
1887 1007 1960 1031 non
1983 997 2126 1041 habuit,
2161 998 2375 1042 complecta-

1284 1045 1325 1077 38
1373 1046 1444 1076 tur.
1488 1042 1582 1076 Sane
1607 1042 1703 1086 quod
1727 1043 1777 1076 ait
1800 1046 1948 1086 praetor
1971 1042 2056 1084 ‘ibi',
2082 1043 2257 1087 quomodo
2283 1044 2375 1078 acci-

1283 1088 1426 1132 pimus?
1458 1091 1579 1122 utrum
1602 1088 1640 1121 in
1664 1097 1706 1122 eo
1731 1087 1823 1129 loco,
1848 1087 1943 1122 unde
1969 1087 2048 1132 quis
2071 1088 2105 1121 vi
2129 1088 2287 1123 deiectus
2312 1092 2376 1130 est,

1284 1144 1330 1167 an
1353 1144 1435 1168 vero
1461 1133 1498 1167 in
1523 1133 1618 1168 omni
1641 1132 1895 1177 possessione?
1934 1136 1970 1167 et
1993 1133 2119 1168 melius
2145 1133 2283 1168 dicetur
2306 1145 2378 1168 non

1284 1179 1330 1213 ad
1361 1179 1532 1223 angulum
1563 1178 1791 1213 referendum
1822 1178 1878 1213 vel
1909 1178 2046 1221 locum,
2084 1178 2122 1212 in
2155 1189 2225 1223 quo
2260 1179 2376 1221 fuerit,

1283 1235 1405 1258 verum
1427 1223 1535 1258 etiam
1556 1223 1603 1258 ad
1621 1234 1760 1258 omnem
1778 1227 1919 1268 partem
1939 1223 2187 1268 possessionis,
2213 1234 2282 1268 qua
2300 1225 2378 1268 quis

1285 1273 1326 1304 39
1374 1269 1508 1311 caruit,
1540 1280 1621 1304 cum
1652 1269 1815 1304 deicitur.
1862 1270 1990 1303 Annus
2021 1268 2059 1303 in
2089 1269 2158 1304 1100
2188 1269 2378 1304 interdicto

1284 1318 1326 1349 40
1375 1315 1473 1350 011110
1499 1318 1566 1349 est.
1613 1314 1671 1348 Ex
1696 1314 1768 1358 die,
1795 1325 1864 1358 quo
1889 1314 1968 1358 quis
1994 1313 2154 1349 deiectus
2180 1318 2251 1358 est,
2281 1314 2377 1349 fruc-

1283 1363 1384 1394 tuum
1408 1360 1501 1395 ratio
1526 1360 1692 1402 habetur,
1717 1360 1876 1404 quamvis
1901 1360 1938 1393 in
1963 1359 2091 1394 ceteris
2115 1359 2313 1394 interdictis
2335 1370 2380 1394 ex

1285 1417 1355 1450 quo
1380 1405 1477 1440 edita
1501 1409 1595 1446 sunt,
1621 1416 1694 1439 non
1717 1410 1827 1447 retro,
1854 1408 2119 1449 computantur.
2156 1405 2249 1440 idem
2270 1409 2324 1440 est
2345 1409 2380 1440 et

1283 1451 1321 1485 in
1344 1451 1452 1485 rebus
1476 1450 1681 1492 mobilibus,
1708 1460 1800 1495 quae
1823 1450 1874 1485 ibi
1898 1455 2020 1485 erant:
2050 1460 2133 1484 nam
2158 1454 2194 1485 et
2217 1460 2339 1485 earum
2352 1451 2380 1470 ¹²

1284 1496 1424 1531 fructus
1451 1495 1682 1540 computandi
1706 1499 1799 1538 sunt,
1826 1506 1870 1530 ex
1890 1506 1961 1540 quo
1983 1495 2062 1540 quis
2082 1495 2117 1530 vi
2135 1495 2293 1531 deiectus
2313 1500 2377 1531 est.

1285 1546 1325 1576 41
1375 1541 1459 1577 Non
1489 1542 1603 1576 solum
1635 1544 1755 1576 autem
1786 1541 1967 1575 fructuum
2000 1540 2092 1576 ratio
2116 1541 2154 1575 in
2176 1542 2245 1576 hoc
2269 1541 2378 1575 inter-

1285 1587 1381 1622 dicto
1419 1587 1591 1630 habetur,
1631 1597 1754 1621 verum
1793 1590 1992 1621 ceterarum
2031 1587 2138 1621 etiam
2173 1586 2380 1621 utilitatium

1284 1633 1449 1668 habenda
1473 1636 1546 1667 est:
1580 1642 1664 1666 nam
1696 1636 1731 1666 et
1757 1632 1925 1666 Vivianus
1958 1631 2069 1666 refert
2099 1632 2137 1666 in
2169 1632 2238 1667 hoc
2269 1632 2377 1667 inter-

1286 1678 1379 1713 dicto
1405 1678 1543 1720 omnia,
1577 1687 1820 1722 quaecumque
1850 1677 2040 1712 habiturus
2064 1678 2120 1711 vel
2143 1677 2379 1712 adsecuturus

1285 1727 1363 1758 erat
1394 1723 1426 1758 is
1461 1723 1522 1767 qui
1553 1722 1715 1758 deiectus
1748 1726 1818 1766 est,
1853 1723 1884 1757 si
1914 1722 1949 1757 vi
1980 1722 2137 1757 deiectus
2169 1733 2242 1757 non
2275 1726 2378 1765 esset,

1285 1769 1425 1804 restitui
1449 1772 1513 1803 aut
1537 1778 1661 1803 eorum
1675 1770 1702 1789 ¹³
1734 1768 1831 1803 litem
1859 1778 1881 1802 a
1903 1767 2022 1802 iudice
2046 1767 2226 1803 aestimari
2250 1768 2380 1803 debere

1286 1824 1436 1859 eumque
1460 1817 1601 1848 tantum
1626 1817 1920 1855 consecuturum,
1953 1813 2079 1858 quanti
2103 1823 2169 1848 sua
2192 1813 2380 1848 interesset

1287 1863 1327 1894 42
1377 1870 1415 1895 se
1446 1859 1481 1893 vi
1513 1859 1691 1894 deiectum
1726 1870 1799 1894 non
1830 1869 1921 1893 esse.
1975 1858 2034 1893 Ex
2062 1858 2251 1893 interdicto
2285 1858 2379 1893 unde

1285 1906 1319 1939 vi
1350 1905 1457 1939 etiam
1487 1904 1537 1946 is,
1578 1905 1640 1949 qui
1678 1915 1751 1939 non
1783 1903 1962 1949 possidet,
2000 1904 2190 1939 restituere
2222 1907 2377 1948 cogetur.

1286 1954 1328 1986 43
1376 1949 1612 1986 Interdictum
1636 1950 1705 1985 1100
1730 1949 1814 1994 quia
1838 1949 2066 1984 atrocitatem
2090 1948 2259 1984 facinoris
2283 1950 2320 1984 in
2342 1959 2379 1984 se

1285 1997 1411 2038 habet,
1452 1995 1655 2041 quaesitum
1686 1998 1759 2036 est,
1793 2005 1840 2029 an
1871 1994 2000 2030 liberto
2032 1995 2071 2029 in
2102 1998 2293 2039 patronum
2324 1994 2380 2028 vel

1285 2041 1405 2076 liberis
1430 2042 1602 2075 adversus
1626 2045 1794 2085 parentes
1821 2040 2002 2085 competit.
2040 2043 2075 2074 et
2098 2040 2215 2075 verius
2240 2043 2293 2075 est
2312 2050 2378 2074 1100

1285 2087 1415 2122 liberto
1447 2086 1484 2120 in
1515 2089 1707 2131 patronum
1736 2096 1802 2120 nec
1825 2086 1863 2119 in
1886 2089 2053 2130 parentes
2078 2085 2199 2120 liberis
2224 2085 2379 2120 dandum

1287 2142 1366 2167 esse
1399 2131 1597 2176 meliusque
1631 2131 1698 2166 erit
1727 2131 1765 2165 in
1794 2130 1931 2165 factum
1955 2131 2132 2165 actionem
2156 2130 2213 2165 his
2238 2141 2378 2174 compe-

1284 2181 1372 2213 tere.
1421 2177 1524 2212 aliter
1555 2180 1664 2221 atque
1696 2176 1726 2211 si
1755 2176 1790 2210 vi
1821 2179 1961 2211 armata
1998 2187 2086 2211 usus
2126 2176 2173 2211 sit
2209 2176 2378 2210 adversus

1285 2223 1451 2257 libertum
1474 2225 1649 2266 patronus
1674 2222 1730 2256 vel
1754 2221 1925 2256 adversus
1952 2221 2084 2256 liberos
2114 2231 2262 2265 parens:
2297 2231 2378 2255 nam

1285 2271 1328 2303 44
1376 2268 1435 2303 1110
1464 2267 1693 2302 interdictum
1726 2267 1904 2311 competit.
1961 2266 2041 2301 Hoc
2079 2266 2307 2301 interdictum
2344 2270 2378 2300 et

1285 2317 1327 2348 45
1376 2312 1499 2348 heredi
1533 2316 1568 2347 et
1601 2312 1728 2348 ceteris
1761 2311 2030 2347 successoribus
2064 2311 2244 2356 competit.
2296 2312 2377 2345 Non

1285 2358 1347 2393 alii
1371 2362 1501 2402 autem,
1527 2368 1634 2403 quam
1658 2358 1690 2392 ei
1714 2358 1773 2402 qui
1795 2357 1957 2402 possidet
1970 2358 2007 2400 ¹⁴,
2032 2357 2260 2392 interdictum
2284 2357 2377 2391 unde

1285 2404 1318 2439 vi
1343 2407 1545 2449 competere
1569 2407 1816 2448 argumentum
1839 2403 1999 2447 praebet,
2026 2402 2122 2447 quod
2145 2402 2241 2446 apud
2256 2401 2375 2437 Vivia-

1284 2461 1370 2484 num
1394 2450 1547 2484 relatum
1572 2453 1644 2493 est,
1669 2449 1700 2484 si
1725 2448 1803 2493 quis
1827 2459 1883 2483 me
1908 2448 1940 2482 vi
1964 2447 2150 2489 deiecerit,
2183 2457 2279 2481 meos
2304 2458 2376 2481 non

1286 2495 1464 2537 deiecerit,
1490 2505 1564 2529 non
1587 2504 1695 2539 posse
1719 2504 1775 2528 me
1799 2494 1867 2528 hoc
1891 2493 2080 2527 interdicto
2106 2492 2267 2537 experiri,
2293 2492 2377 2536 quia

1285 2551 1349 2585 per
1373 2551 1434 2575 eos
1458 2540 1596 2575 retineo
1621 2539 1901 2584 possessionem,
1936 2538 1997 2583 qui
2027 2538 2156 2573 deiecti
2184 2548 2255 2572 non
2280 2541 2373 2571 sunt.

1285 2589 1328 2621 46
1376 2585 1475 2620 Idem
1491 2585 1664 2620 Vivianus
1681 2584 1811 2620 refert:
1838 2594 1959 2619 servos
1984 2583 2157 2628 quosdam
2175 2582 2210 2617 vi
2228 2582 2374 2626 depulit,

1285 2631 1374 2666 alios
1397 2630 1544 2665 retinuit
1567 2634 1602 2665 et
1624 2629 1738 2665 vinxit
1761 2632 1825 2664 aut
1848 2629 1956 2664 etiam
1980 2629 2030 2664 eis
2054 2628 2258 2672 imperavit:
2284 2628 2318 2661 vi
2340 2631 2376 2662 te

1286 2677 1460 2711 deiectum
1484 2675 1661 2720 intellegi:
1688 2675 1822 2710 desisse
1846 2675 1939 2709 enim
1962 2673 2157 2719 possidere,
2183 2684 2264 2708 cum
2285 2673 2376 2708 servi

1285 2722 1331 2757 ab
1361 2722 1432 2757 alio
1464 2721 1729 2766 possideantur.
1785 2724 1821 2755 et
1857 2719 1952 2763 quod
1986 2720 2023 2753 in
2059 2722 2162 2763 parte
2194 2728 2375 2753 servorum

1286 2767 1421 2802 dictum
1445 2771 1517 2808 est,
1541 2766 1635 2802 idem
1658 2766 1696 2800 in
1721 2765 1884 2801 omnibus
1908 2764 1979 2799 dici
2002 2764 2067 2807 ait,
2100 2765 2130 2798 si
2153 2763 2247 2798 forte
2272 2773 2374 2797 nemo

1285 2813 1456 2857 depulsus
1481 2816 1592 2854 esset,
1627 2811 1689 2846 sed
1721 2810 1896 2856 possideri
1926 2811 1972 2844 ab
1998 2820 2040 2845 eo
2066 2819 2128 2844 coe
2154 2809 2282 2851 issent,
2316 2808 2375 2852 qui

1285 2862 1325 2892 47
1374 2858 1555 2903 ingressus
1590 2858 1627 2891 in
1662 2856 1926 2901 possessionem
1962 2858 2067 2890 esset.
2122 2820 2215 2898 guid
2247 2853 2374 2888 dicturi

1286 2913 1461 2945 essemus,
1495 2906 1647 2944 tractat,
1681 2902 1712 2936 si
1736 2902 1853 2945 aliquo
1877 2900 2082 2944 possidente
2106 2910 2169 2943 ego
2195 2908 2334 2943 quoque
2349 2899 2375 2918 ¹⁵

1284 2950 1464 2993 ingressus
1497 2959 1574 2983 sum
1606 2948 1644 2982 in
1673 2946 1938 2991 possessionem
1962 2949 1998 2980 et
2022 2956 2094 2980 non
2117 2944 2267 2978 deiciam
2290 2953 2371 2986 pos-

1284 3004 1471 3035 sessorem,
1499 2993 1563 3028 sed
1586 2993 1744 3027 vinctum
1770 3002 1859 3036 opus
1884 2990 2005 3025 facere
2030 3000 2171 3034 cogam:
2198 2991 2372 3033 quatenus

1284 3050 1358 3083 res,
1389 3038 1521 3083 inquit,
1548 3038 1666 3072 esset?
1698 3047 1761 3081 ego
1788 3036 1905 3071 verius
1929 3040 2016 3080 puto
2042 3045 2121 3070 eum
2147 3043 2286 3077 quoque
2311 3032 2370 3066 de-

1284 3087 1327 3118 48
1375 3084 1509 3119 iectum
1540 3082 1668 3124 videri,
1702 3081 1762 3127 qui
1793 3082 1866 3116 illic
1896 3081 2035 3115 vinctus
2068 3083 2131 3114 est.
2181 3078 2238 3112 Ex
2263 3086 2372 3111 causa

1284 3129 1390 3164 huius
1420 3128 1602 3163 interdicti
1624 3128 1662 3162 in
1684 3127 1851 3162 heredem
1874 3130 1910 3161 et
1935 3126 2107 3161 bonorum
2129 3131 2371 3174 possessorem

1285 3179 1493 3218 ceterosque
1525 3183 1753 3208 successores
1782 3172 1822 3207 in
1850 3171 1985 3206 factum
2016 3169 2110 3205 actio
2143 3170 2311 3212 competit
2332 3177 2370 3201 111

1283 3220 1320 3254 1(1
1345 3219 1440 3263 quod
1464 3218 1511 3252 ad
1534 3228 1596 3253 eos
1619 3217 1781 3263 pervenit

1330 3262 1355 3300 2
1387 3263 1443 3298 ΡΑ
1453 3273 1547 3298 ULUS
1575 3263 1666 3298 libro
1697 3263 1951 3308 seoeaqensz'mo
1982 3260 2107 3311 quinto
2139 3257 2188 3292 ad
2217 3257 2367 3308 edic-tum

1284 3309 1410 3344 dolove
1434 3309 1527 3343 malo
1552 3318 1675 3343 eorum
1694 3307 1830 3343 factum
1851 3310 1913 3349 est,
1940 3316 2009 3350 quo
2027 3313 2141 3338 1111000
2157 3304 2366 3347 pervemret.

1330 3353 1353 3391 3
1389 3353 1583 3388 ULPIANUS
1611 3353 1702 3388 libro
1732 3352 1984 3398 sexaqensz'mo
2011 3359 2105 3383 nono
2137 3347 2186 3381 ad
2215 3347 2369 3381 edictum

1284 3398 1388 3443 Quod
1411 3403 1466 3433 est
1490 3402 1526 3433 et
1548 3398 1580 3433 si
1603 3398 1683 3443 quis
1707 3398 1814 3432 armis
1839 3396 1994 3431 deiectus
2018 3396 2080 3435 est,
2107 3391 2189 3437 quia
2212 3401 2256 3425 ex
2279 3390 2368 3425 faci-

1284 3444 1431 3479 noribus
1457 3443 1707 3478 defunctorum
1731 3443 1774 3477 de
1799 3453 1859 3483 eo,
1894 3438 1988 3484 quod
2017 3437 2063 3489 ad
2091 3436 2257 3472 heredem
2286 3446 2368 3487 110τῖ

1283 3489 1391 3531 venit,
1416 3489 1510 3523 actio
1532 3488 1655 3523 datur:
1682 3487 1816 3523 sufficit
1839 3485 1931 3520 enim
1955 3494 2027 3518 non
2050 3493 2087 3517 in
2111 3483 2210 3532 lucro
2235 3490 2369 3515 versari

1287 3538 1302 3568 1
1353 3544 1433 3569 eum
1456 3534 1642 3575 heredem,
1675 3544 1747 3568 non
1771 3532 1877 3566 etiam
1901 3529 2067 3563 damnum
2092 3527 2221 3561 sub1re.
2269 3526 2369 3560 Haec

1284 3649 1343 3689 (10)
1369 3646 1416 3678 sic
1429 3648 1463 3680 F
1517 3650 1570 3688 (11)
1597 3646 1721 3688 quique
1734 3644 1777 3685 vi]
1792 3646 1863 3675 tum
1875 3651 2017 3683 quoque,
2029 3639 2089 3672 ubi
2100 3651 2161 3672 scr.
2229 3640 2287 3680 (η)
2313 3650 2367 3672 eo-

1283 3703 1358 3724 rum
1378 3692 1412 3724 F
1518 3693 1578 3733 (13)
1602 3691 1736 3723 nomine
1757 3690 1817 3721 ins.
1927 3687 1982 3726 (1⁴)
2008 3684 2164 3727 possidet]
2185 3687 2233 3717 sic
2253 3684 2366 3717 F‘cum

1287 3738 1424 3771 Graecis
1434 3750 1445 3769 :
1467 3737 1635 3779 possidere
1649 3734 1746 3766 desiit
1757 3745 1819 3765 scr.
1913 3732 1970 3772 (15)
1997 3739 2129 3771 quoque
2143 3730 2202 3762 del.

2052 3831 2092 3865 87
