2528 3918
206 135 287 178 XX
318 137 400 178 3.4

699 256 791 297 111¹.

204 326 327 364 QUAE
359 324 443 357 RES
475 322 664 355 PIGNORI
688 322 780 355 VEL
805 319 1111 356 HYPUTHEGAE
1137 318 1285 351 DATAE

458 367 675 401 OBLIGARI
698 367 792 400 NON
816 365 1018 400 POSSUNT

253 435 270 473 1
299 434 536 471 Mammas
563 433 653 469 libro
676 432 862 480 sinqulare'
882 431 931 467 ad
951 431 1150 478 formulam
1173 429 1223 476 hy
1250 441 1287 464 o-

205 481 398 517 thecarz'am
444 478 605 524 Pupillus
628 478 705 514 sine
727 477 856 514 tutoris
879 476 1094 512 auctoritate
1112 475 1207 521 hypo
1249 485 1287 527 ,e-

208 530 221 561 1
273 536 352 561 cam
385 524 470 560 dare
501 534 574 560 non
622 527 725 560 otest.
774 522 812 558 Si
835 522 929 558 filius
952 521 1105 557 familias
1153 531 1192 555 ro
1217 520 1287 555 aho

203 581 277 607 rem
301 569 517 615 peculiarem
540 568 586 605 ob
637 569 748 605 averit
770 568 826 604 vel
849 578 989 610 servus,
1021 566 1125 618 dicen
1148 576 1210 617 um
1235 568 1290 600 est

204 626 282 651 eam
306 625 379 650 non
402 614 532 657 teneri,
556 614 639 650 licet
660 614 807 650 liberam
831 612 961 658 peculii
984 622 1040 647 sui
1063 610 1288 662 admimstra-

203 662 336 697 tionem
371 660 546 695 habeant:
583 659 676 695 sicut
709 670 776 694 nec
811 658 945 693 donare
977 656 1028 693 eis
1061 655 1287 692 conceditur:

203 717 276 742 non
307 705 400 742 enim
430 714 684 750 usquequaque
714 704 848 739 habent
881 702 1030 738 liberam
1065 700 1288 736 administra-

203 752 346 787 tionem.
381 749 471 786 facti
493 753 613 785 tamen
637 753 691 785 est
714 749 885 794 quaestio,
911 747 941 783 si
964 750 1176 792 quaeratur,
1200 756 1288 791 quo-

206 806 316 842 usque
340 795 390 832 eis
413 795 622 841 permissum
645 794 806 830 videatur
828 793 1006 839 peculium
1029 791 1287 844 administrare.

204 845 224 877 2
270 841 363 876 Eam
383 851 469 883 rem,
489 850 595 886 quam
614 840 692 885 quis
712 849 827 875 emere
847 849 919 874 non
937 840 1067 883 potest,
1089 847 1172 882 quia
1193 847 1287 872 com-

204 886 373 922 mercium
407 886 482 921 eius
513 896 586 922 non
618 889 691 927 est,
725 885 803 920 iure
836 883 873 929 pi
921 883 993 918 oris
1024 883 1187 928 accipere
1216 892 1289 917 non

203 936 340 978 potest,
370 934 412 967 ut
442 930 542 966 divus
573 931 658 966 Pius
691 929 838 965 Claudio
896 927 1061 964 aturnino
1092 927 1287 972 rescripsit.

205 977 289 1023 quid
313 987 414 1022 ergo,
446 976 477 1012 si
499 975 683 1021 praedium
707 974 785 1020 quis
809 974 1000 1019 litigiosum
1023 972 1163 1018 pignori
1185 982 1287 1008 acce-

204 1023 306 1068 perit,
331 1032 378 1057 an
402 1021 610 1066 exceptione
634 1018 906 1055 summovendus
930 1018 1000 1054 sit?
1031 1022 1066 1053 et
1087 1017 1288 1053 Octavenus

204 1067 356 1114 putabat
386 1067 493 1102 etiam
523 1066 561 1101 in
583 1066 788 1111 pignoribus
811 1064 930 1100 locum
952 1063 1085 1099 habere
1109 1062 1287 1108 exceptio-

204 1123 303 1148 nem:
329 1111 423 1158 quod
440 1112 491 1147 ait
506 1110 676 1146 Scaevola
690 1110 781 1146 libro
804 1109 910 1145 tertio
934 1108 1137 1144 variarum2
1161 1118 1288 1153 quaes-

204 1158 339 1193 tionum
370 1156 582 1202 procedere,
618 1161 659 1191 ut
688 1156 726 1191 in
756 1155 863 1191 rebus
902 1153 1092 1190 mobilibus
1126 1153 1288 1198 exceptio

204 1204 322 1239 locum
345 1202 485 1237 habeat.

250 1245 275 1284 2
303 1247 425 1284 GAlUs
453 1247 542 1282 libro
573 1245 756 1292 sinqulari
776 1245 820 1281 de
842 1243 1006 1291 formula
1029 1241 1077 1290 hy
1105 1241 1289 1279 otheoaria

205 1293 242 1328 Si
273 1293 363 1328 alius
395 1303 460 1337 pro
492 1291 638 1326 muliere
668 1301 759 1336 quae
788 1289 990 1326 intercessit
1020 1288 1063 1324 de
1089 1288 1155 1323 erit
1176 1288 1288 1333 hypo-

204 1339 356 1380 thecam,
381 1342 444 1372 aut
462 1347 527 1381 pro
548 1335 619 1372 filio
639 1335 792 1371 familias
813 1334 871 1371 cui
890 1338 1018 1371 contra
1038 1337 1182 1369 senatus
1204 1343 1288 1385 con-

205 1384 336 1419 sultum
360 1382 532 1418 creditum
556 1385 629 1424 est,
663 1391 710 1416 an
733 1380 788 1416 his
820 1379 1061 1422 succurritur,
1094 1382 1288 1424 quaeritur.

204 1432 240 1463 et
262 1428 300 1463 in
323 1438 364 1463 eo
389 1427 540 1472 quidem,
565 1426 626 1471 qui
647 1437 713 1472 pro
733 1425 879 1461 muliere
897 1424 1064 1469 obligavit
1082 1434 1157 1459 rem
1177 1433 1288 1467 suam,

204 1473 343 1509 facilius
367 1472 505 1508 dicetur
537 1471 700 1507 succurri
732 1471 783 1514 ei,
813 1470 920 1507 sicuti
950 1469 1153 1505 fideiussori
1182 1469 1289 1504 huius

204 1518 361 1553 mulieris
385 1517 508 1553 eadem
532 1517 637 1552 datur
661 1516 834 1562 exceptio.
871 1515 934 1551 sed
953 1519 988 1551 et
1007 1515 1045 1550 in
1066 1524 1119 1558 eo,
1144 1514 1205 1560 qui
1222 1525 1288 1560 pro

205 1563 276 1599 filio
289 1562 441 1598 familias
453 1572 527 1597 rem
539 1572 641 1597 suam
660 1561 840 1606 obligavit,
862 1561 985 1596 eadem
1004 1559 1155 1596 dicenda
1174 1562 1289 1603 erunt,

205 1619 295 1654 quae
318 1611 520 1643 tractantur
543 1610 579 1643 et
601 1606 639 1642 in
661 1606 870 1643 fideiussore
894 1606 980 1642 eius.

250 1651 274 1690 3
300 1653 357 1688 ΡΛ
365 1662 459 1688 ποτε
486 1652 576 1688 libro
609 1653 713 1688 tertio
737 1652 986 1698 quaestionum
1031 1650 1152 1686 Aristo
1175 1649 1290 1686 Nera-

204 1699 254 1734 tio
286 1698 408 1734 Prisco
439 1697 602 1749 scripsit:
639 1696 776 1733 etiamsi
808 1697 860 1732 ita
891 1699 1117 1732 contractum
1151 1695 1215 1738 sit,
1249 1699 1291 1730 ut

205 1742 418 1779 antecedens
442 1742 695 1785 dimitteretur,
729 1752 801 1778 non
833 1742 960 1777 aliter³
982 1740 1020 1776 in
1052 1740 1108 1776 ius
1131 1740 1288 1786 pignoris

205 1788 391 1832 succedet,
427 1787 496 1824 nisi
527 1787 749 1830 convenerit,
785 1790 826 1822 ut
855 1787 924 1823 sibi
955 1785 1078 1821 eadem
1107 1796 1165 1821 res
1197 1789 1291 1821 esset

205 1834 380 1886 obligata:
413 1843 458 1868 ne
482 1843 528 1868 ue
559 1833 653 1868 enim
683 1832 721 1867 in
750 1832 806 1867 ius
829 1831 935 1877 primi
957 1830 1150 1867 succedere
1173 1830 1288 1874 debet,

205 1879 265 1924 qui
287 1888 365 1924 ipse
386 1844 482 1914 mhi?
505 1877 671 1914 convenit
701 1877 745 1913 de
775 1877 940 1923 pignore:
973 1887 1042 1922 quo
1074 1886 1161 1912 casu
1191 1886 1289 1922 emp-

204 1924 292 1960 toris
331 1934 442 1959 causa
473 1923 597 1959 melior
629 1921 814 1958 efficietur.
863 1921 1014 1967 denique
1046 1921 1077 1957 si
1112 1921 1291 1966 antiquior

208 1968 360 2006 creditor
390 1968 435 2004 de
464 1968 611 2013 pignore
640 1967 824 2003 vendendo
857 1977 937 2002 cum
961 1966 1122 2002 debitore
1144 1970 1291 2011 pactum

204 2013 436 2066 interposuit,
467 2012 642 2058 posterior
673 2016 792 2048 autem
817 2011 970 2047 creditor
993 2011 1036 2047 de
1060 2011 1289 2047 distrahendo

205 2059 322 2095 omisit
345 2069 417 2094 non
439 2068 504 2104 per
527 2057 749 2099 oblivionem,
773 2056 836 2093 sed
857 2067 938 2092 cum
957 2057 1027 2092 hoc
1048 2060 1221 2101 ageretur,
1245 2067 1291 2092 ne

204 2108 327 2150 posset
349 2103 518 2145 vendere,
549 2102 749 2145 videamus,
785 2112 832 2137 an
855 2102 925 2137 dici
973 2102 1062 2138 ossit
1083 2103 1154 2137 huc
1177 2112 1291 2147 usque

205 2149 357 2185 transire
375 2148 421 2184 ad
441 2159 520 2184 eum
539 2148 595 2184 ius
613 2148 753 2193 prioris,
778 2152 819 2183 ut
843 2146 932 2183 distr
981 2157 1039 2183 ere
1062 2147 1188 2193 pignus
1206 2147 1291 2182 huic

205 2195 322 2231 liceat.
359 2193 453 2239 quod
474 2193 731 2229 admittendum
753 2193 931 2228 existimo:
956 2202 1064 2237 saepe
1083 2192 1175 2228 enim
1194 2192 1290 2238 quod

207 2239 284 2285 quis
309 2250 351 2275 ex
375 2249 441 2275 sua
463 2248 618 2284 persona
641 2249 712 2274 non
735 2238 863 2281 habet,
893 2237 964 2273 hoc
994 2248 1059 2283 per
1082 2240 1289 2273 extraneum

205 2285 362 2321 habere⁴
385 2287 513 2330 potest.

251 2328 277 2367 4
301 2329 406 2365 Imm
421 2329 511 2365 libro
531 2329 655 2375 quinto
676 2339 931 2375 responsorum
977 2328 1093 2364 Titius
1114 2338 1194 2363 cum
1213 2339 1289 2363 mu-

205 2379 304 2411 tuam
326 2374 515 2420 pecuniam
538 2373 700 2418 accipere
723 2374 828 2409 vellet
850 2383 873 2410 a
895 2373 1056 2416 Maevio,
1081 2373 1176 2408 cavit
1199 2372 1231 2408 ei
1254 2376 1290 2407 et

230 2419 378 2456 uasdam
420 2429 477 2455 res
519 2419 742 2465 hypothecae
783 2419 926 2455 nomine
959 2418 1046 2454 dare
1079 2418 1288 2454 destinavit:

206 2432 333 2501 deinde
362 2469 553 2511 postquam
584 2463 758 2510 quasdam
790 2474 834 2499 ex
856 2464 912 2500 his
935 2464 1041 2500 rebus
1065 2462 1289 2506 vendidisset,

206 2510 345 2562 accepit
366 2510 571 2555 pecuniam:
604 2509 803 2554 quaesitum
827 2513 900 2552 est,
932 2519 979 2545 an
1012 2513 1047 2544 et
1076 2508 1176 2554 prius
1207 2509 1291 2545 res⁵

205 2555 368 2591 venditae
392 2554 558 2590 creditori
579 2558 796 2590 tenerentur.
833 2554 1035 2599 respondit,
1061 2564 1143 2589 cum
1165 2554 1202 2589 in
1225 2564 1289 2599 po-

206 2604 337 2636 testate
367 2599 476 2635 fuerit
508 2599 676 2635 debitoris
706 2604 791 2645 post
822 2600 1023 2635 cautionem
1046 2598 1290 2645 interpositam

206 2645 394 2690 pecuniam
417 2656 489 2680 non
513 2645 695 2690 accipere,
727 2655 768 2680 eo
793 2648 953 2690 tempore
975 2644 1132 2690 pignoris
1156 2644 1290 2689 obliga-

205 2690 335 2725 tionem
360 2693 581 2725 contraetam
603 2689 723 2731 videri,
749 2700 818 2735 quo
842 2690 996 2735 pecunia
1018 2692 1205 2725 numerata
1225 2693 1290 2732 est,

207 2741 243 2770 et
265 2734 344 2770 ideo
367 2734 643 2780 inspiciendum,
675 2745 764 2780 quas
794 2745 851 2771 res
874 2734 911 2770 in
934 2735 1038 2771 bonis
1062 2734 1201 2771 debitor
1224 2745 1290 2769 nu-

206 2784 363 2814 meratae
386 2780 558 2825 pecuniae
581 2783 740 2825 tempore
762 2780 939 2816 habuerit.

253 2823 277 2861 5
303 2824 407 2859 lom
436 2824 526 2860 libro
582 2825 683 2860 uinto
713 2826 970 2861 sententiarum
1017 2824 1198 2868 Creditor,
1254 2825 1291 2860 ui

207 2869 335 2949 scuitens⁰
346 2868 455 2904 filium
477 2868 515 2904 fa
553 2870 559 2876 '
578 2870 629 2905 'as
653 2879 675 2904 a
698 2874 846 2915 parente
869 2869 1009 2917 pignori
1027 2870 1177 2916 accepit,
1201 2836 1290 2905 rede-

206 2923 228 2959 Β
269 2924 312 2949 ιιι·
337 2940 344 2948 .

696 3009 769 3046 1111
778 3006 803 3046 ⁷.

209 3073 286 3110 QUI
321 3072 540 3104 POTIORES
574 3073 622 3104 IN
656 3074 856 3107 PIGNORE
889 3073 980 3106 VEL
1014 3072 1291 3106 HYPOTHECA

209 3117 487 3151 HABEANTUR
511 3117 571 3149 ET
595 3118 655 3149 DE
680 3119 756 3150 HIS
782 3118 861 3155 QUI
886 3118 935 3150 IN
960 3118 1165 3151 PR10RUM
1186 3117 1289 3150 ORE·

405 3161 609 3195 DITORUM
634 3162 788 3195 LOCUM
814 3162 1092 3197 SUCCEDUNT.

257 3228 276 3266 1
304 3227 549 3264 Pramnos
569 3227 658 3263 libro
683 3232 806 3264 octavo
832 3229 1079 3275 quaestionum
1126 3228 1195 3274 Qui
1225 3228 1288 3264 do-

208 3278 280 3310 tem
302 3283 367 3319 pro
390 3272 536 3308 muliere
580 3273 725 3314 romisit,
749 3273 876 3318 pignus
896 3273 969 3309 sive
987 3273 1225 3319 hypothecam
1245 3273 1290 3308 de

208 3317 428 3355 restituenda
450 3316 518 3353 sibi
564 3321 623 3352 ote
654 3318 809 3362 accepit:
842 3318 1035 3354 subsecuta
1065 3318 1193 3354 deinde
1222 3328 1288 3363 pro

235 3368 311 3399 arte
340 3361 583 3398 numeratione
613 3362 760 3397 maritus
793 3363 940 3399 eandem
971 3373 1045 3399 rem
1068 3363 1206 3415 pignori
1229 3362 1289 3398 alii

243 3408 323 3445 Jdit:
356 3417 439 3444 mox
467 3405 630 3443 residuae
668 3408 877 3451 quantitatis
911 3412 1110 3444 numeratio
1143 3407 1289 3453 impleta

256 3524 294 3562 (ι)
320 3520 401 3555 Sub.
415 3528 438 3555 ι.
453 3527 489 3560 ²3
504 3519 590 3563 Pap.
601 3526 628 3553 s.
642 3527 668 3553 4.
683 3527 766 3553 ι..-
783 3520 868 3553 Bas.
885 3522 938 3561 25,
954 3529 979 3554 ⁴.
989 3539 1031 3544 —
1059 3522 1108 3564 Cf.
1124 3521 1203 3554 Cod.
1214 3522 1245 3560 8,
1256 3527 1287 3554 ιτ

211 3568 254 3607 (2)
279 3566 450 3599 variorum
462 3565 496 3598 F
582 3565 623 3605 (³)
649 3563 733 3596 alter
745 3565 803 3597 ins.
899 3568 939 3606 (4)
965 3564 1085 3598 habere
1098 3564 1151 3598 Γ*
1164 3577 1233 3598 eum
1243 3565 1288 3604 B,

211 3617 323 3653 petere
335 3610 396 3643 17¹:
402 3611 552 3654 sortasse
563 3621 625 3642 scr.
639 3611 825 3651 competere
892 3611 934 3649 (5)
948 3621 999 3641 res
1012 3611 1076 3644 del.
1143 3611 1188 3651 (e)
1203 3610 1290 3642 idem

211 3656 312 3696 (filii)
325 3665 386 3687 nee
399 3654 535 3697 pigner-i
547 3651 589 3686 ab
610 3653 663 3686 his
674 3656 735 3686 sut
745 3652 887 3686 fiduciae
898 3653 970 3685 dari
992 3658 1151 3696 possunt:
1171 3664 1211 3686 ex
1225 3664 1291 3697 que

211 3699 300 3733 racto
312 3700 421 3732 sciens
434 3698 581 3732 creditor
592 3698 633 3731 de
659 3701 789 3730 ortatur
797 3698 922 3731 Paulus
932 3699 963 3738 5,
975 3706 997 3737 ¹,
1010 3706 1022 3733 ι

256 3746 301 3786 (ι)
326 3744 406 3778 Sal».
423 3751 447 3777 4.
463 3751 489 3777 s.
504 3750 609 3783 imm
655 3743 860 3781 d.s.¹s...1s;
879 3742 956 3786 Pap.
973 3750 1046 3776 ¹...³.
1066 3750 1188 3781 ¹0...2o:
1203 3743 1292 3786 App.

1275 124 1359 172 264

1356 251 1424 284 est:
1450 251 1692 294 quaerebatur
1713 251 1759 287 de
1780 251 1941 296 pignore.
1977 260 2058 285 cum
2082 259 2126 285 ex
2150 258 2261 285 causa
2281 247 2432 294 promis—

1357 294 1466 329 sionis
1489 294 1536 330 ad
1558 295 1746 331 universae
1769 295 1981 340 quantitatis
2005 294 2264 331 exsolutionem
2288 293 2350 338 qui
2372 293 2432 330 do-

1356 341 1429 375 tem
1451 339 1618 385 promisit
1633 341 1868 386 compellitur,
1892 351 1965 377 non
1981 340 2105 386 utique
2128 339 2347 376 solutionum
2371 339 2434 374 ob-

1358 385 1533 421 servanda
1556 389 1641 421 sunt
1664 388 1735 422 tem
1761 397 1845 429 ora,
1878 386 1940 422 sed
1965 385 2040 422 dies
2065 388 2273 421 contractae
2301 384 2434 429 obliga-

1359 430 1477 466 tionis.
1510 440 1578 466 nec
1620 431 1707 467 robe
1756 431 1803 467 ici
1825 431 1864 467 in
1887 432 2067 477 potestate
2090 430 2167 467 eius
2191 439 2282 474 esse,
2305 439 2351 465 ne
2373 439 2436 475 pe-

1357 476 1499 512 cuniam
1520 475 1592 512 resi
1618 486 1700 511 uam
1725 476 1906 519 redderet,
1940 480 1981 512 ut
2011 476 2126 511 minus
2158 475 2282 512 dotata
2313 477 2437 512 mulier

1359 525 1374 556 1
1424 531 1502 557 esse
1534 520 1708 557 videatur.
1756 521 1837 556 Alia
1869 531 1980 557 eausa
2012 525 2066 556 est
2096 521 2191 564 eius,
2223 521 2283 567 qui
2312 522 2437 567 pignus

1356 567 1496 612 accepit
1518 565 1566 602 ad
1588 576 1667 602 eam
1698 576 1888 609 summam,
1920 577 2026 611 quam
2056 565 2151 601 intra
2181 566 2271 602 diem
2303 570 2438 602 certum

1356 614 1587 664 numerasset,
1612 621 1655 647 ac
1677 610 1771 647 forte
1794 612 1904 657 prius,
1930 622 2035 657 quam
2059 615 2273 654 numeraret,
2298 612 2358 647 alii
2381 622 2438 647 res

1356 656 1811 754 pquzrnsssstffihsssot'otertio
1834 712 2089 754 responsorum
2117 701 2202 754 ‘Qui
2231 703 2439 747 generaliter

1356 747 1453 783 bona
1476 747 1646 782 deb1t0r1s
1668 757 1807 792 pignori
1830 751 1970 792 accepit
1989 756 2030 782 eo
2050 750 2169 791 potior
2188 751 2252 789 est,
2278 748 2336 783 cui
2355 758 2438 793 pos-

1356 797 1416 828 tea
1438 792 1621 838 praedium
1646 802 1691 828 ex
1713 792 1767 827 his
1790 792 1894 827 bonis
1909 793 1922 813 ⁸
1945 791 2070 834 datur,
2094 792 2253 837 quamvis
2277 802 2322 828 ex
2345 798 2438 829 cete-

1357 838 1405 874 ris
1429 838 1616 890 pecuniam
1640 847 1742 873 suam
1764 836 1923 882 redigere
1946 837 2070 882 possit.
2114 836 2209 882 quod
2233 837 2263 873 si
2287 847 2329 874 ea
2353 848 2437 874 con-

1357 887 1473 919 ventio
1524 882 1627 918 rioris
1650 881 1737 925 fuit,
1769 885 1810 918 ut
1839 883 1891 917 ita
1922 882 2063 917 demum
2094 886 2213 918 cetera
2243 882 2339 918 bona
2388 884 2437 928 ig-

1357 928 1436 964 nori
1454 928 1502 963 ha
1528 931 1682 970 erentur,
1706 927 1737 963 si
1759 927 1911 972 pecunia
1935 926 1979 962 de
2001 927 2069 970 his,
2094 927 2211 973 quae⁹
2230 938 2360 973 genera
2375 929 2440 964 'ter

1357 973 1506 1019 accepit,
1526 973 1658 1008 servari
1676 983 1749 1008 non
1769 973 1956 1018 potuisset,
1977 972 2161 1008 deficiente
2179 973 2335 1008 secunda
2354 985 2439 1009 con-

1357 1019 1520 1054 ventione
1554 1017 1732 1054 secundus
1768 1018 1921 1053 creditor
1953 1017 1991 1052 in
2020 1017 2167 1070 pignore
2195 1022 2323 1064 postea
2355 1018 2437 1055 dato
2494 1016 2502 1058 ’ἢ

1357 1075 1428 1100 ιιοιι
1451 1066 1525 1099 tam
1548 1063 1666 1109 potior
1689 1073 1795 1108 quam
1818 1063 1916 1099 solus
1938 1063 2145 1099 invenietur.

1403 1107 1427 1147 3
1463 1109 1571 1144 IDEM
1596 1109 1686 1145 libro
1717 1108 1904 1144 undecimo
1933 1118 2188 1154 responsorum
2201 1110 2228 1130 ¹⁰
2280 1108 2440 1146 Creditor

1358 1154 1515 1200 acceptis
1534 1154 1740 1207 pignoribus
1761 1157 1864 1199 (quae
1884 1153 2042 1189 secunda
2061 1154 2293 1190 conventione
2313 1165 2439 1191 secun-

1607 144 1728 183 QUAE
1755 145 1839 178 RES
1867 142 2054 177 PIGNORI
2109 143 2189 183 Qui
2215 143 2434 180 Po'rlolms
2477 144 2479 147 ’

1359 1200 1426 1235 dus
1450 1199 1604 1235 creditor
1627 1198 1777 1244 accepit)
1810 1199 2001 1234 novatione
2023 1202 2149 1244 postea
2171 1198 2271 1252 facta
2292 1200 2440 1245 pignora
2501 1198 2504 1202 ’

1358 1245 1537 1291 prioribus
1571 1244 1716 1280 addidit.
1752 1243 1944 1289 superioris
1975 1244 2145 1289 temporis
2177 1244 2334 1280 ordinem
2366 1255 2438 1280 ma-

1359 1300 1443 1326 nere
1465 1290 1578 1336 primo
1605 1289 1771 1325 creditori
1793 1289 1929 1335 placuit
1946 1292 2126 1335 tamquam
2145 1289 2183 1324 in
2203 1300 2306 1325 suum
2323 1290 2440 1326 locum

1362 1339 1375 1370 1
1426 1335 1642 1371 succedenti.
1691 1334 1778 1370 Cum
1792 1344 1836 1370 ex
1848 1344 1957 1370 causa
1969 1334 2128 1370 mandati
2138 1334 2321 1380 praedium
2334 1335 2440 1378 Titio,

1359 1381 1417 1416 cui
1440 1380 1619 1426 negotium
1642 1379 1761 1415 fuerat
1783 1383 1932 1426 gestum,
1958 1379 2155 1422 deberetur,
2179 1380 2386 1426 priusquam
2410 1381 2441 1416 ei

1358 1426 1535 1471 possessio
1560 1425 1780 1468 traderetur,
1802 1425 1839 1460 id
1862 1425 2000 1470 pignori
2025 1424 2137 1460 dedit:
2169 1428 2252 1470 post
2274 1426 2440 1461 traditam
2507 1458 2509 1461 .

1358 1471 1619 1517 possessionem
1642 1470 1735 1506 idem
1753 1470 1938 1515 praedium
1959 1470 2019 1505 alii
2039 1470 2153 1505 denuo
2173 1470 2311 1515 pignori
2333 1471 2438 1506 dedit.

1357 1516 1486 1562 prioris
1509 1526 1654 1552 causam
1679 1525 1757 1551 esse
1779 1516 1954 1561 potiorem
1977 1515 2154 1560 apparuit,
2178 1515 2209 1551 si
2232 1527 2304 1551 non
2328 1516 2440 1551 credi-

1357 1566 1415 1597 tor
1446 1561 1623 1597 secundus
1654 1561 1808 1614 pretium
1839 1561 1872 1596 ei
1903 1560 1963 1605 qui
1986 1561 2166 1606 negotium
2187 1565 2347 1605 gesserat
2370 1562 2440 1597 sol-

1357 1607 1483 1642 visset:
1515 1617 1637 1642 verum
1659 1617 1701 1641 111·
1721 1616 1764 1642 ea
1811 1605 2003 1648 uantitate‚
2035 1616 2141 1651 quam
2163 1606 2326 1642 solvisset
2349 1606 2440 1642 eius-

1358 1663 1426 1697 que
1449 1652 1567 1688 usuris
1591 1652 1765 1697 potiorem
1787 1617 1866 1686 (flore
1890 1651 2119 1693 constaret¹¹,
2144 1651 2211 1686 nisi
2233 1650 2326 1687 forte
2345 1652 2442 1697 prior

1358 1698 1390 1732 ei
1413 1697 1600 1743 pecuniam
1624 1697 1769 1732 offerat:
1802 1695 1899 1741 quod
1928 1696 1959 1731 si
1991 1696 2130 1731 debitor
2161 1695 2303 1732 aliunde
2332 1707 2440 1742 pecu-

1358 1745 1378 1777 2
1427 1742 1522 1777 niam
1545 1741 1716 1784 solvisset,
1741 1741 1894 1786 priorem
1918 1740 2200 1786 praeferendum.
2247 1741 2335 1777 Post
2355 1741 2440 1777 divi·

1358 1787 1493 1823 sionem
1523 1787 1725 1832 regionibus
1748 1786 1883 1822 factam
1905 1786 1998 1821 inter
2020 1785 2149 1821 fratres
2174 1786 2356 1829 convenit,
2387 1791 2438 1829 ut,

1358 1832 1389 1868 si
1417 1832 1531 1868 frater
1562 1832 1636 1878 agri
1667 1832 1866 1877 portionem
1897 1842 1962 1877 pro
1986 1831 2135 1866 indiviso
2160 1831 2298 1884 pignori
2321 1831 2440 1867 datam

1359 1888 1381 1913 a
1405 1877 1579 1914 creditore
1602 1888 1667 1913 suo
1691 1888 1764 1913 non
1786 1877 1983 1919 liberasset,
2008 1886 2052 1911 ex
2071 1876 2242 1912 divisione
2261 1877 2442 1922 quaesitae

1358 1923 1470 1968 partis
1495 1926 1633 1968 partem
1657 1922 1835 1958 dimidiam
1859 1922 1949 1957 alter
1971 1921 2193 1957 distraheret.
2237 1922 2363 1967 pignus
2386 1922 2440 1958 in·

1358 1968 1476 2013 tellegi
1507 1972 1731 2004 contractum
1762 1966 1976 2010 existimavi,
2008 1967 2072 2002 sed
2101 1967 2254 2012 priorem
2284 1967 2440 2003 seeundo

1358 2024 1431 2049 non
1466 2023 1544 2049 esse
1576 2013 1768 2059 potiorem,
1805 2012 1971 2058 quoniam
2006 2011 2201 2048 secundum
2234 2012 2361 2058 pignus
2395 2013 2442 2048 ad

1361 2069 1439 2094 eam
1462 2062 1600 2104 partem
1624 2058 1798 2094 directum
1820 2057 2024 2100 videbatur,
2058 2067 2165 2109 quam
2189 2057 2282 2093 ultra
2304 2061 2441 2110 partem

1360 2114 1462 2139 suam
1491 2103 1604 2139 frater
1634 2113 1708 2140 non
1732 2103 1974 2139 consentiente
1997 2112 2094 2139 socio
2118 2113 2191 2138 non
2213 2106 2330 2148 potuit
2352 2103 2440 2139 obli-

1345 2157 1347 2159 ·
1359 2159 1444 2194 gare
1458 2149 1496 2184 ¹².

1405 2192 1431 2231 4
1455 2193 1684 2229 Pomomvs
1711 2193 1802 2229 libro
1835 2194 2016 2239 triqesimo
2049 2193 2173 2239 quinto
2197 2193 2247 2229 ad
2268 2192 2441 2229 Sabinum

1359 2238 1397 2274 Si
1421 2238 1577 2281 debitor,
1608 2242 1798 2318 antequam
1823 2248 1844 2273 a
1867 2237 1984 2283 priore
2007 2238 2182 2274 creditore
2205 2237 2332 2319 Ρέἱιιιιιε
2354 2239 2440 2274 libe-

1358 2287 1474 2327 raret,
1505 2283 1598 2319 idem
1629 2283 1691 2318 illu
1748 2283 1794 2319 ob
1817 2283 2007 2328 pecuniam
2031 2283 2201 2318 creditam
2261 2283 2281 2292 '‘
2305 2283 2341 2328 pi
2389 2284 2442 2319 ori

1359 2328 1515 2365 dedisset
1537 2332 1583 2371 et,
1608 2331 1798 2373 antequam
1821 2328 1893 2363 utri
1919 2338 1964 2362 ue
1987 2328 2154 2363 creditori
2173 2328 2324 2364 solveret
2341 2295 2439 2364 §ghi-

1358 2377 1452 2418 tum,
1475 2383 1550 2409 rem
1573 2373 1679 2408 aliam
1702 2373 1812 2418 priori
1836 2383 1895 2408 cre
1922 2372 2001 2408 ‘tori
2023 2373 2230 2408 vendiderat
2253 2373 2439 2410 creditum-

1359 2412 1427 2464 qiie
1449 2419 1650 2464 pensaverit
1672 2429 1753 2454 cum
1776 2418 1889 2463 pretio
1909 2417 1961 2453 rei
1981 2418 2155 2460 venditae,
2181 2418 2368 2454 dicendum
2388 2423 2442 2454 est

1359 2463 1504 2509 perinde
1527 2463 1651 2499 haberi
1674 2463 1821 2506 debere,
1847 2473 1890 2499 ac
1914 2463 1944 2498 si
1966 2463 2075 2508 priori
2100 2463 2266 2499 creditori
2289 2464 2441 2509 pecunia

1359 2509 1476 2545 soluta
1508 2512 1618 2544 esset:
1650 2518 1716 2544 nec
1742 2508 1832 2544 enim
1855 2508 2045 2551 interesse,
2078 2508 2220 2544 solverit
2243 2518 2289 2544 an
2312 2519 2439 2554 pensa·

1359 2554 1464 2590 verit:
1498 2558 1535 2589 et
1556 2554 1636 2590 ideo
1659 2553 1865 2599 posterioris
1889 2552 2074 2589 creditoris
2099 2557 2289 2589 causaest
2311 2554 2437 2599 potior.

1405 2597 1429 2636 5
1462 2598 1655 2636 Umms
1683 2598 1774 2635 libro
1806 2599 1909 2634 tertio
1933 2597 2214 2645 disputationum
2260 2599 2440 2634 Interdum

1358 2644 1534 2689 posterior
1582 2644 1673 2680 otior
1697 2647 1752 2680 est
1774 2643 1895 2689 priori,
1919 2646 1960 2679 ut
1982 2646 2070 2689 puta
2093 2644 2124 2679 si
2145 2644 2183 2679 in
2202 2654 2277 2679 rem
2295 2644 2400 2679 istam
2413 2646 2441 2666 ¹⁸

1360 2699 1554 2725 conservari
1579 2699 1636 2724 am
1666 2689 1862 2734 impensum
1895 2692 1949 2724 est
1979 2688 2074 2734 quod
2097 2698 2248 2734 sequens
2273 2689 2438 2724 credidit:

1359 2734 1468 2770 veluti
1496 2735 1527 2770 si
1556 2734 1656 2770 navis
1686 2733 1757 2769 fuit
1787 2733 1943 2778 obligata
1966 2737 2001 2769 et
2024 2733 2070 2769 ad
2093 2733 2299 2769 armandam
2322 2735 2439 2770 eam¹⁴

1359 2779 1415 2815 vel
1436 2779 1662 2815 reficiendam
1686 2789 1749 2824 ego
1774 2777 1974 2814 credidero:

1405 2822 1430 2862 6
1454 2824 1560 2860 IDEM
1577 2825 1666 2860 libro
1685 2835 1724 2859 se
1751 2824 1947 2869 tuaqesimo
1968 2824 2071 2859 tertio
2092 2823 2300 2860 adediotum
2335 2824 2439 2860 huius

1360 2869 1452 2905 enim
1485 2869 1638 2915 pecunia
1672 2879 1713 2905 sa
1726 2879 1805 2905 vain
1838 2867 1924 2903 fecit
1955 2868 2064 2903 totius
2093 2868 2249 2921 pignoris
2282 2879 2436 2904 causam.

1360 2914 1455 2960 quod
1485 2915 1616 2959 poterit
1646 2914 1724 2959 quis
1755 2913 1942 2949 admittere
1973 2917 2009 2948 et
2038 2913 2070 2948 si
2091 2923 2128 2948 in
2153 2913 2288 2949 cibaria
2311 2918 2437 2949 nauta-

1359 2970 1439 2995 rum
1460 2959 1569 2996 fuerit
1601 2958 1792 3001 creditum,
1824 2958 1900 2994 sine
1923 2958 2050 3004 quibus
2074 2958 2173 2994 navis
2195 2959 2294 2995 salva
2316 2969 2437 3004 perve-

1362 3008 1377 3039 1
1426 3004 1503 3040 nire
1537 3014 1608 3040 non
1642 3007 1793 3056 poterat.
1841 3003 1930 3039 Item
1960 3003 1991 3038 si
2021 3003 2100 3048 quis
2130 3003 2169 3039 in
2202 3013 2336 3039 merces
2371 3003 2439 3039 sibi

1359 3049 1431 3085 obli
1454 3053 1532 3085 atas
1557 3048 1753 3090 crediderit,
1778 3048 1833 3083 vel
1856 3052 1897 3083 ut
1919 3048 2038 3084 salvae
2055 3047 2144 3083 fiant
2162 3048 2217 3084 vel
2236 3052 2276 3084 ut
2293 3048 2437 3084 naulum

1361 3104 1445 3130 exso
1461 3098 1574 3136 vatur,
1598 3093 1776 3138 potentior
1790 3095 1816 3114 ¹⁵
1839 3093 1926 3135 erit,
1955 3093 2039 3129 licet
2060 3093 2237 3138 posterior
2259 3093 2324 3129 sit:
2356 3104 2437 3129 nam

1360 3142 1379 3174 2
1426 3142 1463 3174 et
1483 3138 1598 3184 ipsum
1618 3138 1763 3174 naulum
1785 3139 1965 3183 potentius
1979 3139 2007 3160 ¹⁶
2030 3141 2094 3174 est.
2141 3137 2365 3174 Tantundem
2386 3138 2436 3174 di-

1360 3186 1471 3225 cetur,
1496 3187 1532 3218 et
1550 3183 1579 3218 si
1599 3193 1734 3219 merces
1753 3183 1960 3219 horreorum
1978 3182 2033 3218 vel
2052 3192 2156 3218 areae
2167 3182 2221 3218 vel
2232 3186 2397 3219 vecturae
2411 3184 2437 3205 ¹⁷

1357 3228 1592 3264 iumentorum
1616 3227 1782 3263 debetur:
1807 3238 1890 3263 nam
1913 3232 1949 3263 et
1971 3227 2029 3263 hic
2052 3228 2230 3273 potentior
2244 3228 2271 3250 ¹⁸
2293 3228 2369 3265 erit.

1405 3270 1428 3310 7
1454 3271 1561 3308 IDEM
1586 3272 1676 3308 libro
1709 3273 1813 3309 tertio
1845 3273 2127 3319 disputationum
2173 3272 2339 3318 Idemque
2371 3278 2435 3315 est,

1358 3318 1388 3353 si
1411 3327 1455 3353 ex
1477 3317 1630 3353 nummis
1652 3317 1778 3363 pupilli
1799 3316 1908 3353 fuerit
1929 3326 1987 3352 res
2010 3322 2227 3363 comparata.
2264 3327 2374 3363 quare
2405 3317 2435 3353 si

1358 3361 1507 3398 duorum
1540 3362 1754 3407 pupillorum
1787 3361 1938 3397 nummis
1971 3361 2078 3398 fuerit
2118 3372 2175 3398 res
2219 3366 2436 3408 comparata,

1357 3407 1461 3443 ambo
1484 3407 1521 3442 in
1544 3407 1670 3452 pignus
1695 3409 1908 3444 concurrent
1929 3417 1993 3452 pro
2013 3406 2070 3443 his
2087 3406 2321 3453 portionibus,
2346 3417 2437 3452 quae

1357 3526 1398 3554 ιι.
1413 3538 1457 3544 -
1470 3519 1553 3553 Bas.
1568 3521 1659 3560 25,⁶.
1672 3538 1717 3545 -
1732 3520 1783 3564 Cs.
1797 3520 1875 3554 Cod.
1887 3520 1919 3560 8,
1932 3527 1975 3555 is.
1989 3527 2031 3554 ie.
2104 3520 2149 3560 (s)
2165 3520 2299 3561 pignori
2315 3521 2372 3553 ins.
2384 3519 2436 3552 F*

1358 3565 1402 3605 (9)
1427 3574 1495 3597 non
1510 3565 1567 3598 ins.
1674 3564 1734 3609 (ιο)
1756 3577 1808 3607 pr.
1827 3581 1863 3593 --—
1879 3564 1899 3597 L
1913 3571 1946 3599 12
1961 3569 1976 3604 ἦ
1992 3572 2009 3598 ⁶
2021 3565 2051 3597 Ιι.
2067 3571 2086 3597 t.
2204 3567 2256 3606 (ιι)
2282 3569 2434 3597 constare

1357 3621 1418 3642 cer.
1524 3610 1581 3650 (12)
1607 3608 1751 3652 obligari
1763 3609 1798 3642 F
1894 3610 1952 3650 (13)
1977 3608 2083 3651 ipsam
2099 3609 2170 3642 edd.
2285 3611 2341 3649 (ιι)
2368 3619 2433 3641 rem

1359 3654 1419 3687 ins.
1432 3653 1466 3686 F
1473 3653 1494 3691 ¹,
1507 3654 1569 3686 del.
1580 3652 1635 3686 F²
1754 3654 1813 3691 (15)
1838 3654 1950 3696 potior
1962 3654 2034 3686 edd.
2162 3654 2222 3695 (w)
2247 3654 2360 3696 potius
2371 3666 2431 3688 scr.

1360 3701 1419 3738 (Π)
1444 3701 1580 3730 vectura
1594 3698 1743 3744 Krueyer
1838 3699 1898 3740 (¹8)
1923 3698 2036 3741 potior
2046 3710 2110 3732 scr.
