2528 3918
168 110 421 156 XXXVIIII
450 116 475 156 5

170 236 291 274 liberti
317 235 485 282 imposita
514 235 691 271 libertatis
725 245 836 273 causa
868 238 1071 282 praestant,
1109 245 1154 272 ea
1181 245 1256 272 non

169 282 367 319 donantur:
391 290 450 317 res
473 281 565 316 enim
587 291 653 327 pro
676 280 734 316 his
755 281 968 317 intercessit.

215 324 241 364 9
265 326 494 362 Poueomvs
519 326 610 362 libro
643 326 850 373 triqensimo
881 327 985 361 tertio
1009 324 1060 360 ad
1081 323 1254 360 Sabinum

169 372 211 407 In
242 371 390 407 aedibus
422 371 547 406 alienis
577 370 743 407 habitare
774 371 885 417 gratis
916 370 1065 406 ‘donatio
1096 369 1253 405 videtur:

168 416 206 452 id
237 416 331 452 enim
365 415 484 461 ipsum
524 425 653 469 capere
691 415 830 452 videtur
861 416 922 461 qui
960 415 1117 458 habitat,
1158 414 1254 467 quod

168 460 366 497 mercedem
397 471 462 506 pro
492 460 715 497 habitatione
746 472 818 497 non
849 460 965 496 solvit.
1012 464 1131 506 potest
1162 470 1254 494 enun

168 510 205 541 et
228 506 319 542 citra
341 505 503 551 corporis
527 505 753 542 donationem
776 506 893 542 valere
917 505 1072 547 donatio,
1096 504 1205 540 veluti
1224 504 1254 539 si

169 550 371 587 donationis
391 561 503 587 causa
526 561 607 587 cum
627 550 787 587 debitore
807 561 884 586 meo
934 550 1083 592 aciscar,
1108 560 1154 585 ne
1171 554 1254 584 ante

172 600 186 630 1
237 600 374 632 certum
397 599 538 642 tempus
569 596 616 633 ab
646 606 690 632 eo
722 601 852 641 petam.
933 606 957 630 x
979 595 1087 631 rebus
1112 594 1253 630 donatis

169 641 310 676 fructus
341 644 532 687 perceptus
562 640 600 677 in
630 642 803 677 rationem
836 640 1038 677 donationis
1061 650 1133 675 non
1156 650 1252 675 com-

171 690 338 731 putatur:
364 685 396 721 si
418 696 501 722 vero
525 696 598 722 non
619 686 780 729 fundum,
805 686 868 721 sed
890 686 1029 720 fructus
1051 684 1252 730 perceptio-

167 741 249 766 nem
270 730 337 766 tibi
360 730 506 774 donem,
535 731 676 767 fructus
726 731 859 775 ercepti
882 731 1024 766 venient
1046 731 1084 765 in
1107 740 1254 774 compu-

169 778 189 810 2
235 776 408 812 tationem
437 776 649 812 donationis.
696 742 800 820 &uod
831 775 926 811 filius
956 774 1110 810 familias
1141 774 1254 820 patris

168 821 270 856 iussu
293 824 358 856 aut
379 821 562 857 voluntate
585 821 738 863 donavit,
770 820 918 865 perinde
941 824 1007 862 est,
1032 830 1075 855 ac
1099 820 1130 855 si
1151 824 1256 865 pater

167 866 245 911 ipse
277 865 463 902 donaverit
491 870 553 901 aut
587 867 617 901 si
648 875 727 901 mea
757 866 939 901 voluntate
970 876 1044 901 rem
1075 875 1190 900 meam
1215 868 1255 898 tu

169 914 188 945 3
237 910 379 946 nomine
400 915 463 947 tuo
488 911 582 946 Titio
609 910 730 946 dones.
775 910 913 946 Donari
935 921 1008 946 non
1031 914 1161 955 potest,
1186 909 1256 944 nisi

169 955 266 1001 quod
290 955 366 992 eius
390 955 441 999 fit,
467 957 525 991 cui
549 956 714 991 donatur.

219 999 268 1039 10
291 1000 452 1038 was
471 1002 561 1037 libro
587 1002 711 1046 quinto
735 1001 872 1037 decimo
897 1000 946 1036 ad
969 999 1141 1036 Sabinum
1179 999 1255 1034 Ab·

167 1045 280 1088 senti,
315 1045 388 1082 sive
411 1046 532 1082 mittas
561 1046 622 1091 qui
651 1046 763 1089 ferat,
800 1046 873 1081 sive
897 1046 993 1090 quod
1024 1046 1101 1091 ipse
1123 1045 1256 1080 habeat

167 1090 238 1127 sibi
260 1090 395 1127 habere
419 1102 498 1127 eum
521 1092 665 1135 iubeas,
690 1090 817 1126 donari
839 1096 938 1126 recte
960 1094 1091 1136 potest.
1139 1090 1202 1126 sed
1226 1090 1256 1125 si

168 1136 284 1173 nescit
306 1146 382 1172 rem
406 1146 498 1181 quae
527 1136 626 1182 apud
648 1145 688 1172 se
711 1140 767 1172 est
789 1135 860 1171 sibi
883 1146 961 1172 esse
984 1135 1169 1178 donatam,
1200 1134 1256 1170 vel

169 1181 312 1218 missam
335 1180 406 1217 sibi
429 1191 502 1217 non
524 1180 715 1226 acceperit,
741 1180 895 1216 donatae
918 1180 971 1216 rei
995 1180 1159 1216 dominus
1182 1190 1255 1215 non

167 1226 225 1271 fit,
262 1225 403 1262 etiamsi
439 1236 506 1272 per
535 1235 677 1262 servum
715 1226 792 1262 eius
824 1226 884 1261 cui
914 1225 1117 1261 donabatur
1146 1224 1257 1260 missa

167 1271 297 1351 fueriti,i
312 1271 382 1307 nisi
404 1281 447 1307 ea
464 1275 582 1307 mente
604 1281 707 1308 servo
728 1271 805 1306 eius
825 1270 910 1306 data
933 1271 1052 1313 fuerit,
1076 1274 1118 1305 ιιι
1137 1269 1257 1306 statim

170 1316 248 1352 eius
298 1320 346 1352 at.

217 1360 264 1398 11
296 1361 418 1397 Galus
440 1360 530 1397 libro
555 1361 659 1397 tertio
683 1360 729 1396 de
747 1359 877 1407 leqatis
900 1360 951 1396 ad
971 1360 1127 1397 edictum
1144 1371 1257 1407 prae-

169 1407 259 1442 toris
289 1406 422 1442 urbani
467 1405 557 1442 Cum
595 1405 640 1442 de
676 1405 783 1442 modo
822 1405 1025 1442 donationis
1058 1405 1254 1451 quaeritur,

167 1461 282 1496 neque
306 1454 432 1496 partus
455 1451 599 1487 nomine
623 1461 666 1487 ne
692 1461 737 1487 ue
767 1451 951 1486 fructuum
975 1461 1090 1495 neque
1113 1451 1255 1497 pensio-

167 1507 253 1532 num
275 1507 390 1542 neque
410 1496 614 1532 mercedum
634 1507 657 1531 u
685 1506 708 1531 a
727 1495 872 1532 donatio
892 1495 992 1532 facta
1010 1506 1088 1532 esse
1105 1496 1254 1531 videtur.

218 1539 268 1578 12
300 1541 494 1577 Utmzvvs
522 1542 613 1577 libro
645 1542 750 1577 tertio
781 1542 1065 1588 disputationum
1113 1541 1182 1586 Qui
1212 1551 1257 1576 ex

169 1586 361 1622 donatione
384 1596 424 1623 se
446 1586 625 1631 obligavit,
650 1596 695 1622 ex
717 1586 892 1632 rescripto
911 1586 982 1622 divi
1004 1586 1060 1622 Pii
1083 1586 1120 1621 in
1143 1596 1255 1631 quan-

167 1636 244 1667 tum
266 1631 386 1667 facere
416 1635 536 1677 potest
568 1632 787 1667 convenitur.
833 1631 897 1667 sed
925 1631 1019 1667 enim
1032 1632 1043 1653 ¹
1074 1631 1130 1674 id,
1162 1630 1258 1676 quod

169 1676 406 1713 creditoribus
422 1677 581 1718 debetur,
601 1677 669 1712 erit
687 1676 963 1713 detrahendum:
988 1678 1077 1713 haec
1097 1687 1192 1719 vero,
1213 1676 1257 1711 de

167 1722 312 1803 ἱξιιιιὶῑιιιιιι(1
329 1721 520 1803 (ἐξαξαᾱθιιι
543 1731 654 1757 causa
677 1722 756 1768 quis
782 1722 977 1758 obstrictus
1001 1725 1066 1765 est,
1099 1732 1170 1757 non
1195 1721 1256 1757 de·

194 1777 212 1802 e
237 1778 250 1802 1
315 1777 333 1802 e
417 1777 487 1803 ere.

218 1809 268 1850 13
294 1812 402 1848 IDEM
433 1813 524 1848 libro
556 1814 708 1858 septimo
738 1813 1021 1859 disputationum
1076 1811 1143 1856 Qui
1173 1811 1259 1846 mihi

168 1857 338 1893 donatum
369 1858 528 1902 volebat,
560 1867 662 1893 servo
697 1857 875 1894 communi
906 1867 983 1892 meo
1009 1861 1045 1892 et
1068 1857 1154 1892 Titii
1183 1867 1258 1892 rem

166 1902 331 1938 tradidit:
363 1913 487 1939 servus
510 1902 565 1938 vel
595 1903 647 1938 sic
676 1903 816 1948 accepit
844 1903 946 1947 quasi
979 1902 1076 1938 socio
1100 1901 1256 1946 adquisi-

169 1952 272 1983 turus
295 1948 349 1983 vel
381 1948 433 1983 sic
457 1948 560 1992 quasi
589 1948 676 1983 mihi
698 1952 736 1983 et
759 1947 876 1983 socio:
910 1948 1150 2027 (huaerebatur
1173 1946 1257 1992 quid

169 1996 291 2038 ageret
301 1993 326 2028 ².
374 1997 411 2028 et
432 1993 561 2038 placet,
586 1993 746 2038 quamvis
771 2002 893 2029 servus
944 2002 988 2028 ac
1012 1997 1130 2028 mente
1154 2002 1256 2027 acce·

168 2038 280 2083 perit,
306 2042 346 2072 ut
369 2039 467 2074 socio
491 2048 570 2073 meo
593 2038 649 2073 vel
670 2038 758 2073 mihi
781 2042 816 2073 et
839 2038 937 2073 socio
962 2038 1147 2082 adquirat,
1172 2037 1257 2072 mihi

167 2089 287 2119 tamen
308 2083 354 2118 ad
379 2083 464 2119 uiri:
489 2093 571 2118 nam
592 2087 628 2118 et
650 2083 682 2119 si
725 2083 927 2119 rocuratori
948 2093 1027 2118 meo
1048 2083 1118 2118 hoc
1139 2083 1256 2117 animo

168 2139 244 2164 rem
266 2127 361 2164 tradi
387 2127 471 2171 erit,
505 2132 545 2162 ut
566 2128 651 2162 mibi
675 2138 697 2162 a
723 2128 858 2172 quirat,
893 2127 953 2163 ille
977 2128 1080 2173 quasi
1102 2127 1171 2163 sibi
1194 2127 1256 2162 ad-

169 2173 365 2254 quffislitgdrus
389 2173 586 2218 acceperit,
619 2173 706 2208 nihil
735 2173 810 2218 agit
839 2173 876 2208 in
899 2183 966 2208 sua
988 2183 1161 2219 persona,
1195 2173 1258 2208 sed

167 2219 213 2254 ιιι·
243 2218 251 2226 “
349 2218 445 2254 uirit.

218 2261 269 2300 14
303 2229 498 2299 [Imauus
539 2263 631 2298 libro
668 2264 820 2309 septimo
859 2263 996 2299 decimo
1035 2263 1257 2309 diqestorum

169 2309 238 2353 Qui
269 2307 424 2344 alienum
453 2307 605 2343 fundum
638 2307 840 2344 donationis
865 2318 976 2344 causa
998 2308 1145 2351 excolit,
1176 2308 1256 2343 nul-

167 2354 240 2389 lam
270 2352 503 2390 retentionem
531 2357 679 2405 propter
708 2353 889 2406 impensas
918 2353 1044 2398 faciet,
1076 2353 1160 2399 quia
1192 2353 1255 2388 do-

168 2399 255 2434 mini
276 2408 335 2435 res
358 2398 404 2434 ab
429 2408 472 2434 eo
495 2399 645 2434 iniectas
670 2402 838 2434 continuo
863 2398 984 2434 efficit.

220 2443 271 2481 15
306 2442 544 2479 Mamaos
579 2443 673 2479 libro
715 2445 820 2479 tertio
859 2444 1122 2485 institutionum
1169 2443 1257 2479 Post

169 2492 392 2525 contractum
423 2488 577 2534 capitale
615 2489 748 2524 crimen
785 2488 997 2525 donationes
1033 2489 1152 2524 factae
1184 2499 1256 2524 non

168 2534 288 2570 valent
310 2544 355 2570 ex
379 2534 632 2569 constitutione
663 2533 824 2569 divorum
848 2534 969 2570 Severi
992 2537 1029 2569 et
1051 2534 1222 2569 Antonini
1231 2535 1255 2578 ³,

170 2580 261 2615 nisi⁴
286 2578 532 2614 condemnatio
556 2582 682 2615 secuta
703 2579 761 2615 sit.

218 2621 268 2661 16
300 2623 495 2660 Πιιηᾼινυε
514 2624 606 2660 libro
629 2624 787 2660 secundo
811 2634 1066 2670 responsorum
1111 2623 1170 2659 Ex
1187 2624 1256 2659 bac

170 2670 366 2714 scriptura:
399 2668 528 2705 ‘sciant
550 2668 699 2705 heredes
723 2669 792 2704 mei
822 2679 878 2704 me
901 2673 1033 2705 vestem
1056 2669 1256 2705 universam

170 2717 225 2750 ‘ac
253 2715 310 2749 res
345 2717 502 2756 ceteras,
538 2723 710 2760 quascum
735 2724 781 2750 ue
808 2714 848 2749 in
879 2714 971 2750 diem
1001 2714 1126 2750 mortis
1157 2725 1256 2750 meae

170 2763 319 2795 ‘mecum
340 2758 462 2801 habui,
485 2758 537 2794 illi
556 2762 593 2794 et
614 2758 667 2794 illi
689 2725 827 2795 libertis
848 2759 933 2795 meis
956 2759 1072 2794 vivum
1091 2759 1254 2795 donasse'

170 2804 364 2840 dominium
376 2803 422 2839 ad
434 2804 579 2840 libertos
592 2804 745 2850 benigna
757 2804 1050 2850 interpretatione
1089 2805 1253 2840 ertinere.

220 2846 269 2886 17
295 2848 403 2884 locu
420 2848 512 2885 libro
536 2850 860 2896 quinquaqensimo
880 2854 1005 2885 octavo
1029 2862 1052 2885 a
1101 2849 1254 2886 edictum

171 2893 209 2930 Si
222 2893 262 2929 in
278 2893 484 2947 stipulatum
503 2894 701 2929 iudicatum
721 2894 921 2930 novationis
938 2904 1049 2930 causa
1064 2894 1255 2930 deductum

170 2939 218 2975 sit
239 2942 277 2975 et
299 2943 345 2973 sti
371 2938 481 2973 ulatio
502 2939 704 2975 donationis
725 2949 835 2975 causa
855 2943 1003 2985 accepto
1023 2940 1107 2983 lata,
1132 2940 1254 2976 dicen-

170 2984 256 3019 dum
279 2988 335 3020 est
371 2994 475 3019 ocum
497 2984 743 3020 liberationem
765 2984 910 3021 habere.

221 3025 271 3067 18
295 3028 403 3065 Imm
429 3028 520 3064 libro
551 3030 839 3075 septuaqensimo
866 3030 991 3076 primo
1022 3028 1073 3065 ad
1100 3028 1254 3066 edictum

169 3074 293 3110 Aristo
312 3074 375 3115 ait,
399 3083 480 3109 cum
501 3074 650 3108 mixtum
674 3075 721 3109 sit
743 3074 922 3119 negotium
947 3085 1028 3110 cum
1051 3073 1253 3118 donatione,

170 3118 422 3164 obligationem
444 3128 517 3154 non
541 3119 704 3154 contrahi
728 3130 769 3155 eo
795 3129 892 3163 casu,
924 3130 995 3165 quo
1019 3119 1165 3155 donatio
1189 3124 1253 3164 est,

175 3168 188 3199 l
239 3167 276 3200 et
294 3164 346 3199 ita
364 3163 629 3209 etPomponius
651 3174 732 3199 eum
753 3165 953 3200 existimare
974 3164 1084 3200 refert
1094 3166 1118 3199 ⁵.
1142 3164 1254 3199 Deni-

170 3219 241 3254 que
262 3208 373 3246 refert
387 3208 589 3245 Aristonem
612 3212 750 3253 putare,
775 3209 807 3245 si
823 3220 963 3245 servum
986 3209 1051 3245 tibi
1074 3209 1254 3245 tradidero

170 3253 218 3289 ad
241 3254 321 3296 hoc,
345 3257 386 3289 ιιι
408 3263 490 3290 eum
511 3257 596 3299 post
618 3253 893 3306 quinquennium
916 3254 1157 3296 manumittas,
1182 3265 1255 3290 non

170 3308 277 3352 posse
307 3302 392 3334 ante
423 3298 509 3344 quin
534 3308 701 3334 uenmum
731 3300 804 3343 agi,
841 3299 925 3343 quia
957 3299 1103 3335 donatio
1133 3299 1254 3344 aliqua

170 3353 289 3380 messe
310 3343 465 3380 videtur:
503 3309 608 3379 &iter
637 3347 763 3389 atque,
799 3343 932 3396 inquit,
964 3344 995 3380 si
1025 3344 1072 3380 ob
1095 3344 1165 3396 hoc
1189 3345 1253 3380 tibi

169 3388 413 3431 tradidissem,
445 3392 487 3424 ιιι
509 3387 677 3425 continuo
701 3392 948 3424 manumittas:
980 3389 1040 3424 hic
1070 3399 1162 3425 emm
1185 3399 1252 3425 nec

171 3433 355 3469 donationi
376 3433 495 3470 locum
517 3443 598 3470 esse
618 3437 657 3470 et
682 3432 763 3469 ideo
788 3443 866 3469 esse
889 3434 1148 3479 obligationem.
1189 3434 1252 3470 sed

171 3483 207 3513 et
230 3478 414 3524 superiore
446 3489 532 3514 casu
564 3477 651 3524 quid
672 3478 745 3514 acti
767 3477 832 3520 sit,
864 3478 1123 3524 inspiciendum
1145 3479 1250 3514 Pom-

170 3523 300 3604 ponius
330 3523 395 3560 ait:
426 3528 547 3570 potest
577 3523 669 3559 enim
700 3523 785 3570 quin
810 3523 977 3559 uennium
1008 3534 1081 3560 non
1111 3523 1158 3559 ad
1181 3524 1251 3560 hoc

236 3578 317 3605 esse
343 3568 518 3615 positum,
551 3572 594 3605 ut
626 3568 761 3614 aliqtiid
815 3571 953 3605 onetur.
999 3568 1099 3605 Idem
1128 3569 1250 3606 Aristo

987 3688 1029 3729 (3)
1054 3686 1211 3720 ontonini
1221 3686 1256 3720 F·

169 3693 211 3735 (ι)
233 3691 291 3725 sed
302 3690 403 3735 enim]
415 3690 537 3725 etenim
548 3703 611 3725 scr.
696 3690 738 3730 (2)
763 3698 860 3731 agere
874 3687 909 3721 F

1057 3733 1101 3772 (5)
1125 3730 1210 3764 refet
1223 3731 1258 3764 F

169 3740 212 3777 (4)
237 3737 314 3779 nisi]
327 3739 417 3769 retro
427 3736 640 3769 infirmantur
652 3733 751 3776 enim,
763 3732 791 3766 ni
802 3744 862 3767 sec.
877 3732 914 3767 B
925 3743 986 3766 scr.

1239 109 1322 159 608

1492 5 1563 113 *J

1976 125 2037 158 DE
2065 123 2401 161 nonanomnvs

1322 234 1388 279 ait,
1420 233 1451 270 si
1480 233 1682 271 donationis
1714 245 1824 272 causa
1853 236 1890 272 in
1913 236 1983 272 hoc
2005 236 2170 273 tradatur
2191 247 2332 281 servus,
2361 239 2404 274 ut

1320 282 1405 325 post
1427 279 1705 332 quinquennium
1729 282 2014 320 manumittatur.
2045 282 2091 317 sit
2113 286 2232 318 autem
2255 282 2402 327 alienus,

1320 323 2404 417 ffissss‘ssffissffit‘i0¹2⁸Zssiffiffiegilissfissmssoffssss‘ssffi

1323 413 1575 450 donationibus
1605 416 1740 452 versari
1770 416 1987 462 Pomponius
2019 417 2070 452 ait
2101 422 2137 452 et
2166 418 2278 463 magis
2302 421 2404 462 putat

1322 463 1363 494 ut
1372 459 1396 501 ⁶,
1421 459 1453 495 si
1475 458 1526 494 ita
1549 458 1718 504 donetur,
1750 466 1790 496 ut
1812 467 1895 506 post
1918 462 2193 507 quinquennium
2216 462 2403 497 manumit-

1323 508 1342 538 3
1388 508 1505 546 tatur,
1538 514 1643 549 posse
1667 505 1737 540 dici
1760 507 2015 552 usucapionem
2039 508 2149 552 sequi.
2196 506 2319 543 Labeo
2342 507 2404 550 ait,

1323 549 1352 584 si
1377 549 1455 594 quis
1475 549 1560 584 mihi
1583 559 1658 585 rem
1681 550 1831 586 alienam
1854 551 2038 587 donaverit
2060 552 2167 597 inque
2184 562 2262 588 eam
2284 563 2362 588 sum
2389 571 2404 579 ·

1322 597 1381 628 tus
1404 603 1551 638 magnos
1574 594 1694 631 fecero
1718 599 1755 631 et
1777 596 1828 631 sic
1847 597 1933 631 mihi
1956 597 2150 640 evincatur,
2173 597 2307 633 nullam
2320 608 2353 632 m
2395 596 2403 605 ⁰

1323 639 1499 674 actionem
1538 644 1664 675 contra
1702 640 1909 677 donatorem
1952 652 2030 678 com
2058 647 2171 678 etere:
2211 642 2324 694 plane
2362 641 2406 677 de

1321 683 1404 763 doio
1461 693 1542 737 osse
1571 686 1647 720 me⁷
1680 684 1848 722 adversus
1881 696 1962 722 eum
1992 686 2040 722 ha
2067 696 2126 722 ere
2150 690 2343 730 actionem,
2376 687 2407 722 si

1346 739 1366 764 o
1383 738 1403 764 o
1443 734 1525 764 ecit.

1371 770 1422 810 19
1446 772 1553 808 loru
1584 773 1674 810 libro
1712 776 2000 821 septuaqensimo
2034 781 2138 812 sexto
2175 776 2226 812 ad
2254 776 2405 812 edictum

1321 818 1402 853 Hoc
1432 818 1509 854 iure
1539 818 1690 863 utimur,
1722 825 1763 854 ut
1785 820 1822 854 in
1846 820 1953 856 rebus
1976 820 2147 866 publicis,
2171 832 2253 857 cum
2276 821 2322 857 de
2344 820 2406 858 do-

1322 863 1467 899 natione
1491 863 1693 908 quaeritur‚
1726 864 1814 900 illud
1846 865 1961 900 solum
1991 875 2009 901 s
2036 870 2193 909 ectetur‚
2216 870 2337 902 utrum
2360 867 2407 903 ob

1323 909 1649 960 causamaliquam
1671 910 1802 946 iustam
1826 910 1902 946 rei⁸
1931 910 2006 955 pub
2020 911 2098 947 icae
2120 912 2306 956 promittat
2328 912 2407 957 quis

1323 953 1379 989 vel
1402 953 1615 998 polhceatur
1643 964 1690 990 an
1713 965 1804 997 non,
1838 958 1897 998 ut,
1933 955 1965 991 si
1994 956 2040 991 ob
2062 956 2232 993 honorem
2256 956 2408 1002 aliquem

1326 1001 1341 1033 1
1393 998 1589 1044 promittat,
1613 1003 1788 1042 teneatur,
1814 1000 1845 1035 si
1868 1000 1995 1042 minus,
2019 1011 2102 1036 non.
2136 1001 2260 1038 Labeo
2284 1001 2409 1038 scribit

1323 1047 1426 1079 extra
1444 1054 1589 1079 causam
1609 1044 1840 1081 donationum
1860 1055 1939 1082 esse
1957 1045 2081 1081 talium
2102 1045 2301 1083 officiorum
2317 1057 2408 1083 mer-

1326 1088 1431 1124 cedes
1462 1093 1504 1124 ut
1531 1093 1651 1134 putaz·
1672 1090 1704 1125 si
1737 1090 1803 1125 tibi
1834 1090 1999 1135 adiuero,
2030 1091 2060 1127 si
2083 1092 2171 1127 satis
2199 1101 2266 1138 pro
2288 1095 2325 1128 te
2348 1091 2409 1128 de·

1324 1133 1429 1176 dero,
1464 1134 1497 1170 si
1525 1134 1684 1179 qualibet
1711 1135 1749 1170 in
1777 1146 1817 1171 re
1847 1147 1868 1171 o
1896 1146 1959 1172 era
1985 1136 2041 1171 vel
2068 1137 2185 1181 gratia
2215 1147 2295 1173 mea
2322 1147 2410 1173 usus

1325 1181 1344 1214 2
1392 1179 1514 1215 fueris.
1567 1179 1651 1215 Non
1690 1184 1810 1225 potest
1847 1147 2043 1217 liberalitas
2085 1181 2220 1218 nolenti
2258 1181 2305 1218 ad
2330 1181 2408 1218 uiri

1325 1227 1344 1259 3
1393 1223 1431 1259 Si
1460 1224 1541 1276 quis
1565 1224 1702 1260 dederit
1733 1227 1920 1270 pecuniam
1950 1230 2111 1262 mutuam
2134 1226 2228 1263 Titio
2260 1237 2298 1263 re
2323 1226 2408 1263 den-

1324 1267 1406 1304 dam
1421 1268 1515 1312 Seio,
1541 1269 1600 1305 cui
1624 1269 1796 1306 donatum
1818 1272 1970 1315 volebat,
1994 1270 2120 1308 deinde
2132 1271 2248 1308 Titius
2268 1276 2410 1308 mortuo

1324 1314 1496 1350 donatore
1527 1314 1608 1350 Seio
1641 1314 1781 1351 dedisse
1817 1319 2056 1361 proponatur,
2091 1317 2160 1353 erit
2190 1327 2410 1363 consequens

1325 1359 1443 1395 dicere
1465 1359 1654 1411 pecuniam
1678 1360 1750 1396 Seii
1773 1361 1860 1403 fieri,
1885 1362 1958 1397 sive
1980 1362 2184 1398 mortuum⁹
2212 1362 2316 1398 scivit
2338 1362 2412 1399 sive

1323 1404 1499 1456 ignoravit
1521 1405 1551 1440 is
1575 1404 1637 1450 qui
1661 1404 1780 1450 dabat,
1806 1407 1890 1451 quia
1911 1407 2063 1452 pecunia
2086 1407 2157 1443 fuit
2179 1406 2315 1444 dantis:
2347 1407 2411 1443 sed

1324 1459 1354 1485 si
1378 1449 1518 1495 quidem
1547 1450 1722 1495 ignoravit
1752 1456 1948 1496 mortuum,
1989 1453 2056 1487 erit
2084 1452 2273 1494 liberatus,
2304 1453 2336 1488 si
2359 1452 2411 1488 sic

1324 1499 1484 1530 mutuam
1506 1496 1695 1540 pecuniam
1718 1497 1858 1542 accepit
1880 1497 2084 1544 solvendam
2108 1497 2199 1534 Seio.
2238 1498 2270 1533 si
2293 1501 2411 1533 autem

1323 1539 1537 1576 mandavero
1561 1540 1645 1584 tibi,
1679 1544 1721 1576 ut
1742 1542 1930 1586 pecuniam
1954 1542 2048 1578 Titio
2080 1542 2161 1586 des,
2197 1542 2256 1578 cui
2279 1542 2411 1579 donare

1323 1585 1504 1628 volebam,
1540 1589 1577 1620 et
1605 1589 1646 1621 tu
1678 1586 1845 1631 ignorans
1876 1597 1932 1622 me
1962 1592 2143 1623 mortuum
2173 1587 2243 1624 hoc
2271 1587 2410 1631 feceris,

1324 1630 1474 1665 habebis
1498 1630 1667 1667 adversus
1689 1631 1838 1667 heredes
1859 1642 1955 1668 meos
1979 1631 2139 1668 mandati
2160 1633 2355 1670 actionem:
2380 1633 2412 1669 si

1325 1678 1346 1709 4
1392 1675 1520 1717 sciens,
1545 1686 1617 1711 non
1640 1676 1801 1712 habebis.
1838 1676 1876 1712 Si
1899 1677 1977 1722 quis
1997 1688 2098 1714 servo
2121 1678 2311 1724 pecuniam
2334 1688 2410 1714 cre-

1325 1719 1465 1763 diderit,
1490 1720 1617 1756 deinde
1640 1722 1671 1757 is
1694 1721 1785 1757 liber
1807 1721 1926 1758 factus
1951 1733 2029 1758 eam
2053 1723 2315 1768 expromiserit‚
2339 1734 2411 1759 non

1326 1765 1394 1800 erit
1416 1765 1575 1809 donatio,
1600 1766 1662 1802 sed
1686 1766 1797 1802 debiti
1820 1767 1961 1804 solutio.
2002 1768 2096 1804 idem
2118 1768 2156 1803 in
2179 1768 2327 1814 pupillo,
2351 1770 2411 1814 qui

1325 1810 1402 1845 sine
1432 1810 1564 1847 tutoris
1594 1812 1810 1847 auctoritate
1840 1812 2018 1856 debuerit,
2055 1813 2241 1849 dicendum
2271 1818 2343 1857 est,
2380 1814 2411 1850 si

1326 1859 1345 1889 5
1394 1859 1521 1900 postea
1543 1859 1663 1892 tutore
1685 1861 1832 1893 auctore
1855 1859 2050 1903 promittat.
2097 1858 2168 1894 Sed
2191 1862 2227 1894 et
2254 1859 2323 1894 hae
2346 1859 2409 1895 sti-

1326 1900 1540 1945 pulationes,
1589 1911 1657 1937 uae
1681 1902 1727 1937 ob
1753 1912 1897 1938 causam
1921 1903 2022 1947 fiunt,
2046 1914 2120 1940 non
2142 1903 2276 1940 habent
2299 1904 2409 1940 dona·

1327 1950 1346 1979 6
1395 1945 1538 1981 tionem.
1611 1947 1739 1992 enique
1756 1947 1916 1993 Pegasus
1939 1949 2102 1995 putabat,
2126 1949 2157 1984 si
2179 1949 2244 1984 tibi
2269 1954 2409 1985 centum

1325 1991 1553 2035 spopondero
1588 1993 1658 2027 hac
1693 1993 1921 2036 condicione,
1961 1994 1992 2030 si
2023 1995 2179 2030 iurasses
2214 1999 2251 2029 te
2282 2005 2409 2030 nomen

1326 2045 1441 2071 mcum
1464 2036 1638 2081 laturum,
1675 2048 1749 2073 non
1779 2048 1858 2074 esse
1881 2039 2127 2083 donationem,
2159 2039 2243 2084 quia
2267 2041 2313 2075 ob
2336 2050 2409 2075 rem

1324 2082 1423 2116 facta
1447 2086 1502 2116 est
1513 2083 1549 2126 ¹⁰,
1574 2092 1631 2118 res
1656 2087 1781 2119 secuta
1804 2086 1869 2120 est.

1353 2122 1424 2178 ‘20
1450 2126 1638 2163 Manca-112
1645 2137 1690 2163 vs
1700 2128 1791 2164 libro
1805 2129 1999 2165 vicensimo
2015 2129 2171 2165 secundo
2189 2130 2409 2177 diqestorum

1325 2171 1362 2206 S1
1385 2175 1559 2217 patronus
1590 2183 1635 2208 ex
1659 2172 1782 2209 debita
1809 2178 1913 2219 parte
1942 2174 2046 2210 heres
2077 2175 2286 2211 instituatur
2309 2181 2344 2211 et
2367 2175 2409 2210 li-

1324 2217 1446 2252 bertus
1469 2216 1554 2252 fidei
1577 2218 1653 2254 eius
1678 2219 1862 2263 commisit,
1886 2222 1928 2255 ut
1950 2219 2036 2265 quid
2059 2219 2171 2263 daret,
2195 2224 2233 2256 et
2254 2221 2322 2256 hoc
2346 2221 2408 2256 sti—

1324 2261 1464 2340 pulanti
1487 2262 1813 2299 fideicommissario
1862 2264 2056 2307 romiserit,
2088 2275 2158 2301 non
2189 2266 2257 2302 erit
2280 2276 2409 2311 cogen—

1351 2316 1392 2342 us
1412 2307 1558 2351 solvere,
1583 2319 1628 2343 ne
1651 2318 1736 2353 pars
1761 2320 1806 2345 ex
1842 2309 1962 2354 egibus
1981 2311 2215 2347 verecundiae
2231 2310 2409 2357 patronali

1329 2355 1340 2385 1
1392 2350 1513 2387 debita
1530 2353 1718 2388 minuatur.
1751 2354 1806 2390 De
1822 2354 1883 2390 illo
1900 2354 2055 2390 dubitari
2070 2360 2201 2400 potest,
2222 2356 2294 2403 qui,
2314 2356 2409 2402 quod

1324 2407 1388 2441 per
1411 2397 1608 2433 Falcidiam
1631 2399 1784 2434 retinere
1833 2404 1957 2444 oterat‚
1987 2400 2205 2436 voluntatem
2228 2402 2408 2438 testatoris

1324 2444 1470 2477 secutus
1501 2443 1693 2488 spopondit
1722 2454 1760 2480 se
1838 2448 1975 2480 turum:
2023 2445 2087 2481 sed
2117 2446 2229 2491 magis
2259 2451 2332 2491 est,
2369 2451 2409 2482 ut

1324 2497 1395 2522 non
1419 2488 1534 2532 possit
1555 2498 1643 2524 suae
1667 2489 1883 2525 confessioni
1913 2490 2067 2526 obviare.
2139 2491 2407 2528 uemadmodum

1324 2532 1427 2573 enim,
1452 2532 1484 2568 si
1504 2533 1676 2576 solvisset,
1701 2533 1805 2570 fidem
1820 2535 1983 2571 testatori
2001 2546 2065 2571 suo
2084 2546 2106 2570 a
2179 2537 2297 2582 plesse
2312 2537 2407 2573 vide-

1325 2577 1431 2613 batur
1458 2581 1495 2612 et
1523 2578 1623 2614 nulla
1654 2580 1686 2614 ei
1701 2614 1704 2619 ,
1717 2580 1879 2625 repetitio
1917 2591 2089 2616 concessa
2122 2581 2260 2625 fuerat,
2290 2583 2343 2618 ita
2373 2586 2409 2618 et

1324 2622 1553 2675 stipulatione
1576 2623 1792 2669 procedente
1810 2629 1937 2661 contra
1959 2625 2064 2661 fidem
2086 2628 2279 2671 testatoris,
2302 2637 2407 2673 quam

1324 2668 1368 2702 ad
1395 2672 1502 2710 novit,
1526 2669 1679 2704 venienti
1703 2670 1734 2705 ei
1756 2670 1882 2706 merito
1907 2674 2124 2707 occurretur.

1402 2713 1417 2751 1
1459 2713 1637 2750 Cezsvsss
1675 2714 1766 2751 libro
1802 2716 1992 2752 vicensimo
2027 2719 2152 2753 octavo
2189 2715 2406 2763 diqestorum

1323 2758 1372 2794 Ut
1401 2758 1488 2794 mihi
1518 2758 1686 2803 donares,
1718 2759 1885 2796 creditori
1911 2771 1991 2797 meo
2023 2761 2206 2806 delegante
2234 2771 2291 2798 me
2321 2772 2404 2808 pro-

1326 2807 1340 2838 1
1390 2803 1534 2840 misisti:
1558 2803 1695 2840 factum
1711 2805 1815 2850 valet,
1839 2805 1898 2842 ille
1918 2807 2010 2841 enim
2033 2816 2137 2843 suum
2159 2806 2306 2852 recepit.
2338 2806 2407 2842 Sed

1323 2849 1353 2884 si
1377 2849 1572 2885 debitorem
1603 2859 1721 2885 meum
1750 2850 1817 2886 tibi
1840 2850 2042 2887 donationis
2065 2851 2273 2888 immodicae
2296 2861 2407 2888 causa

1322 2894 1529 2939 promittere
1548 2895 1647 2937 iussi,
1668 2905 1715 2930 an
1733 2896 1965 2932 summoveris
1985 2896 2186 2932 donationis
2197 2896 2408 2943 exceptione

1322 2949 1451 2982 necne,
1482 2940 1707 2975 tractabitur.
1755 2944 1791 2976 et
1820 2951 1919 2977 meus
1944 2941 2085 2986 quidem
2115 2941 2254 2977 debitor
2275 2951 2363 2978 exce
2390 2959 2406 2969 ·

1321 2985 1418 3020 tione
1441 2988 1476 3020 te
1505 2989 1668 3029 agentem
1698 2985 1868 3031 repellere
1891 2997 1963 3022 non
1985 2990 2121 3032 potest,
2152 2987 2236 3032 quia
2256 2986 2359 3032 perin
2384 2997 2405 3023 e

1322 3040 1416 3071 sum,
1452 3030 1554 3075 quasi
1585 3033 1747 3065 exactam
1786 3041 1809 3066 a
1839 3031 1997 3067 debitore
2027 3042 2106 3067 meo
2137 3042 2309 3067 summam
2339 3032 2406 3067 tibi

1322 3074 1525 3110 donaverim
1547 3078 1584 3110 et
1606 3079 1646 3110 tu
1669 3075 1765 3110 illam
1789 3075 1823 3112 ei
1846 3076 2050 3112 credideris.
2084 3075 2149 3112 sed
2215 3087 2248 3119 o,
2271 3077 2302 3113 si
2326 3076 2404 3130 qui-

1322 3119 1401 3155 dem
1427 3119 1599 3165 pecuniae
1630 3130 1652 3155 a
1680 3120 1840 3156 debitore
1870 3131 1948 3157 meo
1979 3120 2135 3157 nondum
2159 3131 2200 3157 so
2216 3124 2299 3157 ntae
2322 3126 2403 3164 sint,

1321 3164 1435 3200 habeo
1459 3164 1629 3200 adversus
1658 3165 1854 3202 debitorem
1882 3176 1998 3202 meum
2029 3166 2271 3202 rescissoriam
2294 3166 2331 3202 in
2354 3167 2402 3209 id,

1322 3209 1417 3254 quod
1440 3219 1550 3255 supra
1571 3210 1658 3255 legis
1678 3210 1822 3246 modum
1843 3211 1910 3247 tibi
1931 3210 2094 3256 promisit
2115 3211 2177 3254 ita,
2200 3215 2242 3246 ut
2262 3210 2301 3247 in
2320 3211 2402 3247 reli·

1321 3264 1430 3299 quum
1452 3255 1697 3290 tantummodo
1722 3256 1786 3291 tibi
1810 3260 1952 3292 maneat
1975 3256 2170 3301 obligatum
2205 3257 2259 3292 sin
2283 3260 2401 3293 autem

1318 3299 1491 3379 pecunias
1515 3309 1538 3334 a
1560 3299 1720 3336 debitore
1742 3311 1821 3337 meo
1844 3301 2008 3346 exegisti,
2038 3301 2075 3336 in
2097 3301 2185 3344 hoc,
2209 3300 2304 3346 quod
2326 3312 2402 3338 mo-

1347 3354 1405 3379 um
1427 3343 1440 3379 l
1487 3344 1494 3351 '
1539 3345 1688 3387 excedit,
1712 3345 1827 3382 habeo
1851 3350 1975 3382 contra
1996 3349 2033 3382 te
2057 3346 2326 3383 condictionem.

1366 3385 1421 3426 22
1489 3398 1698 3426 oosssrmvs
1717 3391 1808 3427 libro
1830 3394 1953 3427 octavo
1977 3390 2262 3437 differentiarum
2296 3390 2401 3435 Eum,

1320 3434 1381 3479 qui
1412 3433 1615 3470 donationis
1647 3445 1758 3471 causa
1787 3435 1975 3480 pecuniam
2003 3436 2059 3472 vel
2089 3435 2175 3482 qnid
2196 3435 2295 3472 aliud
2316 3447 2400 3483 pro-

1319 3478 1434 3522 misit,
1466 3479 1510 3514 de
1541 3490 1643 3515 mora
1677 3480 1863 3516 solutionis
1890 3481 2064 3526 pecuniae
2092 3490 2222 3517 usuras
2242 3491 2317 3517 non
2338 3480 2399 3518 de-

1319 3523 1424 3566 bere,
1455 3534 1613 3560 summae
1635 3525 1826 3571 aequitatis
1850 3529 1923 3569 est,
1946 3525 2099 3563 maxime
2121 3536 2204 3563 cum
2224 3525 2263 3562 in
2284 3525 2401 3563 bonae

1319 3568 1402 3605 fidei
1432 3570 1677 3606 contractibus
1707 3570 1909 3607 donationis
1939 3571 2076 3617 species
2103 3581 2177 3607 non
2198 3569 2399 3616 deputetur.

1317 3686 1361 3727 (e)
1385 3685 1424 3718 ut
1437 3684 1497 3718 del.

1318 3731 1378 3772 (ιο)
1403 3731 1436 3763 et
1447 3741 1508 3764 scr.
1603 3731 1658 3771 (u)
1682 3728 1786 3762 celln-
1799 3729 1834 3762 F

1920 3686 1964 3727 (s)
1987 3685 2069 3719 teF'
2137 3684 2183 3726 (ο)
2207 3683 2404 3717 mortuus?
