2528 3918
149 144 210 175 DE
231 143 467 176 -mmmms,
510 144 573 175 DE
601 142 882 175 POLLIGITAT.

152 258 165 292 ¹
216 265 346 303 capere
374 266 440 302 per
467 254 634 291 invidiam
662 265 735 291 non
766 254 989 301 prohibetur.
1041 254 1232 291 Curatores

147 311 296 348 operum
334 312 416 338 cum
452 300 737 346 redemptoribus
774 301 955 346 negotium
984 300 1135 343 habent,
1174 309 1232 336 res

146 347 292 428 3333?
315 346 780 437 ttffaenfiinzrssff’aetffi.
792 345 1232 427 ⁶55033¹1²d3b.23122i..3‘35.·

147 440 167 473 2
214 437 414 474 aestimatio
437 436 613 491 praesidis
636 436 841 482 provinciae
865 440 930 472 est.
976 435 1033 472 Ne
1062 436 1139 472 eius
1168 418 1232 471 no-'

146 482 258 525 mine,
291 483 394 519 cuius
425 482 639 518 hberalitate
664 492 754 527 opus
779 485 1001 518 exstructum
1027 486 1096 525 est,
1128 491 1232 517 eraso

145 527 298 564 aliorum
332 527 476 564 nomina
504 527 749 563 inscribantur
777 531 814 564 et
841 530 1034 572 propterea
1064 537 1232 563 revocen-

145 575 229 609 tur¹
260 573 391 610 similes
422 572 551 608 civium
580 572 618 608 in
645 573 783 618 patrias
806 572 1056 615 liberalitates,
1088 581 1233 618 praeses

145 619 350 665 provinciae
374 618 624 654 auctoritatem
648 628 751 653 suam
773 618 988 663 interponat.

192 661 217 702 3
241 663 384 700 Macra
407 663 498 699 libro
517 663 675 699 secundo
695 663 740 698 de
758 663 884 709 officio
899 662 1087 709 praesidis
1133 661 1233 708 Opus

145 719 274 746 novum
296 708 437 755 privato
461 707 570 744 etiam
590 708 668 744 sine
686 708 859 754 principis
878 708 1094 744 auctoritate
1112 707 1234 743 facere

144 755 248 798 licet,
278 758 530 800 praeterquam
553 754 585 790 si
608 754 655 789 ad
679 753 953 789 aemulationem
977 753 1123 788 alterius
1148 752 1233 788 civi-

144 800 230 835 tatis
258 799 436 845 pertineat
466 799 522 834 vel
552 799 737 835 materiam
769 798 954 834 seditionis
983 799 1157 844 praebeat
1178 798 1235 833 vel

150 848 163 881 1
213 844 372 881 (111·0111112
394 845 573 880 theatrum
593 844 650 880 vel
667 844 969 889 amphitheatrum
988 844 1046 880 sit.
1083 843 1233 879 Publico

143 900 229 927 vero
259 893 404 936 sumptu
435 900 525 935 opus
556 900 687 925 novum
718 890 794 925 sine
820 889 993 935 principis
1018 889 1235 924 auctoritate

145 938 167 972 2
211 935 290 972 fieri
319 946 395 971 non
422 934 530 971 licere
560 934 874 971 constitutionibus
906 934 1122 970 declaratur.
1173 934 1232 969 In-

144 981 255 1018 scribi
291 985 412 1017 autem
446 990 576 1016 nomen
610 980 710 1026 operi
749 980 895 1025 publico
935 980 1084 1016 alterius
1127 989 1234 1025 quam

144 1026 324 1107 princliipiist
339 1030 403 1062 aut
421 1026 509 1068 eius,
534 1026 637 1062 cuius
660 1026 814 1071 pecunia
837 1025 874 1061 id
898 1036 990 1071 opus
1012 1025 1150 1061 factum
1175 1024 1231 1068 sit,

144 1082 217 1108 non
265 1081 333 1107 ce.

189 1115 215 1154 4
238 1116 496 1153 Moorsmros
521 1116 612 1153 libro
636 1116 824 1152 undecimo
841 1116 1110 1164 pandectarum
1157 1115 1233 1151 Nec

142 1161 317 1208 praesidis
342 1161 484 1207 quidem
508 1171 638 1198 nomen
660 1162 783 1198 licebit
806 1162 1084 1208 superscribere.

189 1206 214 1245 5
253 1207 449 1244 ULPJAst
479 1207 572 1243 libro
603 1207 788 1254 sinqulari
815 1207 860 1243 de
894 1207 1021 1254 officio
1054 1207 1235 1243 curatoris

142 1254 200 1289 rei
220 1252 393 1300 publicae
448 1252 487 1288 Si
517 1252 673 1298 legatum
703 1252 759 1288 vel
790 1252 1102 1288 fideicommissum
1125 1251 1235 1287 fuerit

143 1298 190 1333 ad
221 1308 312 1343 opus
343 1298 526 1340 relictum,
555 1307 688 1333 usurae
717 1308 810 1343 quae
833 1301 869 1333 et
893 1297 1036 1343 quando
1060 1296 1234 1350 incipiant

143 1343 282 1387 deberi,
306 1343 482 1389 rescripto
507 1343 578 1379 divi
600 1343 656 1378 Pii
678 1343 731 1378 ita
755 1343 968 1379 continetur.
1018 1342 1067 1379 ‘Si
1091 1342 1233 1388 quidem

144 1388 232 1425 ‘dies
255 1398 328 1424 non
351 1388 399 1425 sit
417 1389 463 1424 ab
483 1389 550 1433 his,
575 1388 637 1434 qui
660 1392 799 1425 statuas
822 1388 878 1424 vel
901 1388 1072 1433 imagines
1096 1397 1234 1433 ponen-

143 1434 221 1470 ‘das
251 1434 476 1479 legaverunt,
514 1433 744 1480 praefinitus,
779 1444 802 1469 a
833 1434 998 1480 praeside
1029 1433 1234 1479 provinciae

143 1482 295 1525 ‘tempus
325 1478 555 1515 statuendum
586 1483 659 1515 est:
691 1483 728 1515 et
754 1478 824 1514 nisi
853 1479 1040 1532 posuerint
1071 1478 1233 1521 heredes,

143 1528 283 1561 ‘usuras
301 1524 452 1560 leviores
470 1525 565 1560 intra
583 1534 647 1560 sex
665 1534 816 1568 menses,
841 1534 872 1560 si
891 1524 1008 1560 minus
1018 1525 1044 1567 ³,
1069 1523 1234 1560 semisses

142 1573 284 1606 ‘usuras
307 1570 360 1606 rei
408 1570 550 1606 ublicae
572 1569 743 1623 pendant.
779 1570 810 1606 si
833 1579 917 1606 vero
941 1569 1016 1605 dies
1038 1569 1145 1605 datus
1165 1572 1232 1612 est,

142 1616 342 1662 ‘pecuniam
390 1619 548 1661 eponant
569 1618 666 1650 intra
689 1615 802 1658 diem,
834 1615 866 1651 si
893 1618 958 1651 aut
980 1625 1054 1651 non
1075 1614 1233 1650 invenire

143 1671 183 1698 80
206 1664 346 1696 statuas
370 1660 524 1696 dixerint
546 1661 635 1696 aut⁴
657 1660 737 1696 loco
763 1660 1044 1696 controversiam
1063 1659 1231 1696 fecerint:

145 1712 159 1741 1
211 1706 410 1742 “semisses
443 1706 609 1751 protinus
638 1706 821 1752 pendant’.
876 1705 986 1741 Fines
1016 1705 1182 1752 publicos
1211 1715 1234 1740 a

141 1751 301 1805 privatis·
315 1751 466 1818 detinegi
492 1761 566 1805 11011
589 1754 743 1832 οξ01101.
792 1751 1064 1804 curabit-igitur
1087 1760 1234 1796 praeses

140 1806 362 1887 1ῖῖᾚῖἓέἕέ
379 1806 557 1887 §affin
582 1797 822 1887 11ὶὲοέαέἓῖἑέ
847 1800 1234 1887 111311ῗὲαεῖξῖἙὲ

140 1887 197 1923 vel
231 1887 396 1923 aedificia
426 1887 463 1923 in
491 1888 603 1923 usus⁷
640 1887 862 1933 privatorum
892 1887 1085 1930 invenerit,
1124 1887 1232 1923 aesti-

141 1943 258 1976 mare,
290 1936 457 1968 utrumne
480 1932 696 1968 vindicanda
718 1933 754 1968 in
778 1932 962 1978 publicum
986 1933 1059 1969 sint
1081 1942 1129 1968 an
1151 1942 1232 1968 vec-

140 1978 228 2024 tigal
257 1977 309 2014 eis
333 1978 446 2014 satius
470 1979 517 2014 sit
539 1978 690 2024 imponi,
724 1982 760 2014 et
790 1978 845 2022 id,
877 1978 974 2024 quod
1002 1977 1151 2014 utilius⁸
1180 1978 1233 2014 rei

140 2023 308 2070 publicae
330 2023 557 2066 intellexerit,
582 2023 694 2069 sequi.

187 2067 214 2106 6
241 2068 495 2105 Movcsrmvs
521 2069 614 2104 libro
644 2068 833 2104 undecimo
857 2068 1125 2116 pandectarum
1176 2068 1233 2105 De

142 2114 329 2167 operibus,
354 2124 447 2160 quae
469 2114 507 2149 in
529 2113 641 2150 muris
663 2114 721 2149 vel
743 2114 858 2159 portis
881 2114 937 2150 vel
960 2114 1094 2150 rebus⁹
1116 2114 1232 2160 publi-

141 2170 193 2196 cis
215 2159 323 2203 fiunt,
348 2162 412 2195 aut
435 2159 466 2195 si
488 2159 583 2195 muri
605 2162 854 2201 exstruantur,
880 2159 982 2195 divus
1005 2159 1153 2196 Marcus
1176 2170 1233 2196 re-

140 2204 286 2287 {cripm
317 2204 519 2251 praesidem
555 2204 692 2240 aditum
724 2205 911 2241 consulere
941 2204 1140 2251 principem
1171 2205 1232 2241 de-

167 2261 237 2286 ere.

188 2293 212 2333 7
249 2295 535 2331 CALLJSTRATUS
570 2295 662 2331 libro
693 2295 852 2331 secundo
889 2295 934 2331 de
964 2296 1233 2342 coqnitionibus

140 2340 336 2377 Pecuniam
368 2350 460 2385 quae
489 2339 528 2375 in
551 2350 662 2386 opera
684 2351 777 2376 nova
799 2340 917 2386 legata
940 2343 1013 2383 est,
1043 2341 1163 2387 potius
1195 2341 1232 2376 in

140 2387 290 2422 tutelam
305 2395 429 2422 eorum
444 2396 592 2431 operum
609 2395 702 2431 quae
718 2389 804 2422 sunt
819 2386 1105 2431 convertendam,
1126 2397 1233 2439 quam

141 2431 189 2468 ad
203 2431 444 2468 inchoandum
461 2442 553 2477 opus
571 2431 787 2476 erogandam
805 2431 907 2467 divus
924 2431 1012 2468 Pius
1029 2442 1140 2468 resen
1166 2432 1230 2468 sit:

141 2476 281 2514 scilicet
309 2477 340 2512 si
368 2477 458 2513 satis
489 2487 638 2522 operum
669 2477 792 2512 civitas
816 2477 951 2513 habeat
973 2480 1010 2512 et
1030 2488 1103 2513 non
1142 2477 1232 2513 acile

143 2525 159 2558 1
207 2522 255 2558 ad
278 2521 471 2559 reficienda
493 2532 539 2557 ea
560 2522 715 2567 pecunia
737 2522 949 2558 inveniatur.
985 2522 1025 2558 Si
1042 2523 1121 2568 quis
1140 2533 1230 2568 opus

140 2567 188 2604 ab
218 2567 289 2604 alio
317 2567 455 2603 factum
486 2567 664 2603 adornare
691 2567 930 2603 marmoribus
967 2567 1023 2603 vel
1056 2568 1128 2603 alio
1160 2579 1230 2613 quo

140 2612 248 2649 modo
278 2623 324 2648 ex
353 2613 537 2649 voluntate
569 2612 695 2658 populi
725 2612 907 2648 facturum
920 2614 948 2634 ¹⁰
979 2622 1019 2648 se
1075 2613 1230 2649 ollicitus

141 2659 200 2701 sit,
217 2657 368 2694 nominis
385 2658 523 2710 proprii
538 2657 643 2694 titulo
659 2657 866 2694 scribendo:
891 2658 1050 2694 manenti
1076 2669 1120 2694 us
1134 2659 1230 2703 prio-

140 2714 220 2739 rum
250 2703 381 2745 titulis,
413 2713 474 2755 qui
504 2713 547 2738 ea
577 2713 597 2738 ο
626 2713 688 2739 era
717 2702 902 2746 fecissent,
932 2703 969 2738 id
996 2703 1075 2739 fieri
1101 2704 1231 2740 debere

141 2751 290 2785 senatus
313 2751 464 2784 censuit.
512 2759 582 2794 quo
631 2749 663 2784 si
685 2748 815 2794 privati
837 2748 876 2784 in
899 2758 1020 2794 opera,
1047 2759 1139 2803 quae
1162 2761 1228 2795 pu-

141 2794 238 2830 blica
258 2792 414 2839 pecunia
436 2792 543 2836 fiant,
574 2794 731 2839 aliquam
754 2793 799 2829 de
823 2804 889 2829 suo
913 2793 1110 2830 adiecerint
1133 2806 1229 2831 sum-

141 2848 254 2882 mam,
291 2838 345 2874 ita
378 2838 482 2874 titulo
510 2838 753 2885 inscriptionis
782 2839 836 2875 uti
863 2849 927 2875 eos
958 2838 1088 2876 debere
1117 2840 1230 2876 isdem

141 2883 321 2937 mandatis
344 2887 507 2937 cayetur,
538 2888 580 2920 ut
610 2888 779 2931 quantam
808 2894 983 2922 summam
1013 2885 1230 2923 contulerint

140 2939 181 2966 m
200 2928 239 2966 id
260 2938 365 2976 opus,
387 2929 596 2966 inscribant.

143 3180 185 3222 (1)
207 3180 418 3213 remorentur
431 3191 495 3213 scr.
587 3180 632 3221 (2)
657 3178 766 3213 circus
777 3179 830 3214 vel
841 3193 904 3214 scr.
998 3182 1042 3222 (3)
1065 3179 1229 3223 siminus]

142 3226 421 3268 postsexmenses
431 3237 495 3257 scr.
555 3226 597 3265 (4)
623 3224 734 3258 deins.
795 3227 837 3267 (5)
863 3228 923 3259 aut
934 3227 997 3260 ins.
1059 3226 1105 3268 (6)
1126 3225 1154 3258 si
1166 3226 1227 3259 del.

142 3271 188 3312 (¹1)
211 3279 274 3302 usu
285 3282 347 3303 scr.
436 3270 484 3312 (8)
507 3268 716 3303 esseins.1‹''²
797 3270 844 3313 (9)
868 3270 977 3314 rebus]
989 3271 1154 3314 portubus
1166 3283 1228 3305 scr.

143 3316 206 3356 (ιο)
229 3316 407 3347 aucturum
420 3327 484 3347 scr.

170 3359 248 3402 ,(11)
270 3359 395 3394 Ed.—
410 3360 461 3404 Cf.
478 3360 557 3393 Cod.
570 3361 603 3400 4,
616 3366 653 3393 60
705 3359 767 3401 (12)
789 3358 975 3394 civitateF
1016 3360 1077 3403 (13)
1101 3367 1229 3395 c.11.12

140 3417 176 3449 p.
191 3411 243 3439 371
255 3404 391 3449 Smila:
415 3417 500 3448 quae
516 3411 694 3446 sequuntur
713 3417 812 3456 usque
834 3406 881 3438 ad
891 3407 996 3447 finem
1018 3407 1038 3439 l.
1052 3414 1080 3447 2,
1101 3407 1164 3439 del.
1179 3406 1230 3440 F2

143 3450 205 3492 (u)
228 3461 255 3483 c.
275 3456 324 3483 11:
356 3449 422 3483 Δεῖ
451 3446 496 3491 δὴ
526 3447 573 3482 τὰ
603 3447 699 3482 οἴκοι
725 3461 775 3491 μη
805 3446 923 3492 μόνον
950 3450 1088 3485 ἑαυτοῖς
1110 3453 1231 3484 ποιεῖν

145 3490 262 3534 ἱκανά,
289 3488 378 3527 ἀλλὰ
400 3496 461 3527 καὶ
484 3492 546 3527 οἷα
570 3495 631 3526 καὶ
655 3487 723 3527 ὅσα
746 3495 892 3529 ἐκείνοις
915 3485 970 3527 ὦν
993 3492 1038 3528 ἂν
1061 3493 1227 3529 δέωνται.

143 3540 208 3572 Δεῖ
227 3537 308 3584 γάρ.
355 3536 545 3572 medvana
574 3536 620 3580 δὴ
647 3538 821 3584 γεωργῶν
846 3551 887 3572 τε
917 3541 979 3573 καὶ
1005 3541 1083 3574 τῶν
1112 3537 1231 3573 ἄλλων

145 3580 373 3629 δημιουργῶν
395 3580 452 3635 δεῖ
473 3580 558 3627 ἡμῖν
582 3584 626 3629 τῇ
649 3580 766 3618 πόλει.
813 3581 1002 3618 Πλειὸνων
1030 3581 1110 3631 γάρ.
1158 3586 1229 3617 Καὶ

146 3625 191 3670 δὴ
215 3629 276 3661 καὶ
297 3627 376 3661 τῶν
397 3625 515 3663 αλλων
537 3625 723 3663 διακόνων
743 3639 815 3662 που
836 3629 916 3662 τῶν
940 3642 982 3664 τε
1011 3627 1231 3668 εἰσαξόντων

145 3674 206 3706 καὶ
236 3669 441 3712 ἐξαξόντων
472 3674 617 3708 ἕκαστα.
669 3665 772 3708 οὗτοι
802 3671 844 3707 δέ
870 3674 962 3708 εἰσιν
990 3676 1155 3721 ἔμποροι.
1207 3668 1229 3715 ἦ

144 3714 234 3763 γᾶρ;
248 3719 342 3753 Nat.
420 3718 482 3761 (15)
505 3720 595 3753 Idem
637 3726 688 3753 ost
707 3720 778 3753 alia
796 3732 823 3754 c.
836 3726 891 3754 122
910 3716 972 3754 Ἇν
994 3715 1058 3754 οὖν
1080 3721 1228 3762 κομίσας

146 3758 166 3796 ὁ
189 3759 343 3808 γεωργός
433 3764 496 3807 (16)
518 3732 749 3803 ἀλλάξασθαι
769 3764 918 3799 Platonis
937 3766 1015 3800 libri
1110 3765 1170 3807 (Π)
1194 3765 1231 3798 id

1224 128 1309 176 853

2087 142 2122 184 L
2156 145 2389 186 10.11.12

1794 264 1851 303 XI
1863 264 1901 304 ¹¹.

1687 327 1749 360 DE
1772 330 1804 361 N
1806 330 1952 364 UNDIN
1956 331 2006 365 IS.

1351 387 1369 426 1
1402 388 1657 426 Moosssmws
1685 392 1775 430 libro
1809 398 1912 432 tertio
1945 398 2156 444 reqularum
2210 400 2389 438 Nundinis

1300 434 1498 480 impetratis
1523 445 1545 470 a
1568 436 1730 482 principe
1754 450 1825 475 non
1844 442 1976 478 utendo
1999 444 2059 489 qui
2080 445 2209 480 meruit
2229 446 2389 483 decennii

1301 483 1463 526 tempore
1486 491 1591 516 usum
1615 483 1756 518 amittit.

1348 523 1374 578 2
1402 524 1689 578 QALLISTRATUS
1715 528 1805 564 libro
1830 533 1935 567 tertio
1966 532 2010 567 de
2034 535 2298 580 cognitionibus
2353 537 2389 572 Si

1302 581 1381 615 quis
1410 581 1429 622 11
1455 580 1515 624 sos
1551 571 1708 624 cultores
1740 584 1906 619 agrorum
1937 578 1990 612 vel
2022 578 2218 623 piscatores
2251 581 2390 618 deferre

1302 619 1406 651 utens
1447 626 1469 650 a
1487 627 1525 651 m
1546 621 1724 653 civitatem
1738 621 1766 640 ¹²
1788 620 1941 665 iusserit,
1966 626 2006 657 ut
2024 624 2094 668 ipsi
2115 635 2158 660 ea
2177 626 2387 670 distrahant,

1302 661 1525 715 destituetur·
1552 672 1718 699 annonae
1755 666 1950 710 praebitio,
1995 678 2075 703 cum
2113 675 2308 706 avocentur
2343 673 2388 708 ab

1303 716 1411 751 opere
1434 707 1580 743 rust1ci:
1616 709 1677 753 qui
1709 710 1896 746 confestim
1928 713 1989 748 ubi
2012 713 2203 750 detulerint
2226 727 2388 760 mercem,

1302 751 1446 787 tradere
1469 762 1548 788 eam
1573 756 1609 789 et
1632 753 1679 789 ad
1703 764 1814 799 opera
1838 767 1904 791 sua
1927 758 2057 793 reverti
2081 759 2242 796 debeant.
2291 761 2389 797 deni-

1280 824 1281 827 ,
1302 807 1372 877 {ue
1396 807 1555 834 summae
1577 799 1792 844 prudentiae
1815 804 1851 836 et
1874 803 2099 840 auctoritatis
2120 806 2216 850 apud
2232 806 2389 844 Graecos

1333 843 1407 878 lato
1439 853 1522 878 cum
1550 843 1772 887 institueret,
1813 848 2107 891 quemadmodum
2142 850 2265 887 civitas
2297 852 2389 888 bene

1303 888 1408 924 beate
1428 888 1587 942 habitari
1609 890 1735 935 possit,
1759 891 1797 926 in
1817 892 1940 936 primis
1961 894 2050 929 istos
2069 896 2308 939 negotiatores
2328 907 2389 933 ne-

1304 943 1479 969 cessarios
1503 934 1615 970 duxit.
1663 935 1715 971 sic
1738 936 1832 972 enim
1863 937 1953 973 libro
1984 940 2139 975 secundo
2152 941 2181 962 ¹³
2211 940 2391 978 πολιτείας

1303 978 1372 1014 ait:
1399 977 1456 1013 δεῖ
1472 979 1542 1027 γὰρ
1563 979 1746 1015 πλειόνων
1766 980 1836 1029 ἄρα
1854 986 2026 1030 γεωργῶν
2040 997 2080 1018 τε
2100 988 2160 1018 καὶ
2178 988 2254 1020 τῶν
2275 986 2391 1021 ἄλλων

1304 1022 1533 1071 δημιουργῶν
1564 1028 1626 1059 καὶ
1653 1027 1731 1060 τῶν
1759 1025 1879 1061 ἄλλων
1911 1026 2095 1063 διακόνων
2123 1032 2200 1065 τῶν
2227 1045 2268 1077 γε
2292 1032 2390 1067 εἰσα-

1303 1068 1445 1109 ξόντων
1468 1072 1529 1103 καὶ
1552 1069 1760 1110 ἐξαξόντων
1782 1075 1937 1108 ἕκαστα·
1974 1067 2075 1108 οὗτοι
2102 1073 2144 1109 δέ
2165 1076 2254 1111 εἰσιν
2277 1079 2390 1121 ἐξαπο-

1303 1127 1363 1161 ροι
1376 1116 1415 1150 ’4.
1461 1118 1610 1160 κομίσας
1635 1115 1675 1151 δὲ
1699 1113 1718 1151 ὁ
1742 1117 1898 1165 γεωργὸς
1909 1119 1937 1141 ¹⁵
1962 1120 2009 1154 εἰς
2031 1117 2098 1162 τὴν
2122 1115 2260 1167 ἀγοράν
2280 1136 2317 1156 τι
2341 1115 2392 1157 ὦν

1302 1164 1404 1195 ποιεῖ
1433 1158 1455 1203 ἦ
1485 1173 1539 1196 τις
1573 1159 1675 1198 ἄλλος
1700 1164 1777 1197 τῶν
1801 1161 2030 1211 δημιουργῶν
2052 1163 2101 1209 μὴ
2127 1167 2173 1201 εἰς
2195 1166 2261 1201 τὸν
2284 1162 2392 1203 αὐτὸν

1300 1204 1434 1253 χρόνον
1463 1202 1531 1253 ἥκῃ
1561 1211 1636 1242 τοῖς
1667 1205 1849 1252 δεομένοις
1879 1208 1925 1243 τὰ
1958 1205 2050 1256 παρ’
2082 1205 2191 1245 αὐτοῦ
2215 1207 2391 1246 ἀνταλλά-

1303 1249 1444 1304 §aa-2711.
1457 1253 1492 1292 ¹⁶,
1530 1246 1680 1298 ἄργ’σει
1706 1255 1769 1296 τῆς
1804 1251 1913 1289 αὑτοῦ
1937 1252 2167 1302 δημιουργίας
2189 1256 2393 1302 καθήμενος

1303 1299 1342 1350 ἐν
1375 1298 1511 1343 αγορᾷ;
1552 1293 1594 1331 οὖ
1620 1300 1734 1343 affluis,
1773 1294 1795 1341 ἦ
1828 1294 1867 1333 δ’
1901 1295 1955 1341 ὅς,
1994 1295 2067 1334 ἀλλ’
2102 1302 2191 1336 εἰσὶν
2223 1302 2261 1336 οἳ
2287 1304 2391 1337 τοῦτο

1303 1343 1458 1410 ορῶπιζιτες
1497 1342 1641 1380 ἑαυτοὺς
1679 1346 1739 1379 ἐπὶ
1778 1342 1847 1388 τὴν
1885 1343 2077 1380 διακονίαν
2105 1345 2277 1383 τάττουσι
2306 1347 2390 1383 ταύ-

1301 1400 1371 1431 την
1413 1414 1422 1424 .

1787 1528 1865 1568 XII
1877 1527 1917 1568 ²⁸.

1558 1593 1621 1627 DE
1645 1593 2116 1628 POLLIOITATIONmUS.

1353 1657 1370 1696 1
1414 1658 1611 1695 Urmmzs
1642 1659 1734 1695 libro
1768 1660 1952 1707 sinqulari
1981 1660 2025 1695 de
2056 1661 2184 1707 officio
2216 1663 2394 1697 curatoris

1301 1705 1359 1740 rei
1382 1705 1555 1752 publicae
1608 1705 1647 1740 Si
1680 1705 1863 1751 pollicitus
1895 1705 1974 1751 quis
2005 1706 2115 1742 fuerit
2145 1706 2198 1743 rei
2227 1707 2392 1752 publicae

1302 1757 1396 1795 opus
1419 1760 1458 1786 se
1480 1749 1664 1786 facturum
1687 1751 1744 1786 vel
1767 1751 1958 1796 pecuniam
1982 1751 2165 1794 daturum,
2197 1752 2235 1787 in
2266 1763 2392 1789 usuras

1302 1806 1375 1831 non
1400 1795 1650 1831 convenietur:
1676 1796 1740 1832 sed
1762 1796 1794 1832 si
1816 1807 1953 1832 moram
1974 1798 2131 1842 coeperit
2150 1797 2282 1840 facere,
2307 1809 2392 1834 usu-

1301 1851 1364 1877 rae
1394 1841 1591 1884 accedunt,
1624 1845 1666 1877 ut
1695 1841 1891 1888 imperator
1921 1846 2045 1878 noster
2076 1853 2157 1878 cum
2188 1842 2268 1878 divo
2290 1846 2394 1888 patre

1305 1890 1319 1921 1
1371 1897 1437 1923 suo
1460 1886 1657 1933 rescripsit.
1706 1887 1789 1923 Non
1819 1897 1960 1933 semper
1983 1891 2103 1923 autem
2127 1888 2276 1933 obligari
2300 1899 2392 1931 eum,

1303 1932 1364 1978 qui
1391 1931 1573 1978 pollicitus
1603 1936 1675 1975 est,
1710 1932 1895 1968 sciendum
1925 1936 1990 1969 est.
2039 1934 2069 1968 si
2093 1933 2234 1979 quidem
2258 1933 2304 1969 ob
2328 1934 2393 1969 ho-

1303 1988 1425 2013 norem
1449 1977 1654 2022 promiserit
1676 1977 1860 2014 decretum
1883 1978 1951 2014 sibi
1975 1978 2030 2014 vel
2053 1978 2315 2014 decernendum
2338 1979 2393 2015 vel

1302 2023 1348 2059 ob
1373 2023 1481 2058 aliam
1503 2023 1637 2059 iustam
1661 2033 1825 2066 causam,
1849 2023 2030 2059 tenebitur
2054 2033 2097 2059 ex
2117 2024 2392 2069 pollicitatione:

1302 2068 1358 2104 sin
1388 2078 1471 2105 vero
1502 2068 1580 2104 sine
1613 2079 1725 2104 causa
1752 2068 1973 2115 promiserit,
2003 2079 2077 2105 non
2108 2069 2175 2104 erit
2203 2069 2391 2114 obligatus.

1302 2118 1338 2150 et
1367 2114 1421 2150 ita
1450 2113 1570 2149 multis
1602 2114 1918 2150 constitutionibus
1948 2117 1985 2150 et
2014 2114 2194 2150 veteribus
2225 2118 2262 2150 et
2291 2115 2391 2150 novis

1302 2162 1322 2195 2
1371 2159 1586 2195 continetur.
1634 2159 1724 2195 Item
1757 2159 1788 2196 si
1818 2160 1894 2195 sine
1924 2170 2035 2195 causa
2057 2159 2278 2206 promiserit,
2311 2170 2391 2196 coe·

1302 2208 1322 2240 3
1368 2205 1463 2250 perit
1485 2208 1607 2240 tamen
1627 2204 1759 2248 facere,
1784 2205 1962 2250 obligatus
1980 2209 2035 2240 est
2055 2206 2115 2250 qui
2137 2205 2265 2251 coepit.
2302 2205 2389 2241 Coe-

1301 2250 1398 2296 pisse
1422 2250 1474 2286 sic
1498 2250 1577 2286 acci
1602 2250 1708 2293 imus,
1737 2251 1769 2286 si
1792 2250 2024 2286 fundamenta
2046 2250 2132 2286 iecit
2146 2251 2174 2271 ¹⁹
2196 2250 2251 2285 vel
2274 2250 2390 2286 locum

1300 2295 1478 2341 purgavit.
1526 2306 1565 2331 se
1620 2299 1656 2331 et
1685 2295 1716 2332 si
1745 2295 1847 2332 locus
1870 2296 1921 2331 illi
1943 2295 2079 2341 petenti
2103 2295 2301 2331 destinatus
2325 2299 2390 2337 est,

1300 2342 1414 2386 magis
1438 2344 1511 2385 est,
1544 2344 1586 2376 ut
1610 2341 1771 2386 coepisse
1793 2341 1967 2377 videatur.
2014 2340 2100 2376 item
2124 2340 2156 2375 si
2179 2343 2390 2386 apparatum

1301 2390 1322 2422 4
1370 2387 1443 2422 81νο
1465 2386 1663 2432 impensam
1686 2387 1724 2421 in
1747 2386 1891 2432 publico
1915 2386 2046 2432 posuit.
2082 2385 2153 2421 Sed
2172 2386 2202 2421 si
2221 2396 2293 2420 non
2313 2385 2391 2431 ipse

1301 2432 1430 2478 coepit,
1451 2431 1514 2467 sed
1535 2442 1617 2467 cum
1638 2435 1772 2467 certam
1816 2432 1978 2467 ecuniam
1996 2430 2217 2476 promisisset
2235 2430 2281 2466 ad
2298 2441 2389 2475 opus

1300 2477 1352 2513 rei
1383 2477 1550 2522 publicae
1559 2478 1591 2499 ²⁰
1621 2443 1922 2522 contempfatione
1951 2475 2126 2522 pecuniae
2155 2486 2218 2511 coe
2243 2476 2272 2511 it
2299 2486 2389 2521 opus

1301 2526 1320 2558 5
1367 2522 1508 2558 facere:
1547 2523 1728 2558 tenebitur
1760 2522 1864 2567 quasi
1895 2525 2022 2566 coepto
2055 2531 2172 2566 opere.
2263 2520 2390 2566 enique

1300 2579 1382 2604 cum
1406 2568 1590 2604 columnas
1615 2567 1758 2613 quidam
1781 2567 2019 2612 promisisset,
2052 2567 2246 2612 imperator
2268 2570 2389 2602 noster

1299 2624 1382 2649 cum
1413 2613 1493 2649 divo
1524 2617 1628 2658 patre
1659 2624 1725 2649 suo
1757 2612 1809 2647 ita
1839 2612 2081 2657 rescripsit²¹t
2120 2611 2199 2656 ‘Qui
2234 2621 2307 2647 non
2344 2621 2388 2646 ex

1300 2662 1423 2694 ‘causa
1446 2658 1635 2703 pecuniam
1658 2658 1711 2694 rei
1734 2658 1901 2703 publicae
1931 2657 2162 2703 pollicentur,
2194 2656 2387 2709 liberalita-

1299 2707 1383 2739 ‘tem
1438 2703 1587 2739 erficere
1617 2714 1690 2739 non
1721 2709 1907 2748 coguntur.
1962 2702 2026 2738 sed
2055 2702 2087 2737 si
2115 2702 2299 2737 columnas
2330 2700 2387 2736 01-

1299 2715 1485 2785 ι1101181111118
1524 2748 1719 2794 promisisti
1753 2752 1789 2784 et
1819 2758 1910 2793 opus
1942 2757 1986 2783 ea
2016 2747 2155 2783 ratione
2188 2746 2387 2799 sumptibus

1299 2795 1466 2830 ‘civitatis
1490 2795 1545 2830 vel
1567 2795 1789 2840 privatorum
1812 2793 2021 2829 inchoatum
2043 2794 2114 2835 est,
2147 2791 2262 2827 desen
2293 2791 2387 2837 quod

1298 2843 1319 2876 6
1367 2843 1518 2885 ‘gestum
1528 2840 1560 2861 ²²
1590 2842 1646 2875 est
1674 2850 1746 2875 non
1776 2839 1941 2884 oportet’.
1989 2838 2027 2873 Si
2058 2836 2137 2882 quis
2170 2846 2260 2882 opus
2293 2836 2386 2882 quod

1296 2884 1449 2932 perfecit
1479 2884 1695 2929 adsignavit,
1730 2883 1859 2920 deinde
1890 2883 1927 2919 id
1955 2882 2106 2919 fortuito
2136 2892 2222 2917 casu
2253 2881 2386 2926 aliquid

1296 2940 1444 2976 passum
1454 2931 1486 2952 2³
1516 2929 1580 2972 sit,
1613 2929 1812 2975 periculum
1843 2928 1890 2964 ad
1912 2939 1993 2965 eum
2017 2927 2078 2973 qui
2101 2926 2188 2962 fecit
2209 2937 2281 2962 non
2303 2936 2383 2972 per-

1295 2976 1411 3012 tinere
1433 2975 1629 3020 imperator
1652 2978 1775 3010 noster
1797 2974 1992 3019 rescripsit.

1342 3018 1368 3057 2
1392 3019 1501 3055 IDEM
1527 3020 1618 3056 libro
1643 3021 1768 3066 primo
1797 3019 2081 3066 disputationum
2134 3015 2171 3051 Si
2200 3015 2278 3060 quis
2309 3024 2382 3050 rem

1295 3066 1451 3112 aliquam
1470 3064 1615 3108 voverit,
1639 3068 1722 3101 voto
1742 3064 1931 3109 obligatur.
1968 3073 2059 3108 quae
2078 3070 2135 3097 res
2152 3070 2342 3106 personam
2352 3059 2381 3081 ²⁴

1298 3185 1363 3212 est.-
1386 3178 1517 3221 indiget
1530 3178 1619 3211 enim
1640 3177 1782 3221 [civitas]
1804 3176 1927 3210 maiore
1941 3185 2079 3208 numero
2090 3173 2288 3206 rusticorum
2301 3172 2384 3205 alio-

1297 3234 1438 3265 rumque
1457 3222 1614 3266 opificum
1635 3225 1668 3256 et
1687 3223 1917 3255 ministrorum
1935 3222 2003 3252 tam
2020 3218 2248 3251 invehentium
2260 3218 2382 3268 species

1297 3279 1397 3311 quam
1415 3268 1681 3311 exportantium:
1705 3268 1743 3301 hi
1762 3269 1873 3300 autem
1891 3267 1971 3298 sunt
1985 3263 2201 3306 negotiantes.
2227 3261 2327 3305 [quod
2339 3262 2379 3313 81]

1296 3313 1442 3347 rusticus
1458 3312 1585 3346 aliusve
1602 3313 1678 3355 quis
1694 3312 1849 3356 opificum
1867 3320 1980 3343 earum
1993 3319 2104 3341 rerum
2115 3307 2197 3358 quid
2209 3317 2290 3348 quas
2301 3307 2381 3339 facit

1297 3359 1334 3391 in
1350 3358 1460 3391 forum
1476 3358 1616 3391 afferens
1633 3368 1702 3391 non
1719 3368 1758 3390 00
1776 3357 1846 3399 11180
1864 3358 2011 3397 tempore
2028 3354 2167 3393 venerit,
2184 3362 2251 3403 quo
2269 3362 2308 3384 eo
2325 3361 2379 3384 ve-

1297 3403 1398 3437 niunt
1418 3403 1479 3445 qui
1500 3403 1625 3446 species
1645 3403 1687 3436 ab
1711 3413 1749 3435 eo
1772 3401 1889 3434 allatas
1911 3400 2098 3442 permutare
2121 3398 2274 3448 eupiunt,
2298 3406 2378 3429 num

1296 3459 1430 3491 operam
1447 3448 1567 3491 perdet
1584 3448 1623 3481 in
1642 3448 1715 3481 foro
1734 3444 1873 3479 sedens?
1902 3443 2058 3493 minime,
2077 3442 2191 3484 inquit
2207 3440 2284 3492 ille,
2301 3442 2380 3473 sunt

1297 3493 1386 3527 enim
1398 3493 1458 3535 qui
1470 3493 1507 3527 id
1525 3493 1757 3535 intellegentes
1768 3490 1810 3523 ad
1821 3490 1884 3522 1100
1896 3488 2119 3520 ministerium
2136 3496 2169 3519 80
2185 3487 2376 3527 accingunt.

1340 3539 1402 3580 (18)
1427 3539 1508 3572 Sab.
1530 3546 1608 3573 1---7-
1630 3545 1680 3575 ¹5;
1707 3537 1770 3569 Ed.
1792 3541 1896 3571 s...13;
1920 3533 2010 3575 App.
2030 3539 2072 3565 14.
2092 3549 2138 3556 —
2162 3531 2247 3564 Bas.
2268 3532 2325 3571 54,
2345 3537 2376 3564 13

1295 3584 1357 3625 (19)
1380 3583 1487 3616 iacuit
1500 3584 1536 3616 F
1582 3583 1648 3623 (20)
1672 3581 1721 3613 rei
1733 3578 1897 3622 publicae]
1911 3576 2108 3620 respublica
2119 3588 2182 3609 scr.
2242 3575 2303 3616 (21)
2326 3585 2377 3608 re-

1295 3627 1512 3671 scripseritF
1582 3627 1645 3668 (22)
1668 3623 1808 3668 gestum]
1822 3624 1974 3666 coeptum
1986 3622 2059 3655 edd.
2138 3620 2203 3662 (23)
2225 3629 2339 3662 passus
2352 3620 2381 3652 F

1295 3673 1360 3715 (24)
1383 3683 1468 3715 quae
1484 3682 1536 3706 res
1554 3669 1739 3714 personam]
1759 3679 1843 3711 quae
1860 3676 2016 3709 responso
2031 3675 2109 3698 nam
2128 3665 2172 3698 F:
2195 3663 2285 3706 quod
2303 3674 2375 3704 per-

1295 3728 1410 3751 sonam
1421 3730 1483 3751 scr.
