2528 3918
110 162 172 194 nn
201 152 307 195 iunii
336 162 512 194 Dorum

111 283 201 311 sona
235 272 364 309 tutoris
402 283 443 309 co
469 271 598 314 tasse,
636 282 717 307 cuin
751 270 832 307 ideo
867 269 1021 306 maxime
1054 274 1204 307 matrem

115 322 131 354 1
167 317 350 365 praetulit,
362 327 408 353 ne
469 327 512 354 ae
524 317 667 362 nuptias
679 316 790 352 tutori
803 316 1048 352 committeret.
1072 315 1205 352 Mulier

112 361 401 446 fibo'i'mtoffii'ac
423 362 566 408 patroni
597 361 653 398 sui
683 361 779 397 mala
801 361 940 397 ratione
965 361 1097 396 coniun
1122 361 1202 397 ’tur.

111 411 132 444 2
213 419 238 443 u
276 418 313 451 r,

110 463 213 489 suam
236 455 320 488 ante
354 452 587 489 constitutum
617 455 759 497 tempus
791 450 918 486 aetatis
951 450 1026 487 eius
1057 461 1204 487 uxorem

112 498 243 534 ducere
265 507 332 533 nec
351 500 499 533 matrem
520 508 564 532 ex
583 496 653 533 alio
674 497 897 532 matrimonio
916 495 1051 531 factam
1070 499 1202 541 potest.

157 539 210 581 63
234 541 343 578 IDEM
384 542 475 579 libro
510 543 636 589 primo
672 541 919 587 definitionum
988 540 1199 576 Praefectus

112 587 270 624 cohortis
292 587 348 623 vel
371 586 531 633 equitum
554 590 618 623 aut
637 586 802 622 tribunus
827 589 954 621 contra
976 585 1204 621 interdictum

111 633 188 669 eius
212 632 417 679 provinciae
448 631 550 667 duxit
573 642 740 675 uxorem,
763 631 801 666 in
825 641 898 676 qua
921 629 1082 666 officium
1103 640 1203 675 gere-

111 678 193 714 bat:
236 677 500 713 matrimonium
531 688 604 713 non
635 676 720 712 erit:
763 686 854 722 quae
885 675 1023 721 species
1044 675 1204 728 pupillae

111 722 355 768 comparanda
390 726 464 765 est,
498 733 579 758 cum
601 722 694 757 ratio
717 724 927 767 potentatus
951 723 1096 766 nuptias
1119 731 1203 765 pro-

111 767 279 804 hibuerit.
319 767 383 803 sed
415 777 462 802 an
493 767 577 802 huic
601 777 742 812 quoque
773 766 804 802 si
826 766 923 811 virgo
947 765 1071 811 nupsit
1080 765 1105 808 ³,
1130 776 1204 801 non

110 813 158 849 sit
181 812 415 849 auferendum
447 812 543 858 quod
575 815 788 848 testamento
820 811 983 847 relictum
1014 814 1091 854 est,
1117 809 1203 845 deli-

109 858 228 894 berari
250 861 386 903 potest:
413 857 573 902 exemplo
597 860 717 893 tamen
742 857 898 903 pupillae
922 858 1058 901 nuptae
1080 855 1203 898 tutori,

110 903 208 949 quod
230 902 394 945 relictum
417 905 473 938 est
521 906 615 938 otest
644 902 771 938 mulier
801 911 909 938 conse
934 901 983 936 ui.
1015 900 1205 947 pecuniam

109 952 230 984 tamen
261 959 300 1028 iii
331 947 451 984 dotem
483 914 604 983 datam
634 947 790 982 mulieris
821 912 945 982 heredi
975 945 1118 982 restitui
1141 955 1203 980 ne-

112 1003 213 1029 cesse
237 1003 273 1028 es
293 1019 302 1028 .

157 1036 211 1076 64
238 1037 524 1074 ΟΔιιῙεΤΒΑφυε
533 1037 624 1073 libro
635 1036 794 1073 secundo
808 1036 1058 1082 quaestionum
1077 1035 1204 1071 Liber-

109 1086 187 1119 tum
211 1083 433 1131 eundemque
454 1085 611 1118 tutorem
634 1082 791 1128 pupillae
815 1091 868 1124 eo,
894 1080 990 1127 quod
1020 1081 1058 1116 in
1080 1080 1203 1116 matri-

111 1128 270 1164 monium
303 1128 479 1164 collocata
509 1127 522 1162 i
548 1127 579 1163 si
607 1127 720 1163 tutori
749 1137 814 1162 suo
845 1126 902 1162 vel
932 1125 1005 1161 filio
1038 1126 1114 1161 eius
1139 1128 1204 1168 est,

113 1176 128 1208 1
179 1176 326 1209 senatus
364 1173 508 1218 relegan
533 1183 594 1207 um
639 1172 789 1208 censuit.
850 1171 1003 1207 Senatus
1039 1171 1204 1213 consulti,

111 1229 181 1299 3αο
205 1218 442 1264 prohibentur
464 1221 603 1253 tutores
628 1221 663 1253 et
692 1216 756 1252 filii
789 1226 912 1252 eorum
935 1216 1090 1262 pupillas
1115 1226 1201 1251 suas

135 1273 250 1306 ucere,
301 1267 364 1298 uto
387 1262 553 1298 heredem
572 1272 642 1308 quo
668 1272 714 1298 ue
735 1262 866 1297 tutoris
892 1265 1101 1297 extraneum
1124 1271 1203 1296 sen-

109 1308 224 1344 tentia
255 1318 277 1344 a
302 1307 493 1354 prehendi,
526 1318 607 1343 cuin
636 1307 650 1342 i
676 1317 717 1342 eo
774 1307 972 1342 rohibuerit
1001 1305 1206 1342 huiusmodi

109 1353 339 1445 isspffii⁸’q¹1²1i
357 1353 519 1434 {2:²33ssss
540 1352 749 1443 astiti
768 1351 1206 1432 'ffit13250tffi‘32b213‘33

110 1446 131 1480 2
177 1425 370 1489 peliuntur.
427 1443 542 1479 Tutor
577 1446 698 1478 autem
731 1442 859 1488 pupilli
890 1452 964 1477 non
994 1441 1206 1494 prohibetur

109 1488 220 1524 filiam
251 1498 353 1524 suam
385 1488 563 1524 collocare
593 1487 730 1533 pupillo
754 1498 820 1523 suo
843 1487 882 1523 in
904 1486 1167 1522 matrimonium
1177 1487 1204 1522 ⁴.

157 1531 209 1571 65
236 1533 397 1569 PAULvs
425 1533 515 1569 libro
539 1533 690 1580 septimo
713 1543 970 1580 responsorum
1025 1531 1121 1574 Eos,
1146 1530 1206 1576 qui

108 1579 146 1615 in
155 1579 288 1659 (fama
311 1588 378 1631 sua
399 1578 563 1630 militant,
586 1589 660 1658 1²⁰3
684 1577 1143 1658 videri-gontrafimandatass
1160 1587 1206 1612 ex

111 1634 154 1660 ea
181 1634 236 1659 em
283 1633 443 1660 rovincia
465 1633 612 1659 uxorem
661 1633 769 1658 ucere
797 1634 810 1657 i
859 1633 905 1658 ue
929 1633 948 1658 e
978 1632 1035 1658 ain
1083 1633 1120 1657 ui
1144 1632 1204 1657 us-

114 1674 129 1706 1
180 1635 462 1706 dampmandatis
483 1668 671 1703 contineri.
704 1667 804 1702 Idem
823 1634 947 1703 effidem
957 1669 982 1702 ⁵.
1008 1633 1206 1712 Re‘slpondit

110 1714 212 1766 mihi·
231 1714 393 1759 placere,
431 1713 498 1749 etsi
534 1716 660 1749 contra
694 1713 865 1748 mandata
900 1715 1125 1748 contractum
1159 1712 1207 1747 sit

46 1764 48 1766 ’
109 1759 374 1794 matrimonium
408 1758 446 1793 in
479 1757 685 1804 provincia,
721 1762 841 1793 tamen
877 1761 961 1803 post
1003 1757 1205 1803 depositum

110 1803 288 1847 officium,
325 1803 357 1839 si
390 1803 428 1839 in
462 1803 585 1839 eadem
618 1803 802 1838 voluntate
835 1807 1055 1848 perseverat,
1091 1803 1205 1838 iustas

109 1849 254 1894 nuptias
278 1848 389 1885 effici:
424 1851 460 1884 et
482 1848 562 1884 ideo
594 1851 721 1893 postea
750 1848 882 1884 liberos
914 1851 1019 1884 natos
1044 1858 1088 1883 ex
1110 1848 1204 1883 iusto

110 1894 334 1929 matrimonio
348 1894 362 1915 ⁶
386 1894 559 1939 legitimos
583 1903 674 1928 esse.

158 1936 211 1976 66
236 1938 345 1974 IDEM
378 1938 469 1975 libro
512 1938 670 1974 secundo
705 1939 963 1974 sententiarum
1026 1936 1110 1972 Non
1153 1940 1207 1973 est

109 1984 391 2026 matrimonium,
427 1983 458 2019 si
492 1986 590 2018 tutor
623 1983 680 2019 vel
714 1987 863 2019 curator
897 1982 1069 2028 pupillam
1103 1993 1206 2018 suam

109 2029 205 2065 intra
227 2029 433 2065 vicesimum
466 2032 502 2064 et
533 2031 673 2063 sextum
704 2038 839 2064 annum
869 2038 942 2063 non
967 2028 1205 2073 desponsam⁷

111 2084 133 2110 a
156 2077 260 2120 patre
283 2084 350 2110 nec
374 2077 586 2109 testamento
611 2073 824 2109 destinatam
849 2073 959 2108 ducat
982 2084 1129 2108 uxorem
1149 2072 1205 2108 vel

111 2129 190 2154 eam
220 2118 294 2154 filio
327 2129 391 2154 suo
423 2119 564 2164 iungat:
606 2128 675 2164 quo
707 2118 805 2154 facto
837 2122 988 2163 uterque
1011 2117 1206 2153 infamatur

111 2168 147 2200 et
176 2174 242 2210 pro
279 2164 451 2209 dignitate
484 2163 642 2209 pupillae
677 2168 780 2199 extra
811 2163 971 2199 ordinem
1004 2166 1200 2199 coercetur.

110 2219 178 2246 nec
201 2209 360 2252 interest,
385 2208 479 2244 filius
504 2209 559 2244 sui
581 2208 668 2244 iuris
686 2219 733 2243 an
756 2209 794 2244 in
813 2208 927 2254 patris
943 2211 1125 2261 potestate
1145 2208 1202 2243 sit.

114 2258 130 2291 1
180 2254 364 2290 Curatoris
387 2254 554 2289 libertum
578 2263 656 2288 eam
678 2254 863 2299 pupillam,
897 2263 998 2289 cuius
1028 2257 1203 2299 patronus

110 2310 167 2336 res
192 2299 430 2341 administrat,
454 2308 602 2334 uxorem
626 2299 758 2335 ducere
781 2299 868 2334 satis
891 2299 1032 2334 incivile
1057 2303 1121 2334 est.

158 2342 211 2382 67
238 2344 518 2380 Tamioimws
546 2343 637 2380 libro
670 2355 766 2380 nono
790 2344 1076 2390 disputationum
1121 2343 1204 2379 Non

111 2390 226 2426 solum
247 2390 326 2425 vivo
350 2393 481 2432 tutore,
506 2388 571 2424 sed
594 2393 629 2424 et
652 2393 736 2441 post
754 2393 904 2424 mortem
928 2389 1004 2424 eius
1028 2388 1122 2424 filius
1146 2392 1203 2423 tu-

109 2435 200 2471 toris
231 2434 361 2470 ducere
392 2444 539 2470 uxorein
570 2434 780 2479 prohibetur
813 2444 911 2477 eam,
944 2434 1046 2469 cuius
1070 2434 1205 2469 tutelae

110 2480 242 2516 rationi
265 2479 458 2515 obstrictus
481 2482 586 2525 pater
606 2478 693 2514 fuit:
726 2490 793 2514 nec
816 2483 903 2524 puto
927 2479 1117 2521 interesse,
1143 2489 1203 2513 ex-

111 2525 243 2565 stiterit
263 2525 295 2560 ei
312 2525 416 2560 heres
435 2523 530 2559 filius
550 2534 597 2559 an
617 2524 829 2559 abstinuerit
846 2528 998 2570 paterna
1008 2523 1205 2560 hereditate

111 2580 158 2606 an
181 2580 248 2606 nec
269 2570 374 2605 heres
397 2569 467 2604 fuit
491 2569 596 2612 (forte
631 2569 865 2604 exheredatus
896 2572 960 2604 aut
989 2569 1204 2614 praeteritus

111 2615 389 2660 emancipatum:
430 2625 514 2650 nam
546 2618 582 2650 et
610 2613 688 2649 fieri
717 2618 857 2660 potest,
889 2618 931 2649 ut
953 2624 1018 2659 per
1041 2613 1204 2649 fraudem

110 2660 149 2695 in
173 2670 254 2696 euin
278 2660 481 2696 collocata⁸
504 2660 600 2695 bona
622 2659 735 2704 patris
759 2663 906 2704 propter
928 2659 1078 2694 tutelam
1101 2668 1203 2694 revo-

114 2709 129 2740 1
181 2705 255 2741 cari
287 2707 462 2750 oporteat.
517 2703 572 2739 De
601 2715 673 2740 uno
707 2704 863 2740 dubitari
892 2708 1029 2750 potest,
1062 2704 1093 2739 si
1116 2713 1203 2739 avus

110 2750 260 2786 tutelam
289 2749 399 2795 gessit
428 2759 474 2784 ne
499 2749 545 2784 tis
577 2759 622 2785 ex
652 2749 725 2785 filio
758 2749 982 2794 emancipato
1007 2753 1132 2791 natae,
1157 2758 1204 2783 an

111 2795 234 2840 nepoti
258 2805 302 2830 ex
325 2794 438 2830 altero
478 2795 484 2802 '
503 2794 535 2830 'o
561 2804 640 2830 eam
658 2794 836 2830 collocare
854 2795 970 2846 possit
989 2794 1062 2830 sive
1083 2803 1202 2829 eman-

112 2840 231 2885 cipato
255 2839 328 2876 sive
351 2839 509 2874 manenti
531 2838 568 2874 in
591 2842 782 2884 potestate,
807 2850 892 2884 quia
941 2849 982 2874 ar
1005 2838 1204 2874 affectionis

112 2895 224 2921 causa
246 2884 485 2930 suspicionem
515 2883 653 2920 fraudis
688 2888 838 2921 amovet.
871 2895 910 2920 se
966 2884 1033 2920 etsi
1056 2887 1203 2919 senatus

113 2930 316 2966 consultum
340 2929 463 2964 stricto
486 2929 565 2964 iure
588 2933 716 2965 contra
748 2939 870 2965 omnes
903 2932 1042 2964 tutores
1066 2928 1202 2970 nititur,

112 2978 270 3010 attamen
294 2984 454 3011 summae
477 2973 675 3010 affectionis
699 2975 816 3010 avitae
845 2974 978 3010 intuitu
1000 2972 1205 3008 huiusmodi

112 3022 133 3055 2
180 3019 327 3065 nuptiae
346 3018 596 3055 concedendae
614 3023 708 3055 sunt.
742 3019 813 3055 Sed
833 3023 869 3055 et
887 3020 918 3055 si
937 3019 1031 3054 filius
1050 3018 1203 3053 familias

110 3067 211 3100 tutor
232 3064 372 3110 puellae
401 3064 457 3099 vel
489 3067 635 3100 curator
662 3063 751 3108 fuit,
785 3068 872 3110 puto
897 3064 951 3099 vel
975 3064 1086 3108 magis
1109 3062 1204 3108 patri

114 3109 189 3145 eius
213 3119 286 3145 non
310 3112 475 3154 oportere
499 3119 577 3145 eam
600 3109 753 3145 nubere:
786 3108 959 3155 numquid
990 3119 1056 3144 nec
1087 3107 1202 3149 fratri,

114 3157 133 3189 3
182 3154 243 3207 qui
277 3157 331 3190 est
360 3154 399 3188 in
430 3153 588 3189 eiusdem
618 3155 823 3199 potestate?
854 3154 924 3189 Sed
955 3153 1148 3194 videamus,
1173 3152 1203 3187 si

113 3198 199 3234 Titii
231 3199 326 3234 filius
361 3199 502 3234 duxerit
535 3209 683 3234 uxorem
717 3210 806 3242 eain,
842 3208 935 3244 quae
968 3202 1033 3233 tua
1067 3197 1203 3242 pupilla

110 3243 199 3286 fuit,
233 3243 360 3280 deinde
384 3243 518 3279 Titium
548 3244 604 3279 vel
633 3244 746 3280 filium
779 3245 854 3280 eius
886 3243 1130 3288 adoptaveris‚
1156 3252 1202 3276 aii

112 3288 368 3334 peremuntur⁹
399 3289 545 3341 nuptiae
570 3292 624 3331 (ut
653 3289 690 3324 in
713 3299 842 3335 genero
875 3288 1044 3340 adoptato
1070 3287 1203 3322 dictum

47 3375 50 3377 ,
115 3337 180 3374 est)
218 3344 265 3369 an
300 3333 445 3379 adoptio
480 3334 696 3379 impeditur?
738 3334 834 3387 quod
868 3342 981 3378 magis
1015 3331 1203 3368 dicendum

115 3382 171 3414 est
182 3379 210 3400 ¹⁰
235 3382 271 3414 et
293 3379 324 3414 si
358 3382 524 3421 curator,
562 3378 645 3414 dum
678 3383 769 3423 gerit
800 3388 945 3420 curam,
981 3376 1204 3422 adoptaverit

114 3423 280 3459 maritum
304 3424 379 3459 eius
409 3423 567 3468 puellae,
601 3424 700 3458 cuius
727 3427 872 3458 curator
896 3426 960 3457 est.
996 3432 1080 3457 nani
1102 3421 1203 3455 finita

1195 137 1278 196 ‘299

339 407 422 453 qui¹
453 407 611 443 rationes
645 406 804 442 curatori
825 405 989 448 reddidit,
1024 416 1095 451 pue
1123 406 1212 442 am2-

2098 155 2358 200 XXII123

1271 272 1342 325 iam
1373 272 1486 326 tutela
1509 276 1545 308 et
1568 276 1681 318 nupta
1704 275 1823 326 puella
1846 276 1944 312 alii¹¹
1967 287 2107 321 vereor,
2139 289 2185 315 ne
2214 278 2357 326 longum

1272 321 1320 353 sit
1351 318 1579 370 adoptionem
1609 318 1726 353 mariti
1758 320 1832 356 eius
1861 322 2047 367 impedire,
2081 324 2182 368 quasi
2213 329 2358 370 propter·

1272 362 1342 399 hoc
1365 366 1624 409 interponatur,
1648 366 1690 398 ut
1711 365 1802 400 ratio
1823 367 1954 402 tutelae
1974 367 2172 404 reddendae
2192 369 2357 405 cohibea·

1271 411 1352 451 tur,
1384 418 1492 454 quam
1522 418 1669 460 causam
1700 409 1947 488 ffiohibitionis
1978 413 2180 457 nuptiarum
2213 418 2355 451 contra-

1272 455 1294 487 4
1339 452 1539 489 hendarum
1563 456 1677 504 oratio
1740 453 1773 488 vi
1795 454 1911 491 Marci
1936 457 2102 493 continet.
2149 458 2199 494 Et
2222 459 2252 494 si
2276 460 2355 512 quis

1273 501 1418 534 curator
1438 498 1554 534 ventri
1577 497 1681 533 bonis
1706 508 1751 532 ue
1771 498 1875 535 datus
1899 500 1955 544 sit,
1975 503 2245 546 prohibitionem
2264 514 2356 540 eius-

1273 542 1354 577 dem
1389 546 1534 579 senatus
1578 553 1666 578 cons
1706 542 1732 577 ti
1774 543 1929 579 inducit:
1973 557 2054 581 nam
2090 552 2125 583 et
2159 549 2217 583 hic
2253 549 2358 585 debet

1272 588 1449 624 rationem
1459 587 1619 624 reddere.
1634 597 1701 623 nec
1721 588 1875 633 spatium
1895 589 2206 628 administrationis
2219 604 2358 630 movere

1272 642 1340 685 nos
1363 632 1479 685 debet,
1504 633 1681 685 quia-nec·
1701 632 1738 668 in
1761 637 1879 669 tutore
1901 644 1966 670 nec
1987 641 2149 672 curatore
2170 638 2356 675 discrimen

1272 687 1416 713 maioris
1459 682 1522 713 aut
1556 688 1701 713 minoris
1735 681 1807 713 tem
1835 679 1923 722 oris,
1967 691 2035 725 quo
2078 682 2115 716 in
2157 682 2358 719 huiusmodi

1273 725 1292 757 5
1340 733 1488 759 munere
1530 723 1609 768 quis
1640 722 1772 766 fuerit,
1833 724 1967 759 abitum
1991 727 2109 761 esse¹².
2157 727 2195 762 Si
2218 728 2358 773 puellae

1272 767 1422 803 tutelam
1441 767 1556 804 Titius
1578 767 1837 803 administravit
1855 769 1909 803 vel
1930 774 2071 805 curator
2092 782 2136 806 ne
2160 773 2231 807 otia
2250 773 2359 818 gessit

1274 822 1386 865 eaque
1409 813 1567 849 nondum
1598 816 1744 858 recepta
1772 813 1911 849 ratione
1943 814 2094 851 decessit
2125 783 2198 851 figiia
2228 817 2359 854 herede

1272 857 1416 900 rehcta,
1452 858 1656 903 quaerenti,
1692 868 1740 893 an
1774 868 1852 893 eam
1887 858 1959 894 filio
1995 870 2058 895 suo
2093 865 2215 912 posset
2244 862 2359 899 Titius

1274 902 1452 939 collocare
1471 903 1509 938 in
1528 903 1801 945 matrimonium,
1816 903 1889 938 dixi
1907 914 2023 949 posse,
2045 916 2127 950 quia
2146 907 2235 942 ratio
2256 908 2357 942 here-

1275 947 1405 984 ditaria
1428 951 1523 983 esset
1545 951 1582 983 et
1605 948 1652 983 sit
1675 948 1825 993 simplex
1849 948 2026 984 debitum:
2060 950 2214 996 alioquin
2245 952 2358 987 omnis

1274 992 1412 1028 debitor
1436 1003 1526 1035 eam,
1559 993 1618 1028 cui
1648 993 1824 1045 obligatus
1857 998 1951 1029 esset
1990 1005 2032 1029 ex
2064 995 2182 1040 aliqua
2211 997 2358 1038 ratione,

1274 1040 1294 1073 6
1340 1038 1551 1083 prohibetur
1583 1038 1651 1074 sibi
1680 1037 1823 1083 filioque
1855 1049 1921 1074 suo
1954 1039 2175 1084 coniungere.
2223 1040 2292 1076 Sed
2325 1045 2361 1077 et

1271 1083 1314 1126 is,
1340 1083 1402 1128 qui
1422 1083 1596 1136 pupillam
1627 1083 1783 1118 abstinet
1813 1084 1915 1119 bonis
1946 1084 2058 1129 patris
2091 1085 2162 1128 sui,
2187 1086 2361 1122 rationem

1273 1128 1349 1163 eius
1380 1138 1433 1164 rei
1465 1132 1650 1174 praestare
1674 1128 1780 1164 debet
1804 1132 1839 1164 et
1862 1128 1938 1164 fieri
1960 1133 2090 1175 potest,
2114 1133 2155 1165 ut
2178 1130 2245 1166 etsi
2259 1131 2285 1152 ¹³
2307 1130 2361 1165 in-

1274 1173 1471 1208 consultius
1506 1173 1576 1209 hoc
1610 1173 1754 1216 fecerit,
1791 1177 1827 1209 et
1857 1174 1926 1210 hoc
1956 1175 2098 1210 nomine
2134 1175 2361 1210 condemnari

1274 1218 1414 1254 debeat.
1452 1219 1515 1254 sed
1550 1222 1587 1254 et
1615 1219 1646 1254 si
1677 1219 1809 1264 optimo
1843 1219 1989 1255 consilio
2029 1230 2116 1255 usus
2157 1220 2203 1255 sit
2232 1220 2361 1255 auxilio

1272 1263 1473 1309 praetoriae
1503 1263 1778 1306 iurisdictionis,
1822 1263 1905 1316 quia
1942 1274 2015 1299 non
2054 1265 2221 1300 solvendo
2261 1268 2364 1310 pater

1275 1309 1350 1344 eius
1388 1308 1607 1351 decesserat,
1643 1309 1752 1344 nihilo
1788 1319 1903 1344 minus
1939 1313 2076 1351 tamen,
2114 1310 2197 1355 quia
2230 1309 2361 1346 iudicio

1273 1354 1343 1390 hoc
1366 1354 1512 1399 probari
1535 1357 1695 1400 oportet,
1726 1354 1967 1399 impediuntur
1997 1354 2162 1406 nuptiae:
2195 1355 2362 1407 nam-qui

1273 1399 1365 1434 bene
1388 1399 1537 1435 tutelam
1567 1402 1604 1435 et
1636 1410 1679 1434 ex
1709 1398 1779 1434 fide
1812 1399 2089 1442 administravit,
2114 1399 2223 1435 nihilo
2247 1410 2363 1435 minus
2410 1435 2413 1437 ,

1298 1444 1495 1480 rohibetur.

1274 1455 1297 1490 p
1321 1486 1374 1527 68
1399 1488 1559 1525 Pinus
1579 1489 1670 1525 libro
1701 1488 1885 1535 simulari
1913 1489 1963 1524 ad
1991 1492 2138 1524 senatus
2161 1489 2361 1526 consultum

1276 1533 1542 1581 Turpillianum
1587 1534 1670 1569 Iure
1693 1533 1849 1579 gentium
1872 1534 2047 1569 incestum
2072 1534 2278 1576 committit,
2303 1534 2361 1579 qui

1274 1589 1318 1614 ex
1347 1579 1462 1625 gradu
1493 1579 1760 1614 ascendentium
1798 1578 1853 1613 vel
1893 1578 2181 1614 descendentium
2217 1589 2362 1615 uxorem

1275 1624 1426 1660 duxerit.
1460 1624 1521 1670 qui
1544 1635 1626 1659 vero
1652 1634 1695 1658 ex
1718 1624 1829 1658 latere
1854 1633 1931 1659 eam
1962 1624 2102 1659 duxerit
2158 1634 2240 1659 uam
2262 1626 2361 1659 veta-

1274 1673 1343 1712 tur,
1375 1670 1431 1705 vel
1462 1669 1614 1704 adfinem
1647 1679 1753 1715 quam
1783 1669 1990 1714 impeditur,
2023 1669 2053 1704 si
2076 1669 2137 1721 qui
2164 1680 2218 1704 em
2241 1669 2360 1713 palam

1273 1714 1420 1757 fecerit,
1444 1714 1575 1757 levius,
1601 1714 1632 1749 si
1654 1724 1735 1749 vero
1761 1714 1852 1749 clam
1875 1714 1945 1749 hoc
1970 1714 2194 1755 commiserit,
2217 1713 2360 1758 gravius

1274 1760 1432 1805 punitur.
1460 1760 1560 1795 cuius
1586 1758 1798 1794 diversitatis
1821 1758 1882 1793 illa
1905 1758 1996 1794 ratio
2021 1763 2093 1794 est:
2121 1759 2216 1794 circa
2239 1758 2360 1793 matri-

1274 1805 1431 1840 monium
1454 1804 1550 1850 quod
1574 1814 1618 1839 ex
1640 1805 1751 1839 latere
1774 1814 1846 1839 non
1869 1804 1960 1839 bene
1992 1804 2214 1839 contrahitur
2244 1803 2360 1848 palam

1275 1850 1519 1895 delinquentes
1550 1852 1591 1884 ut
1615 1852 1774 1884 errantes
1787 1849 1814 1869 ¹⁴¹
1839 1848 1971 1883 maiore
1994 1858 2111 1894 poena
2134 1851 2361 1890 excusantur,

1275 1895 1366 1930 clani
1391 1895 1649 1931 committentes
1673 1898 1714 1929 ut
1738 1896 1966 1929 contumaces
1990 1893 2204 1938 plectuntur.

1762 2032 1820 2069 ΙΙΙ
1831 2030 1868 2070 ¹⁵.

1607 2097 1668 2129 DE
1693 2096 1803 2128 imin
1830 2096 2014 2129 Do'rmM.

1322 2165 1341 2201 1
1370 2163 1427 2199 ΡΑ
1435 2173 1530 2199 ULUS
1550 2162 1640 2198 libro
1665 2166 1795 2208 quarto
1820 2162 1957 2198 decimo
1981 2161 2030 2196 ad
2049 2160 2222 2197 Sabinum
2258 2161 2361 2196 Dotis

1273 2219 1384 2245 causa
1415 2211 1589 2253 perpetua
1621 2211 1691 2249 est,
1727 2210 1762 2242 et
1775 2208 1802 2228 ¹⁶
1826 2218 1907 2242 cum
1930 2209 2011 2242 voto
2037 2206 2111 2241 eius
2145 2206 2205 2251 qui
2229 2205 2290 2240 dat
2312 2206 2362 2240 ita

1274 2253 1506 2295 contrahitur,
1531 2256 1572 2288 ut
1595 2262 1735 2297 semper
1759 2252 1857 2296 apud
1879 2251 2045 2286 maritum
2068 2251 2124 2286 sit.

1319 2297 1344 2336 2
1368 2298 1470 2334 Idem
1495 2298 1587 2334 libro
1614 2298 1841 2343 seoeaqesimo
1866 2297 1915 2331 ad
1945 2296 2095 2332 edictum
2109 2296 2135 2316 ²⁷
2197 2294 2264 2330 Rei
2294 2306 2359 2340 pu-

1273 2344 1389 2380 blicae
1419 2344 1568 2379 interest
1591 2342 1756 2377 mulieres
1781 2341 1883 2377 dotes
1908 2341 2023 2376 salvas
2047 2340 2190 2381 habere,
2214 2343 2359 2384 propter

1273 2399 1363 2435 quas
1388 2388 1523 2424 nubere
1545 2390 1709 2433 possunt.

1319 2431 1343 2472 3
1377 2433 1572 2469 ULPIANUS
1601 2432 1692 2468 libro
1723 2431 1951 2476 seaeaqesimo
1991 2429 2095 2464 tertio
2126 2428 2176 2463 ad
2206 2428 2357 2462 edictum

1272 2479 1377 2515 Dotis
1402 2477 1592 2524 appellatio
1616 2487 1688 2512 non
1708 2476 1862 2511 refertur
1885 2474 1932 2509 ad
1952 2484 1994 2509 ea
2013 2472 2245 2524 matrimonia,
2267 2482 2358 2517 quae

1273 2524 1468 2560 consistere
1492 2533 1563 2558 non
1586 2525 1755 2567 possunt:
1789 2530 1903 2564 neque
1927 2519 2018 2554 enim
2043 2518 2106 2552 dos
2139 2527 2213 2552 sine
2236 2517 2356 2552 matri-

1272 2569 1390 2604 monio
1413 2578 1491 2603 esse
1509 2570 1638 2613 potest.
1660 2565 1873 2610 ubicumque
1885 2564 1991 2608 igitur
2004 2561 2217 2597 matrimonii
2229 2572 2357 2596 nomen

1272 2625 1344 2650 non
1369 2617 1433 2655 est,
1458 2622 1524 2647 nec
1548 2612 1613 2647 dos
1638 2614 1701 2646 est.

1318 2658 1344 2696 4
1369 2657 1425 2694 ΡΑ
1434 2667 1528 2693 ULUS
1548 2657 1638 2692 libro
1663 2658 1766 2690 sexto
1792 2653 1841 2688 ad
1863 2652 2036 2688 Sabinum
2084 2651 2121 2686 Si
2145 2651 2357 2696 proprietati

1271 2704 1390 2740 nudae
1420 2703 1457 2737 in
1488 2702 1607 2737 dotem
1640 2701 1744 2735 datae
1775 2708 1861 2733 usus
1892 2697 2030 2732 fructus
2062 2696 2270 2738 accesserit,
2302 2696 2355 2731 in-

1273 2751 1490 2785 crementum
1512 2746 1650 2781 videtur
1670 2744 1774 2785 dotis,
1787 2753 1860 2778 non
1880 2742 1951 2777 alia
1971 2741 2047 2784 dos,
2061 2740 2356 2786 quemadmodum

1273 2794 1305 2830 si
1351 2792 1413 2828 uid
1436 2791 1613 2827 alluvione
1636 2788 1857 2825 accessisset.

1317 2805 1350 2875 ἓ
1374 2837 1569 2873 ULPJANUS
1599 2835 1688 2870 libro
1725 2832 1906 2879 trigesimo
1933 2831 2057 2878 primo
2093 2830 2142 2866 ad
2176 2829 2352 2867 Sabinum

1271 2881 1488 2919 Profecticia
1519 2880 1583 2915 dos
1617 2882 1688 2921 est,
1721 2887 1814 2923 quae
1846 2886 1868 2912 a
1899 2880 2002 2921 patre
2023 2875 2079 2911 vel
2101 2879 2250 2921 parente
2271 2885 2354 2920 pro-

1274 2931 1289 2963 1
1338 2927 1435 2963 fecta
1469 2928 1524 2960 est
1558 2924 1601 2959 de
1634 2923 1739 2958 bonis
1773 2921 1830 2958 vel
1861 2920 1959 2957 facto
1995 2920 2081 2956 eius.
2136 2919 2216 2955 Sive
2249 2919 2355 2964 igitur

1270 2981 1401 3018 parens
1433 2970 1530 3005 dedit
1560 2969 1679 3004 dotem
1711 2967 1785 3003 sive
1807 2969 2019 3019 procurator
2050 2965 2125 3001 eius
2157 2965 2229 3000 sive
2251 2963 2355 2998 iussit

1271 3018 1379 3052 alium
1412 3015 1498 3051 dare
1531 3014 1613 3056 sive,
1646 3023 1727 3048 cuin
1759 3021 1838 3057 quis
1878 3010 2034 3046 dedisset
2067 3010 2245 3055 negotium
2279 3008 2353 3043 eius

1269 3071 1411 3109 gerens,
1445 3069 1575 3105 parens
1606 3060 1725 3092 ratum
1758 3056 1935 3098 habuerit,
1959 3054 2168 3100 profecticia
2200 3053 2264 3088 dos
2288 3056 2350 3087 est.

1271 3110 1291 3142 2
1338 3104 1441 3151 Quod
1472 3104 1503 3139 si
1538 3102 1616 3148 quis
1649 3101 1744 3147 patri
1779 3101 1976 3136 donaturus
2012 3099 2125 3141 dedit,
2161 3097 2351 3133 Marcellus

1270 3152 1361 3188 libro
1386 3151 1486 3185 sexto
1511 3148 1727 3192 digestorum
1751 3145 1895 3191 scripsit
1916 3145 2011 3180 hanc
2035 3153 2184 3194 quoque·
2205 3152 2227 3176 a
2249 3144 2350 3186 patre

1271 3200 1290 3232 3
1336 3193 1534 3241 profectam
1558 3202 1653 3227 esse:
1690 3194 1726 3227 et
1749 3194 1804 3226 est
1825 3200 1957 3226 verum.
2005 3188 2075 3224 Sed
2098 3192 2134 3223 et
2157 3198 2185 3221 si
2210 3188 2352 3236 curator

1269 3240 1395 3276 furiosi
1417 3238 1470 3273 vel
1493 3237 1630 3283 prodigi
1653 3237 1707 3271 vel
1732 3235 1886 3271 cuiusvis
1906 3234 2050 3270 alterius
2070 3233 2185 3267 dotem
2206 3230 2349 3270 dederit,

1271 3290 1291 3321 4
1339 3284 1497 3320 similiter
1529 3282 1684 3317 dicemus
1721 3280 1839 3315 dotem
1895 3278 2113 3314 rofecticiam
2145 3284 2230 3310 esse.
2279 3272 2349 3308 Sed

1271 3334 1306 3366 et
1330 3330 1359 3365 si
1389 3336 1568 3374 proponas
1600 3329 1800 3371 praetorem
1830 3291 1893 3360 veij
1916 3322 2115 3373 praesidem
2146 3318 2348 3369 decrevisse,

1271 3377 1443 3420 quantum
1474 3382 1518 3406 ex
1551 3371 1654 3406 bonis
1686 3370 1799 3415 patris
1829 3369 1883 3404 vel
1914 3368 1959 3402 ab
1983 3366 2143 3401 hostibus
2167 3365 2262 3407 capti
2285 3364 2349 3396 aut

1271 3431 1292 3454 a
1326 3417 1525 3453 latronibus
1560 3415 1722 3461 oppressi
1756 3414 1850 3449 filiae
1883 3414 1921 3448 in
1955 3412 2071 3446 dotem
2106 3408 2223 3447 detur,
2260 3406 2348 3439 haec

117 3480 2345 3505 M

116 3536 157 3577 (1)
183 3536 256 3578 qui]
270 3536 422 3577 quamvis
434 3547 496 3568 scr.

116 3580 247 3623 nupsit]
260 3580 332 3612 viro
347 3580 493 3622 supersit
505 3592 566 3612 scr.

118 3625 231 3658 eodem
246 3626 309 3658 del.
322 3625 375 3658 F²
475 3627 519 3668 (6)
543 3636 583 3659 ex
595 3627 685 3659 iusto
697 3625 912 3658 matrimonio
926 3625 988 3658 dcl.

114 3672 303 3712 sponsatam
324 3671 404 3702 ΡΜ
539 3674 585 3713 (8)
609 3671 732 3703 collata
755 3672 829 3704 dett.
965 3671 1012 3711 (9)
1034 3678 1205 3711 peremen-

114 3718 173 3749 tur
185 3714 238 3747 F²
329 3716 391 3758 (10)
413 3715 482 3748 nisi
498 3715 567 3748 iam
583 3715 691 3749 tutela
708 3715 805 3747 finita
822 3717 870 3747 est
891 3716 951 3748 ins.

121 3765 218 3798 finita
241 3766 309 3797 iam
329 3764 436 3796 tutela
448 3766 558 3805 nupta
571 3763 685 3805 puella
698 3763 751 3795 illi
763 3775 826 3796 scr.

602 3538 644 3576 (2)
670 3535 837 3578 pupillam
849 3536 921 3568 cdd.
1038 3535 1081 3575 (3)
1106 3535 1201 3576 virgo

683 3584 723 3615 (4)
749 3579 965 3611 matrimonio
980 3578 1031 3610 F²
1158 3578 1202 3620 (5)

991 3760 1049 3800 (12)
1075 3763 1125 3791 est
1144 3772 1204 3791 scr.

1046 3716 1103 3754 (11)
1128 3723 1203 3745 nain
1272 3709 1331 3742 del.
1346 3707 1427 3741 Hal.

1271 3537 1327 3570 (13)
1353 3530 1417 3561 etsi
1431 3529 1493 3562 del.
1509 3540 1578 3561 cum
1590 3528 1633 3562 R.
1648 3528 1847 3561 Schneidero
2007 3524 2063 3562 (14)
2089 3531 2108 3552 a
2121 3522 2179 3553 ins.
2194 3519 2346 3550 Breuem.

1317 3576 1374 3614 (15)
1400 3573 1844 3607 Sub-1.4...·1.9...12.14...25
1870 3575 1984 3603 27...30.
2008 3574 2075 3600 32...
2090 3572 2133 3597 4⁴.
2156 3568 2273 3596 4⁶...5a
2296 3568 2343 3595 so.

1081 3625 1125 3667 (τ)
1150 3623 1205 3656 de-
1271 3627 1323 3658 833
1348 3619 1413 3652 Ed.
1427 3625 1455 3652 2.
1469 3624 1496 3652 s.
1518 3624 1560 3651 13.
1583 3624 1630 3651 26.
1652 3623 1772 3650 54...c·1.
1795 3622 1849 3653 823
1884 3613 1970 3654 Pap.
1986 3619 2014 3645 s.
2034 3617 2076 3643 si.
2091 3616 2135 3642 ⁴5.
2152 3613 2272 3641 ‹ism-is.
2294 3612 2343 3643 εις

1270 3665 1359 3707 App.
1372 3671 1420 3697 79.
1435 3670 1482 3697 84.
1493 3669 1541 3697 85.
1556 3681 1596 3686 -
1611 3663 1695 3694 Bas.
1710 3661 1764 3700 29,
1777 3667 1799 3693 1.
1814 3676 1858 3682 —
1882 3658 1931 3700 Cs.
1950 3656 2025 3689 C'od.
2040 3656 2070 3693 5,
2083 3660 2125 3687 ιε.
2229 3652 2286 3691 (is)
2313 3651 2343 3681 et

1522 3707 1579 3746 (17)
1605 3708 1647 3749 cs
1662 3705 1786 3738 Paulus
1797 3704 1842 3736 D.
1857 3703 1911 3742 42,
1926 3709 1951 3739 5,
1965 3707 1997 3734 18

2010 3786 2073 3820 38*
