2528 3918
117 142 191 176 ‚DE
222 142 354 174 DOTIS
385 142 670 174 COLLATIONE

130 253 329 298 procreavit
352 253 479 297 filium,
504 264 608 298 quem
632 263 718 289 avus
740 253 778 287 in
802 252 919 288 locum
944 252 1005 287 filii
1031 251 1214 298 adoptavit

131 303 165 334 01
182 299 236 334 vel
254 298 455 341 intestatus,
474 299 529 334 vel
545 301 757 334 testamento
774 298 870 333 facto
885 298 1077 343 praeterito
1093 308 1212 334 eman-

131 344 247 389 cipato
271 343 356 386 filio,
382 343 551 379 decessit:
578 343 776 388 quaesitum
796 346 860 385 est,
879 343 963 388 quid
980 343 1022 378 de
1039 344 1213 379 bonorum

130 388 365 434 possessione,
391 389 474 434 quid
492 389 536 424 de
557 389 745 424 collatione
763 388 850 423 iuris
868 392 973 423 esset.
1021 388 1190 433 respondi
1202 389 1212 408 ¹

132 435 322 477 bonorum,
353 434 396 470 de
421 434 549 479 quibus
574 433 773 478 quaeritur,
805 437 876 468 tres
906 437 1026 478 partes
1050 434 1128 468 fieri
1152 432 1211 468 de-

130 480 229 522 bent,
256 489 298 513 ex
323 479 450 524 quibus
474 489 545 513 una
568 478 721 524 pertinet
745 478 791 514 ad
813 478 925 513 filium
950 479 1008 523 qui
1031 479 1068 513 in
1091 482 1211 524 potes-

129 528 201 559 tate
226 524 410 568 remansit,
443 524 557 558 altera
580 523 626 558 ad
649 527 833 569 nepotem,
866 523 926 568 qui
948 524 984 558 in
1009 524 1127 559 locum
1150 523 1211 557 filii

128 569 318 614 adoptatus
343 572 407 613 est,
432 568 537 604 tertia
559 569 604 604 ad
625 569 884 613 emancipatum
907 568 1018 603 filium
1045 573 1079 604 et
1102 579 1211 614 nepo-

127 618 215 656 tem,
269 614 305 648 ui
336 615 373 649 in
401 617 579 659 potestate
607 614 849 657 remanserit²‚
881 613 933 648 ita
955 617 995 649 ut
1018 618 1121 659 pater
1147 613 1211 649 soli

128 660 158 694 ei
178 670 245 694 con
263 663 347 703 erat,
370 670 450 694 cum
467 670 536 704 quo
554 659 729 694 bonorum
743 659 1005 704 possessionem
1024 659 1100 695 acci
1125 659 1176 693 iat
1186 658 1208 691 ⁸.

173 703 196 740 4
231 705 457 739 AFRICANUS
490 705 580 740 libro
611 708 741 750 quarto
780 705 1028 750 quaestionum
1114 703 1211 738 ilium

128 749 387 794 emancipatum
412 749 547 791 dotem,
579 759 685 794 quam
708 749 804 785 filiae
828 759 914 784 suae
937 750 1079 785 nomine
1104 748 1210 792 dedit,

128 794 289 829 conferre
312 805 384 830 non
408 794 547 838 debere,
572 795 655 839 quia
678 805 761 837 non,
787 794 880 830 sicut
903 795 940 829 in
962 795 1085 830 matris
1109 794 1212 829 fami-

126 840 191 874 lias
216 839 317 874 bonis
343 849 420 919 01000
446 839 509 875 dos
537 839 781 884 intellegatur,
812 839 863 874 ita
894 843 928 874 et
956 840 992 874 in
1025 840 1156 884 patris,
1190 849 1210 873 a

150 895 195 920 uo
221 884 266 919 sit
314 895 354 920 ro
372 888 461 920 ecta.

127 896 148 930 q
173 929 196 966 5
209 931 221 950 ⁴
253 896 447 965 ULpPJANUS
462 930 553 966 libro
571 930 860 977 septuaqensimo
879 941 974 965 nono
993 930 1043 965 ad
1059 929 1210 965 edictum

127 975 164 1010 Si
188 975 266 1019 quis
290 974 400 1009 filium
424 975 557 1010 habeat
581 975 636 1010 sui
659 975 747 1010 iuris
781 979 815 1009 et
847 985 890 1010 ex
921 984 962 1010 eo
987 978 1151 1020 nepotem
1174 974 1210 1009 in

126 1023 303 1065 potestate
327 1030 410 1062 sua,
439 1024 696 1064 consequenter
720 1020 787 1055 erit
811 1020 1014 1064 dicendum,
1045 1020 1075 1056 si
1100 1030 1211 1064 nepos

126 1065 237 1110 patris
262 1065 317 1101 sui
342 1065 554 1110 emancipati
575 1065 728 1110 accipiat
744 1066 920 1101 bonorum
939 1066 1210 1111 possessionem,

126 1111 168 1146 de
194 1110 417 1146 conferendis
442 1111 514 1146 suis
541 1121 680 1155 quoque
704 1111 806 1146 bonis
832 1120 957 1146 cavere
981 1121 1061 1146 eum
1083 1111 1212 1146 debere

126 1160 161 1191 et
181 1166 258 1191 esse
276 1156 423 1190 similem
442 1156 472 1190 01
492 1156 551 1201 (1111
569 1156 769 1201 adoptavit:
795 1156 864 1191 hoc
884 1157 976 1190 enim
995 1156 1063 1191 divi
1082 1155 1211 1192 fratres

124 1201 400 1246 rescfipserunt,
439 1204 479 1235 ut
514 1201 559 1236 ad
595 1201 817 1236 collationem
849 1211 935 1237 avus
966 1201 1210 1246 compellatur.

126 1246 230 1290 plane
260 1245 383 1281 eodem
414 1246 588 1291 rescripto
619 1246 797 1281 adiectum
829 1249 882 1282 est
912 1246 980 1282 sic:
1014 1247 1091 1281 ‘nisi
1118 1246 1211 1282 forte

126 1295 223 1326 ‘avus
246 1291 314 1326 iste
338 1291 474 1325 nullum
499 1301 541 1326 ex
559 1291 614 1326 his
632 1292 735 1326 bonis
755 1291 912 1327 fructum
932 1291 1119 1336 adquirere
1137 1292 1212 1327 vult

126 1338 355 1381 ‘paratusque
385 1340 439 1371 est
470 1336 512 1371 de
541 1340 719 1381 potestate
750 1340 914 1382 nepotem
946 1337 1138 1379 dimittere,
1171 1340 1213 1372 ut

126 1381 182 1416 ‘ad
206 1382 469 1426 emancipatum
493 1391 596 1417 omne
620 1382 895 1417 emolumentum
925 1382 1101 1417 bonorum
1128 1393 1209 1427 pos-

126 1426 304 1462 ‘sessionis
334 1426 528 1480 perveniat.
576 1437 642 1462 nec
666 1427 797 1462 idcirco
824 1437 865 1462 ea
887 1427 977 1470 filia,
1009 1438 1100 1472 quae
1130 1431 1212 1472 post

125 1472 453 1531 ‘emancipationem
477 1474 561 1506 nata
585 1473 679 1552 Satri
702 1473 804 1508 heres
830 1473 976 1515 exstitit,
1001 1473 1093 1508 iuste
1113 1474 1211 1518 queri

125 1517 291 1562 ‘poterit,
321 1517 470 1561 inquit⁵‚
502 1519 582 1562 ‘quo
637 1528 677 1553 eo
708 1517 805 1553 facto
836 1528 858 1552 a
888 1518 1088 1554 collationis
1115 1529 1210 1554 com-

125 1562 266 1597 ι1110(1ο6
290 1562 507 1604 excluditur,
538 1573 619 1598 cum
643 1573 709 1598 avo
734 1563 947 1608 quandoque
971 1563 1141 1599 defuncto
1166 1564 1211 1599 ad

125 1608 230 1643 ‘bona
261 1607 335 1642 eius
367 1607 471 1643 simul
495 1618 575 1643 cum
598 1607 711 1643 fratre
734 1608 848 1653 possit
870 1608 1012 1644 venire’.
1060 1610 1150 1644 haec
1173 1609 1211 1644 in

124 1656 224 1697 patre
253 1652 418 1697 adoptivo
448 1652 541 1688 ratio
570 1653 671 1689 reddi
707 1664 779 1688 non
813 1657 932 1699 potest
962 1657 997 1689 et
1024 1657 1144 1690 tamen
1176 1657 1211 1690 et

123 1697 173 1733 ibi
200 1697 294 1732 idem
324 1698 498 1740 dicemus,
531 1698 561 1734 si
590 1699 665 1734 sine
694 1698 776 1734 dolo
804 1699 898 1735 malo
923 1699 1209 1744 emancipaverit.

127 1746 140 1777 1
191 1742 382 1787 Stipulatio
405 1746 522 1778 autem
543 1743 741 1779 collationis
759 1747 845 1779 11100
865 1745 1108 1788 committitur,
1131 1756 1210 1780 cum

123 1788 368 1833 interpellatus
395 1799 475 1823 cum
499 1788 617 1833 aliquo
643 1789 777 1834 spatio,
802 1801 872 1834 quo
897 1789 1058 1825 conferre
1082 1791 1209 1835 potuit,

125 1843 195 1868 non
218 1833 316 1875 facit,
344 1833 519 1869 maxime⁷
544 1844 625 1869 cum
649 1834 735 1869 boni
757 1835 823 1869 viri
847 1835 1023 1870 arbitratu
1049 1836 1210 1871 collatio-

125 1881 142 1913 2
191 1889 270 1913 nem
294 1879 372 1914 fieri
397 1879 513 1914 edicto
537 1880 712 1924 praetoris
732 1880 904 1915 insertum
926 1884 990 1915 est.
1027 1880 1107 1916 Sive
1126 1891 1208 1925 ergo

123 1924 159 1958 in
184 1927 299 1959 totum
324 1924 466 1959 collatio
491 1924 588 1959 facta
611 1935 683 1960 non
709 1929 762 1960 est
786 1925 859 1961 sive
881 1926 918 1960 in
941 1929 1080 1970 partem
1100 1925 1208 1968 facta,

125 1971 142 2003 3
190 1969 308 2004 locum
338 1969 484 2004 habebit
514 1970 603 2005 haec
628 1970 830 2015 stipulatio:
864 1974 899 2006 et
929 1971 1000 2006 sive
1031 1971 1108 2016 quis
1138 1982 1209 2006 non

125 2013 284 2049 conferat
314 2024 357 2049 ex
386 2015 455 2050 hac
485 2015 714 2060 stipulatione
743 2015 816 2051 sive
846 2016 926 2051 dolo
959 2015 1099 2059 fecerit,
1139 2027 1209 2061 quo

123 2060 238 2094 minus
265 2059 438 2104 conferat,
471 2061 592 2105 quanti
619 2070 662 2096 ea
684 2071 740 2096 res
765 2061 848 2104 erit,
878 2061 915 2096 in
939 2064 1076 2096 tantam
1100 2072 1208 2106 pecu-

123 2105 217 2140 niam
243 2105 547 2141 condemnabitur.

170 2148 195 2187 6
222 2150 366 2186 CELSUS
387 2151 476 2186 libro
502 2151 637 2185 decimo
663 2151 882 2197 diqestorum
929 2151 1075 2194 Dotem,
1105 2162 1209 2197 quam

124 2195 220 2231 dedit
244 2205 330 2231 avus
355 2199 543 2241 paternus,
574 2206 620 2231 an
649 2200 731 2241 post
754 2200 903 2231 mortem
929 2197 984 2232 avi
1008 2200 1149 2232 mortua
1172 2198 1209 2231 in

124 2240 347 2276 matrimonio
371 2240 445 2275 filia
467 2241 562 2286 patri
586 2241 687 2276 reddi
710 2245 884 2287 oporteat,
910 2242 1104 2287 quaeritur.
1149 2253 1208 2278 oc-

126 2286 237 2321 currit
260 2286 422 2330 aequitas
446 2287 508 2331 rei,
534 2290 583 2329 ut,
615 2286 710 2331 quod
733 2290 838 2332 pater
861 2297 960 2323 meus
984 2291 1132 2332 propter
1155 2298 1211 2323 me

124 2331 218 2367 filiae
242 2342 340 2367 meae
365 2332 506 2367 nomine
531 2331 643 2375 dedit,
677 2332 823 2377 perinde
848 2332 895 2367 sit
918 2336 1026 2377 atque
1049 2334 1125 2378 ipse
1151 2333 1210 2368 de-

125 2377 252 2412 derim:
284 2377 414 2422 quippe
444 2376 601 2412 officium
631 2378 686 2412 avi
718 2377 814 2413 circa
843 2381 985 2422 neptem
1015 2388 1060 2413 ex
1091 2378 1209 2414 officio

124 2422 235 2466 patris
266 2432 349 2467 erga
378 2422 490 2457 filium
519 2422 651 2468 pendet
680 2426 715 2458 et
745 2423 828 2467 quia
857 2427 961 2468 pater
990 2423 1100 2466 filiae,
1130 2423 1210 2459 ideo

125 2478 210 2502 avus
234 2470 381 2512 propter
404 2467 514 2502 filium
539 2467 637 2512 nepti
660 2467 778 2503 dotem
803 2469 888 2504 dare
912 2468 1028 2504 debet.
1073 2469 1158 2514 quid
1182 2469 1212 2505 si

125 2512 218 2548 filius
251 2523 273 2547 a
302 2516 404 2557 patre
437 2513 672 2548 exheredatus
702 2514 783 2549 est?
830 2513 990 2550 existimo
1022 2515 1118 2550 non⁸
1148 2515 1210 2550 ab·

125 2557 230 2593 surde
263 2559 368 2593 etiam
397 2558 435 2592 in
464 2558 677 2593 exheredato
708 2558 781 2594 filio
811 2559 903 2594 idem
927 2569 1033 2604 posse
1058 2559 1210 2603 defendi,

125 2613 191 2638 nec
214 2603 457 2639 infavorabilis
482 2603 659 2639 sententia
682 2607 747 2646 est,
773 2607 813 2639 ut
836 2604 905 2640 hoc
929 2605 1056 2640 saltem
1079 2605 1212 2640 habeat

125 2658 167 2683 ex
171 2648 360 2729 7paternis,
386 2648 482 2693 quod
505 2652 651 2694 propter
673 2648 774 2683 illum
797 2649 943 2684 datum⁹
968 2653 1033 2685 est.

219 2693 327 2729 IDEM
347 2694 437 2730 libro
463 2695 567 2729 tertio
591 2694 727 2729 decimo
752 2694 971 2740 diqestorum
1007 2695 1045 2730 Si
1063 2706 1107 2731 ne
1135 2699 1211 2731 otes

124 2739 160 2773 in
174 2738 292 2774 locum
306 2738 368 2773 filii
385 2742 645 2781 successerunt,
661 2749 733 2774 una
746 2739 863 2784 portio
877 2740 908 2775 is
925 2739 1080 2775 conferri
1119 2742 1210 2784 ebet,

125 2784 178 2818 uti
201 2784 374 2819 bonorum
393 2784 628 2829 possessionis
646 2794 754 2819 unam
773 2788 911 2830 partem
931 2785 1066 2820 habent
1080 2787 1124 2818 ¹0:
1149 2786 1212 2821 sed

127 2832 161 2863 et
177 2828 246 2873 ipsi
263 2829 314 2864 ita
334 2829 496 2865 conferre
514 2829 645 2865 debent
657 2830 695 2873 ¹¹,
717 2830 819 2875 quasi
834 2840 955 2866 omnes
969 2841 1062 2866 unus
1081 2835 1210 2866 essent.

172 2871 195 2911 8
221 2873 468 2910 PAPJMANUS
488 2875 578 2910 libro
604 2876 708 2910 tertio
733 2876 982 2920 quaestionum
1025 2875 1060 2911 N
1063 2887 1210 2911 011011111-

126 2929 231 2964 quam
266 2922 412 2964 praetor
449 2919 645 2955 variantem
682 2930 754 2955 non
791 2920 931 2965 repellit
961 2924 995 2956 et
1025 2921 1211 2957 consilium

126 2965 336 3000 mutantis¹²
365 2975 438 3000 non
469 2974 508 3000 as
537 2966 733 3001 eruaturffl.
790 2966 885 3001 unde
923 2966 1066 3011 quidam
1101 2966 1212 3001 filium

126 3009 263 3045 emanci
290 3012 397 3052 atum,
423 3009 484 3055 qui
532 3020 551 3045 e
573 3010 675 3046 bonis
701 3010 924 3046 conferendis
949 3021 1073 3047 cavere
1090 3011 1212 3046 fratri-

127 3055 193 3090 bus
222 3065 268 3090 no
284 3054 355 3098 uit,
385 3055 600 3091 audiendum
628 3059 754 3100 postea
783 3059 1015 3101 putaverunt,
1049 3056 1080 3092 si
1108 3057 1213 3092 vellet

127 3100 248 3135 oblata
294 3100 459 3136 cautione
500 3099 712 3135 beneficium
756 3101 932 3137 bonorum
974 3101 1211 3147 possessionis

128 3154 304 3180 exercere.
350 3146 491 3180 tametsi
518 3145 725 3191 responderi
748 3149 867 3190 potest
889 3147 999 3182 videri
1025 3158 1105 3182 eum
1127 3157 1211 3192 pos·

128 3190 319 3225 sessionem
343 3190 568 3243 repudiasse,
602 3191 662 3236 qui
690 3190 842 3226 formam
855 3192 1101 3271 ‘possessionis
1126 3203 1211 3227 con-

128 3244 270 3269 servare
299 3235 431 3271 noluit:
462 3236 525 3271 sed
555 3236 741 3281 benignior
770 3240 825 3272 est
879 3237 993 3272 iversa
1025 3238 1210 3281 sententia,

129 3279 278 3314 maxime
310 3290 388 3315 cum
419 3280 464 3316 de
495 3281 598 3316 bonis
629 3281 788 3325 parentis
819 3281 912 3317 inter
934 3282 1064 3318 fratres
1090 3282 1211 3327 dispu-

130 3328 234 3358 tetur.
275 3335 377 3368 quem
400 3328 519 3361 tamen
541 3325 682 3361 facilius
707 3326 961 3362 admittendum
986 3327 1158 3370 existimo,
1183 3327 1212 3362 si

129 3369 223 3404 intra
246 3372 385 3413 tempus
410 3370 548 3406 delatae
570 3371 806 3416 possessionis
836 3372 1036 3408 cautionem
1066 3372 1211 3408 offerat:

130 3425 211 3449 nam
225 3417 307 3458 post
319 3424 461 3457 annum,
479 3425 584 3461 quam
596 3416 715 3451 delata
727 3420 821 3452 esset
831 3417 1006 3452 bonorum
1047 3417 1211 3460 ossessi0‚

130 3459 365 3495 voluntariam
390 3470 524 3495 moram
548 3461 724 3497 cautionis
745 3461 930 3498 admittere
949 3461 1002 3498 dis
1028 3462 1128 3498 cilius
1147 3466 1211 3498 est.

132 3573 170 3613 (1)
195 3573 365 3616 respondit
379 3573 428 3605 F2
521 3574 564 3613 (2)
588 3576 788 3607 remanserat
801 3575 849 3607 F²

132 3619 175 3658 (4)
200 3620 305 3662 adpr.
321 3619 361 3661 cf.
376 3618 419 3650 D.
436 3620 489 3660 3³3,
504 3625 531 3659 ε,
545 3625 562 3651 6

132 3663 226 3694 moda
242 3663 272 3694 F

133 3707 246 3749 aliquo
258 3708 374 3750 spatio,
394 3718 460 3749 quo
472 3708 621 3741 conferre
632 3709 743 3751 potuit
755 3722 815 3742 scr.

134 3754 177 3796 (9)
204 3752 315 3785 datum
330 3752 426 3786 illum
439 3753 473 3786 F
589 3754 647 3795 (10)
672 3753 815 3787 habeant
827 3753 878 3788 F²

941 3575 984 3616 (3)
1009 3576 1150 3618 accipiet
1166 3575 1213 3608 F²

655 3622 696 3658 (5)
721 3619 883 3661 inquiunt
893 3632 956 3653 ecr.
1057 3623 1099 3661 (6)
1126 3632 1213 3653 com-

400 3666 439 3699 1τ)
465 3673 540 3695 cum
552 3663 783 3706 interpellatus
795 3675 862 3697 non
875 3664 965 3706 facit,
985 3666 1125 3698 maxime
1139 3676 1213 3698 cum

934 3714 976 3749 (8)
1002 3711 1149 3743 nondum
1164 3710 1214 3743 F2

1202 126 1287 174 553

1000 3758 1054 3794 (11)
1080 3755 1174 3788 debet
1191 3756 1223 3788 F
1284 3755 1341 3795 (21)
1369 3754 1434 3787 duo
1451 3756 1497 3787 ΓΞ

2036 130 2244 172 XXXVII
2275 132 2314 173 6.
2341 133 2362 172 7

1328 249 1353 289 9
1377 251 1485 287 IDEM
1504 250 1594 286 libro
1618 250 1743 295 quinto
1767 262 2018 298 responsorum
2067 252 2179 287 Filius
2210 252 2364 288 emanci-

1280 300 1387 342 patus
1411 296 1568 333 intestati
1592 295 1705 340 patris
1731 296 1902 331 bonorum
1927 298 2187 342 possessionem
2214 298 2363 343 accepit.

1281 352 1392 386 nepos
1427 353 1469 377 ex
1500 341 1622 378 eodem
1651 341 1687 375 in
1718 340 1852 376 familia
1876 346 2034 378 retentus
2060 344 2238 379 semissem
2263 343 2363 378 here-

1282 387 1401 422 ditatis
1441 398 1521 423 cum
1562 386 1798 421 emolumento
1831 387 2027 423 collationis
2060 390 2216 424 habebit.
2271 388 2363 423 idem

1281 442 1392 477 nepos
1418 433 1447 468 si
1470 432 1636 478 11001011Μ
1666 431 1927 476 possessionem
1953 433 2108 468 intestati
2134 435 2244 478 patris
2271 434 2363 468 acci-

1280 477 1372 521 piat,
1405 477 1507 512 fratri
1539 479 1621 522 post
1653 476 1968 521 emancipationem
1998 479 2109 522 patris
2140 480 2300 523 quaesito
2330 483 2364 514 et

1280 523 1315 557 in
1340 522 1474 558 familia
1498 525 1637 559 retento
1662 522 1757 556 bona
1782 532 1846 557 sua
1871 522 2032 558 conferre
2058 528 2214 568 cogetur.

1330 566 1379 605 10
1405 567 1608 603 SOAEVOLA
1641 567 1730 601 libro
1756 568 1880 612 quinto
1931 570 2151 603 uaestz'ouum
2207 569 2244 604 Si
2273 569 2364 603 filius

1279 612 1316 646 in
1339 616 1519 658 potestate
1542 613 1646 648 heres
1670 611 1853 647 institutus
1879 622 1900 646 a
1927 616 1984 647 eat
2009 617 2043 647 et
2063 615 2282 667 emancipato
2303 625 2364 659 pe-

1280 661 1376 693 tente
1401 658 1575 694 bonorum
1599 657 1862 702 possessionem
1888 660 2012 692 contra
2036 659 2176 694 tabulas
2197 670 2273 703 ipse
2294 670 2365 695 non

1278 706 1398 747 petat,
1436 714 1503 738 nec
1533 702 1786 739 conferendum
1817 706 1872 737 est
1903 703 1951 737 ei:
1991 707 2025 737 et
2059 704 2108 738 ita
2142 704 2296 739 edictum
2328 715 2365 740 se

1279 748 1399 783 habet.
1448 748 1672 783 SCAEVOLA:
1705 747 1767 782 sed
1796 748 1908 791 magis
1943 748 2071 792 sentio,
2109 753 2163 791 ut,
2199 750 2364 794 quemad-

1280 793 1423 828 modum
1447 805 1513 838 pro
1537 796 1639 838 parte
1663 792 1894 828 hereditatem
1919 793 2047 828 retinet
2076 793 2152 828 iure
2183 805 2241 837 eo,
2272 795 2366 839 quod

1280 839 1455 874 bonorum
1479 838 1741 884 possessionem
1766 842 1887 882 petere
1910 842 2048 882 posset,
2079 838 2130 873 ita
2154 843 2189 873 et
2214 840 2367 875 conferri

1281 884 1313 918 ei
1338 883 1477 927 debeat,
1502 884 1626 929 utique
1651 893 1731 918 cum
1754 883 1919 917 iniuriam
1942 893 2006 928 per
2030 884 2204 919 bonorum
2225 895 2365 929 posses-

1280 929 1414 964 sionem
1438 930 1608 974 patiatur.

1329 973 1374 1010 11
1405 974 1564 1010 PAULUs
1592 975 1682 1010 libro
1715 973 1901 1008 undecimo
1930 984 2184 1019 responsorum
2231 974 2365 1009 Paulus

1279 1019 1464 1064 respondit
1488 1030 1541 1063 ea,
1567 1029 1658 1065 quae
1682 1022 1765 1064 post
1788 1023 1938 1054 mortem
1963 1019 2074 1063 patris
2095 1019 2167 1054 filio
2186 1019 2286 1054 reddi
2307 1020 2366 1056 de-

1280 1065 1451 1109 buerunt,
1489 1065 1753 1109 emancipatum
1787 1063 1916 1106 filium,
1958 1064 2117 1108 quamvis
2152 1065 2252 1110 prius
2283 1076 2366 1101 con-

1280 1114 1425 1146 secutus
1451 1110 1497 1146 sit
1522 1121 1627 1155 quam
1652 1110 1881 1152 deberentur,
1913 1109 2016 1143 fratri
2048 1110 2108 1153 0111
2131 1110 2167 1144 10
2191 1113 2368 1154 potestate

1280 1156 1392 1200 patris
1424 1156 1571 1191 relictus
1604 1159 1658 1191 est
1688 1154 1851 1190 conferre
1880 1165 1952 1189 non
1985 1155 2132 1198 debere,
2175 1166 2254 1190 cum
2287 1161 2368 1201 post

1280 1205 1429 1236 mortem
1453 1201 1567 1246 patris
1591 1212 1663 1236 non
1687 1204 1761 1235 tam
1780 1209 1822 1235 ex
1842 1200 2044 1242 donatione,
2071 1210 2176 1246 quam
2195 1211 2238 1235 ex
2260 1212 2369 1236 causa

1281 1245 1390 1280 debiti
1414 1257 1456 1281 ea
1478 1246 1662 1291 possidere
1685 1246 1847 1281 videatur
1861 1247 1898 1280 ¹⁵.

1330 1290 1379 1328 12
1406 1292 1460 1326 ΡΑ
1471 1293 1601 1327 ULUS¹⁶
1626 1292 1716 1328 libro
1741 1290 2045 1337 quadraqensz‘mo
2064 1292 2188 1337 primo
2209 1292 2259 1326 ad
2277 1292 2369 1328 edic—

1281 1340 1354 1371 tum
1403 1337 1439 1372 Si
1469 1340 1723 1382 praegnantem
1757 1335 1835 1382 quis
1869 1346 2017 1371 uxorem
2046 1336 2229 1382 reliquerit
2261 1340 2297 1372 et
2326 1348 2369 1373 ea

1279 1382 1412 1417 ventris
1436 1383 1577 1418 nomine
1601 1383 1638 1417 in
1661 1381 1923 1428 possessionem
1947 1381 2056 1416 missa
2080 1381 2204 1426 fuerit,
2228 1382 2370 1418 interim

1281 1431 1398 1463 cessat
1424 1428 1586 1464 collatio:
1619 1438 1701 1462 nam
1727 1431 1918 1471 antequam
1942 1430 2131 1470 nascatur,
2155 1438 2228 1463 non
2251 1431 2370 1473 potest

1280 1473 1350 1553 {lici
1387 1473 1425 1508 in
1462 1477 1640 1518 potestate
1675 1472 1858 1509 morientis
1894 1472 2025 1507 fuisse:
2064 1472 2126 1508 sed
2162 1476 2368 1509 00100011-

1296 1520 1467 1554 eretur¹⁷.

1769 1658 1845 1695 VII
1857 1655 1896 1695 ¹⁸.

1552 1724 1614 1756 DE
1638 1725 1770 1758 1)οΤΙο
1796 1722 2095 1756 ooLLATIONE.

1329 1789 1346 1826 1
1398 1788 1593 1825 ULPIANUS
1636 1790 1726 1825 libro
1773 1788 1916 1835 quadra
1943 1790 2076 1824 ensimo
2121 1790 2171 1824 ad
2214 1791 2366 1827 edictum

1281 1835 1501 1879 Quamquam
1516 1836 1543 1856 ¹⁹
1562 1836 1614 1870 ita
1635 1835 1774 1870 demum
1793 1835 1839 1870 ad
1861 1834 2086 1869 colationem
2108 1835 2201 1871 dotis
2225 1841 2369 1881 praetor

1281 1885 1385 1925 cogat
1404 1880 1524 1924 filiam,
1551 1881 1579 1916 si
1600 1884 1701 1925 petat
1720 1881 1895 1916 bonorum
1915 1879 2188 1925 possessionem,
2214 1885 2368 1917 attamen

1279 1927 1345 1961 etsi
1369 1937 1440 1961 non
1465 1930 1583 1971 petat,
1618 1926 1781 1961 conferre
1814 1925 1973 1966 debebit,
2007 1925 2037 1960 si
2066 1926 2171 1960 modo
2205 1936 2243 1961 se
2266 1928 2369 1963 bonis

1279 1971 1438 2016 paternis
1469 1972 1627 2007 misceat.
1677 1975 1711 2006 et
1742 1972 1811 2006 hoc
1843 1969 1945 2005 divus
1970 1970 2055 2004 Pius
2080 1971 2186 2015 Ulpio
2210 1972 2369 2008 Adriano

1278 2016 1461 2061 rescripsit
1481 2017 1586 2051 etiam
1605 2027 1694 2057 eam,
1723 2026 1813 2061 quae
1833 2027 1906 2051 non
1931 2015 2074 2061 petierit
2095 2016 2267 2052 bonorum
2286 2029 2368 2062 pos-

1279 2062 1482 2104 sessionem,
1508 2062 1554 2097 ad
1579 2061 1803 2097 collationem
1821 2061 1915 2097 dotis
1933 2071 1998 2105 per
2019 2060 2192 2096 arbitrum
2215 2062 2370 2098 familiae

1285 2111 1292 2141 l
1347 2106 1606 2142 herciscundae
1623 2117 1729 2151 posse
1750 2106 1925 2152 compelli.
1968 2106 2005 2140 Si
2023 2106 2060 2139 in
2080 2106 2288 2151 stipulatum
2309 2108 2368 2143 de-

1280 2152 1389 2187 ducta
1409 2151 1455 2187 sit
1476 2152 1551 2195 dos,
1578 2152 1607 2186 si
1633 2152 1774 2196 quidem
1798 2152 1877 2197 ipsa
1899 2151 2026 2186 mulier
2050 2151 2222 2196 stipulata
2246 2154 2292 2188 sit
2315 2154 2369 2188 vel

1278 2197 1347 2242 ipsi
1363 2197 1543 2241 negotium
1557 2200 1706 2242 gestum,
1733 2207 1845 2242 aeque
1868 2196 2031 2233 conferre
2050 2200 2212 2240 cogetur:
2239 2198 2268 2233 si
2287 2209 2369 2234 vero

1279 2243 1340 2278 alii
1359 2242 1521 2287 quaesita
1539 2246 1593 2277 est
1611 2242 1805 2287 stipulatio,
1828 2242 2015 2278 dicendum
2032 2245 2085 2276 est
2101 2252 2242 2278 cessare
2260 2244 2368 2278 colla-

1279 2289 1423 2323 tionem,
1459 2288 1527 2323 etsi
1542 2291 1681 2322 tanturn
1696 2288 1872 2333 promissa
1884 2288 1929 2322 sit
1945 2287 2019 2328 dos,
2046 2287 2189 2323 collatio
2203 2288 2278 2323 eius
2295 2288 2368 2324 fiet.

1281 2337 1299 2368 2
1349 2333 1384 2368 Si
1410 2333 1456 2368 sit
1479 2344 1591 2378 nepos
1616 2336 1652 2368 et
1675 2333 1792 2377 neptis
1818 2344 1860 2368 ex
1886 2333 2008 2368 eodem
2032 2331 2104 2367 filio
2127 2336 2162 2367 et
2182 2333 2304 2368 dotata
2324 2334 2370 2369 sit

1280 2379 1406 2423 neptis,
1433 2378 1479 2413 sit
1502 2382 1538 2414 et
1561 2378 1655 2414 filius
1681 2389 1752 2413 non
1782 2382 1885 2423 pater
1914 2388 2054 2413 eorum:
2088 2378 2204 2422 neptis
2230 2389 2368 2414 omnem

1281 2423 1398 2459 dotem
1416 2423 1482 2459 0011
1497 2423 1600 2459 fratri
1614 2423 1789 2458 collatura
1808 2427 1872 2458 est.
1908 2422 2131 2467 emancipata
2148 2426 2266 2458 autem
2283 2434 2367 2469 nep-

1279 2469 1325 2504 tis
1351 2469 1469 2504 dotem
1493 2473 1528 2504 et
1552 2470 1647 2504 bona
1672 2479 1738 2503 sua
1761 2469 1827 2504 soli
1850 2469 1987 2513 nepoti,
2013 2478 2085 2503 non
2110 2468 2214 2503 etiam
2239 2473 2367 2513 patruo

1281 2518 1300 2549 3
1350 2514 1520 2550 conferet.
1557 2514 1627 2549 Sed
1652 2514 1682 2550 si
1707 2514 1753 2548 sit
1776 2514 1892 2559 neptis
1917 2513 2004 2555 sola,
2030 2523 2101 2548 non
2128 2513 2232 2548 etiam
2256 2525 2366 2559 nepos

1281 2570 1322 2595 ex
1348 2559 1487 2602 eodem,
1518 2563 1604 2594 tunc
1630 2559 1813 2594 confertur
1835 2562 1964 2604 patruo
1990 2559 2144 2603 itemque
2167 2559 2290 2604 nepoti
2314 2560 2367 2595 vel

1280 2609 1299 2639 4
1347 2605 1445 2650 nepti
1456 2606 1486 2625 2⁰
1518 2615 1561 2640 ex
1586 2605 1668 2639 alio.
1717 2604 1787 2639 Sed
1813 2608 1847 2639 et
1871 2604 1901 2639 si
1926 2604 2055 2639 duae2¹
2080 2608 2204 2648 neptes
2230 2605 2301 2639 sint
2325 2615 2367 2640 ex

1281 2650 1427 2685 diversis
1446 2650 1540 2692 filiis,
1568 2649 1753 2685 conferent
1763 2651 1794 2671 22
1818 2653 1853 2685 et
1876 2649 2024 2684 invicem
2046 2652 2081 2684 et
2098 2652 2247 2694 patruo:
2274 2650 2303 2685 si
2324 2660 2367 2685 ex

1281 2699 1299 2730 5
1349 2696 1471 2731 eodem
1495 2699 1609 2740 patre,
1635 2698 1775 2730 tantum
1794 2695 1944 2730 invicem
1964 2694 2158 2730 conferent.
2197 2695 2285 2729 Cum
2304 2695 2366 2730 dos

1282 2741 1481 2784 confertur,
1520 2741 1760 2785 impensarum
1795 2740 2078 2775 necessariarum
2109 2739 2150 2774 fit
2182 2739 2366 2782 detractio,

1281 2790 1301 2821 6
1350 2790 1548 2822 ceterarum
1579 2797 1662 2822 non.
1718 2785 1819 2830 Quod
1850 2786 1878 2820 si
1907 2785 1978 2820 iam
2010 2784 2146 2820 factum
2179 2785 2367 2820 divortium

1281 2835 1334 2867 est
1357 2835 1393 2867 et
1415 2831 1565 2867 maritus
1590 2842 1662 2867 non
1686 2830 1732 2866 sit
1756 2830 1941 2874 solvendo,
1966 2841 2039 2866 non
2063 2829 2205 2865 debebit
2228 2830 2366 2875 integra

1281 2876 1344 2912 dos
1378 2877 1577 2921 computari
1608 2876 1766 2919 mulieri,
1806 2875 1869 2911 sed
1903 2875 1940 2910 id
1977 2875 2071 2921 quod
2109 2875 2153 2910 ad
2185 2875 2366 2911 mulierem

1279 2925 1399 2966 potest
1421 2922 1617 2966 pervenire,
1643 2922 1712 2956 hoc
1737 2925 1790 2956 est
1815 2921 1909 2966 quod
1929 2921 2048 2956 facere
2066 2921 2214 2955 maritus
2236 2924 2365 2965 potest.

1282 2971 1299 3001 7
1348 2967 1386 3002 Si
1410 2967 1475 3002 sub
1502 2966 1711 3002 condicione
1735 2970 1838 3010 pater
1861 2966 1916 3001 vel
1934 2969 2124 3002 extraneus
2146 2965 2263 3001 dotem
2284 2975 2365 3010 pro-

1279 3012 1426 3054 miserit,
1453 3013 1618 3047 cautione
1642 3022 1731 3056 opus
1758 3011 1840 3055 erit,
1870 3015 1912 3046 ut
1940 3015 2027 3046 tunc
2058 3010 2218 3046 conferat
2241 3010 2366 3044 mulier

1283 3060 1300 3091 S
1349 3057 1486 3099 dotem,
1520 3068 1599 3092 cum
1630 3057 1755 3092 dotata
1777 3066 1856 3092 esse
1881 3057 2047 3101 coeperit.
2095 3056 2241 3099 Filiam,
2275 3065 2365 3099 quae

1281 3103 1326 3137 ab
1350 3102 1519 3137 intestato
1543 3102 1639 3146 patri
1661 3102 1764 3137 heres
1790 3102 1852 3145 sit,
1886 3102 2048 3137 conferre
2078 3101 2217 3145 quidem
2248 3100 2364 3134 dotem

1281 3150 1440 3191 oportet:
1475 3157 1696 3191 consequens
1721 3150 1841 3182 autem
1864 3150 1935 3190 est,
1966 3150 2006 3181 ut
2036 3157 2078 3182 ex
2108 3144 2363 3191 pollicitatione

1282 3192 1374 3227 dotis
1392 3203 1457 3245 pro
1478 3196 1580 3236 parte
1599 3192 1742 3226 dimidia
1760 3191 1906 3227 fratrem
1926 3203 2028 3227 suum
2046 3191 2189 3226 liberet:
2216 3189 2362 3240 aequius

1281 3240 1300 3271 9
1349 3246 1439 3271 0111111
1464 3240 1520 3271 001
1542 3237 1579 3271 10
1603 3236 1754 3272 solidum
1773 3236 1816 3272 de
1834 3247 1899 3272 suo
1925 3247 2002 3272 eam
2024 3236 2180 3271 dotatam
2202 3244 2290 3269 esse.
2327 3233 2363 3267 81

1281 3283 1523 3326 emancipatus
1547 3281 1653 3324 filius,
1685 3282 1745 3326 0111
1770 3285 1894 3317 contra
1917 3282 2059 3316 tabulas
2084 3281 2255 3315 bonorum
2281 3288 2361 3322 pos-

1281 3326 1474 3362 sessionem
1499 3326 1647 3371 accepit,
1672 3327 1781 3361 filiam
1805 3327 1963 3362 dotatam
1988 3326 2133 3368 habeat,
2164 3334 2234 3358 non
2259 3323 2363 3357 debet

1282 3372 1399 3407 dotem
1423 3371 1497 3407 eius
1523 3371 1695 3416 conferre,
1722 3372 1806 3417 quia
1828 3372 1866 3407 in
1890 3371 1993 3408 bonis
2019 3371 2093 3405 eius
2117 3378 2188 3404 non
2212 3371 2276 3402 est.
2318 3412 2326 3420 ι

1327 3414 1352 3454 2
1380 3416 1503 3452 GAIUS
1523 3417 1613 3452 libro
1638 3421 1769 3463 quarto
1794 3417 1930 3452 decimo
1962 3416 2011 3451 ad
2038 3415 2362 3465 edictum-proven-

1281 3462 1373 3499 ciale
1426 3461 1520 3497 Filia
1555 3462 1593 3497 in
1631 3462 1857 3507 adoptionem
1886 3461 1969 3496 data
2001 3463 2036 3494 et
2066 3459 2169 3493 heres
2200 3459 2362 3492 mstltuta

1284 3578 1341 3616 (12)
1366 3577 1549 3608 mutantem
1564 3576 1644 3609 Hal.
1704 3577 1762 3616 (13)
1787 3573 2051 3617 aspernanturF
2107 3572 2163 3611 (14)
2188 3570 2223 3601 10
2237 3571 2297 3603 ins.
2314 3569 2362 3602 F²

1284 3622 1339 3659 (15¹
1366 3620 1499 3653 videtur
1512 3620 1562 3653 F2
1656 3622 1713 3660 (16)
1740 3620 1825 3652 idem
1840 3618 1890 3651 F2
1984 3622 2038 3654 (17)
2066 3616 2235 3648 confertur
2250 3613 2299 3647 F2

1329 3666 1387 3706 (18)
1413 3665 1592 3701 Sab.1...3;
1619 3667 1683 3698 Ed.
1707 3673 1739 3702 4;
1767 3665 1848 3706 Pap.
1871 3671 1951 3696 5...9.
1969 3680 2011 3685 —·-
2043 3662 2120 3693 Bas.
2137 3662 2190 3700 41,
2213 3668 2238 3700 ἵ,
2261 3667 2360 3693 12...18

1284 3710 1344 3752 (19)
1371 3710 1582 3752 quamquam]
1597 3720 1694 3751 quam
1709 3710 1741 3740 F
1857 3710 1921 3747 (20)
1946 3706 1995 3738 vel
2011 3706 2101 3747 nepti
2116 3705 2175 3737 del.
2191 3705 2362 3749 Schultiny

1590 3757 1649 3795 (22)
1676 3753 1821 3786 confi-ret
1838 3754 1869 3785 F

2049 3808 2089 3841 70
