2528 3918
155 147 213 178 DE
243 147 444 180 ‘mammo
474 146 614 178 ΜΟΤΟ.
666 145 728 178 DE
759 143 999 178 COLLEGHS

152 259 270 295 locum
294 257 418 294 habet:
451 256 482 293 si
506 255 585 303 quis
616 254 711 292 forte
731 265 807 291 rem
830 253 892 291 alii
915 254 1107 300 obligatam
1131 252 1236 290 dissi-

152 304 288 339 mulata
325 302 540 348 obligatione
595 311 635 337 er
673 300 904 337 calliditatem
934 300 996 336 alii
1032 298 1238 336 distraxerit

152 349 208 385 vel
237 348 491 395 permutaverit
521 357 563 383 ve
606 346 645 382 in
673 346 830 382 solutum
860 345 1015 382 dederit:
1055 355 1138 380 nam
1168 344 1238 379 bae

154 404 276 430 omnes
300 393 437 439 species
462 392 704 428 stellionatum
727 391 921 427 continent.
958 390 1022 426 sed
1046 393 1082 425 et
1104 390 1135 425 si
1158 389 1237 435 quis

153 449 289 475 merces
313 437 542 484 supposuerit
564 437 620 472 vel
639 436 816 482 obligatas
841 436 1009 471 averterit
1031 435 1087 471 vel
1109 434 1142 470 si
1159 445 1237 469 cor-

153 483 306 530 ruperit,
341 493 455 529 aeque
485 482 706 518 stellionatus
741 492 822 517 reus
856 481 932 517 erit.
980 481 1066 516 item
1096 479 1128 515 si
1159 479 1238 532 quis

152 531 200 565 im
227 531 387 565 osturam
405 527 533 564 fecerit
551 527 606 562 vel
625 526 856 562 collusionem
875 527 913 562 in
934 536 1058 562 necem
1077 525 1236 566 alterius,

153 578 207 611 ste
237 574 377 610 'onatus
399 573 533 619 poterit
554 572 741 617 postulari.
784 575 819 607 et
841 575 882 607 ut
903 570 1116 616 generaliter
1140 569 1237 605 dixe-

153 620 230 664 rim,
253 619 440 655 (leficiente
450 618 554 653 titulo
567 617 723 653 criminis
742 617 812 652 hoc
827 617 960 652 crimen
979 616 1098 651 locum
1117 615 1237 656 habet,

155 669 174 700 2
222 675 289 700 nec
318 667 373 700 est
404 674 495 709 opus
526 674 543 699 s
571 663 664 698 ecies
693 672 913 698 enumerare.
964 661 1087 699 Poena
1118 664 1238 695 autem

154 710 379 747 stellionatus
409 708 510 744 nulla
539 674 695 753 ssgitima
726 711 797 751 est,
838 718 919 743 cum
949 717 1016 742 nec
1044 706 1239 751 legitimum

154 756 289 792 crimen
324 755 380 790 sit.
440 754 556 790 solent
591 757 710 788 autem
745 763 789 788 ex
828 753 898 788 hoc
933 755 1035 787 extra
1079 750 1239 786 ordinem

155 800 275 854 plecti,
301 799 490 835 dummodo
510 809 585 834 non
602 798 732 834 debeat
748 808 838 843 opus
857 796 993 832 metalli
1011 797 1101 832 haec
1122 806 1240 840 poena

153 857 192 881 111
215 845 349 891 plebeis
373 844 503 890 egredi.
549 844 588 879 in
617 843 673 879 his
697 846 834 886 autem,
867 842 928 895 qui
951 845 1036 878 sunt
1058 842 1096 876 in
1120 841 1239 886 aliquo

154 892 291 927 honore
322 890 447 936 positi,
479 889 526 925 ad
561 893 702 934 tempus
741 888 910 933 relegat10
950 888 1008 923 vel
1037 887 1083 922 ab
1116 886 1241 922 ordine

155 940 175 972 3
223 935 332 972 1110110
351 934 563 971 remittenda
582 938 646 970 est.
684 933 753 978 Qui
771 943 906 969 merces
926 932 1137 978 suppressit,
1160 942 1240 977 spe-

156 981 294 1018 cialiter
317 981 385 1017 hoc
409 981 554 1016 crimine
576 979 753 1025 postulari
776 982 905 1024 potest.

202 1025 227 1063 4
258 1026 513 1062 Moorsmvcss
541 1025 632 1061 libro
664 1025 768 1060 tertio
806 1024 851 1059 de
882 1023 1018 1070 poenis
1073 1022 1130 1057 De
1160 1031 1241 1067 per-

155 1072 266 1114 iurio,
302 1071 333 1107 si
365 1082 433 1107 sua
461 1071 610 1116 pignora
637 1079 716 1105 esse
747 1068 826 1114 quis
849 1069 887 1104 111
918 1069 1154 1104 instrumento
1186 1067 1240 1102 iu-

155 1118 266 1199 10111111,
308 1116 442 1153 crimen
475 1115 699 1153 stellionatus
733 1114 792 1158 fit,
833 1117 870 1151 et
903 1114 984 1150 ideo
1019 1113 1067 1149 ad
1101 1116 1240 1159 tempus

157 1173 201 1199 ex
241 1165 290 1199 at.

634 1321 730 1360 XXI
739 1320 764 1359 ¹.

470 1398 533 1431 DE
557 1397 765 1431 TERMINO
789 1397 922 1430 ΜΟΤΟ.

205 1476 222 1514 1
251 1476 506 1513 Moorsmrvs
534 1475 624 1510 libro
649 1478 775 1511 octavo
798 1474 1010 1521 reqularum
1057 1474 1242 1510 Termino-

155 1534 235 1558 rum
266 1522 468 1557 avulsorum
496 1531 570 1556 non
599 1521 712 1556 multa
739 1519 947 1566 pecuniaria
976 1522 1049 1562 est,
1083 1519 1146 1555 sed
1176 1530 1242 1565 pro

157 1567 365 1604 condicione
389 1565 650 1602 admittentium
674 1566 889 1602 coercitione
911 1565 1190 1611 transigendum.

202 1611 253 1651 2²
295 1612 581 1648 CALLISTRATUS
623 1611 713 1647 libro
751 1611 856 1646 tertio
896 1610 941 1646 de
979 1622 1020 1646 co
1048 1611 1244 1646 nitionibus

155 1659 267 1695 Divus
298 1657 525 1692 Hadrianus³
563 1656 601 1692 in
631 1657 721 1692 11000
750 1656 860 1692 verba
890 1622 1093 1708 rescripgit:
1139 1655 1245 1701 ‘Quin

155 1704 360 1750 ‘pessimum
399 1702 536 1737 factum
565 1702 612 1738 sit
643 1712 782 1746 eorum,
820 1701 880 1747 (1111
918 1705 1088 1737 terminos
1119 1700 1245 1736 finium

157 1753 280 1785 ‘causa
321 1747 458 1794 positos
497 1747 736 1793 propulerunt
744 1748 767 1791 ⁴,
810 1746 970 1782 dubitari
1004 1757 1076 1782 non
1111 1750 1242 1792 potest.

157 1795 213 1831 ‘de
242 1794 382 1840 poena¹⁵
411 1796 533 1828 tamen
554 1792 682 1829 modus
707 1803 751 1828 ex
775 1792 985 1828 condicione
1007 1802 1185 1837 personae
1209 1796 1245 1828 et

162 1843 285 1876 ‘mente
307 1838 472 1874 facientis
496 1838 609 1882 magis
629 1838 740 1874 statui
763 1840 899 1883 potest:
923 1847 1008 1873 nam
1031 1837 1063 1873 si
1086 1837 1242 1882 splendi-

132 1901 136 1906 ·
162 1885 287 1921 ‘diores
311 1893 487 1930 personae
516 1886 601 1918 sunt
609 1884 635 1926 ὅ,
667 1893 759 1928 (11100
784 1883 1056 1925 convincuntur,
1081 1893 1155 1918 non
1178 1883 1243 1918 du-

157 1931 226 1967 ‘bie
257 1928 549 1995 occupandorum
581 1928 779 1964 alienorum
815 1928 940 1964 finium
972 1938 1083 1963 causa
1113 1928 1151 1963 id
1179 1928 1243 1963 ad-

157 1976 342 2012 ‘miserunt
366 2001 375 2017 ,
407 1977 445 2010 et
502 1977 628 2009 ossunt
655 1974 693 2008 in
723 1977 885 2026 tempus,
917 1976 959 2008 ut
982 1973 1155 2018 cuiusque
1178 1983 1243 2019 pa-

156 2022 279 2057 ‘tiatur
302 2023 414 2062 aetas,
438 2019 604 2072 1003011,
635 2019 673 2054 111
697 2022 752 2054 001
774 2030 806 2055 01
828 2019 1006 2062 iuvenior,
1030 2019 1068 2054 in
1091 2019 1243 2064 longius,

156 2067 200 2103 ‘si
224 2065 359 2109 senior,
390 2074 551 2100 reclsluS.
598 2064 629 2100 si
651 2074 735 2100 vero
769 2064 830 2099 alii
853 2064 1035 2109 negotium
1058 2068 1245 2109 gesserunt

157 2115 204 2148 ‘et
237 2110 432 2146 ministerio
475 2109 592 2146 functi
631 2113 732 2152 sunt,
781 2109 951 2155 castigari
993 2113 1030 2145 et
1069 2109 1117 2145 011
1152 2120 1244 2155 opus

156 2156 312 2193 ‘biennio
337 2155 449 2191 (10118.
489 2154 587 2201 quod
610 2155 641 2190 si
663 2165 728 2200 per
745 2154 983 2200 ignorantiam
1007 2157 1071 2191 aut
1092 2154 1243 2191 fortuito

156 2202 204 2238 ‘la
229 2202 337 2268 ides:¹
358 2200 469 2236 furati
499 2204 603 2243 sunt,
636 2200 791 2236 sufficiet
803 2202 831 2222 ¹⁰
862 2210 924 2236 000
948 2200 1158 2236 verberibus
1183 2201 1243 2236 de-

157 2247 203 2283 ‘ci
229 2257 289 2283 ere
342 2274 350 2281 .

203 2290 227 2330 3
251 2292 361 2328 loru
379 2291 469 2327 libro
494 2291 620 2337 quinto
644 2290 689 2326 de
712 2291 980 2337 coynitionibus
1018 2290 1114 2336 Lege
1139 2300 1244 2335 agra-

157 2339 222 2381 ria,
247 2347 354 2383 quam
379 2336 490 2372 Gaius
516 2335 647 2372 Caesar
669 2336 768 2380 tulit,
793 2335 965 2372 adversus
989 2346 1063 2380 000,
1088 2336 1150 2381 qui
1172 2339 1245 2371 ter-

158 2383 272 2420 minos
293 2385 447 2418 statutos
467 2385 569 2417 extra
578 2382 606 2402 ¹²
629 2392 735 2417 snum
753 2381 903 2427 gradum
919 2380 1054 2417 finesve
1070 2381 1245 2417 moverint

158 2429 240 2465 dolo
264 2427 375 2470 malo,
405 2426 613 2472 pecuniaria
640 2437 757 2472 poena
781 2427 976 2462 constituta
1000 2429 1070 2462 est:
1101 2437 1184 2462 nam
1207 2427 1244 2462 in

157 2473 327 2510 terminos
351 2472 526 2518 singulos,
559 2483 648 2518 quos
671 2472 881 2508 eiecerint¹³
911 2472 1036 2508 locove
1058 2472 1243 2514 moverint,

157 2518 414 2566 quinquaginta
437 2528 566 2554 aureos
589 2517 628 2553 in
650 2517 796 2562 publico
820 2516 898 2552 dari
920 2517 1022 2553 iubet
1032 2518 1075 2552 ¹⁴:
1109 2520 1145 2553 et
1168 2518 1244 2553 eius

162 2569 177 2600 1
226 2564 404 2600 actionem
425 2563 632 2608 petitionem
656 2563 690 2598 ei
713 2563 774 2607 qui
795 2563 891 2598 volet
914 2572 992 2598 esse
1014 2563 1124 2598 iubet.
1161 2563 1244 2598 Alia

158 2619 300 2656 quoque
322 2609 400 2654 lege
423 2608 580 2654 agraria,
613 2618 721 2653 (1110111
743 2607 845 2643 divus
867 2607 988 2643 Nerva
1009 2608 1108 2650 tulit,
1142 2618 1244 2643 cave-

156 2659 227 2699 tur,
250 2658 303 2697 ut,
327 2654 359 2690 si
382 2663 504 2689 servus
523 2663 667 2689 servave
688 2653 863 2695 insciente
884 2653 1026 2689 domino
1051 2653 1132 2689 dolo
1150 2653 1244 2688 malo

159 2700 303 2744 fecerit,
328 2698 363 2735 ei
386 2699 520 2744 capital
543 2708 638 2743 0000,
662 2698 732 2734 nisi
756 2697 919 2734 dominus
944 2698 1130 2734 dominave
1152 2698 1243 2733 mul-

159 2749 180 2780 2
226 2749 300 2780 tam
329 2742 477 2779 sufferre
506 2742 681 2778 maluerit.
729 2743 777 2778 Hi
807 2753 968 2789 quoque,
1001 2743 1063 2787 qui
1084 2742 1245 2779 finalium

160 2789 409 2836 quaestionum
440 2788 749 2825 obscurandarum
782 2798 893 2824 causa
926 2788 1055 2825 faciem
1085 2789 1244 2824 locorum

204 2903 246 2947 (1)
270 2903 337 2937 Ed.
348 2920 395 2927 -—
406 2903 491 2936 Bas.
507 2904 561 2943 60,
573 2909 606 2937 01
684 2907 726 2943 (2)
752 2904 795 2946 cf.
813 2902 893 2936 Coll.
911 2903 963 2943 13,
976 2909 1005 2943 3,
1018 2909 1035 2935 2
1113 2902 1156 2943 (0)
1182 2902 1244 2935 Te-

158 2950 269 2984 rentio
281 2948 448 2982 Gentiano
459 2947 564 2980 XVII
578 2948 611 2980 k.
624 2948 714 2990 Sept.
728 2958 761 2980 se
774 2948 830 2980 111
843 2957 897 2980 cos
909 2947 953 2991 [a.
961 2959 999 2991 p.
1017 2947 1091 2981 C'Izr.
1106 2947 1168 2990 119]
1185 2949 1244 2981 ad-

160 2997 209 3029 dit
233 2995 397 3038 Ulpianus
509 2995 551 3032 (4)
574 2992 791 3036 protulerunt
810 2994 884 3026 dett.
997 2994 1039 3034 (5)
1065 2991 1106 3025 de
1125 2992 1244 3035 poena]

159 3050 284 3084 poenae
301 3039 381 3073 Coll.
473 3040 516 3079 (6)
540 3040 620 3071 sunt
630 3048 789 3081 personae
806 3038 887 3071 Coll.
977 3042 1020 3080 (7)
1046 3048 1115 3070 non
1128 3037 1245 3070 dubito

160 3085 243 3128 quin
263 3082 533 3127 occupandorum
551 3082 739 3116 alienorum
755 3083 873 3116 finium
892 3093 991 3116 causa
1002 3082 1039 3115 id
1051 3082 1246 3116 admiserint

163 3131 245 3165 Coll.
337 3131 381 3172 (8)
407 3131 440 3162 et
452 3128 495 3161 ad
506 3138 589 3171 opus
599 3127 736 3161 biennio
750 3128 834 3171 dari]
849 3130 882 3161 et
893 3128 940 3161 sic
952 3127 990 3160 in
999 3128 1174 3160 biennium
1187 3130 1246 3161 aut

159 3174 344 3209 triennium
361 3174 404 3208 ad
422 3183 506 3217 opus
522 3172 697 3217 publicum
715 3173 789 3207 dari
807 3174 886 3207 Coll.
982 3174 1027 3214 (9)
1051 3183 1131 3205 usus
1147 3183 1246 3206 causa

161 3223 222 3255 ine.
241 3221 320 3255 coll.
423 3221 481 3261 (11))
507 3218 633 3252 sufficit
656 3218 736 3253 Call.
837 3219 893 3260 (11)
919 3218 1081 3261 decidere]
1101 3219 1246 3251 coerceri

165 3266 245 3300 coll.
338 3265 398 3307 (12)
422 3266 540 3298 extran
560 3264 596 3297 F
679 3264 737 3305 (13)
763 3263 903 3297 eicerint
921 3264 957 3297 F
1043 3265 1100 3304 (14)
1127 3264 1169 3307 cf.
1194 3264 1246 3297 leae

161 3311 318 3344 Mamilia
329 3310 455 3344 Roscia
467 3309 643 3343 Peducaea
653 3309 788 3342 Aniena
801 3309 907 3342 Fabia
925 3321 951 3342 c.
967 3317 1002 3343 55
1022 3308 1171 3352 (910111111-
1195 3309 1245 3342 ed.

161 3356 296 3389 Lachm.
313 3367 348 3399 p.
363 3355 452 3397 264):
477 3354 602 3397 quique
619 3353 756 3387 termini.
772 3353 835 3386 hac
851 3352 925 3396 lege
942 3354 1061 3387 statuti
1075 3354 1185 3394 erunt,
1203 3363 1246 3386 ne

161 3401 236 3443 quis
253 3410 368 3434 eorum
386 3410 484 3442 quem
504 3399 603 3433 eicito
619 3409 702 3432 neve
713 3397 787 3432 1000
798 3400 929 3432 moveto
939 3399 1046 3432 sciens
1057 3398 1134 3432 dolo
1146 3398 1245 3431 malo.

160 3446 190 3479 si
201 3445 277 3488 quis
288 3444 443 3478 adversus
455 3455 493 3478 ea
504 3444 631 3486 fecerit,
651 3443 728 3476 isin
740 3443 900 3476 terminos
910 3443 1072 3486 singulos,
1085 3453 1168 3485 quos
1180 3443 1245 3477 eie-

162 3491 245 3524 cerit
260 3489 375 3523 locove
391 3490 534 3523 moverit
551 3490 658 3523 sciens
677 3487 753 3522 dolo
772 3488 871 3531 malo,
891 3489 1079 3522 sestertium
1095 3489 1246 3530 quinque

161 3535 256 3568 milia
272 3545 446 3567 nummum
462 3535 499 3567 in
516 3534 690 3578 publicum
707 3543 832 3575 eorum,
853 3543 995 3575 quorum
1011 3534 1103 3567 intra
1119 3534 1202 3566 fines
1217 3534 1246 3566 is

161 3591 240 3623 ager
252 3580 326 3622 erit,
339 3579 417 3612 dare
429 3579 564 3612 damnas
576 3582 644 3613 esto
737 3583 793 3618 (15)
820 3588 858 3610 ex
871 3589 951 3612 arvo
967 3578 1103 3613 Goesius

209 3626 268 3667 (10)
295 3625 472 3664 Sab.1...3;
498 3625 583 3668 Pap.
597 3632 682 3659 4.-
699 3624 783 3657 Bas.
797 3625 991 3666 60,32,1...4
1091 3625 1152 3667 (17)
1175 3623 1244 3656 illi-

162 3671 238 3703 citis
257 3670 335 3703 add.
351 3671 417 3703 ind.
429 3670 463 3702 F
551 3671 611 3712 (18)
635 3669 704 3712 sed]
723 3670 858 3702 senatus
877 3667 1029 3702 consulto
1040 3681 1101 3702 scr.
1123 3670 1165 3713 cs.
1182 3669 1248 3711 leyi

164 3716 296 3760 colleyii
310 3715 445 3749 Dianae
465 3721 496 3749 et
506 3715 645 3749 Antinoi
663 3715 827 3748 constituti
845 3726 877 3748 a.
891 3726 926 3757 p.
945 3715 1019 3747 Chr.
1033 3721 1083 3748 133
1097 3715 1244 3754 (Henzen

163 3762 258 3794 inser.
278 3773 313 3794 π.
334 3760 424 3802 6086)
442 3761 680 3804 praescriptum
699 3759 807 3802 kaput
826 3769 865 3792 ex
885 3760 1044 3802 s(enatus)
1066 3757 1245 3802 c(onsulto)

1233 126 1318 175 789

1876 133 2128 177 XXXXVII
2158 135 2225 176 20.
2251 135 2316 176 21.
2342 135 2395 175 22

1309 256 1539 296 convertunt,
1580 256 1620 287 ut
1651 263 1695 288 ex
1725 255 1852 290 arbore
1865 256 1893 276 ¹¹⁵
1924 255 2109 291 arbustum
2140 258 2203 291 aut
2233 266 2276 290 ex
2307 255 2397 290 silva

1308 299 1434 335 novale
1457 301 1522 333 aut
1546 297 1681 342 aliquid
1705 299 1877 334 eiusmodi
1901 300 2054 343 faciunt,
2079 311 2195 346 poena
2217 300 2397 347 plectendi

1308 348 1493 424 ffifflapm
1527 353 1682 388 persona
1717 347 1753 378 et
1789 345 1997 381 condicione
2034 350 2070 381 et
2109 346 2287 382 factorum
2322 345 2395 381 vio-

1777 549 1890 588 XXII
1902 548 1939 587 ¹⁶.

1468 625 1531 657 DE
1557 623 1839 657 COLLEGHS¹⁷
1865 626 1923 657 ΕΤ
1949 626 2236 659 00111011111110.

1359 701 1376 738 1
1406 700 1643 737 MARCJANUS
1663 700 1754 737 libro
1780 703 1884 737 terlio
1909 703 2169 737 institutionum
2214 703 2395 739 Mandatis

1309 747 1568 793 principalibus
1603 746 1824 791 praecipitur
1858 747 2081 792 praesidibus
2124 748 2397 793 provinciarum,

1310 803 1355 828 ne
1379 793 1566 838 patiantur
1589 802 1668 827 esse
1693 791 1842 836 collegia
1866 792 2037 827 sodalicia
2060 804 2148 828 neve
2171 794 2300 829 milites
2325 794 2397 828 col-

1310 838 1403 883 legia
1425 837 1464 872 in
1488 837 1616 873 castris
1640 837 1809 872 habeant.
1858 837 1962 873 sed¹⁸
2016 838 2205 873 ermittitur
2228 838 2397 874 tenuiori-

1310 884 1378 919 bus
1403 883 1531 928 stipem
1550 886 1771 917 menstruam
1790 882 1964 924 conferre,
2014 894 2073 917 um
2093 887 2212 919 tamen
2232 884 2339 919 semel
2361 884 2399 919 in

1311 939 1432 965 mense
1457 932 1600 971 coeant,
1633 938 1678 962 ne
1703 928 1769 963 sub
1794 931 1984 972 praetextu
2007 927 2210 963 huiusmodi
2238 928 2399 964 illicitum

1313 974 1500 1019 collegium
1523 976 1637 1009 coeat.
1689 972 1785 1018 quod
1809 984 1882 1008 non
1914 976 2055 1007 tantum
2077 973 2115 1007 in
2138 974 2245 1015 urbe,
2277 974 2340 1009 sed
2363 978 2400 1009 et

1311 1019 1350 1055 in
1371 1019 1479 1054 Italia
1501 1022 1538 1054 et
1560 1019 1599 1054 in
1621 1018 1814 1064 provinciis
1838 1019 1957 1053 locum
1978 1018 2110 1053 habere
2134 1018 2235 1054 divus
2259 1029 2399 1063 quoque

1317 1069 1328 1099 l
1382 1065 1534 1100 Severus
1577 1064 1689 1099 rescri
1717 1063 1773 1098 sit.
1836 1063 1907 1099 Sed
1941 1063 2121 1107 religionis
2159 1074 2269 1099 causa
2304 1064 2399 1099 eolre

1312 1121 1385 1146 non
1407 1109 1655 1155 prohibentur,
1705 1120 1765 1144 um
1784 1112 1905 1144 tamen
1921 1119 1988 1162 per
2007 1108 2076 1143 hoc
2098 1118 2169 1143 non
2192 1108 2257 1144 fiat
2276 1113 2401 1144 contra

1313 1159 1459 1192 senatus
1491 1155 1711 1197 consultum,
1745 1165 1814 1199 quo
1845 1154 1970 1189 11110110
2001 1153 2150 1198 collegia
2180 1158 2348 1189 arcentur
2362 1156 2400 1189 ¹⁹.

1313 1205 1333 1236 2
1380 1200 1464 1237 Non
1494 1200 1580 1236 licet
1610 1203 1732 1235 autem
1761 1200 1915 1244 amplius
1947 1209 2054 1243 quam
2082 1209 2193 1234 unum
2217 1199 2403 1244 collegium

1312 1247 1449 1282 licitum
1473 1246 1624 1287 habere,
1649 1248 1691 1280 ut
1714 1249 1771 1281 est
1794 1244 2028 1281 constitutum
2051 1247 2088 1279 et
2119 1254 2142 1279 a
2170 1244 2259 1279 divis
2283 1244 2402 1279 fratri-

1312 1293 1400 1329 bus:
1437 1294 1474 1327 et
1503 1290 1535 1327 si
1571 1290 1651 1336 quis
1690 1290 1729 1325 in
1766 1290 1907 1326 duobus
1947 1289 2071 1333 fuerit,
2107 1290 2320 1334 rescriptum
2349 1293 2404 1325 est

1314 1337 1443 1382 eligere
1467 1347 1547 1372 eum
1566 1339 1743 1381 oportere,
1767 1335 1806 1371 in
1825 1345 1896 1381 (1110
1920 1335 2033 1380 magis
2057 1345 2136 1370 esse
2154 1335 2247 1377 velit,
2273 1345 2399 1380 accep-

1312 1386 1434 1418 turum
1468 1391 1514 1417 ex
1547 1391 1589 1417 eo
1627 1381 1796 1426 collegio,
1832 1391 1855 1416 a
1890 1391 1960 1425 quo
1995 1380 2147 1420 recedit,
2181 1379 2220 1415 id
2248 1379 2342 1426 quod
2373 1380 2406 1416 ei

1314 1427 1485 1473 competit
1509 1437 1554 1463 ex
1576 1427 1734 1470 ratione,
1761 1436 1853 1472 quae
1877 1425 2073 1462 communis
2097 1425 2177 1460 fuit.

1359 1471 1385 1510 2
1429 1473 1625 1508 ULPJANUS
1657 1472 1748 1508 libro
1786 1474 1892 1507 sexto
1932 1471 1975 1506 de
2013 1471 2138 1516 officio
2171 1470 2403 1517 proconsulis

1314 1518 1482 1564 Quisquis
1513 1517 1677 1553 illicitum
1709 1517 1896 1563 collegium
1929 1515 2169 1560 usurpaverit,
2211 1525 2253 1551 ea
2287 1526 2406 1561 poena

1313 1568 1472 1608 tenetur,
1506 1573 1577 1607 qua
1609 1566 1794 1606 tenentur,
1826 1562 1887 1607 qui
1915 1561 2118 1597 hominibus
2148 1561 2295 1596 armatis
2323 1561 2405 1597 loca

1313 1610 1460 1657 publica
1484 1609 1541 1644 vel
1563 1608 1697 1654 templa
1721 1618 1920 1654 occupasse
1944 1606 2094 1642 iudicati
2117 1609 2212 1642 sunt.

1361 1653 1384 1693 3
1416 1654 1655 1690 MAROJANUS
1682 1653 1774 1690 libro
1806 1652 1965 1688 secundo
1997 1652 2209 1687 iudiciorum
2234 1651 2404 1698 publico-

1313 1712 1395 1736 rum
1444 1699 1602 1744 Collegia
1637 1699 1668 1735 si
1707 1709 1778 1744 qua
1814 1697 1949 1733 fuerint
1977 1697 2122 1740 illicita,
2160 1696 2339 1733 mandatis
2369 1700 2407 1732 et

1316 1745 1632 1782 constitutionibus
1654 1747 1690 1779 et
1707 1747 1853 1783 senatus
1868 1743 2041 1779 consultis
2062 1742 2317 1778 dissolvuntur:
2342 1738 2406 1778 sed

1314 1791 1533 1838 permittitur
1555 1790 1626 1833 eis,
1652 1800 1732 1826 cum
1756 1789 2018 1831 dissolvuntur,
2051 1787 2223 1833 pecunias
2249 1798 2406 1823 commu-

1315 1848 1378 1873 nes
1411 1837 1443 1873 si
1474 1846 1563 1882 quas
1592 1836 1730 1871 habent
1759 1835 1915 1872 dividere
1954 1834 2212 1879 pecuniamque
2242 1833 2337 1868 inter
2366 1844 2406 1869 00

1321 1887 1332 1917 ι
1383 1881 1510 1927 partiri
1521 1882 1563 1915 ²⁰.
1604 1880 1648 1915 In
1671 1890 1811 1917 summa
1833 1882 1964 1923 autem,
1989 1879 2058 1914 nisi
2081 1889 2125 1914 ex
2148 1882 2292 1914 senatus
2317 1889 2403 1914 0011-

1315 1928 1400 1964 011111
1424 1926 1639 1962 auctoritate
1662 1926 1718 1962 vel
1737 1925 1901 1962 Caesaris
1927 1925 2114 1970 collegium
2136 1924 2191 1959 vel
2211 1923 2405 1968 quodcum-

1315 1983 1384 2019 que
1416 1972 1489 2008 tale
1522 1982 1652 2017 corpus
1686 1971 1829 2013 coierit,
1863 1974 1990 2006 contra
2025 1973 2171 2006 senatus
2204 1969 2406 2005 consultum

1315 2022 1351 2054 et
1388 2017 1560 2053 mandata
1594 2020 1631 2053 et
1669 2016 1942 2053 constitutiones
1979 2015 2166 2060 collegium
2197 2015 2404 2050 celebrat-¹¹.

1316 2067 1335 2099 2
1385 2063 1514 2099 Servos
1539 2072 1680 2108 quoque
1712 2062 1798 2098 licet
1820 2062 1859 2097 in
1889 2061 2039 2106 collegio
2069 2060 2271 2096 tenuiorum
2293 2059 2406 2105 recipi

1314 2109 1517 2146 volentibus
1550 2108 1722 2150 dominis,
1763 2111 1805 2143 ut
1837 2110 2022 2142 curatores
2053 2106 2183 2141 horum
2214 2115 2405 2150 corporum

1315 2155 1451 2198 sciant,
1483 2163 1529 2189 110
1552 2154 1663 2189 invito
1687 2157 1751 2188 aut
1773 2153 1962 2197 ignorante
1994 2150 2135 2187 domino
2159 2151 2197 2186 in
2221 2150 2405 2194 collegium

1314 2200 1517 2236 tenuiorum
1541 2199 1754 2244 reciperent,
1779 2201 1816 2233 et
1837 2198 1874 2232 in
1893 2197 2053 2233 futurum
2076 2206 2194 2242 poena
2217 2199 2406 2231 teneantur

1316 2246 1354 2281 in
1378 2244 1535 2290 singulos
1559 2244 1721 2279 homines
1746 2253 1937 2279 aureorum
1961 2246 2116 2278 centum.

1362 2289 1388 2328 4
1415 2291 1539 2326 GAIUS
1567 2290 1659 2325 libro
1685 2292 1816 2335 quarto
1845 2288 1894 2323 ad
1917 2288 2029 2333 leqem
2055 2287 2242 2322 duodecim
2266 2286 2404 2322 tabula-

1314 2347 1396 2371 rum
1444 2335 1592 2370 Sodales
1617 2339 1712 2378 sunt,
1738 2334 1799 2379 qui
1823 2333 1983 2369 eiusdem
2006 2332 2144 2377 collegii
2168 2335 2268 2366 sunt:
2299 2341 2406 2375 quam

1316 2381 1447 2417 Graeci
1470 2381 1653 2426 ἑταιρείαν
1675 2382 1818 2415 vocant.
1858 2379 1914 2414 his
1938 2382 2057 2413 autem
2081 2380 2294 2422 potestatem
2318 2376 2406 2411 facit

1314 2427 1373 2462 lex
1395 2426 1600 2471 pactionem
1623 2435 1730 2470 quam
1753 2424 1863 2460 velint
1886 2423 1956 2459 sibi
1985 2423 2097 2465 ferre,
2131 2423 2214 2457 dum
2245 2432 2290 2457 ne
2319 2421 2405 2466 quid

1316 2483 1359 2507 ex
1408 2471 1530 2506 ublica
1552 2471 1628 2515 lege
1653 2473 1886 2514 corrumpant
1896 2470 1937 2504 ²².
1986 2469 2050 2505 sed
2073 2468 2162 2503 haec
2185 2468 2244 2502 lex
2266 2466 2406 2502 videtur

1316 2528 1360 2553 ex
1405 2527 1468 2561 ege
1501 2515 1644 2552 Solonis
1675 2516 1808 2551 tralata
1817 2515 1849 2536 ²³
1880 2524 1971 2550 esse.
2019 2524 2102 2549 nam
2131 2512 2218 2547 illuc
2247 2511 2299 2547 ita
2330 2515 2403 2547 est:

1314 2562 1378 2597 ἐὰν
1402 2560 1442 2596 δὲ
1465 2559 1576 2606 δῆμος
1598 2559 1621 2603 ἢ
1646 2559 1825 2608 φράτορες
1848 2557 1870 2602 ἢ
1895 2559 2003 2606 ἱερῶν
2026 2554 2159 2605 ὀργίων
2189 2557 2211 2599 ἣ
2234 2558 2363 2591 ναῦται
2373 2557 2404 2578 ²⁴

1315 2606 1336 2650 ἢ
1363 2605 1524 2642 σύσσιτοι
1547 2605 1569 2649 ἢ
1595 2604 1780 2651 ὁμόταφοι
1803 2603 1825 2648 ἢ
1849 2606 2039 2639 θιασῶται
2063 2604 2084 2646 ἢ
2108 2606 2167 2637 ἐπὶ
2186 2601 2285 2636 λείαν
2305 2600 2404 2644 οἰχό-

1313 2666 1418 2697 μενοι
1440 2650 1462 2695 ἢ
1488 2652 1535 2687 εἰς
1558 2653 1745 2699 ἐμπορίαν,
1773 2645 1831 2685 ὅτι
1855 2648 1900 2684 ἂν
1921 2648 2063 2684 τούτων
2087 2647 2295 2682 &mmmmm
2316 2645 2405 2693 πρὸς

1316 2693 1497 2740 ἀλλήλους,
1534 2695 1660 2743 κύριον
1692 2696 1800 2737 εἶναι,
1835 2694 1899 2730 ἐὰν
1921 2694 1970 2739 μὴ
1995 2689 2221 2741 ἀπαγορεύσῃ
2247 2690 2404 2737 δημόσια

1313 2741 1509 2791 γράμματα
1520 2743 1561 2778 ²⁵.
2339 2752 2341 2754 '

1313 2901 1459 2945 p(opuli)
1467 2901 1647 2944 R(omani).
1673 2899 1817 2943 Quib[us
1828 2899 1919 2933 coire
1931 2898 2121 2942 co]nvenire
2134 2896 2403 2938 collegiumq(ue)

1313 2947 1436 2980 habere
1455 2946 1565 2980 liceat.
1603 2946 1670 2984 Qui
1690 2946 1809 2988 stipem
1828 2946 2032 2978 menstruam
2053 2943 2202 2976 conferre
2222 2940 2347 2983 volen[t
2365 2941 2403 2973 in

1314 2992 1457 3035 fune]ra,
1476 2992 1514 3024 in
1533 2992 1562 3024 it
1581 2991 1762 3033 collegium
1781 2993 1899 3023 coeant
1914 2991 2048 3031 neq(ue)
2061 2988 2121 3020 sub
2133 2987 2239 3030 specie
2252 2986 2322 3018 eius
2333 2985 2402 3018 col-

1314 3037 1382 3080 legi
1402 3038 1469 3070 nisi
1488 3036 1589 3070 semel
1609 3037 1646 3069 in
1665 3046 1776 3069 mense
1797 3036 1928 3078 c[oeant
1949 3032 2153 3077 con]ferendi
2174 3041 2287 3070 causa,
2313 3030 2402 3063 unde

1315 3083 1466 3116 defuncti
1477 3081 1683 3125 sepeliantur
1775 3086 1834 3120 (19)
1860 3082 1907 3114 0ἰο
1923 3081 2043 3113 ordina
2060 3086 2090 3111 et
2104 3077 2238 3120 supple:
2261 3076 2400 3118 permit-

1314 3129 1400 3160 titur
1419 3126 1630 3160 tenuioribus
1648 3126 1767 3169 stipem
1785 3127 1989 3158 menstruam
2007 3123 2172 3163 conferre,
2192 3120 2271 3153 dum
2288 3122 2400 3153 tamen

1314 3171 1414 3207 semel
1436 3173 1475 3204 in
1497 3182 1609 3205 mense
1632 3174 1750 3205 coeant
1775 3170 1980 3214 [conferendi
1999 3167 2126 3209 oausaJ:
2151 3165 2208 3199 sed
2227 3164 2401 3207 religionis

1314 3227 1414 3251 causa
1431 3217 1521 3250 coire
1542 3227 1612 3249 non
1631 3216 1864 3259 prohibentur,
1884 3216 1963 3248 dum
1982 3216 2092 3246 tamen
2109 3221 2169 3254 per
2187 3211 2249 3242 hoc
2262 3220 2330 3242 non
2341 3209 2401 3242 fiat

1315 3265 1432 3297 contra
1443 3263 1577 3295 senatus
1590 3261 1790 3303 consultum,
1809 3271 1875 3302 quo
1887 3260 2008 3292 illicita
2020 3256 2160 3298 collegia
2172 3257 2338 3295 arcentur,
2358 3265 2400 3287 ne

1314 3307 1376 3341 sub
1392 3309 1568 3350 praetextu
1587 3306 1780 3340 huiusmodi
1798 3305 1957 3338 illicitum
1975 3301 2152 3343 collegium
2165 3301 2258 3332 coeat
2270 3300 2327 3340 (ne
2338 3299 2399 3331 sub

1315 3378 1323 3386 .
1334 3377 1342 3385 .
1352 3377 1360 3385 .
1381 3354 1474 3385 coeat
1484 3354 1635 3395 fortasse
1648 3353 1735 3394 del.).
1768 3351 1858 3393 quod
1870 3360 1937 3382 non
1950 3350 2079 3380 tantum
2092 3346 2129 3378 in
2142 3344 2234 3385 urbe,
2249 3344 2305 3376 sed
2318 3347 2351 3376 et
2362 3345 2398 3376 in

1314 3397 1416 3430 Italia
1434 3399 1468 3431 et
1485 3397 1524 3429 in
1543 3397 1728 3440 provinciis
1747 3396 1857 3429 locum
1876 3393 1996 3426 habere
2009 3391 2104 3423 divus
2117 3399 2248 3432 quoque
2260 3388 2400 3421 Severus

1315 3442 1484 3485 rescripsit
1585 3443 1649 3483 (20)
1673 3441 1778 3484 patiri
1792 3439 1851 3480 ΓΞ,
1872 3440 1967 3480 pater
1980 3436 2029 3470 F¹
2130 3435 2189 3476 (21)
2214 3433 2400 3488 celebratur

1316 3490 1390 3521 dett.
1457 3488 1519 3529 (22)
1545 3489 1725 3529 corrupant
1740 3487 1773 3518 F
1829 3485 1892 3525 (23)
1916 3481 2060 3514 tranlata
2074 3481 2109 3512 F
2165 3480 2227 3520 (24)
2251 3490 2274 3519 η
2293 3489 2400 3527 aspum

1321 3527 1362 3577 ὀρ
1387 3533 1455 3565 [mv
1473 3529 1586 3566 θύται
1600 3545 1662 3565 scr.
1763 3531 1824 3569 (25)
1849 3529 1886 3561 id
1905 3534 1968 3559 est:
1993 3525 2082 3567 quod
2101 3524 2129 3556 si
2147 3533 2253 3566 pagus
2270 3522 2322 3555 vel
2339 3533 2399 3555 eu-

1314 3579 1365 3611 ria
1380 3588 1413 3610 00
1433 3577 1486 3610 vel
1506 3587 1675 3610 sacrarum
1696 3574 1868 3617 epularum
1887 3571 1931 3613 (⁶2)
1952 3570 2005 3603 vel
2023 3579 2153 3601 mensae
2177 3567 2230 3600 vel
2253 3567 2398 3610 sepulcri

1321 3622 1552 3656 communione
1568 3622 1678 3654 iuncti
1698 3619 1748 3651 vel
1765 3617 1892 3650 sodales
1912 3616 1963 3648 vel
1983 3615 2042 3657 qui
2054 3614 2095 3646 ad
2107 3613 2262 3656 praedam
2273 3612 2397 3645 facien-

1315 3667 1389 3700 dam
1400 3667 1702 3710 negotiationemve
1712 3662 1970 3706 proficiscuntur
1989 3658 2154 3702 quidquid
2173 3659 2292 3690 horum
2308 3657 2398 3690 inter

1313 3722 1347 3746 se
1359 3712 1605 3753 constituerint,
1625 3710 1660 3743 id
1672 3711 1780 3742 ratum
1795 3718 1872 3748 esse,
1893 3706 1959 3738 nisi
1975 3704 2129 3747 publicae
2147 3702 2236 3745 leges
2254 3702 2392 3736 obstent.
