2528 3918
133 143 194 173 nn
222 145 326 177 m'ru
356 149 611 182 nummum
1211 138 1294 186 295

133 258 405 301 praecesserint,
430 258 500 294 hoc
523 259 721 304 ipso-quod
750 261 788 295 in
820 261 962 296 domum
994 262 1148 297 deducta
1172 267 1226 297 est

134 312 206 336 non
228 302 338 337 videri
361 303 542 348 sponsalia
563 303 673 339 facta.
699 315 806 349 quam
825 306 1036 341 sententiam
1056 307 1224 352 Papinia-

135 357 203 381 nus
228 357 369 392 quoque
418 348 534 383 robat.

182 390 232 429 10
257 391 364 427 IDEM
404 393 481 428 ibro
506 397 610 431 tertio
642 396 926 442 disputationum
972 396 1016 431 In
1046 400 1225 442 potestate

133 445 299 477 manente
320 441 395 477 filia
417 445 520 486 pater
543 451 675 486 sponso
700 441 866 476 nuntium
895 441 1075 477 remittere
1104 445 1226 488 potest

134 491 169 523 et
192 486 372 532 sponsalia
397 486 598 521 dissolvere.
633 485 808 521 enimvero
840 486 871 521 si
901 486 1127 532 emancipata
1158 490 1223 529 est,

133 542 206 567 non
228 535 348 577 potest
366 541 481 576 neque
498 531 661 566 nuntium
681 530 859 566 remittere
881 541 997 576 neque
1018 542 1111 576 quae
1131 532 1224 567 dotis

134 587 245 612 causa
269 576 355 612 data
377 581 462 612 sunt
486 575 691 612 condicere:
724 576 804 621 ipsa
826 576 920 611 enim
954 575 1028 611 filia
1058 576 1223 612 nubendo

133 621 266 658 efficiet
289 621 408 657 dotem
433 631 511 656 esse
534 620 865 666 condictionemque
899 622 1099 666 extinguet,
1132 632 1225 667 quae

134 676 244 702 causa
266 677 339 702 non
362 670 487 702 secuta
509 666 611 701 nasci
640 666 783 711 poterit.
813 666 882 701 nisi
912 665 1006 701 forte
1038 666 1117 711 quis
1140 677 1223 718 pro-

133 716 244 757 ponat
266 711 318 747 ita
342 711 461 747 dotem
483 715 622 756 patrem
645 721 710 756 pro
735 711 960 756 emancipata
978 711 1053 746 filia
1073 711 1222 753 dedisse,

133 762 184 799 ut,
209 756 239 791 si
262 756 395 801 nuptiis
417 766 490 791 non
515 756 750 798 consentiret,
774 756 830 791 vel
854 756 1049 792 contractis
1072 756 1128 791 vel
1151 767 1223 791 non

133 802 326 837 contractis
349 805 527 846 repeteret
550 811 642 846 quae
665 800 829 836 dederat:
854 805 941 836 tunc
961 801 1054 837 enim
1076 801 1225 837 habebit

132 846 389 891 repetitionem.

183 889 227 927 11
255 890 449 927 IULIANUS
465 891 555 927 libro
574 894 681 926 sexto
701 890 837 927 decimo
851 891 1072 938 diqestorum
1108 891 1222 936 Spon-

132 936 222 972 00110
245 936 339 972 sicut
361 936 508 981 nuptiae
532 946 710 971 consensu
734 936 1022 972 contrahentium
1044 936 1153 971 fiunt:
1188 940 1224 972 et

132 981 213 1016 ideo
249 981 343 1017 sicut
374 981 509 1026 nuptiis
523 1008 531 1022 ‚
566 981 618 1016 ita
660 981 887 1026 sponsalibus
924 982 1033 1017 filiam
1067 981 1222 1017 familias

133 1026 335 1062 consentire
358 1030 517 1071 oportet:

180 1069 230 1107 12
263 1070 458 1107 ULPJANUS
485 1071 577 1107 libro
610 1071 793 1117 sinqulari
814 1071 858 1106 de
881 1071 1112 1117 sponsalibus
1158 1071 1222 1107 sed

132 1126 224 1162 quae
255 1116 367 1161 patris
398 1117 574 1152 voluntati
604 1126 677 1150 non
709 1126 799 1162 repu
847 1120 903 1159 at,
937 1117 1138 1153 consentire
1167 1117 1221 1152 in-

134 1167 148 1196 1
198 1161 385 1206 tellegitur.
451 1161 556 1196 Tunc
603 1165 722 1196 autem
765 1171 805 1197 so
820 1172 881 1196 um
928 1161 1157 1198 dissentiendi
1200 1172 1222 1197 a

129 1210 233 1252 patre
256 1207 400 1242 licentia
422 1206 518 1242 filiae
541 1206 764 1248 conceditur,
797 1206 828 1241 si
858 1206 1041 1252 indignum
1062 1207 1221 1243 moribus

130 1251 186 1287 vel
208 1255 348 1296 turpem
370 1262 542 1297 sponsum
565 1251 598 1286 ei
620 1255 724 1296 pater
748 1251 863 1296 eligat.

180 1294 229 1334 13
254 1297 415 1332 was
428 1296 519 1333 libro
539 1297 665 1342 quinto
685 1296 735 1332 ad
753 1296 906 1332 edictum
938 1297 1031 1333 Filio
1043 1297 1195 1334 familias
1211 1299 1221 1319 ¹

131 1342 360 1378 dissentiente
385 1342 567 1387 sponsalia
590 1341 733 1377 nomine
758 1342 833 1377 eius
856 1342 933 1378 fieri
958 1353 1031 1378 non
1053 1347 1218 1388 possunt.

180 1385 230 1423 14
254 1386 511 1422 Monsssruws
539 1387 630 1422 libro
664 1391 795 1432 quarto
829 1387 1117 1433 differentiarum
1178 1389 1221 1423 In

130 1432 357 1477 sponsalibus
378 1431 629 1467 contrahendis
651 1436 750 1467 aetas
771 1433 1057 1468 contrahentium
1076 1433 1222 1469 definita

130 1488 204 1512 non
228 1481 282 1512 est
304 1482 346 1512 ut
365 1477 403 1512 in
423 1477 666 1512 matrimoniis.
692 1483 911 1523 quapropter
932 1482 967 1513 et
986 1488 1009 1513 a
1027 1478 1220 1523 primordio

130 1523 260 1558 aetatis
283 1522 466 1567 sponsalia
496 1522 590 1557 effici
623 1526 793 1566 possunt,
824 1523 854 1558 si
877 1523 982 1558 modo
1013 1523 1051 1558 id
1073 1523 1151 1559 fieri
1174 1524 1221 1559 ab

129 1572 283 1613 utraque
305 1578 462 1612 persona
484 1567 727 1619 intellegatur,
758 1567 796 1603 id
821 1572 886 1611 est,
911 1568 942 1603 si
965 1579 1037 1604 non
1061 1568 1134 1604 sint
1155 1569 1220 1604 mi-

129 1622 235 1648 nores
283 1623 366 1648 uam
390 1617 526 1657 septem
549 1622 663 1647 annis.

179 1656 228 1694 15
278 1667 363 1692 DEM
399 1657 490 1694 libro
534 1658 718 1703 sinqulari
758 1657 804 1693 de
846 1658 1043 1694 enucleatis
1078 1659 1222 1694 casibus

129 1702 244 1739 Tutor
266 1702 401 1739 factam
423 1703 594 1748 pupillam
619 1713 720 1738 suam
739 1713 806 1738 nec
825 1703 903 1748 ipse
922 1714 1070 1739 uxorem
1091 1703 1222 1739 ducere

129 1758 196 1783 nec
219 1748 292 1784 filio
317 1758 381 1783 suo
405 1748 442 1782 in
476 1748 700 1783 matrimonio
733 1748 925 1793 adiungere
955 1753 1086 1794 potest.
1127 1749 1221 1784 scias

130 1797 259 1835 tamen,
293 1793 388 1838 quod
421 1793 465 1829 de
496 1793 630 1838 nuptiis
661 1797 870 1835 tractamus,
903 1797 939 1829 et
970 1793 1017 1829 ad
1040 1794 1222 1839 sponsalia

130 1838 318 1885 pertinere.

177 1882 228 1921 16
260 1883 454 1920 ULPJANUS
464 1884 554 1919 libro
567 1884 672 1918 tertio
685 1883 734 1918 ad
745 1883 858 1930 leqem
875 1883 1005 1919 Iuliam
1018 1887 1053 1919 et
1064 1883 1220 1931 Papiam

130 1929 253 1965 Oratio
296 1929 550 1973 imperatorum
583 1928 757 1963 Antonini
799 1933 834 1963 et
879 1928 1082 1971 Commodi,
1129 1940 1221 1974 quae

129 1974 302 2054 quasdam
344 1974 487 2018 nuptias
521 1974 559 2009 in
593 1983 783 2018 personam
815 1978 1022 2009 senatorum
1055 1974 1220 2017 inhibuit,

155 2030 174 2054 e
197 2019 422 2064 sponsalibus
446 2019 532 2054 nihil
555 2018 677 2054 locuta
710 2022 775 2054 est.
808 2023 907 2054 recte
936 2023 1056 2054 tamen
1090 2019 1221 2055 dicitur

130 2064 236 2099 etiam
260 2064 441 2116 sponsalia
463 2064 501 2098 in
523 2064 579 2099 his
604 2064 747 2099 casibus
776 2063 856 2109 ipso
887 2064 964 2099 iure
987 2064 1118 2100 nullius
1144 2075 1221 2100 esse

130 2113 310 2151 momenti,
333 2113 374 2145 ut
397 2109 606 2154 suppleatur
629 2109 726 2154 quod
749 2109 902 2144 orationi
927 2109 1036 2145 deest.

178 2152 226 2191 17
257 2154 379 2190 GAIUs
399 2154 490 2190 libro
508 2155 631 2200 primo
651 2154 701 2189 ad
720 2154 834 2200 leqem
852 2154 987 2190 Iuliam
1009 2158 1045 2189 et
1062 2154 1219 2202 Papiam

129 2199 198 2234 Sae
225 2210 244 2234 e
266 2199 383 2234 iustae
398 2209 442 2234 ac
462 2199 687 2236 necessariae
707 2209 838 2235 causae
858 2210 931 2235 non
951 2199 1065 2235 solum
1087 2210 1220 2235 annum

127 2246 183 2279 vel
231 2245 404 2287 iennium,
429 2244 492 2279 sed
525 2245 630 2279 etiam
660 2244 851 2280 triennium
883 2249 918 2280 et
949 2245 1220 2290 quadriennium

130 2296 165 2324 et
188 2289 337 2325 ulterius
361 2290 509 2325 trahunt
532 2289 734 2335 sponsalia,
768 2290 876 2325 veluti
899 2289 1063 2325 valetudo
1098 2290 1220 2342 sponsi

129 2344 325 2380 sponsaeve
347 2335 403 2370 vel
420 2339 551 2370 mortes
575 2335 777 2379 parentium
795 2339 860 2371 aut
882 2335 1051 2380 capitalia
1071 2335 1220 2370 crimina

129 2385 191 2414 aut
209 2380 269 2414 lon
296 2380 386 2416 'ores
403 2390 486 2425 pere
526 2380 701 2415 inationes
714 2390 805 2426 quae
827 2391 870 2415 ex
890 2381 1104 2416 necessitate
1114 2380 1216 2415 fiunt.

178 2422 228 2462 18
295 2435 463 2461 LPJANUS
485 2391 583 2461 {Pbro
618 2428 724 2461 sexto
756 2425 806 2461 ad
835 2425 989 2461 edictum
1035 2425 1078 2460 In
1109 2436 1217 2471 spon-

130 2470 264 2506 salibus
289 2470 544 2506 constituendis
577 2470 678 2515 parvi
708 2470 834 2513 refert,
866 2481 932 2515 per
962 2480 1001 2505 se
1026 2474 1075 2510 (et
1098 2481 1219 2507 coram

130 2525 176 2549 an
200 2525 264 2560 per
285 2515 543 2550 internuntium
561 2515 616 2550 vel
639 2525 704 2560 per
728 2516 927 2561 epistulam)
954 2525 1000 2550 an
1023 2526 1087 2560 per
1110 2516 1219 2551 alium

127 2561 196 2595 hoc
219 2560 355 2596 factum
379 2564 449 2596 est:
476 2564 511 2595 et
533 2560 608 2595 fere
626 2560 834 2606 plerumque
853 2560 1081 2596 condiciones
1105 2561 1218 2596 inter-

127 2605 253 2650 positis
276 2606 437 2650 personis
462 2605 709 2650 expediuntur.

639 2741 713 2781 11².

421 2809 482 2841 DE
507 2808 616 2841 nrru
640 2807 919 2840 NUPTIARUM.

178 2874 196 2911 1
224 2873 477 2911 Monasruws
512 2875 602 2910 libro
667 2875 760 2911 rimo
789 2875 1000 2921 reqularum
1062 2874 1218 2919 Nuptiae

128 2923 213 2955 sunt
231 2920 436 2956 coniunctio
455 2920 564 2955 maris
584 2924 620 2955 et
657 2920 794 2956 eminae
811 2925 847 2956 et
867 2919 1086 2956 consortium
1104 2919 1218 2955 omnis

127 2964 232 3007 vitae,
258 2964 366 3000 divini
389 2969 425 3001 et
446 2964 594 3000 humani
615 2965 702 3000 iuris
727 2964 1012 3001 communicatio.

174 3007 200 3047 2
225 3009 281 3044 ΡΑ
289 3019 333 3045 UL
340 3020 384 3046 σε
392 3010 482 3046 libro
496 3011 678 3056 triqesimo
691 3011 816 3056 quinto
827 3010 878 3045 ad
887 3010 1042 3046 edictum
1061 3008 1121 3044 Nu
1146 3008 1219 3043 tiae

128 3055 323 3090 consistere
343 3065 414 3091 non
433 3058 586 3100 possunt
607 3055 675 3091 nisi
699 3055 924 3091 consentiant
946 3064 1080 3096 omnes,
1103 3053 1116 3088 i
1165 3057 1219 3088 001

129 3099 189 3144 qui
215 3103 344 3135 coeunt
390 3110 587 3144 uorumque
609 3100 647 3136 in
669 3103 847 3145 potestate
871 3103 965 3136 sunt.

174 3141 198 3182 3
222 3144 330 3179 IDEM
349 3144 377 3180 l·
398 3156 440 3180 ro
456 3146 581 3191 primo
605 3145 655 3180 ad
676 3144 852 3181 Sabinum
906 3145 944 3180 Si
976 3147 1142 3188 nepotem
1174 3152 1218 3178 ex

126 3188 198 3224 filio
232 3192 268 3224 et
298 3193 439 3235 neptem
470 3200 515 3225 ex
537 3190 648 3225 altero
679 3189 753 3226 filio
783 3189 821 3225 in
850 3192 1030 3235 potestate
1052 3188 1216 3229 habeam,

127 3234 271 3279 nuptias
305 3235 399 3270 inter
433 3244 493 3270 eos
529 3245 586 3270 me
621 3235 697 3270 solo
733 3239 882 3271 auctore
917 3233 1081 3270 contrahi
1110 3242 1217 3278 posse

125 3278 345 3324 Pomponius
368 3279 493 3315 scribit
517 3284 552 3315 et
573 3290 695 3316 verum
720 3285 784 3316 est.

174 3321 199 3359 4
224 3323 453 3360 POMPONIUS
480 3325 570 3360 libro
603 3325 709 3360 tertio
741 3324 791 3360 ad
821 3324 996 3361 Sabinam
1042 3322 1215 3357 Minorem

127 3368 231 3403 annis
255 3368 442 3404 duodecim
465 3374 613 3414 nuptam
636 3373 723 3404 tunc
746 3369 938 3414 legitimam
956 3378 1104 3404 uxorem
1125 3366 1214 3409 fore,

129 3421 219 3446 011111
234 3414 329 3458 apud
352 3414 465 3449 virum
488 3415 665 3460 explesset
688 3414 874 3450 duodecim
898 3423 1023 3449 annos.

174 3455 198 3493 5
223 3456 331 3492 IDEM
349 3458 440 3494 libro
473 3462 604 3504 quarto
639 3459 689 3494 ad
720 3458 894 3495 Sabinum
939 3457 1127 3493 Mulierem
1150 3456 1213 3490 ab·

128 3501 221 3537 senti
243 3512 308 3546 per
330 3502 468 3538 litteras
491 3504 567 3539 eius
590 3503 645 3539 vel
668 3514 732 3548 per
762 3502 927 3538 nuntium
950 3512 1058 3547 posse
1080 3501 1215 3536 nubere

127 3617 168 3656 (1)
193 3615 342 3647 familiae
354 3615 383 3647 F
394 3615 404 3635 ¹

114 3660 117 3664 ’
174 3663 217 3700 (1)
232 3660 315 3693 Sab.
324 3667 405 3694 2...6.
416 3667 514 3694 amu.
525 3668 643 3695 16...20.
655 3669 835 3700 2s.52...6o;
846 3661 913 3694 Ed.
924 3668 947 3694 1.
961 3667 1078 3694 21...2·1.
1092 3665 1211 3692 29...33.

127 3710 252 3742 89⁶..513
278 3705 361 3747 Pap.
377 3712 403 3738 τ.
418 3712 460 3739 15.
474 3711 592 3739 rumas.
607 3713 724 3740 01...00.
746 3723 794 3730 —
813 3706 897 3738 Bas.
919 3706 973 3744 28,
995 3712 1012 3738 4
1027 3711 1057 3737 et
1069 3704 1124 3743 28,
1139 3711 1155 3736 5
1168 3720 1214 3726 —

131 3748 182 3787 Cs-
196 3749 276 3782 Inst.
293 3750 376 3789 1,1o;
403 3750 482 3784 Cod.
499 3751 532 3789 5,
549 3758 565 3783 4
667 3753 708 3790 (3)
733 3761 819 3791 opus
843 3760 913 3782 esse
925 3749 1039 3781 uxoris
1050 3748 1087 3780 in
1099 3747 1214 3779 mariti

2171 149 2317 191 xxm
2348 153 2372 191 2

1292 263 1427 307 placet,
1463 263 1496 299 si
1527 263 1566 298 in
1601 263 1743 299 domum
1778 266 1851 301 eius
1888 267 2138 304 deduceretur:
2181 280 2257 305 eam
2292 282 2372 307 vero

1294 318 1386 352 quae
1410 308 1552 344 abesset
1572 318 1615 343 011
1638 308 1763 344 11110110
1786 311 1839 345 vel
1863 313 1984 348 nuntio
2009 324 2073 349 suo
2099 315 2179 350 duci
2203 327 2224 350 a
2247 317 2373 351 marito

1292 363 1366 387 non
1400 363 1525 398 posse:
1575 353 1786 389 deductione
1822 356 1912 390 enim
1947 369 2036 402 opus
2072 370 2149 394 esse
2178 360 2214 394 in
2246 362 2373 403 mariti,

1292 398 1413 433 nonin
1426 398 1547 433 uxoris
1559 398 1573 419 ³
1594 398 1747 441 domum,
1761 401 1862 444 quasi
1874 401 1909 435 in
1922 402 2135 439 domicilium
2148 406 2370 441 matrimonii.

1339 440 1364 480 6
1396 441 1590 478 ΠιΡιΔΝυε
1623 443 1713 479 libro
1751 446 1931 491 trz'qesimo
1968 450 2090 499 quinto
2122 449 2171 484 ad
2199 450 2372 486 Sabinum

1292 486 1455 532 Denique
1486 487 1600 522 Cinna
1631 488 1771 523 scribit:
1814 499 1904 532 eum,
1929 502 1987 536 qui
2011 493 2211 529 absentem⁴
2236 496 2372 540 accepit

1290 542 1447 574 uxorem,
1469 532 1596 568 deinde
1614 533 1754 568 rediens
1774 543 1797 568 a
1815 544 1903 569 cena
1920 535 2019 571 iuxta
2041 538 2194 574 Tiberim
2213 541 2372 584 perisset,

1290 577 1335 612 ab
1360 587 1472 612 uxore
1495 577 1688 622 lugendum
1711 588 1919 623 responsum
1945 586 2006 615 est.

1336 619 1358 657 7
1385 621 1545 657 PAULUS
1584 622 1675 658 libro
1718 624 1900 669 sinqularz·
1939 626 1988 660 ad
2028 626 2138 672 lcyem
2173 629 2370 665 Falcidiam

1289 666 1445 711 Ideoque
1479 672 1598 712 potest
1633 667 1728 710 fieri,
1752 672 1793 703 ut
1815 669 1852 702 in
1876 669 1944 704 hoc
1969 681 2053 705 casu
2078 672 2195 717 aliqua
2219 674 2312 719 virgo
2338 680 2373 710 et

1290 711 1408 746 dotem
1433 716 1468 746 et
1492 712 1536 747 de
1560 713 1643 748 dote
1665 713 1799 748 habeat
1821 714 2006 749 actionem.

1337 753 1361 793 8
1386 756 1618 792 POMPONIUS
1636 757 1727 793 libro
1748 759 1873 803 quinto
1894 759 1942 794 ad
1966 759 2136 796 Sabinum
2170 762 2372 799 Libertinus

1291 802 1492 837 libertinam
1526 806 1674 837 matrem
1706 807 1769 838 aut
1802 813 1959 838 sororem
1983 816 2127 840 uxorem
2152 807 2278 843 ducere
2301 820 2371 844 non

1291 846 1529 926 potesatquia
1552 847 1621 882 hoc
1653 848 1708 883 ius
1739 848 1907 890 moribus,
1934 859 2005 884 non
2035 850 2168 895 legibus
2192 853 2370 889 introduc-

1307 902 1368 926 um
1392 901 1429 926 es
1449 918 1456 925 .

1337 934 1362 973 9
1394 935 1588 972 ULPIANUS
1616 937 1707 972 libro
1731 938 1896 973 vicesimo
1919 944 2023 974 sexto
2049 940 2096 974 ad
2120 940 2290 976 Sabinum
2337 943 2373 978 Si

1290 991 1401 1026 nepos
1426 991 1573 1016 uxorem
1604 982 1688 1016 velit
1721 982 1851 1018 ducere
1883 993 1948 1018 avo
1981 984 2139 1027 furente,
2171 987 2370 1023 omnimodo

1290 1026 1402 1071 patris
1427 1027 1622 1062 auctoritas
1648 1027 1714 1062 erit
1736 1028 1955 1063 necessaria:
1989 1029 2051 1064 sed
2075 1030 2105 1064 si
2127 1034 2228 1075 pater
2251 1031 2338 1066 furit
2348 1034 2371 1074 ⁵,

1293 1075 1308 1106 1
1359 1082 1445 1107 avus
1470 1071 1597 1116 sapiat,
1621 1071 1755 1107 sufficit
1779 1073 1834 1107 avi
1857 1074 2029 1108 voluntas.
2077 1075 2111 1109 Is
2144 1076 2243 1110 cuius
2274 1081 2373 1121 pater

1290 1116 1336 1151 ab
1361 1116 1523 1152 hostibus
1549 1126 1591 1152 ca
1616 1121 1674 1151 tus
1700 1122 1764 1159 est,
1789 1118 1820 1153 si
1842 1128 1914 1153 non
1937 1118 2032 1154 intra
2052 1120 2241 1155 triennium
2259 1132 2372 1156 rever-

1289 1165 1398 1203 tatur,
1422 1172 1570 1197 uxorem
1619 1172 1724 1197 110010
1748 1167 1876 1215 potest.

1339 1205 1389 1244 10
1415 1206 1575 1242 PAULUS
1595 1207 1686 1243 libro
1711 1209 1892 1254 trzqesimo
1917 1209 2042 1254 quinto
2067 1209 2116 1244 ad
2138 1210 2290 1246 edictum
2338 1211 2375 1245 Si

1289 1252 1341 1287 ita
1364 1257 1468 1297 pater
1491 1252 1603 1294 absit,
1637 1257 1678 1287 ut
1707 1252 1888 1297 ignoretur
1920 1253 1979 1288 ubi
2011 1254 2057 1289 sit
2082 1258 2116 1289 et
2140 1265 2186 1289 an
2210 1255 2266 1297 sit,
2291 1256 2375 1299 quid

1290 1297 1493 1332 faciendum
1529 1301 1601 1339 est,
1640 1298 1764 1333 merito
1801 1298 1993 1333 dubitatur.
2039 1303 2074 1334 et
2115 1300 2145 1335 si
2187 1300 2375 1335 triennium

1290 1342 1480 1383 effluxerit,
1505 1346 1694 1387 postquam
1718 1343 1938 1387 apertissime
1961 1343 2069 1379 fuerit
2117 1349 2194 1379 ater
2223 1345 2374 1389 ignotus,

1289 1388 1352 1423 ubi
1377 1387 1472 1432 degit
1495 1392 1531 1422 et
1554 1397 1600 1422 an
1625 1392 1803 1432 superstes
1828 1388 1891 1430 sit,
1927 1399 1999 1423 non

1290 1433 1366 1468 eius
1378 1433 1564 1477 utriusque
1582 1443 1688 1467 sexus
1703 1433 1964 1468 matrimonium
1977 1444 2018 1469 ve
2044 1435 2186 1479 nuptias
2204 1435 2375 1480 legitimas

1294 1478 1515 1514 contrahere.

1338 1521 1386 1560 11
1414 1522 1607 1558 IULIANUS
1624 1522 1714 1558 libro
1732 1524 1959 1603 sexazesimo
1979 1524 2135 1559 secundo
2156 1524 2373 1570 diqestorum

1290 1567 1328 1603 Si
1362 1567 1455 1603 filius
1492 1568 1567 1603 eius
1602 1568 1661 1612 qui
1699 1567 1795 1612 apud
1855 1572 1950 1604 ostes
1986 1572 2039 1603 est
2073 1569 2127 1604 vel
2162 1570 2257 1604 absit
2291 1574 2374 1605 ante

1288 1613 1478 1649 triennium
1519 1623 1561 1648 ca
1588 1613 1733 1647 tivitatis
1764 1613 1819 1648 vel
1861 1613 2042 1648 absentiae
2080 1615 2193 1659 patris
2229 1625 2373 1650 uxorem

1290 1658 1392 1693 duxit
1414 1658 1470 1693 vel
1501 1658 1532 1693 si
1577 1658 1635 1692 ''a
1659 1658 1836 1702 nupserit,
1869 1662 1955 1703 puto
1988 1662 2084 1694 recte
2114 1659 2373 1694 matrimonium

1288 1704 1344 1739 vel
1378 1703 1521 1748 nuptias
1558 1704 1739 1745 contrahi,
1787 1703 1975 1738 dummodo
2012 1714 2089 1738 eam
2129 1704 2221 1739 filius
2267 1704 2374 1739 ducat

1289 1759 1437 1784 uxorem
1460 1748 1516 1783 vel
1538 1748 1611 1783 filia
1635 1748 1698 1783 tali
1722 1748 1835 1783 nubat
1845 1750 1869 1790 ⁶,
1896 1749 1995 1784 cuius
2030 1748 2274 1784 condicionem
2297 1759 2371 1784 cer-

1289 1799 1364 1829 tum
1389 1794 1435 1828 sit
1457 1797 1594 1838 patrem
1618 1804 1688 1828 non
1713 1793 1990 1838 repudiaturum.

1339 1836 1389 1875 12
1422 1837 1615 1874 ULPJANUS
1647 1838 1738 1873 libro
1773 1839 1936 1874 vicesimo
1975 1845 2079 1874 sexto
2115 1838 2164 1873 ad
2198 1838 2370 1874 Sabinum

1290 1884 1327 1918 Si
1351 1894 1422 1929 qua
1445 1883 1531 1918 mihi
1554 1894 1644 1918 uxor
1667 1883 1746 1925 fuit,
1772 1883 1897 1918 deinde
1918 1894 1943 1923 ‚a
1965 1893 2020 1918 me
2043 1883 2229 1928 repudiata
2252 1883 2372 1928 nupsit

1290 1928 1388 1970 Seio,
1421 1938 1526 1973 quem
1557 1939 1620 1973 ego
1653 1932 1779 1972 postea
1810 1928 1994 1972 adrogavi,
2028 1939 2099 1963 non
2123 1932 2206 1963 sunt
2229 1929 2374 1973 nuptiae

1291 1977 1305 2008 1
1355 1974 1525 2009 incestae.
1561 1973 1660 2008 Inter
1678 1984 1734 2007 me
1755 1977 1790 2008 et
1811 1983 1978 2018 sponsam
2001 1973 2114 2018 patris
2138 1973 2205 2008 mei
2228 1973 2373 2017 nuptiae

1290 2018 1453 2054 contrahi
1475 2029 1549 2054 non
1572 2023 1741 2063 possunt:
1800 2028 1988 2062 uamquam
2019 2028 2171 2053 noverca
2201 2028 2279 2053 mea
2302 2029 2373 2053 non

1289 2067 1308 2098 2
1356 2064 1500 2109 proprie
1530 2063 1680 2099 dicatur.
1730 2063 1776 2098 Se
1833 2068 1868 2098 et
1898 2074 1963 2108 per
1994 2063 2210 2098 contrarium
2241 2073 2373 2108 sponsa

1287 2119 1367 2144 mea
1397 2108 1493 2153 patri
1522 2119 1600 2143 meo
1635 2108 1768 2144 nubere
1799 2119 1870 2143 non
1901 2109 2042 2152 poterit,
2075 2109 2232 2152 quamvis
2262 2118 2372 2142 nurus

1289 2157 1309 2189 3
1356 2164 1429 2189 000
1452 2154 1594 2198 proprie
1619 2153 1767 2188 dicatur.
1805 2152 1843 2188 Si
1866 2164 1956 2188 uxor
1979 2163 2059 2187 mea
2081 2157 2163 2197 post
2187 2152 2369 2188 divortium

1288 2199 1348 2234 alii
1371 2199 1533 2243 nupserit
1557 2203 1592 2234 et
1614 2198 1723 2233 filiam
1746 2198 1952 2242 susceperit,
1977 2201 2081 2242 putat
2098 2198 2256 2232 Iulianus
2279 2197 2372 2232 hanc

1288 2243 1431 2290 quidem
1454 2243 1649 2289 privignam
1673 2254 1745 2278 non
1779 2252 1874 2284 esse,
1908 2253 2027 2278 verum
2051 2243 2183 2286 nuptiis
2208 2242 2282 2276 eius
2307 2242 2369 2276 ab·

1288 2293 1308 2324 4
1355 2289 1569 2324 stinendum.
1605 2288 1804 2333 Adoptivae
1828 2288 1958 2323 soron's
1982 2287 2089 2321 filiam
2113 2297 2258 2331 possum
2282 2297 2368 2321 uxo-

1287 2344 1363 2369 rem
1387 2334 1534 2369 ducere:
1578 2337 1729 2379 cognata
1761 2333 1852 2368 enim
1885 2343 1963 2367 mea
1993 2343 2065 2367 non
2097 2336 2150 2366 est
2179 2331 2252 2365 filia
2283 2331 2368 2372 eius,

1312 2379 1373 2414 uia
1412 2379 1607 2414 avunculus
1643 2388 1745 2413 nemo
1781 2378 1822 2412 fit
1890 2388 1927 2412 er
1970 2376 2195 2420 adoptionem
2238 2380 2273 2410 et
2307 2386 2369 2410 eae

1288 2391 1428 2459 30101110
1464 2424 1692 2468 cognationes
1737 2388 1995 2458 contrafiuntur
2037 2421 2073 2455 in
2108 2420 2367 2464 adoptionibus,

1287 2479 1378 2514 quae
1408 2468 1584 2513 legitimae
1615 2471 1750 2510 essent,
1784 2467 1822 2502 id
1852 2471 1906 2501 est
1937 2476 2027 2510 quae
2058 2465 2290 2510 adgnatorum
2312 2465 2367 2516 1110

1285 2514 1469 2549 haberent.
1495 2514 1573 2558 pari
1596 2513 1733 2548 ratione
1757 2516 1792 2547 et
1815 2521 1970 2546 sororem
1990 2510 2101 2555 patris
2121 2510 2188 2544 mei
2212 2509 2368 2553 adoptlvi

1286 2569 1434 2604 possum
1460 2558 1599 2600 ducere,
1625 2558 1654 2593 si
1679 2568 1749 2592 non
1772 2556 1841 2591 fuit
1864 2556 1984 2590 eodem
2009 2559 2110 2599 patre
2134 2558 2229 2589 nata.

1335 2601 1384 2641 13
1410 2603 1515 2638 IDEM
1543 2603 1632 2639 libro
1665 2602 1845 2653 trigesimo
1878 2605 2007 2645 quarto
2039 2599 2088 2634 ad
2110 2598 2281 2635 Sabinum
2330 2598 2366 2633 Si

1285 2652 1440 2694 patrona
1472 2652 1545 2683 tam
1580 2647 1741 2692 ignobilis
1777 2646 1839 2687 sit,
1875 2649 1915 2679 ut
1947 2645 1978 2679 ei
2010 2644 2182 2679 honestae
2213 2644 2284 2678 sint
2315 2643 2367 2678 vel

1286 2694 1412 2729 saltem
1442 2693 1559 2728 liberti
1590 2692 1645 2727 sui
1674 2691 1837 2735 nuptiae,
1869 2689 1988 2724 officio
2019 2688 2145 2724 iudicis
2169 2699 2276 2733 super
2299 2689 2366 2723 hoc

1288 2749 1331 2774 co
1381 2738 1534 2773 oscentis
1558 2738 1626 2772 hae
1649 2735 1829 2781 prohiberi
1851 2744 1922 2769 non
1947 2733 2085 2769 debent.

1360 2782 1385 2820 4
1409 2783 1517 2818 PAUL
1525 2792 1568 2817 vs
1607 2782 1696 2817 libro
1741 2780 1925 2826 triqesimo
1963 2779 2088 2824 quinto
2132 2778 2181 2813 ad
2214 2777 2366 2813 edictum

1285 2828 1484 2873 Adoptivus
1518 2827 1610 2861 filius
1646 2827 1675 2860 si
1719 2824 1978 2868 emancipetur,
2013 2833 2090 2858 eam
2125 2832 2216 2874 quae
2254 2822 2366 2867 patris

1286 2874 1353 2909 ado
1381 2872 1443 2907 tivi
1465 2882 1557 2907 uxor
1579 2871 1647 2905 fuit
1671 2870 1799 2904 ducere
1821 2879 1894 2904 non
1917 2871 2053 2920 potest,
2088 2877 2171 2912 quia
2194 2876 2366 2918 novercae

1290 2921 1304 2953 1
1353 2884 1472 2953 fimum
1511 2916 1630 2951 habet.
1685 2915 1774 2949 Item
1808 2914 1839 2949 si
1873 2923 1951 2958 quis
1982 2913 2094 2947 filium
2129 2912 2197 2947 ado
2225 2915 2361 2952 tavent,

1286 2973 1432 2998 uxorem
1456 2960 1612 2996 eiusdem
1660 2969 1726 2994 uae
1749 2967 1859 2994 nurus
1871 2958 1950 2995 loco
1964 2959 2040 2993 001”1
2061 2967 2106 2992 00
2126 2957 2185 3002 (1111
2211 2966 2264 2991 em
2283 2959 2365 3001 post

1287 3006 1602 3051 emancipationem
1629 3004 1636 3013 ’
1656 3004 1675 3011 ”“
1689 3004 1817 3039 ducere
1827 3003 1986 3048 poteritfl,
1998 3003 2163 3047 quoniam
2176 2999 2363 3053 aliquando

1286 3055 1305 3087 2
1353 3060 1463 3086 nurus
1488 3050 1520 3085 ei
1541 3049 1620 3084 fuit.
1657 3048 1807 3084 Sei-viles
1829 3057 1970 3092 quoque
1990 3047 2216 3092 cognationes
2234 3045 2362 3096 inUhoc

1284 3098 1361 3132 iure
1377 3094 1620 3131 observandae
1631 3097 1725 3128 sunt.
1736 3093 1843 3138 igitur
1855 3102 1954 3127 suam
1965 3096 2112 3127 matrem
2131 3098 2362 3141 manummsus

1285 3152 1357 3177 non
1382 3141 1488 3175 ducet
1510 3148 1675 3174 uxorem:
1707 3137 1915 3173 tantundem
1938 3137 2024 3172 iuris
2049 3140 2103 3171 est
2125 3141 2160 3170 et
2182 3146 2218 3169 10
2242 3142 2363 3168 001010

1285 3191 1321 3222 01
1353 3185 1484 3221 sororis
1514 3183 1598 3218 filia.
1630 3183 1725 3218 idem
1756 3192 1776 3218 e
1801 3182 1976 3218 contrario
2011 3180 2195 3216 dicendum
2227 3182 2297 3218 est,
2323 3180 2362 3209 ut

1284 3235 1386 3277 pater
1418 3229 1526 3264 filiam
1556 3239 1629 3263 000
1658 3227 1773 3273 possit
1802 3227 1950 3268 ducere,
1981 3226 2011 3261 si
2035 3236 2077 3260 ex
2101 3224 2265 3259 servitute
2286 3230 2359 3254 ma-

1284 3275 1431 3311 numissi
1462 3273 1551 3315 sint,
1586 3272 1654 3308 etsi
1683 3272 1865 3307 dubitetur
1887 3275 2024 3316 patrem
2055 3280 2133 3304 eum
2156 3277 2241 3318 esse.
2268 3264 2361 3299 unde

1283 3331 1349 3356 nec
1384 3318 1486 3363 vulgo
1522 3317 1719 3363 quaesitam
1753 3317 1862 3351 filiam
1902 3320 2005 3361 pater
2038 3312 2207 3364 naturalis
2225 3312 2359 3361 ‘pote-st

1283 3374 1429 3400 uxorem
1453 3362 1593 3404 ducere,
1618 3362 1785 3407 quoniam
1808 3361 1845 3396 in
1866 3358 2112 3396 contrahendis
2132 3360 2359 3390 matrimonns

1282 3408 1445 3445 naturale
1474 3407 1531 3442 ius
1563 3410 1600 3443 et
1628 3406 1745 3452 pudor
1776 3404 2013 3450 inspiciendus
2038 3406 2108 3437 est:
2141 3403 2263 3435 contra
2280 3407 2358 3475 dpu·

1283 3458 1303 3490 3
1350 3454 1471 3488 dorem
1484 3455 1539 3487 est
1549 3454 1669 3487 autem
1679 3451 1789 3486 filiam
1800 3459 1945 3485 uxorem
1958 3445 2241 3493 suam⁹ducere3
2262 3441 2278 3475 l
2305 3450 2358 3475 em

1282 3503 1418 3539 tamen,
1443 3496 1539 3542 quod
1561 3497 1599 3531 in
1621 3496 1805 3531 servilibus
1830 3491 2096 3537 cognationibus
2131 3488 2358 3522 constitutum

1281 3624 1343 3644 scr.
1357 3612 1434 3653 fiere
1448 3622 1515 3643 cum
1529 3608 1789 3652 Paqenstechero
1881 3607 1922 3642 (4)
1948 3602 2065 3634 absens
2084 3600 2116 3631 P.
2130 3599 2230 3630 Faber
2312 3597 2357 3634 (ὃ)

1282 3655 1387 3688 furiat
1395 3654 1448 3686 F2
1534 3656 1579 3694 (6)
1592 3651 1784 3685 nubaturF
1869 3651 1910 3686 (τ)
1937 3657 2019 3688 quae
2032 3654 2134 3676 nurus
2147 3643 2219 3674 loco
2232 3645 2281 3671 nt
2295 3639 2356 3672 «tel.

1283 3703 1327 3742 (8)
1352 3701 1464 3742 potest
1475 3698 1530 3731 10²
1621 3700 1665 3737 (9)
1690 3695 1792 3727 filiam
1807 3702 1900 3726 suam
1911 3698 2045 3722 uxorem
2060 3687 2133 3718 dett.

2047 1399 2086 1424 ro
2116 1390 2254 1425 'bentur
2276 1390 2375 1425 liberi
2424 1431 2427 1434 ,
