2528 3918
125 138 182 171 ΕΤ
210 140 272 172 DE
300 138 592 173 Posrnmmio

124 249 332 331 postliminii
362 250 493 288 reverti
521 250 717 296 antiquitus
746 249 892 295 placuit.
940 260 987 285 an
1011 249 1072 295 qui
1095 249 1209 286 hosti-

151 307 193 331 us
232 295 373 333 deditus
412 307 574 334 reversus
614 306 682 332 nec
720 305 743 331 a
778 295 881 331 nobis
919 300 1083 340 receptus
1123 295 1209 330 civis

123 340 309 378 Romanus
332 342 389 385 sit,
413 342 506 378 inter
527 342 681 377 Brutum
703 343 740 376 et
763 339 970 376 Scaevolam
994 340 1089 376 varie
1113 344 1208 376 trac-

123 389 239 421 tatum
263 390 336 423 est:
368 390 406 424 et
429 397 649 433 consequens
675 390 746 428 est,
771 388 812 421 ut
836 385 1013 421 civitatem
1037 396 1109 421 non
1132 385 1209 420 adi-

148 430 296 468 iscatur.

122 442 147 477 p
170 475 194 514 5
212 476 440 513 Poupomvs
459 476 550 514 libro
567 476 775 524 triqensimo
799 476 952 523 septimo
974 475 1024 511 ad
1038 474 1209 518 Quintum

123 521 284 558 Mucium
329 521 544 558 Postliminii
571 522 628 557 ius
658 521 828 567 competit
863 524 927 556 aut
954 521 991 556 in
1020 521 1114 556 bello
1146 523 1210 555 aut

127 570 141 601 i
191 567 229 602 in
251 577 354 612 pace.
384 567 427 603 In
451 567 557 610 bello,
584 578 664 602 cum
688 567 735 611 hi,
761 567 821 611 qui
844 566 948 602 nobis
971 566 1093 601 hostes
1113 569 1208 608 sunt,

123 611 276 658 aliquem
307 622 352 648 ex
382 612 514 648 nostris
547 616 720 657 ceperunt
748 616 786 648 et
813 612 908 647 intra
937 610 1117 656 praesidia
1142 621 1210 646 sua

124 657 386 703 perduxerunt:
420 667 502 693 nam
526 657 557 694 si
581 657 706 693 eodem
730 657 822 693 bello
845 657 875 692 is
901 666 1065 692 reversus
1089 656 1208 699 fuerit,

123 702 380 748 postliminium
396 703 517 745 habet,
541 702 579 738 id
599 706 653 738 est
695 702 816 738 erinde
835 701 955 738 omnia
971 702 1210 737 restituuntur

124 747 156 783 ei
178 748 275 792 iura,
308 758 351 784 ac
380 748 410 783 si
442 751 569 793 captus
599 749 645 783 ab
696 748 833 783 ostibus
857 757 930 783 non
954 750 1059 782 esset.
1107 749 1207 782 ante-

124 802 231 837 quam
253 792 493 838 inpraesidia
515 793 735 839 perducatur
757 793 933 837 hostium,
965 795 1086 827 manet
1109 791 1206 827 civis.

122 842 210 873 tunc
238 841 358 873 autem
389 848 552 874 reversus
580 838 812 883 intellegitur,
850 838 881 874 si
911 840 976 872 aut
1004 837 1050 872 ad
1074 837 1207 872 amicos

122 886 264 918 nostros
299 884 486 929 perveniat
523 886 589 918 aut
625 884 721 919 intra
758 883 939 928 praesidia
975 886 1099 918 nostra
1131 892 1208 918 esse

123 931 143 963 2
191 928 320 981 coepit.
363 928 409 964 In'
429 939 519 974 pace
542 938 682 974 quoque
706 928 962 974 postliminium
986 928 1110 963 datum
1134 930 1206 963 est:

123 983 206 1008 nam
236 984 267 1009 si
298 984 378 1009 cum
406 978 512 1018 gente
542 974 663 1019 aliqua
693 983 808 1019 neque
838 973 1055 1009 amicitiam¹
1093 983 1138 1008 ne
1163 982 1208 1008 ue

122 1018 317 1064 hospitium
346 1029 461 1064 neque
488 1019 617 1055 foedus
648 1019 826 1055 amicitiae
849 1029 961 1054 causa
983 1018 1120 1054 factum
1169 1028 1207 1053 a·

122 1063 265 1108 bemus,
296 1064 334 1099 hi
356 1065 480 1100 hostes
505 1064 646 1110 quidem
669 1075 741 1100 non
765 1067 868 1107 sunt,
901 1064 998 1110 quod
1021 1067 1140 1099 autem
1164 1073 1209 1098 ex

122 1112 246 1145 nostro
277 1109 324 1144 ad
354 1120 415 1145 eos
446 1110 623 1154 pervenit,
654 1109 799 1145 illorum
826 1110 886 1153 fit,
919 1113 956 1144 et
986 1109 1078 1144 liber
1100 1109 1208 1144 homo

122 1156 244 1190 noster
266 1155 312 1189 ab
337 1154 389 1190 eis
413 1165 457 1190 ca
481 1158 540 1190 tus
566 1165 690 1191 servus
713 1154 755 1190 fit
778 1156 839 1190 et2
870 1165 1012 1191 eorum:
1044 1154 1208 1199 idemque

120 1202 187 1242 est,
212 1199 243 1235 si
266 1199 311 1235 ab
335 1199 406 1235 illis
430 1210 452 1235 a
499 1210 564 1236 nos
589 1199 724 1246 aliquid
774 1200 941 1236 erveniat.
977 1200 1047 1235 hoc
1069 1209 1209 1244 quoque

123 1247 142 1279 3
189 1244 299 1290 igitur
330 1255 417 1280 casu
447 1245 702 1290 postliminium
758 1249 857 1281 atum
890 1248 957 1281 est.
1013 1245 1208 1290 Captivus³

122 1292 244 1325 autem
272 1289 304 1326 si
335 1300 358 1325 a
388 1291 491 1326 nobis
522 1291 784 1326 manumissus⁴
816 1290 926 1326 fuerit
948 1293 986 1326 et
1007 1289 1210 1335 pervenerit

123 1334 169 1369 ad
191 1345 288 1378 suos,
311 1335 364 1370 ita
387 1334 528 1371 demum
550 1336 767 1382 postliminio
791 1346 955 1372 reversus
978 1335 1207 1380 intellegitur,

122 1379 154 1415 si
183 1380 286 1415 malit
315 1390 378 1416 eos
409 1381 510 1426 sequi
541 1392 647 1426 quam
676 1381 714 1417 in
736 1384 862 1416 nostra
886 1381 1027 1416 civitate
1049 1390 1207 1416 manere.

121 1428 158 1460 et
178 1424 260 1461 ideo
282 1425 321 1460 in
343 1425 479 1462 Atilio⁵
501 1425 649 1472 Regulo,
674 1437 780 1472 quem
800 1426 1113 1471 Carthaginienses
1133 1425 1207 1461 Ro-

121 1480 215 1505 mam
246 1470 437 1514 miserunt‚
468 1482 681 1517 responsum
714 1475 770 1507 est
799 1482 872 1507 non
902 1481 981 1507 esse
1005 1482 1085 1507 eum
1108 1474 1207 1516 post-

121 1515 253 1551 liminio
276 1526 473 1560 reversum,
502 1517 587 1561 quia
609 1517 791 1552 iuraverat
815 1516 1067 1562 Carthaginem
1090 1526 1208 1552 rever-

121 1571 244 1596 surum
279 1565 316 1596 et
344 1572 418 1597 non
448 1562 626 1598 habuerat
650 1561 807 1597 animum
829 1562 966 1597 Romae
989 1561 1207 1597 remanendi.

121 1610 157 1640 et
179 1605 259 1642 ideo
282 1606 321 1641 in
343 1606 498 1652 quodam
520 1607 714 1652 interprete
736 1607 955 1650 Menandro,
980 1607 1042 1652 qui
1063 1610 1207 1652 postea-

121 1661 227 1696 quam
251 1651 348 1697 apud
366 1662 432 1688 nos
450 1652 689 1688 manumissus
709 1656 796 1696 erat,
820 1652 951 1688 missus
971 1655 1029 1688 est
1045 1652 1092 1687 ad
1111 1663 1207 1695 suos,

121 1706 193 1731 non
217 1700 272 1732 est
294 1697 371 1733 visa
392 1698 597 1733 necessaria
618 1698 688 1740 lex,
714 1708 807 1742 quae
829 1698 904 1734 lata
929 1701 984 1734 est
1006 1697 1050 1733 de
1069 1697 1143 1741 1110,
1168 1701 1209 1733 111

121 1744 281 1777 1110110101
305 1742 391 1778 civis
415 1742 617 1779 Romanus:
650 1753 734 1778 nam
763 1743 836 1779 sive
860 1743 1000 1779 animus
1025 1742 1059 1779 ei
1081 1742 1210 1778 fuisset

121 1786 328 1822 remanendi
350 1787 448 1832 apud
471 1799 568 1830 suos,
593 1788 771 1824 desineret
794 1799 873 1825 esse
898 1789 1002 1833 civis,
1034 1788 1108 1824 sive
1131 1788 1208 1823 ani-

44 1851 52 1858 ·
121 1843 199 1867 mus
223 1832 350 1868 fuisset
371 1833 588 1877 revertendi,
620 1837 782 1869 maneret
813 1834 918 1877 civis,
951 1837 987 1870 et
1009 1833 1089 1869 ideo
1113 1837 1210 1870 esset

120 1877 179 1912 lex
202 1888 437 1923 supervacua.

167 1919 192 1959 6
216 1922 323 1958 IDEM
350 1924 440 1959 libro
461 1925 582 1969 primo
606 1935 656 1960 ex
677 1924 790 1960 variis
814 1924 1027 1960 lectionibus
1079 1923 1210 1959 Mulier

120 1967 157 2002 in
189 1977 280 2013 opus
308 1968 505 2004 salinarum
539 1969 586 2004 ob
616 1969 831 2005 maleficium
859 1969 945 2004 data
976 1973 1013 2005 et
1037 1969 1164 2005 deinde
1188 1979 1210 2004 a

119 2012 329 2049 latrunculis
364 2017 508 2049 exterae
542 2014 657 2059 gentis
693 2018 800 2060 capta
831 2018 868 2050 et
898 2015 977 2050 iure
1009 2014 1210 2050 commercii

120 2058 262 2093 vendita
284 2068 327 2094 ac
350 2059 534 2104 redempta
555 2060 592 2094 in
617 2070 764 2095 causam
788 2070 889 2095 suam
913 2060 1072 2095 reccidit.
1119 2059 1208 2096 Coc-

121 2103 197 2139 ceio
221 2107 341 2139 autem
363 2104 485 2139 Firmo
516 2105 719 2141 centurioni
746 2105 901 2151 pretium
933 2115 978 2141 ex
1006 2104 1096 2141 fisco
1127 2105 1208 2140 red-

121 2148 275 2184 dendum
300 2153 364 2184 est.

166 2191 190 2230 7
221 2193 429 2230 Paeoovws
456 2194 547 2230 libro
579 2199 705 2231 octavo
736 2195 975 2242 epistularum
1028 2195 1113 2231 Non
1144 2194 1208 2231 du-

119 2239 214 2282 bito,
254 2239 363 2284 quin⁶
402 2239 579 2275 foederati
616 2243 653 2275 et
686 2240 790 2275 liberi
820 2241 925 2276 nobis
956 2240 1095 2276 externi
1126 2240 1208 2284 sint,

120 2295 187 2320 nec
217 2284 312 2319 inter
342 2295 408 2320 nos
439 2288 549 2329 atque
579 2295 639 2321 eos
670 2286 927 2331 postliminium
950 2296 1046 2322 esse:
1079 2286 1209 2321 etenim

120 2329 205 2374 quid
234 2329 328 2364 inter
356 2340 422 2366 nos
447 2333 554 2375 atque
579 2340 639 2366 eos
664 2331 882 2376 postliminio
906 2342 998 2377 opus
1022 2334 1096 2374 est,
1128 2342 1209 2366 011111

120 2378 156 2409 01
177 2374 231 2409 1111
253 2374 351 2420 apud
373 2385 439 2411 nos
464 2378 501 2410 et
522 2375 724 2411 libertatem
748 2387 850 2412 suam
874 2380 911 2412 et
934 2376 1129 2412 dominium
1152 2387 1208 2412 re-

119 2430 198 2454 rum
222 2430 368 2455 suarum
390 2430 504 2466 aeque
524 2424 633 2466 atque
652 2421 750 2466 apud
769 2432 808 2457 se
828 2422 1007 2457 retineant
1029 2425 1066 2457 et
1085 2421 1210 2457 eadem

123 2468 138 2499 1
188 2465 292 2501 nobis
325 2465 421 2510 apud
452 2476 514 2501 eos
546 2466 804 2511 contingant7?
851 2467 961 2503 Liber
991 2471 1112 2502 autem
1142 2478 1207 2512 po-

120 2510 224 2554 pulus
248 2514 304 2546 est
325 2511 374 2553 is,
400 2511 461 2556 qui
483 2511 617 2547 nullius
640 2512 788 2548 alterius
811 2512 937 2558 populi
960 2512 1132 2558 potestati
1155 2516 1210 2547 est

119 2555 317 2591 subiectus:
350 2556 449 2591 sive⁸
475 2556 507 2591 is
538 2556 745 2592 foederatus
777 2561 832 2592 est
854 2557 955 2601 item,
989 2558 1062 2593 sive
1092 2568 1208 2602 aequo

118 2600 262 2636 foedere
292 2600 329 2635 in
358 2601 551 2636 amicitiam
581 2601 677 2637 venit
708 2602 781 2638 sive
805 2602 950 2638 foedere
975 2602 1207 2647 comprehen-

119 2655 210 2697 011111ι
229 2647 303 2687 001,
336 2650 377 2680 111
404 2646 435 2681 10
466 2646 621 2691 populus
654 2647 801 2683 alterius
857 2648 956 2700 opuli
986 2647 1208 2683 maiestatem

123 2694 271 2726 comiter
295 2695 533 2726 conservaret.
580 2692 650 2727 hoc
674 2692 768 2727 enim
792 2703 814 2728 a
842 2693 963 2736 'citur,
995 2696 1038 2727 ut
1067 2693 1207 2728 intelle-

119 2739 225 2780 gatur
248 2735 401 2770 alterum
424 2736 595 2781 populum
619 2738 840 2783 superiorem
863 2748 960 2781 esse,
992 2748 1066 2774 non
1088 2742 1130 2773 ut
1152 2738 1207 2773 in-

119 2780 309 2833 tellegatur
332 2780 484 2816 alterum
506 2792 581 2817 non
605 2792 683 2818 esse
711 2783 879 2818 liberum:
911 2786 948 2818 et
978 2783 1207 2828 quemadmo-

120 2825 202 2860 dum
223 2825 370 2861 clientes
390 2830 532 2862 nostros
550 2827 788 2872 intellegimus
805 2828 938 2864 liberos
958 2839 1047 2871 esse,
1068 2829 1208 2864 etiamsi

120 2879 234 2950 11οἓ110
264 2870 480 2907 auctoritate
510 2882 626 2916 neque
659 2872 831 2918 dignitate
865 2883 980 2919 neque
1017 2874 1084 2909 viri
1120 2874 1207 2909 boni

121 2925 165 2950 no
191 2926 222 2951 is
252 2919 426 2960 praesunt
435 2917 461 2959 ⁹,
501 2916 553 2952 sic
585 2928 665 2961 eos,
698 2918 760 2963 qui
790 2919 1012 2955 maiestatem
1044 2922 1207 2954 nostram

120 2960 267 2996 comiter
298 2971 509 2997 conservare
537 2961 686 3007 debent,
724 2963 856 3000 liberos
891 2974 970 3000 0000
1000 2964 1206 3009 intellegen-

120 3008 139 3039 2
187 3005 272 3041 dum
303 3009 368 3041 est.
414 3007 465 3041 At
494 3006 586 3042 fiunt
615 3008 714 3053 apud
743 3020 810 3045 nos
842 3009 896 3044 rei
925 3019 971 3045 ex
1003 3009 1206 3046 civitatibus

119 3050 310 3087 foederatis
334 3055 370 3086 et
391 3051 430 3086 in
453 3062 515 3087 eos
539 3051 726 3089 damnatos
751 3054 1075 3091 animadvertimus.

153 3092 190 3148 ,8
221 3095 278 3132 ΡΑ
286 3106 382 3132 171,υο
415 3096 506 3132 libro
538 3099 644 3133 tertio
679 3099 729 3134 ad
758 3099 872 3146 leqem
901 3099 1036 3136 Iuliam
1067 3102 1104 3135 et
1133 3099 1205 3135 Pa-

115 3151 224 3193 piam·
262 3141 346 3177 Non
373 3144 415 3176 ut
443 3151 466 3176 a
487 3145 592 3187 patre
614 3143 720 3187 filius,
744 3144 795 3179 ita
817 3155 910 3181 uxor
932 3155 955 3181 a
976 3145 1105 3180 marito
1128 3145 1207 3180 11110

118 3185 324 3264 postliminii
346 3187 553 3232 recuperari
575 3191 711 3233 potest,
744 3189 809 3225 sed
838 3194 941 3234 tunc,
974 3201 1056 3226 cum
1085 3194 1122 3225 et
1143 3201 1205 3225 vo-

133 3235 226 3265 uerit
255 3231 381 3267 mulier
409 3236 447 3268 et
474 3231 594 3268 adhuc
616 3233 678 3268 alii
700 3238 783 3278 post
806 3236 1040 3271 constitutum
1063 3238 1206 3280 tempus

119 3286 168 3309 nu
194 3278 233 3310 ta
255 3286 327 3312 non
349 3280 423 3312 est:
457 3277 553 3321 quod
582 3277 614 3313 si
636 3278 792 3314 noluerit
805 3281 833 3301 ¹⁰
862 3281 964 3316 nulla
987 3290 1099 3316 causa
1121 3291 1205 3326 pro-

119 3285 232 3355 11οξὓὶ
252 3320 518 3364 interveniente,
541 3324 667 3368 poenis
691 3323 832 3360 discidii
854 3325 1048 3362 tenebitur.

165 3362 191 3402 9
205 3366 231 3386 ¹¹
268 3365 462 3403 ULPIANUS
493 3367 584 3403 libro
616 3373 748 3414 quarto
781 3370 831 3405 ad
861 3371 975 3418 leqem
1005 3371 1139 3406 Iuliam
1172 3374 1207 3405 et

119 3409 274 3457 Papiam
319 3411 428 3457 Apud
450 3412 572 3448 hostes
596 3417 787 3459 susceptus
811 3414 906 3451 filius
931 3417 962 3452 si
985 3415 1205 3462 postliminio

1197 123 1282 172 833

1978 132 2227 175 XXXXVII
2234 134 2272 176 11
2309 138 2355 176 15

1277 249 1437 292 redierit,
1462 249 1526 285 filii
1550 250 1630 285 iura
1651 251 1776 288 habet:
1809 254 1939 290 habere
1964 256 2056 292 eniin
2081 268 2159 293 eum
2183 258 2355 303 postlimi-

1277 296 1376 331 nium
1399 295 1498 348 nulla
1522 296 1695 349 dubitatio
1721 302 1775 333 est
1797 304 1880 343 post
1902 302 2113 346 rescriptum
2133 303 2179 337 im
2208 305 2356 339 eratoris

1277 341 1450 375 Antonini
1480 344 1517 376 et
1548 341 1617 375 dlvl
1649 344 1759 386 patris
1791 345 1867 380 eius
1899 346 1944 381 ad
1973 347 2134 382 Ovinium
2192 349 2355 384 ertullum

1278 385 1477 430 praesidem
1500 386 1703 431 provinciae
1726 389 1862 434 Mysiae
1886 391 2063 428 inferioris
2078 394 2116 427 ¹².

1328 429 1378 468 10
1402 430 1649 484 ‘PAszmAli-vs
1669 432 1758 468 libro
1778 435 1966 471 vicensimo
1991 448 2085 472 nono
2110 439 2357 483 quaestionum

1278 476 1386 511 Pater
1404 479 1568 512 instituto
1588 477 1765 521 impuberi
1784 477 1855 513 filio
1877 481 2111 517 substituerat
2128 487 2164 517 et
2181 484 2227 519 ab
2246 485 2357 520 hosti-

1278 521 1345 573 bus
1377 524 1504 566 captus
1535 521 1586 573 ibi
1617 521 1784 557 decessit:
1820 529 1944 568 postea
1976 526 2143 562 defuncto
2175 529 2358 574 impubere

1277 566 1471 611 legitimum
1491 566 1631 602 admitti
1652 567 1863 611 quibusdam
1882 570 2067 606 videbatur
2087 583 2199 618 neque
2216 574 2358 609 tabulas

1278 611 1456 646 secundas
1485 611 1524 647 in
1555 611 1631 647 eius
1667 623 1822 656 persona
1851 614 1969 649 locum
1999 616 2148 659 habere,
2187 620 2246 663 qui
2281 620 2358 655 vivo

1278 660 1381 701 patre
1405 656 1461 692 sui
1483 656 1571 692 iuris
1596 656 1744 692 effectus
1769 658 1904 694 fuisset.
1952 671 2072 696 verum
2103 662 2186 697 huic
2217 668 2357 699 senten-

1277 702 1348 737 tiae
1378 701 1582 746 refragatur
1612 701 1700 737 iuris
1729 703 1839 747 ratio,
1872 706 2054 749 quoniam,
2087 707 2116 741 si
2146 711 2267 752 pater,
2299 710 2359 753 qui

1277 747 1390 782 non¹³
1411 747 1526 790 rediit,
1551 747 1622 782 iam
1645 750 1732 783 tunc
1757 748 1951 785 decessisse
1973 750 2197 795 intellegitur,
2223 763 2265 788 ex
2289 764 2358 798 quo

1278 795 1405 838 captus
1438 796 1510 836 est,
1543 792 1750 828 substitutio
1782 803 1866 828 suas
1897 795 1988 830 vires
2019 798 2220 832 necessario
2251 802 2357 833 tenet.

1283 840 1293 871 l
1346 837 1384 872 Si
1412 841 1554 873 mortuo
1586 841 1690 883 patre
1721 840 1886 883 capiatur
1915 839 2076 885 impubes
2099 841 2282 878 institutus
2305 844 2360 878 vel

1278 882 1528 925 exheredatus,
1556 883 1592 918 in
1641 887 1783 936 romptu
1808 887 1863 919 est
1886 883 2002 920 dicere
2025 886 2137 930 legem
2161 887 2360 923 Corneliam

1278 928 1321 963 de
1346 928 1480 963 tabulis
1504 894 1670 963 secungis
1694 928 1782 963 nihil
1806 928 1964 964 locutam
1983 930 2058 966 eius
2078 931 2262 967 dumtaxat
2280 943 2359 978 per-

1278 983 1403 1008 sonam
1428 973 1703 1017 demonstrasse,
1730 973 1792 1019 qui
1814 975 2017 1009 testamenti
2040 976 2272 1012 1001100010Μ
2297 978 2360 1012 110-

1277 1018 1424 1054 111110001.
1460 1019 1567 1063 plane
1591 1018 1723 1063 captivi
1746 1019 1852 1054 etiam
1875 1019 2069 1064 impuberis
2088 1021 2278 1065 legitimam
2298 1023 2360 1058 he—

1276 1063 1464 1099 reditatem
1480 1074 1544 1109 per
1559 1063 1673 1109 legem
1688 1064 1888 1100 Corneliam
1904 1064 2044 1107 deferri,
2061 1067 2226 1110 quoniam
2242 1077 2362 1102 verum

1279 1112 1334 1144 est
1356 1119 1402 1144 110
1423 1109 1645 1154 impuberem
1672 1109 1814 1154 quidem
1842 1109 2036 1146 factionem
2066 1112 2268 1147 testamenti
2298 1113 2362 1148 ha-

1277 1154 1417 1190 buisse:
1443 1158 1480 1189 et
1502 1154 1580 1190 ideo
1605 1164 1678 1191 non
1702 1164 1781 1190 esse
1801 1155 1957 1190 alienum
1976 1160 2177 1200 praetorem
2196 1157 2301 1193 subse
2327 1158 2363 1192 ui

1277 1210 1351 1234 non
1379 1199 1496 1235 minus
1527 1199 1641 1244 patris
1673 1210 1781 1245 quam
1812 1200 1899 1245 legis
1935 1201 2153 1236 voluntatem
2188 1206 2224 1237 et
2260 1169 2362 1238 utiies

1278 1244 1437 1280 actiones
1461 1244 1498 1280 in
1521 1245 1756 1280 hereditatem
1779 1245 1973 1281 substituto
1997 1245 2094 1282 dare.

1327 1288 1373 1326 11
1402 1289 1686 1326 Papmmvvsw
1709 1291 1800 1326 libro
1822 1291 2029 1337 triqensimo
2043 1292 2166 1337 primo
2187 1292 2363 1337 quaestio-

1277 1346 1362 1370 num
1410 1335 1514 1379 Quod
1543 1335 1575 1371 si
1602 1335 1698 1371 filius
1723 1339 1806 1371 ante
1829 1336 2002 1371 moriatur
2023 1336 2061 1371 in
2084 1336 2244 1380 civitate,
2276 1336 2364 1371 nihil

1278 1384 1334 1416 est
1371 1380 1467 1433 quod
1503 1380 1547 1416 de
1578 1380 1745 1416 secundis
1777 1381 1910 1416 tabulis
1945 1381 2094 1416 tractari
2124 1381 2256 1426 possit,
2292 1382 2364 1417 sive

1278 1436 1445 1471 quomam
1469 1426 1546 1461 vivo
1571 1430 1674 1471 patre
1697 1425 1790 1461 filius
1814 1426 1967 1462 familias
1990 1426 2081 1462 mori
2100 1426 2364 1471 intellegitur¹⁶,

1278 1471 1351 1506 sive
1375 1471 1543 1516 quoniam
1567 1481 1640 1507 non
1663 1481 1806 1507 reverso
1832 1481 1873 1507 eo
1898 1471 2024 1507 exinde
2048 1471 2104 1507 sui
2122 1471 2209 1507 iuris
2227 1471 2365 1507 videtur

1282 1519 1296 1551 1
1346 1516 1476 1560 fuisse,
1502 1526 1547 1552 ex
1571 1527 1641 1561 quo
1665 1520 1769 1561 pater
1791 1517 1947 1552 hostium
1970 1517 2106 1562 potitus
2130 1520 2195 1552 est.
2242 1516 2312 1558 Sed
2336 1517 2366 1552 si

1279 1561 1383 1597 ambo
1407 1561 1506 1606 apud
1528 1562 1649 1597 hostes
1666 1563 1693 1583 ¹⁷
1718 1565 1753 1597 et
1776 1562 1873 1607 prior
1896 1564 1999 1607 pater
2023 1562 2183 1606 decedat,
2210 1561 2367 1597 sufficiat

1277 1607 1336 1642 lex
1368 1606 1534 1642 Cornelia
1571 1607 1768 1643 substituto
1807 1618 1879 1643 non
1918 1607 2027 1650 alias,
2065 1617 2171 1652 quam
2208 1607 2239 1642 si
2269 1606 2367 1652 apud

1278 1653 1400 1688 hostes
1429 1657 1533 1697 patre
1565 1651 1734 1687 defuncto
1766 1655 1895 1698 postea
1929 1652 2024 1688 filius
2061 1652 2099 1687 in
2133 1652 2274 1688 civitate
2306 1651 2365 1688 de-

1279 1697 1456 1733 cessisset.

1328 1740 1379 1779 12
1405 1742 1684 1778 TRYPHONINUS
1711 1742 1802 1778 libro
1832 1745 1964 1788 quarto
1994 1742 2278 1788 disputationum
2324 1742 2366 1777 In

1279 1787 1372 1824 bello
1386 1788 1414 1809 ¹⁸
1437 1787 1694 1832 postliminium
1712 1792 1777 1831 est,
1802 1787 1840 1823 in
1854 1798 1949 1840 pace
1966 1791 2084 1822 autem
2101 1787 2168 1829 his,
2194 1787 2254 1832 qui
2273 1787 2366 1822 bello

1279 1833 1373 1878 capti
1399 1836 1518 1876 erant,
1551 1832 1595 1869 de
1651 1833 1757 1868 uibus
1789 1833 1877 1868 nihil
1905 1832 1943 1867 in
1965 1833 2081 1878 pactis
2106 1835 2183 1868 erat
2206 1842 2366 1878 compre-

1278 1879 1440 1913 hensum.
1488 1877 1585 1924 quod
1613 1844 1694 1913 i‘cieo
1727 1878 1906 1923 placuisse
1937 1878 2079 1913 Servius
2111 1878 2252 1920 scribit,
2283 1878 2367 1923 quia

1278 1933 1376 1969 spem
1400 1923 1600 1960 revertendi
1620 1923 1756 1959 civibus
1775 1923 1813 1958 in
1832 1924 1962 1959 virtute
1983 1923 2110 1959 bellica
2129 1923 2239 1967 magis
2261 1933 2366 1968 quam

1278 1969 1315 2004 in
1347 1979 1438 2014 pace
1469 1968 1623 2005 Romani
1654 1978 1734 2004 esse
1762 1969 1963 2004 voluerunt.
2015 1979 2137 2004 verum
2150 1969 2179 1989 ¹⁹
2208 1968 2246 2003 in
2277 1978 2366 2013 pace

1279 2015 1340 2059 qui
1362 2017 1602 2059 pervenerunt
1626 2013 1673 2049 ad
1696 2014 1828 2049 alteros
1839 2015 1880 2058 ²⁰,
1909 2014 1940 2049 si
1962 2014 2094 2049 bellum
2119 2013 2237 2049 subito
2261 2023 2364 2048 exar-

1279 2060 1394 2103 sisset,
1419 2070 1544 2095 eorum
1566 2059 1660 2095 servi
1683 2058 1900 2102 efficiuntur,
1925 2059 2022 2104 apud
2043 2069 2133 2104 quos
2153 2058 2223 2093 iam
2243 2058 2364 2094 hostes

1279 2115 1344 2140 suo
1367 2104 1506 2140 fact0²¹
1538 2104 1864 2150 deprehenduntur.
1912 2105 2041 2149 quibus
2072 2104 2128 2138 ius
2160 2103 2363 2148 postliminii

1278 2153 1335 2186 est
1356 2153 1431 2185 tam
1454 2150 1492 2185 in
1514 2150 1610 2185 bello
1635 2160 1741 2195 quam
1764 2150 1801 2184 in
1824 2159 1931 2195 pace,
1963 2149 2032 2184 nisi
2055 2148 2197 2184 foedere
2221 2151 2366 2189 cautum

1282 2199 1296 2231 1
1346 2194 1482 2239 fuerat,
1510 2205 1556 2230 ne
1587 2198 1683 2231 esset
1711 2195 1767 2231 his
1796 2195 1855 2230 ius
1877 2195 2095 2240 postliminii.
2143 2194 2181 2229 Si
2204 2194 2281 2238 quis
2306 2203 2366 2228 ca-

1278 2240 1400 2293 piatur
1423 2241 1469 2276 ab
1493 2240 1669 2285 hostibus,
1692 2240 1749 2283 hi,
1781 2250 1871 2285 quos
1894 2239 1933 2275 in
1954 2242 2132 2285 potestate
2155 2238 2297 2281 habuit,
2329 2238 2367 2273 in

1278 2289 1416 2322 incerto
1440 2289 1535 2330 sunt,
1560 2292 1680 2321 utrum
1704 2285 1760 2321 sui
1779 2285 1868 2320 iuris
1887 2285 1975 2320 facti
1994 2295 2040 2319 an
2061 2284 2179 2319 adhuc
2222 2294 2263 2319 ro
2282 2283 2366 2318 filiis

1277 2331 1494 2366 familiarum
1533 2334 1803 2376 computentur:
1841 2341 1924 2365 nam
1961 2329 2131 2365 defuncto
2168 2329 2229 2364 ilo
2269 2327 2367 2373 apud

1278 2377 1411 2420 hostes,
1437 2387 1481 2411 ex
1505 2387 1576 2422 quo
1601 2380 1729 2421 captus
1747 2379 1813 2420 est,
1837 2379 1957 2421 patres
1977 2374 2200 2418 familiarum,
2224 2384 2365 2408 reverso

1279 2432 1472 2467 numquam
1507 2433 1581 2457 non
1615 2422 1653 2456 in
1690 2425 1870 2466 potestate
1904 2420 1980 2456 eius
2016 2420 2128 2455 fuisse
2163 2418 2364 2470 credentur.

1278 2467 1356 2502 ideo
1389 2471 1426 2502 et
1458 2467 1502 2502 de
1531 2467 1606 2509 his,
1639 2477 1732 2512 quae
1762 2466 1878 2501 medio
1902 2468 2062 2510 tempore
2086 2464 2279 2509 adquirunt
2302 2468 2364 2498 sti-

1278 2513 1460 2557 pulatione
1483 2512 1676 2547 traditione
1699 2512 1816 2557 legato
1847 2514 1942 2554 (nam
1966 2509 2164 2546 hereditate
2185 2520 2259 2544 non
2308 2519 2364 2544 os-

1278 2560 1392 2601 sunt)‚
1425 2561 1621 2592 tractatum
1645 2561 1718 2601 est,
1753 2557 1813 2592 ubi
1836 2567 1908 2592 non
1932 2559 1987 2591 est
2010 2564 2189 2597 reversus,
2220 2554 2250 2589 si
2289 2557 2365 2589 orte

1277 2603 1339 2637 alii
1366 2602 1422 2638 vel
1451 2602 1490 2637 in
1520 2606 1637 2638 totum
1661 2603 1728 2646 (his
1754 2601 1976 2637 exheredatis
2000 2602 2225 2642 testamento)
2249 2599 2304 2651 vel
2326 2598 2364 2633 in

1276 2651 1417 2693 partem
1447 2648 1602 2683 instituti
1633 2651 1717 2683 sunt
1745 2647 1910 2690 heredes,
1952 2648 2071 2680 utrum
2101 2645 2138 2679 in
2168 2644 2365 2679 hereditate

1278 2693 1418 2738 captivi,
1444 2703 1536 2737 quae
1559 2693 1636 2738 lege
1661 2693 1826 2728 Cornelia
1849 2691 2040 2734 inducitur,
2069 2700 2116 2725 an
2140 2689 2286 2742 propria
2310 2689 2362 2741 ip-

1278 2749 1400 2774 sorum
1429 2738 1510 2774 sint.
1565 2737 1661 2783 quod
1690 2738 1808 2773 verius
1840 2740 1913 2772 est:
1950 2736 2198 2779 diversumque
2228 2745 2266 2769 111
2296 2734 2364 2776 his,

1278 2793 1369 2828 quae
1391 2793 1458 2828 per
1481 2794 1602 2819 servos
1627 2783 1883 2827 adquiruntur,
1908 2782 2052 2816 merito:
2086 2780 2169 2832 quia
2191 2779 2229 2831 hi
2252 2779 2363 2830 bono-

1277 2840 1356 2864 rum
1373 2828 1521 2864 fuerunt
1538 2832 1574 2863 et
1591 2838 1670 2863 esse
1690 2831 1929 2873 perseverant,
1954 2826 2032 2861 11122
2056 2827 2112 2860 sui
2131 2835 2222 2876 iuris
2239 2823 2364 2859 exinde

1278 2877 1297 2909 2
1345 2874 1485 2918 sibique
1501 2873 1581 2909 ideo
1600 2873 1647 2908 ad
1672 2874 1800 2908 uisisse
1819 2872 2082 2916 intelleguntur.
2121 2869 2224 2904 Facti
2244 2872 2362 2920 autem

1277 2929 1410 2954 causae
1428 2918 1583 2954 infectae
1600 2929 1625 2953 n
1679 2929 1700 2952 a
1718 2918 1973 2953 constitutione
1992 2916 2068 2951 fieri
2087 2917 2247 2959 possunt.
2283 2913 2362 2947 ideo

1276 2975 1412 3007 eorum,
1442 2974 1534 3009 quae
1557 2963 1794 3008 usucapiebat
1817 2973 1880 3008 per
1904 2966 2015 2997 semet
2037 2961 2154 3005 ipsum
2176 2958 2362 3011 possidens

1276 3009 1337 3055 qui
1356 3012 1484 3055 postea
1505 3012 1632 3053 captus
1643 3009 1673 3029 ²³
1698 3011 1763 3050 est,
1787 3007 2057 3051 Interrumpitur
2077 3014 2258 3048 usucapiO,
2280 3012 2364 3046 quia

1276 3059 1412 3090 certum
1436 3057 1491 3089 est
1514 3064 1595 3090 eum
1618 3053 1804 3099 possidere
1827 3052 1971 3087 desisse.
2012 3060 2133 3085 eorum
2155 3058 2247 3089 vero,
2271 3057 2363 3091 quae

1275 3110 1340 3145 per
1377 3100 1557 3135 subiectas
1588 3098 1658 3133 iuri
1685 3108 1751 3134 suo
1783 3107 1956 3142 personas
1988 3094 2194 3146 possidebat
2225 3101 2362 3136 usuque

1276 3144 1459 3191 capiebat,
1488 3145 1544 3179 vel
1574 3144 1604 3179 si
1657 3153 1706 3178 ua
1733 3146 1862 3188 postea
1891 3141 2074 3190 peculiari·
2094 3147 2235 3173 nomine
2264 3146 2360 3172 com-

1274 3189 1562 3235 prehenduntur,
1592 3155 1753 3224 Iuiqianus
1763 3189 1794 3209 ²⁴
1826 3187 1949 3223 scribit
1980 3184 2076 3237 credi
2106 3193 2172 3218 suo
2201 3185 2362 3233 tempore

1274 3234 1415 3280 impleri
1438 3233 1696 3278 usucapionem
1718 3232 1981 3268 remanentibus
2004 3228 2115 3264 isdem
2139 3236 2301 3279 pei-sonis
2324 3236 2362 3260 111

1301 3279 1502 3315 00000010110
1512 3280 1553 3314 2⁵.
1601 3278 1795 3314 Marcellus
1819 3276 1906 3312 nihil
1929 3276 2212 3324 interesse,·ipse
2236 3280 2358 3323 posse-

1302 3325 1388 3360 'sset
1410 3335 1458 3360 an
1481 3323 1645 3359 subiecta
1668 3323 1700 3358 ei
1749 3331 1888 3358 ersona.
1918 3319 1981 3355 sed
1999 3318 2128 3353 Iuham
2148 3319 2361 3351 sententiam

1276 3373 1295 3404 3
1343 3369 1563 3415 sequendum
1586 3372 1653 3404 est.
1742 3367 1820 3403 edio
1844 3370 2002 3409 tempore
2025 3362 2139 3402 filius,
2168 3370 2273 3405 quem
2295 3360 2361 3394 ha-

1274 3414 1353 3450 buit
1383 3415 1422 3449 in
1452 3417 1630 3460 potestate
1663 3413 1843 3458 captivus,
1882 3419 2027 3445 uxorem
2065 3407 2193 3442 ducere
2231 3408 2359 3450 potest,

119 3525 158 3562 (i)
184 3523 378 3557 amioitiaF
459 3529 503 3568 (2)
527 3529 561 3560 01
574 3529 636 3560 del.
727 3529 770 3567 (3)
795 3528 989 3571 captivosF
1072 3531 1114 3571 (4)
1138 3540 1207 3562 1110-

118 3568 295 3611 numissus]
308 3570 427 3604 missus
437 3584 500 3605 scr.
601 3574 644 3614 (5)
669 3573 739 3605 atio
750 3574 784 3606 F
879 3578 922 3613 (6)
948 3575 1045 3618 quin]
1058 3575 1208 3617 quamvis

118 3626 181 3646 scr.
195 3615 256 3652 (sic
263 3615 342 3658 sere
354 3615 535 3659 Her-aldus)
623 3617 667 3660 (7)
691 3618 866 3661 contingat
879 3620 915 3652 F
993 3622 1036 3662 (8)
1061 3620 1131 3653 sive
1144 3620 1206 3653 del.

118 3662 162 3698 (9)
188 3668 296 3710 neque
315 3659 445 3693 viribus
461 3661 557 3694 nobis
573 3672 670 3705 pares
681 3665 761 3695 sunt
768 3664 851 3697 Hal.
945 3665 1006 3707 (10)
1030 3666 1079 3699 sic
1091 3665 1129 3705 S,
1149 3674 1208 3696 vo-

118 3702 268 3755 iuentF
335 3704 389 3746 (11)
415 3706 457 3749 cf.
473 3707 492 3739 l.
508 3708 585 3741 2511.
601 3714 622 3742 ι.
637 3708 726 3741 εει).
741 3709 920 3751 38‚17,1‚a
998 3710 1060 3752 (12)
1085 3710 1208 3743 hiatum

119 3747 289 3781 indicatF
348 3751 406 3790 (13)
430 3761 499 3783 11011
512 3765 569 3785 om.
583 3752 618 3785 F
678 3754 736 3793 (14)
761 3755 902 3787 nonius.
973 3755 1033 3789 (15)
1056 3752 1208 3787 idemF²

1280 3530 1338 3569 (16)
1358 3538 1397 3561 00
1409 3537 1540 3562 reverso
1553 3529 1612 3560 ins.
1681 3527 1738 3566 (17)
1755 3524 1823 3555 sint
1836 3524 1895 3555 ins.
1910 3521 1989 3553 Hal.
2055 3522 2114 3556 (18)
2132 3518 2236 3560 captis
2248 3517 2360 3550 eodem

1278 3572 1367 3606 bello
1379 3574 1441 3606 ins.
1533 3575 1592 3613 (19)
1618 3580 1733 3603 verum
1747 3569 1781 3601 F
1786 3569 1806 3609 ¹,
1825 3568 1872 3599 ite
1886 3569 1963 3609 (pro
1974 3565 2067 3605 item)
2081 3563 2131 3596 F²
2216 3563 2282 3613 (2ο)
2304 3572 2360 3594 ex-

1277 3620 1366 3651 teros
1378 3619 1563 3651 Salmasius
1633 3618 1690 3654 (21)
1710 3623 1786 3645 suos
1797 3612 1901 3645 factos
1913 3609 2082 3643 Hei-aldus
2149 3609 2209 3648 (22)
2231 3606 2285 3638 ill-1
2296 3618 2358 3640 scr.

1278 3665 1341 3705 (23)
1365 3665 1414 3697 sic
1431 3675 1494 3697 see.
1510 3663 1557 3703 B,
1575 3662 1692 3693 nactus
1704 3659 1736 3691 F
1824 3661 1885 3696 (24)
1912 3656 1933 3688 l.
1947 3662 1983 3689 22
2006 3658 2053 3693 §3
2074 3654 2104 3686 Ιι.
2124 3660 2163 3693 t.,·
2187 3653 2229 3695 ch
2243 3651 2288 3684 D.
2304 3653 2360 3692 41,

1278 3715 1306 3750 8,
1318 3715 1350 3742 1⁶
1359 3721 1412 3752 pr.
1508 3708 1572 3748 (25)
1594 3703 1829 3748 possessionem
1843 3701 1879 3734 F

2020 3798 2084 3831 105
