2528 3918
136 121 376 154 SECUNDUM
404 122 603 155 TABULAS

137 233 248 275 dicio,
274 235 420 278 praetor
444 236 562 268 tamen
586 232 713 274 filium,
739 232 799 277 qui
823 231 1004 267 admiserit
1028 232 1224 268 secundum

137 278 290 319 tabula&
315 279 406 312 tueri
431 278 573 313 debebit
595 288 639 313 ac
663 277 692 312 si
710 281 835 312 contra
859 277 1000 312 tabulas
1026 278 1222 322 acceperit:

138 334 228 368 quae
259 323 363 358 tuitio
398 323 431 358 ei
461 324 520 368 qui
558 322 804 367 emancipatus
837 326 891 357 est
925 323 1126 358 necessaria
1158 326 1221 358 est.

138 374 156 403 2
204 369 276 404 Pro
324 379 370 403 ua
394 369 542 413 quisque
565 371 667 413 parte
692 368 794 402 heres
821 367 975 412 scriptus
1000 371 1064 410 est,
1089 379 1155 413 pro
1182 378 1224 402 ea

136 414 287 458 accipiet
337 424 484 449 onorum
499 413 770 458 possessionem,
796 413 847 447 sic
866 417 995 455 tamen,
1021 417 1071 456 ut,
1098 414 1128 448 si
1150 424 1223 448 non

137 459 183 494 sit
207 459 267 504 qui
291 459 323 494 ei
347 462 553 501 concurrat,
585 458 717 493 habeat
745 458 842 493 solus
876 458 1049 493 bonorum
1081 469 1221 503 posses-

137 504 290 539 sionem:
316 503 484 548 quamdiu
508 507 627 538 tamen
651 514 693 538 ex
715 502 907 538 heredibus
926 515 1018 538 unus
1037 504 1220 546 deliberat,

138 554 255 584 utrum
274 548 439 584 admittat
456 549 631 584 bonorum
652 548 914 593 possessionem
933 560 979 583 an
1000 559 1081 591 non,
1130 548 1220 584 ortio

137 595 312 630 bonorum
343 593 604 639 possessionis¹
641 593 717 628 eius
751 593 917 629 coheredi
945 605 1018 629 non
1049 594 1092 629 de
1110 597 1220 629 ertur.

137 644 156 674 3
204 640 241 674 Si
270 639 410 675 Primus
441 638 605 683 quidem²
636 639 687 674 ita
717 638 933 674 substitutus
963 639 1026 682 sit,
1065 638 1095 675 si
1126 639 1222 674 intra

137 685 269 727 decem,
295 684 491 728 Secundus,
516 684 546 720 si
569 688 653 729 post
676 684 798 719 decem
821 683 918 719 intra
936 684 1222 728 quattuordecim

135 732 290 766 annos³z
327 730 358 766 si
388 729 529 774 quidem
560 729 653 764 intra
684 729 806 765 decem
836 729 1046 772 decesserit,
1078 729 1220 765 Primus

135 776 233 812 solus
263 775 366 810 heres
397 775 463 810 erit
492 778 529 810 et
557 774 710 819 accipiet
738 775 913 810 bonorum
946 774 1220 819 possessionem,

135 821 166 857 si
195 832 278 856 vero
310 824 392 865 post
422 820 544 856 decem
574 821 669 855 intra
700 820 1004 865 quattuordecim,
1035 819 1221 856 Secundus

136 866 233 902 solus
262 867 366 901 heres
397 866 464 901 erit
494 869 529 900 et
557 865 710 910 accipiet
740 866 917 901 bonorum
945 865 1220 910 possessionem,

136 922 201 947 nec
231 911 301 947 sibi
329 911 539 955 iunguntur,
573 922 653 946 cum
685 910 731 946 ad
760 921 862 946 suam
895 912 1044 956 quisque
1075 921 1221 946 causam

136 960 157 992 4
204 956 418 993 substitutus
443 955 500 992 sit.
547 956 718 991 Defertur
748 957 923 992 bonorum
952 956 1131 1001 possessio
1165 966 1220 991 se-

137 1002 292 1038 cundum
314 1002 457 1037 tabulas
480 1001 594 1046 primo
618 1001 732 1046 gradu
751 1001 895 1046 scriptis
913 1002 1114 1044 heredibus,
1138 1012 1222 1037 mox

135 1047 204 1083 illis
235 1058 309 1083 non
338 1047 543 1092 petentibus
572 1046 821 1092 sequentibus,
853 1057 926 1082 non
949 1047 1065 1082 solum
1087 1046 1221 1083 substi-

136 1093 239 1137 tutis,
277 1102 399 1128 verum
434 1092 619 1128 substituti
655 1102 797 1145 quoque
836 1092 1056 1134 substitutis,
1093 1095 1128 1127 et
1157 1102 1223 1137 per

136 1137 263 1174 seriem
292 1137 505 1174 substitutos
537 1137 768 1173 admittimus.
815 1138 930 1183 primo
958 1137 1072 1183 gradu
1101 1141 1222 1173 autem

136 1183 288 1228 scriptos
324 1183 486 1228 accipere
520 1183 689 1226 debemus
722 1194 860 1226 omnes,
903 1182 963 1228 qui
995 1183 1108 1228 primo
1140 1182 1221 1218 loco

136 1228 260 1273 scripti
291 1233 392 1264 sunt:
430 1239 511 1263 nam
541 1228 648 1264 sicuti
679 1228 725 1263 ad
754 1227 955 1264 adeundam
988 1228 1222 1264 hereditatem

136 1272 288 1319 proximi
317 1277 417 1316 sunt,
447 1274 498 1308 ita
528 1277 564 1308 et
593 1273 639 1309 ad
670 1274 847 1310 bonorum
871 1273 1133 1319 possessionem
1157 1272 1220 1308 ad-

137 1323 155 1354 5
203 1319 422 1354 mittendam.
475 1318 513 1354 Si
555 1319 633 1363 quis
669 1318 721 1354 ita
751 1319 954 1364 scripserit:
993 1319 1146 1354 ‘Primus
1178 1329 1222 1353 ex

136 1367 145 1384 ‘
173 1367 249 1399 arte
272 1364 374 1400 heres
398 1367 492 1399 esto:
526 1364 556 1399 si
579 1363 720 1400 Primus
746 1364 849 1400 heres
873 1374 946 1399 non
969 1364 1053 1405 erit,
1084 1364 1220 1399 Secun-

137 1413 144 1428 ‘
172 1420 214 1445 us
237 1409 340 1445 heres
365 1412 452 1444 esto.
491 1409 634 1445 Tertius
659 1419 703 1444 ex
727 1409 798 1444 alia
823 1413 926 1455 parte
950 1409 1095 1445 dimidia
1118 1409 1222 1444 heres

136 1458 241 1490 ‘estoz
275 1454 305 1490 si
333 1465 405 1490 non
434 1454 517 1496 erit,
556 1454 712 1498 Quartus
743 1455 846 1490 heres
878 1455 978 1497 esto',
1013 1454 1155 1490 Primus
1187 1458 1223 1490 et

136 1500 279 1536 Tertius
303 1499 440 1544 priores
465 1499 511 1534 ad
534 1499 711 1534 bonorum
734 1500 997 1544 possessionem
1014 1500 1221 1535 invitantur.

137 1549 157 1581 6
205 1544 243 1580 Si
267 1545 345 1589 quis
367 1544 420 1580 ita
442 1544 638 1580 instituerit
661 1544 827 1579 heredes:
861 1548 952 1580 ‘uter
981 1555 1026 1579 ex
1049 1545 1223 1580 fratribus

137 1591 234 1627 ‘meis
258 1589 376 1626 Seiam
399 1600 547 1625 uxorem
570 1589 723 1633 duxerit,
749 1600 793 1625 ex
817 1589 990 1625 dodrante
1014 1589 1099 1624 mihi
1118 1590 1222 1624 heres

137 1639 237 1678 ‘esto,
262 1639 342 1671 uter
365 1646 438 1671 non
463 1634 614 1676 duxerit,
640 1644 685 1670 ex
709 1634 907 1680 quadrante
930 1635 1035 1670 heres
1060 1635 1161 1677 esto’,
1193 1634 1224 1669 si

136 1681 278 1727 quidem
300 1684 444 1716 mortua
466 1679 574 1716 suerit
598 1680 698 1723 Seia,
731 1690 866 1725 aequas
889 1684 1011 1725 partes
1035 1680 1223 1715 habituros

135 1726 284 1763 heredes
309 1729 468 1762 constat:
493 1725 590 1771 quod
613 1725 645 1761 si
665 1726 711 1761 ab
730 1726 844 1762 altero
863 1736 955 1761 uxor
974 1725 1083 1761 ducta
1100 1725 1221 1767 fuerit,

136 1772 348 1808 dodrantem
378 1775 415 1807 et
443 1771 679 1816 quadrantem
709 1771 760 1806 eis
791 1775 1010 1816 competere:
1047 1771 1224 1806 bonorum

135 1821 255 1853 autem
278 1816 551 1862 possessionem,
576 1820 768 1861 antequam
786 1816 917 1852 existat
935 1815 1109 1859 condicio,
1134 1826 1222 1851 neu-

137 1866 155 1898 7
205 1866 299 1898 trum
329 1865 463 1907 petere.
518 1861 556 1897 Si
593 1862 756 1897 consulto
793 1862 839 1897 sit
873 1861 1059 1897 inductum
1094 1871 1224 1896 nomen

135 1907 289 1950 heredis,
309 1906 555 1942 indubitanter
572 1907 748 1951 probatur
768 1907 943 1942 bonorum
961 1906 1224 1951 possessionem

135 1956 258 1999 petere
287 1963 367 1987 eum
397 1963 469 1988 non
497 1962 622 1997 posse,
662 1951 959 1997 quemadmodum
989 1962 1062 1987 non
1092 1955 1223 1997 potest,

136 1998 199 2044 qui
221 1998 326 2034 heres
350 1997 506 2042 scriptus
530 2000 586 2032 est
614 2007 687 2032 non
717 1997 881 2033 consulto
915 2000 1107 2032 testatore:
1140 2007 1224 2032 nam

137 2047 177 2083 8,
204 2054 270 2089 pro
295 2054 367 2079 non
390 2042 526 2087 scripto
550 2045 621 2085 est,
654 2053 758 2087 quem
782 2042 892 2078 scribi
916 2042 1041 2078 noluit.
1091 2042 1129 2077 Si
1152 2042 1223 2078 duo

136 2089 209 2125 sint
237 2088 387 2124 heredes
416 2087 572 2123 instituti
595 2087 736 2123 Primus
760 2091 797 2123 et
820 2087 1024 2130 Secundus,
1057 2087 1223 2123 Secundo

138 2134 283 2170 Tertius
308 2133 534 2177 substitutus,
560 2133 744 2168 omittente
763 2132 927 2169 Secundo
947 2134 1122 2169 bonorum
1140 2144 1223 2178 pos-

137 2179 332 2216 sessionem
355 2179 500 2214 Tertius
524 2178 703 2214 succedit:
728 2179 824 2223 quod
847 2179 879 2215 si
902 2178 1045 2214 Tertius
1069 2178 1225 2214 noluerit

136 2224 371 2261 hereditatem
406 2223 506 2259 adire
536 2223 590 2259 vel
619 2224 796 2259 bonorum
829 2224 1093 2269 possessionem
1128 2223 1223 2259 acci·

136 2280 239 2316 pere,
270 2268 420 2305 reccidit
450 2269 626 2305 bonorum
657 2269 838 2314 possessio
871 2269 918 2305 ad
940 2269 1109 2304 Primum.
1158 2279 1225 2305 nec

137 2315 206 2352 erit
240 2315 274 2351 ei
304 2324 451 2351 necesse
481 2318 604 2359 petere
635 2314 812 2350 bonorum
842 2314 1122 2359 possessionem,
1162 2314 1225 2350 sed

136 2360 215 2413 ipso
239 2360 317 2396 iure
341 2359 375 2396 ei
391 2359 594 2395 adcrescet:
619 2359 743 2395 heredi
762 2359 856 2395 enim
875 2359 1010 2405 scripto
1029 2360 1123 2396 sicut
1139 2371 1223 2405 por-

137 2410 187 2442 tio
218 2405 444 2448 hereditatis,
477 2405 529 2440 ita
561 2408 596 2440 et
626 2405 803 2441 bonorum
832 2406 1011 2451 possessio
1036 2405 1223 2441 adcrescit.

138 2454 158 2487 9
206 2451 243 2486 Si
274 2461 397 2487 servus
425 2450 530 2486 heres
562 2450 719 2495 scriptus
749 2451 810 2492 sit,
842 2450 876 2486 ei
900 2450 1040 2486 domino
1066 2450 1225 2486 defertur

136 2497 314 2532 bonorum
344 2496 542 2541 possessio,
580 2495 627 2530 ad
662 2506 767 2541 quem
799 2496 979 2532 hereditas
1014 2496 1222 2541 pertinebit:

137 2541 298 2577 ambulat
316 2541 409 2577 enim
427 2551 508 2576 cum
527 2540 681 2576 dominio
701 2542 877 2577 bonorum
894 2541 1087 2586 possessio.
1113 2551 1224 2586 quare

138 2587 170 2623 si
186 2586 310 2622 mortis
331 2590 490 2631 tempore
505 2585 649 2621 Stichus
673 2586 777 2621 heres
800 2586 985 2622 institutus
1010 2586 1078 2622 fuit
1101 2597 1224 2622 servus

139 2631 339 2677 Sempronii
361 2641 428 2667 nec
453 2631 683 2676 Sempronius
707 2641 788 2666 eum
811 2631 916 2666 iussit
939 2631 1057 2674 adire,
1082 2632 1147 2667 sed
1170 2632 1225 2667 vel

139 2677 292 2713 decessit
319 2677 375 2712 vel
406 2676 514 2712 etiam
537 2686 619 2711 cum
642 2676 810 2711 alienavit
833 2680 869 2711 et
892 2676 1011 2721 coepit
1034 2686 1114 2712 esse
1136 2676 1224 2729 Sep-

138 2722 230 2758 ticii:
255 2722 388 2764 evenit,
413 2725 472 2764 ut,
496 2721 527 2758 si
552 2720 729 2766 Septicius
754 2722 858 2757 eum⁴
881 2720 1042 2764 iusserit,
1068 2721 1224 2766 Septicio

139 2767 322 2803 deferatur
339 2767 517 2803 bonorum
533 2766 732 2812 possessio:
758 2766 804 2801 ad
823 2766 920 2802 hunc
936 2766 1029 2801 enim
1044 2766 1224 2802 hereditas

138 2813 304 2859 pertinet.
342 2812 437 2848 unde
461 2811 492 2847 si
514 2821 580 2856 per
601 2811 734 2847 multos
759 2811 920 2847 dominos
943 2811 1128 2846 transierit
1151 2821 1224 2846 ser-

138 2869 203 2894 vus
237 2861 311 2910 tres
344 2858 399 2893 vel
427 2857 550 2903 plures
561 2858 584 2901 ⁵,
620 2856 812 2893 novissimo
849 2856 1011 2892 dabimus
1048 2856 1226 2892 bonorum

139 2913 412 2948 possessionem.

186 2946 210 2986 3
237 2948 395 2984 Panos
415 2947 505 2983 libro
530 2947 833 2994 quadraqensimo
855 2947 975 2993 primo
1000 2946 1050 2982 ad
1071 2946 1225 2983 edictum

139 2993 274 3029 Verum
296 2997 352 3029 est
375 3003 514 3029 omnem
537 2995 753 3038 postumum,
779 2992 840 3038 qui
862 2992 1036 3028 moriente
1052 2995 1226 3028 testatore

140 3039 177 3074 in
201 3042 302 3074 utero
327 3038 450 3082 fuerit,
481 3038 512 3074 si
534 3041 641 3073 natus
665 3037 729 3081 sit,
762 3038 939 3074 bonorum
962 3037 1226 3083 possessionem

140 3087 261 3129 petere
284 3094 402 3129 posse.

187 3127 213 3166 4
244 3128 438 3165 [ammi-s
454 3129 545 3166 libro
564 3128 869 3174 quadraqensimo
889 3127 1046 3164 secundo
1065 3127 1115 3163 ad
1131 3127 1226 3163 edic-

142 3177 216 3208 tum
263 3174 418 3210 Chartae
440 3173 635 3227 appellatio
658 3177 695 3209 et
718 3172 765 3209 ad
783 3183 912 3209 novam
935 3172 1097 3208 chartam
1114 3172 1225 3208 refer-

141 3222 200 3254 tur
224 3222 260 3254 et
283 3219 330 3254 ad
352 3219 570 3255 deleticlam:
594 3218 745 3264 proinde
770 3221 806 3254 et
828 3218 860 3254 si
882 3218 920 3254 in
945 3218 1225 3263 opisthographo

143 3263 221 3309 quis
245 3267 398 3300 testatus
422 3265 479 3308 sit,
503 3264 587 3300 hinc
610 3263 685 3309 peti
700 3266 820 3309 potest
838 3263 1015 3299 bonorum
1033 3262 1225 3308 possessio.

190 3307 213 3345 5
239 3308 345 3344 IDEM
369 3309 459 3345 libro
489 3313 620 3356 quarto
651 3308 935 3355 disputationum
983 3308 1020 3344 Si
1043 3308 1110 3344 sub
1141 3319 1225 3344 con-

142 3353 281 3389 dicione
304 3353 407 3389 heres
432 3355 510 3399 quis
532 3354 718 3390 institutus
745 3354 792 3389 sit
819 3358 856 3389 et
879 3364 963 3389 acce
990 3357 1028 3389 ta
1051 3354 1227 3390 bonorum

143 3398 368 3444 possessione
392 3399 587 3435 secundum
610 3399 753 3435 tabulas
779 3399 940 3434 condicio
990 3399 1146 3441 eiecerit,
1171 3399 1226 3433 in-

144 3444 283 3480 terdum
307 3443 439 3487 evenit,
471 3448 512 3479 ut
534 3454 591 3480 res
615 3444 817 3489 possessori
840 3443 1068 3479 concedenda
1091 3445 1154 3486 sit,
1187 3446 1228 3478 ut

145 3493 232 3542 puta
263 3488 294 3524 si
322 3488 416 3523 filius
447 3489 493 3523 sit
521 3489 766 3533 emancipatus
797 3489 865 3524 sub
890 3488 1098 3524 condicione
1121 3489 1226 3524 heres

144 3534 347 3570 institutus:
370 3543 454 3569 nam
477 3534 507 3570 si
531 3534 701 3570 defecerit
721 3534 896 3576 condicio,
920 3536 1078 3569 attamen
1098 3544 1227 3570 secun-

1212 106 1292 154 561

2083 112 2291 155 XXXVII
2329 118 2343 154 1
2357 117 2372 154 l

1293 232 1376 267 dum
1407 232 1574 267 tabulas⁶
1606 232 1781 268 bonorum
1812 234 2073 277 possessionem
2103 245 2184 270 eum
2214 236 2378 280 accipere

1292 277 1452 312 Iulianus
1478 276 1612 312 scribit.
1652 277 1715 312 sed
1740 282 1775 311 et
1800 278 1828 312 si
1854 279 1883 314 is
1908 279 2026 323 fuerit,
2052 280 2113 325 qui
2137 281 2183 315 ab
2206 280 2376 316 intestato

1292 323 1466 358 bonorum
1484 333 1671 367 possessor
1686 322 1827 357 futurus
1844 328 1948 364 esset,
1974 325 2145 360 tuendum
2166 336 2243 361 esse
2264 326 2376 370 scrip-

1295 371 1308 401 1
1361 368 1418 410 sit,
1443 371 1479 402 et
1502 367 1571 402 hoc
1594 367 1671 402 iure
1696 368 1837 402 utimur.
1881 369 2091 413 Videndum,
2117 382 2163 405 an
2187 371 2305 415 legata
2330 372 2376 406 ab

1292 412 1343 447 eis
1368 413 1576 448 debeantur.
1615 416 1651 447 et
1674 412 1768 447 filius
1794 413 1933 456 quidem
1959 415 2059 458 quasi
2085 420 2209 450 contra
2234 417 2376 452 tabulas

1293 458 1468 492 bonorum
1503 457 1730 502 possessione
1764 463 1913 502 accepta
1950 470 2023 494 rein
2059 461 2190 496 habere
2227 462 2375 504 videtur,

1293 503 1401 537 ceteri
1430 514 1513 538 vero
1545 502 1648 548 quasi
1677 503 1723 538 ab
1752 502 1938 538 intestato:
1970 508 2005 538 et
2033 506 2111 540 ideo
2136 506 2229 541 filius
2253 507 2376 543 liberis

1292 548 1572 593 parentibusque
1601 548 1633 583 le
1658 551 1718 583 ata
1747 548 1872 583 relicta
1901 549 1985 584 solis
2010 555 2193 594 praestare
2220 556 2375 595 cogetur,

1293 593 1420 628 ceteris
1453 595 1560 628 non7.
1608 603 1714 638 pane
1746 592 1795 634 ei,
1835 593 1893 628 cui
1922 595 1967 628 ab
1998 594 2166 630 intestato
2197 594 2375 633 fideicom-

1292 638 1438 673 missum
1462 639 1627 673 relictum
1651 643 1721 681 est,
1747 638 1814 673 erit
1837 640 2108 683 praestandum,
2135 643 2236 685 quasi
2260 643 2375 677 videa-

1292 687 1351 718 tur
1381 684 1450 719 hoc
1481 684 1560 728 ipso
1590 683 1796 726 fraudatus,
1827 684 1922 729 quod
1951 694 1995 720 ex
2024 689 2235 722 testamento
2264 689 2377 732 petita

1291 728 1337 764 sit
1361 729 1538 764 bonorum
1562 729 1755 774 possessio.

1338 772 1362 810 6
1386 773 1495 809 IDEM
1515 774 1605 810 libro
1625 779 1750 810 octavo
1769 774 2052 820 disputationum
2088 776 2133 809 Hi
2153 777 2291 812 demum
2310 780 2375 814 sub

1291 819 1500 855 condicione
1531 819 1681 855 heredes
1716 819 1872 854 instituti
1909 820 2084 855 bonorum
2116 823 2375 865 possessionem

1291 865 1487 900 secundum
1510 865 1653 900 tabulas
1674 865 1781 900 etiam
1799 865 1977 910 pendente
1998 866 2206 901 condicione
2227 869 2376 903 necdum

1290 910 1436 955 impleta
1464 913 1586 962 petere
1618 914 1787 956 possunt,
1824 910 1883 954 qui
1918 910 2053 946 utiliter
2087 916 2171 946 sunt
2206 912 2375 948 instituti:

1291 955 1387 1000 quod
1410 955 1440 990 si
1463 955 1637 990 mutiliter
1662 956 1739 1000 quis
1764 956 1811 991 sit
1834 955 2029 998 institutus,
2054 967 2120 991 nec
2139 957 2185 991 ad
2204 958 2377 993 bonorum

1291 1001 1553 1045 possessionem
1577 1001 1712 1037 inutilis
1737 1001 1940 1036 institutio⁸
1963 1001 2116 1046 proficit.

1338 1043 1361 1082 7
1387 1046 1581 1081 IULIANUS
1597 1046 1687 1081 libro
1705 1047 1896 1082 vicensimo
1915 1047 2019 1082 tertio
2036 1047 2256 1093 diqestorum
2290 1049 2377 1084 Cum

1290 1091 1437 1127 tabulae
1467 1092 1673 1127 testamenti
1702 1091 1859 1136 plurium
1883 1091 1993 1136 signis
2018 1092 2177 1136 signatae
2202 1098 2321 1128 essent
2346 1099 2380 1128 et

1294 1136 1470 1181 quaedam
1506 1147 1550 1171 ex
1582 1137 1637 1172 his
1669 1148 1741 1172 non
1772 1141 1917 1181 parent,
1955 1141 2091 1182 septem
2125 1141 2243 1173 tamen
2280 1139 2379 1183 signa

1291 1186 1475 1224 maneant,
1506 1181 1642 1217 sufficit
1671 1182 1718 1217 ad
1742 1183 1917 1218 bonorum
1941 1182 2202 1227 possessionem
2227 1184 2379 1219 dandam

1291 1231 1427 1272 septem
1451 1227 1597 1263 testium
1621 1227 1722 1272 signa
1752 1237 1975 1280 comparere,
2008 1227 2092 1263 licet
2122 1239 2194 1263 non
2225 1229 2379 1263 omnium

1291 1273 1352 1318 qui
1377 1272 1595 1318 signaverint
1618 1276 1786 1308 maneant
1810 1283 1922 1317 slgna.

1338 1315 1362 1355 8
1387 1318 1493 1353 IDEM
1515 1318 1606 1353 libro
1630 1319 1820 1353 vicensimo
1847 1321 1979 1364 quarto
2005 1318 2225 1363 diqestorum
2270 1319 2307 1353 Si
2331 1320 2381 1354 ita

1291 1364 1465 1408 scriptum
1494 1363 1557 1398 sit:
1596 1363 1841 1409 ‘Sempronius
1879 1374 1923 1398 ex
1961 1367 2063 1408 parte
2098 1364 2243 1399 dimidia
2278 1365 2380 1399 heres

1292 1412 1390 1445 ‘est0.
1428 1409 1556 1451 Titius,
1583 1409 1613 1444 si
1638 1409 1738 1444 navis
1763 1419 1807 1444 ex
1831 1409 1919 1443 Asia
1943 1409 2087 1451 venerit,
2115 1420 2159 1444 ex
2184 1414 2285 1454 parte
2310 1414 2379 1445 ter-

1292 1454 1356 1489 ‘tia
1385 1455 1488 1489 heres
1519 1458 1608 1489 esto.
1656 1453 1751 1489 idem
1775 1454 1907 1496 Titius,
1939 1454 1969 1489 si
1998 1454 2098 1490 navis
2129 1465 2172 1490 ex
2197 1455 2285 1490 Asia
2310 1466 2380 1490 non

1293 1500 1457 1542 ‘venerit,
1490 1509 1534 1534 ex
1565 1503 1667 1544 parte
1697 1503 1799 1535 sexta
1827 1500 1932 1534 heres
1956 1500 2064 1535 esto':
2101 1500 2216 1535 Titius
2242 1511 2313 1534 non
2338 1511 2380 1535 ex

1292 1544 1433 1581 duabus
1464 1545 1629 1597 partibus
1660 1545 1765 1580 heres
1795 1544 1967 1590 scriptus,
1998 1545 2061 1580 sed
2091 1545 2168 1590 ipse
2197 1545 2266 1580 sibi
2296 1547 2380 1581 sub-

1293 1590 1440 1625 stitutus
1469 1589 1628 1635 intellegi
1657 1590 1763 1625 debet
1786 1590 1936 1635 ideoque
1960 1601 2032 1625 non
2057 1600 2100 1625 ex
2124 1590 2256 1626 maiore
2281 1595 2382 1635 parte

1293 1645 1400 1679 quam
1424 1635 1530 1668 tertia
1555 1635 1710 1678 scriptus
1736 1635 1886 1669 videtur.
1934 1635 2132 1670 secundum
2155 1636 2247 1670 hanc
2271 1636 2380 1670 ratio-

1292 1690 1373 1715 nem
1398 1690 1479 1714 cum
1502 1683 1646 1715 sextans
1670 1689 1805 1715 vacuus
1829 1679 2067 1724 relinquatur,
2099 1680 2273 1715 bonorum
2298 1691 2380 1725 pos-

1292 1725 1488 1760 sessionem
1520 1724 1637 1760 Titius
1671 1724 1825 1769 accipiet
1854 1735 1925 1760 non
1954 1725 2070 1760 solum
2101 1725 2229 1759 tertiae
2258 1726 2380 1770 partis,

1293 1770 1356 1805 sed
1380 1770 1457 1805 eius
1482 1779 1640 1814 quoque,
1672 1779 1763 1814 quae
1794 1780 1837 1805 ex
1867 1773 2030 1805 sextante
2054 1769 2168 1805 eidem
2192 1770 2379 1806 adcrescit.

1297 1818 1310 1849 l
1362 1815 1430 1859 Qui
1453 1814 1526 1850 filio
1551 1815 1728 1859 impuberi
1752 1814 1981 1850 substituitur
2004 1815 2072 1850 ita:
2100 1815 2142 1850 ‘si
2165 1815 2260 1851 filius
2281 1827 2381 1851 meus

1294 1862 1493 1902 moriatur,
1524 1860 1735 1905 priusquam
1765 1860 1803 1895 in
1827 1870 1929 1895 suam
1952 1861 2102 1895 tutelam
2126 1861 2261 1903 veniat,
2294 1865 2381 1896 tunc

1294 1906 1420 1941 ‘Titius
1452 1905 1538 1940 mihi
1568 1906 1670 1941 heres
1703 1905 1802 1948 esto',
1837 1905 1930 1940 sicut
1956 1905 2190 1941 hereditatem
2214 1906 2381 1950 vindicat,

1292 1951 1439 2004 perinde
1464 1961 1506 1986 ac
1531 1950 1562 1986 si
1584 1951 1732 1986 verbum
1755 1951 1825 1986 hoc
1851 1950 1958 1985 ‘mihi'
1983 1950 2162 1986 adiectum
2182 1962 2255 1987 non
2277 1955 2381 1994 esset,

1291 2000 1344 2031 ita
1359 1997 1535 2032 bonorum
1551 2006 1692 2041 quoque
1707 1996 1783 2032 eius
1796 1995 2059 2040 possessionem
2071 1996 2235 2041 accipere
2250 2000 2380 2042 potest.

1293 2044 1312 2076 2
1362 2041 1432 2077 Sed
1464 2045 1500 2076 et
1532 2052 1614 2077 cum
1643 2041 1681 2076 in
1711 2041 1966 2086 praenomine⁹
1991 2042 2199 2086 cognomine
2223 2046 2382 2077 erratum

1293 2089 1366 2130 est,
1398 2086 1428 2122 is
1460 2086 1507 2121 ad
1538 2096 1642 2132 quem
1671 2086 1850 2122 hereditas
1880 2086 2036 2132 pertinet
2067 2086 2175 2122 etiam
2206 2087 2382 2123 bonorum

1296 2136 1314 2167 3
1364 2132 1627 2177 possessionem
1650 2132 1793 2176 accipit.
1841 2131 1877 2167 Is
1901 2136 2038 2173 autem,
2065 2132 2167 2168 cuius
2192 2143 2321 2168 nomen
2344 2133 2382 2167 in

1292 2180 1506 2213 testamento
1531 2177 1713 2213 voluntate
1736 2176 1921 2213 testatoris
1950 2177 2160 2222 perductum
2185 2181 2256 2220 est,
2289 2177 2382 2213 sicut

1293 2223 1340 2258 ad
1363 2222 1566 2258 adeundam
1589 2222 1836 2265 hereditatem,
1860 2222 1912 2258 ita
1936 2222 1983 2258 ad
1999 2223 2190 2275 petendam
2207 2223 2382 2259 bonorum

1281 2268 1556 2314 vpossessionem
1586 2268 1741 2313 scriptus
1766 2279 1839 2303 non
1861 2268 2093 2312 intellegitur,
2127 2268 2285 2312 quamvis
2317 2279 2380 2303 no-

1294 2317 1316 2349 4
1361 2323 1443 2349 men
1468 2314 1544 2349 eius
1568 2313 1718 2359 legatur.
1756 2313 1908 2357 Quidam
1926 2317 2176 2349 testamentum
2193 2313 2231 2348 in
2248 2313 2381 2348 tabulis

1294 2358 1363 2395 sibi
1390 2358 1492 2401 fecit,
1523 2358 1596 2395 filio
1627 2362 1747 2394 autem
1777 2358 1955 2403 impuberi
1984 2369 2049 2403 per
2078 2358 2382 2403 nuncupationem

1294 2404 1490 2440 substituit.
1538 2404 1708 2450 respondi
1736 2404 1948 2440 sententiam
1983 2404 2159 2448 praetoris
2194 2403 2232 2438 in
2264 2403 2382 2439 danda

1292 2451 1471 2486 bonorum
1493 2450 1722 2495 possessione
1746 2459 1824 2484 eam
1848 2458 1941 2490 esse,
1976 2452 2016 2483 ut
2040 2448 2232 2493 separatim
2256 2449 2380 2493 patris,

1293 2495 1487 2540 separatim
1510 2495 1573 2529 filii
1596 2495 1745 2530 heredes
1764 2493 1946 2529 aestimari
1964 2493 2133 2529 debeant:
2158 2504 2241 2529 nam
2260 2505 2381 2539 quem-

1293 2540 1486 2576 admodum
1510 2540 1644 2585 scripto
1669 2540 1733 2574 filii
1755 2539 1878 2574 heredi
1903 2538 2094 2584 separatim
2119 2539 2165 2574 ab
2189 2539 2381 2574 heredibus

1293 2586 1418 2631 patris,
1440 2586 1490 2620 ita
1508 2589 1717 2629 nuncupato
1736 2588 1855 2628 potest
1867 2584 1979 2619 videri
1994 2584 2186 2628 separatim
2200 2594 2222 2619 a
2240 2584 2382 2629 scriptis

1293 2631 1406 2676 patris
1430 2630 1620 2665 heredibus
1647 2630 1821 2664 bonorum
1845 2628 2025 2673 possessio
2051 2628 2139 2663 dari.

1341 2673 1365 2713 9
1391 2674 1621 2709 POMPONIUS
1642 2675 1733 2710 libro
1757 2673 1914 2709 secundo
1945 2673 1995 2708 ad
2016 2672 2191 2709 Sabinum
2238 2673 2287 2709 Ut
2316 2674 2381 2709 bo-

1294 2731 1422 2756 norum
1446 2719 1626 2765 possessio
1651 2718 1848 2755 secundum
1865 2717 2061 2763 pupillares
2079 2718 2224 2754 tabulas
2245 2719 2382 2754 admitti

1293 2766 1425 2811 possit,
1455 2764 1665 2809 requiritur,
1702 2774 1749 2799 an
1780 2763 1894 2808 patris
1923 2767 2175 2799 testamentum
2205 2764 2382 2808 signatum

1295 2811 1352 2853 sit,
1378 2810 1462 2845 licet
1485 2809 1664 2846 secundae
1687 2809 1834 2844 tabulae
1858 2808 2060 2854 resignatae
2083 2809 2324 2854 proferantur.

1344 2854 1394 2893 10
1420 2854 1580 2890 Panas
1610 2855 1700 2890 libro
1732 2858 1856 2890 octavo
1886 2854 1936 2889 ad
1959 2854 2144 2889 Plautium
2192 2854 2229 2889 Si
2260 2865 2381 2890 servus

1295 2901 1362 2937 sub
1389 2899 1597 2936 condicione
1620 2901 1724 2935 heres
1748 2899 1935 2935 institutus
1960 2899 2018 2942 sit,
2043 2909 2090 2934 an
2106 2900 2281 2935 bonorum
2297 2909 2379 2944 pos-

1294 2945 1490 2982 sessionem
1525 2945 1690 2990 accipere
1720 2948 1858 2990 potest,
1898 2944 2094 2980 dubitatur.
2143 2949 2179 2980 et
2211 2944 2380 2980 Scaevola

1294 2994 1417 3027 noster
1465 2990 1571 3026 robat
1593 3000 1712 3035 posse.

1345 3035 1391 3073 11
1462 3045 1676 3070 APJNJANUS
1707 3035 1798 3072 libro
1829 3035 1932 3070 tertio
1964 3035 2100 3071 decimo
2131 3035 2379 3080 quaestionum

1296 3081 1377 3125 ‘Qui
1401 3091 1445 3116 ex
1468 3080 1589 3116 liberis
1613 3080 1701 3116 meis
1725 3080 1887 3125 impubes
1917 3090 2105 3125 supremus
2130 3080 2316 3120 morietur,
2349 3078 2380 3112 ei

1296 3127 1425 3162 ‘Titius
1448 3126 1553 3161 heres
1578 3126 1678 3161 esto',
1715 3125 1856 3161 duobus
1880 3135 2028 3178 peregre
2053 3123 2228 3160 defunctis
2247 3123 2277 3158 si
2296 3123 2378 3173 sub-

1295 3172 1443 3208 stitutus
1474 3171 1628 3216 ignoret,
1659 3174 1740 3206 uter
1769 3170 1980 3206 novissimus
2011 3169 2219 3209 decesserit,
2252 3167 2378 3202 admit-

1294 3217 1403 3252 tenda
1439 3220 1494 3252 est
1527 3215 1657 3251 Iuliani
1691 3215 1885 3259 sententia,
1929 3215 1990 3260 qui
2022 3218 2170 3259 propter
2203 3213 2379 3264 incertum

1296 3261 1516 3299 condicionis
1558 3261 1664 3296 etiam
1730 3260 1833 3297 rioris
1872 3270 1979 3305 posse
2013 3259 2086 3303 peti
2120 3267 2379 3302 possessionem

1299 3311 1312 3342 1
1363 3308 1540 3346 bonorum
1562 3272 1757 3351 respondit.
1805 3305 1919 3341 Filius
1948 3306 2052 3340 heres
2082 3303 2265 3338 institutus
2294 3301 2378 3343 post

1295 3356 1445 3388 mortem
1473 3351 1587 3396 patris
1619 3352 1665 3387 ab
1691 3351 1856 3387 hostibus
1881 3350 2000 3385 rediit:
2032 3349 2207 3398 bonorum
2235 3356 2378 3398 posses-

1295 3399 1430 3434 sionem
1455 3397 1607 3442 accipiet
1631 3400 1667 3432 et
1690 3397 1775 3432 anni
1798 3400 1938 3440 tempus
1964 3405 1985 3429 a
2010 3404 2078 3438 quo
2103 3392 2206 3427 redut
2231 3402 2262 3425 ei
2284 3401 2377 3425 com-

1297 3446 1315 3478 2
1363 3442 1560 3487 putabitur.
1609 3442 1837 3478 Testamento
1867 3441 1964 3475 facto
1990 3438 2104 3473 Titius
2135 3436 2221 3471 adro
2247 3435 2379 3470 andum

1296 3499 1333 3523 se
1359 3487 1524 3532 praebuit
1548 3497 1591 3523 ac
1614 3491 1742 3540 postea
1766 3487 1821 3522 sui
1844 3485 1931 3519 iuris
1957 3483 2102 3518 effectus
2122 3481 2193 3516 vita
2239 3480 2377 3515 ecessit.

1295 3534 1452 3578 scriptus
1475 3533 1578 3568 heres
1603 3543 1634 3569 s1
1657 3532 1919 3578 possessionem
1942 3531 2053 3574 petat,
2078 3525 2286 3570 exceptione
2306 3524 2379 3560 doli

145 3650 186 3690 (1)
209 3647 373 3681 bonorum
389 3646 547 3689 possessio
562 3647 727 3690 portionis
745 3658 810 3680 scr.
947 3647 991 3688 (2)
1015 3645 1147 3679 cuidam
1163 3658 1225 3679 scr.

146 3694 188 3734 (3)
213 3692 387 3735 decesserit
399 3693 459 3725 ins.
553 3693 595 3733 (4)
620 3701 696 3724 cum
706 3692 742 3724 F
829 3691 872 3732 (5)
897 3691 964 3724 tres
975 3690 1027 3724 vel
1038 3690 1151 3733 plures
1164 3691 1227 3724 del.

146 3739 191 3780 (6)
215 3748 292 3770 nam
312 3739 345 3771 et
364 3737 393 3770 si
411 3736 568 3770 defecerit
584 3736 737 3771 condicio
754 3737 843 3779 ante,
864 3737 974 3770 tamen
994 3738 1111 3770 contra
1131 3736 1228 3770 tabu·

1296 3645 1344 3678 las
1361 3658 1423 3678 scr.
1557 3648 1602 3688 (7)
1626 3645 1727 3679 ceteri
1749 3646 1860 3676 autem
1880 3642 1975 3675 nulla
1994 3642 2052 3674 ins.
2066 3641 2143 3683 fere
2161 3650 2229 3672 cum
2245 3638 2381 3672 Cuiacio

1298 3692 1342 3733 (8)
1367 3690 1569 3725 institutoF
1657 3692 1702 3734 (9)
1727 3688 1860 3723 nomine
1874 3689 1933 3722 ins.
1948 3688 2021 3720 dett.

2065 3779 2104 3811 71
