2528 3918
183 112 376 157 XXXIII
405 114 445 156 6.
468 115 493 155 7

186 246 268 272 mur
289 235 423 271 habere
446 243 511 269 nos
535 233 728 279 amphoras
749 233 864 276 mille,
894 233 942 269 ad
969 242 1172 268 mensuram
1199 233 1272 269 vini

186 282 389 317 referentes.
436 279 474 314 in
497 278 599 314 doliis
622 289 695 314 non
717 282 805 324 puto
829 289 961 321 verum,
986 283 1027 313 ut
1047 278 1129 313 vino
1153 278 1270 323 legato

186 331 223 362 et
246 325 343 361 dolia
365 323 584 366 debeantur,
613 323 767 360 maxime
795 324 826 360 si
855 324 1024 369 depressa
1046 323 1084 359 in
1107 323 1199 359 cella
1221 323 1271 358 vi-

187 371 288 406 naria
316 369 452 405 fuerint
483 372 548 404 aut
577 378 621 404 ea
651 374 754 412 sunt,
785 379 877 415 quae
906 378 970 414 per
993 367 1273 414 magnitudinem

186 414 331 451 difficile
359 418 557 449 moventur.
612 413 651 450 in
685 424 730 449 cu
755 415 812 460 pis
845 417 966 449 autem
1000 413 1073 449 sive
1107 423 1154 448 cu
1179 413 1272 459 pulis

186 464 274 506 puto
298 458 555 495 admittendum
577 460 637 495 et¹
661 468 706 495 ea
753 459 859 501 eberi,
887 459 954 494 nisi
978 458 1057 503 pari
1078 468 1136 493 mo
1163 468 1184 494 ο
1207 458 1272 493 im-

185 504 333 541 mobiles
356 504 394 539 in
527 503 625 539 velut
645 504 920 540 instrumentum
943 503 1021 549 agri
1043 507 1158 539 erant.
1190 503 1272 539 vino

185 550 199 585 l
265 553 304 586 to
335 553 434 585 utres
462 559 535 585 non
566 548 808 585 debebuntur:
848 558 915 584 nec
957 548 1092 584 culleos
1132 547 1273 593 quidem

187 594 231 631 de
257 594 309 630 eri
330 593 422 630 dico.

232 638 259 677 4
282 638 442 675 Panos
461 638 553 675 libro

186 684 329 731 pondus
352 684 422 720 olei
444 694 516 720 non

187 729 330 776 quaeri,
361 729 463 765 cuius
491 729 629 774 generis
662 729 739 764 oleo
769 728 822 764 uti
845 728 969 764 solitus
991 728 1101 764 fuerit
1122 732 1275 763 testator

186 779 252 811 aut
282 775 385 811 cuius
415 774 554 820 generis
585 774 703 810 oleum
732 773 836 809 istius
866 773 1018 818 regionis
1048 774 1209 809 homines
1236 773 1275 808 in

186 831 256 857 usu
279 820 455 856 habeant:
479 823 516 855 et
538 819 616 854 ideo
641 819 792 854 liberum
814 822 870 854 est
892 818 1024 861 heredi,
1051 819 1153 854 cuius
1171 818 1276 854 vellet

186 865 326 911 generis
349 865 466 901 oleum
490 865 502 899 l
547 864 662 899 atario
686 864 833 899 solvere.

233 909 258 948 5
282 909 476 946 Iouam-1
495 874 586 946 Ζῗὲνο
611 909 737 955 quinto
761 908 898 945 decimo
920 909 1142 955 diqestorum
1187 908 1276 945 Cum

602 643 707 674 uarto
732 639 781 674 ad
803 637 976 674 Sabinum
1024 637 1113 674 Cum
1137 642 1274 673 certum

600 688 679 719 ecta
703 684 873 728 qualitate
895 683 1053 728 legatur,
1087 694 1161 719 non
1184 683 1276 719 solet

188 959 308 991 certus
331 964 500 991 numerus
524 955 778 999 amphorarum
796 954 869 989 vini
886 954 1024 998 legatus
1044 958 1139 990 esset
1157 963 1202 989 ex
1221 964 1275 996 eo,

188 999 286 1046 quod
311 1000 347 1035 in
379 999 493 1036 fundo
518 999 774 1044 Semproniano
803 1003 928 1034 natum
956 1002 1068 1042 esset,
1099 1003 1136 1035 et
1159 999 1275 1034 minus

188 1049 312 1081 natum
343 1049 457 1087 esset,
497 1055 570 1080 non
604 1044 756 1089 amplius
787 1043 910 1079 deberi
939 1044 1077 1089 placuit
1107 1047 1143 1080 et
1173 1044 1277 1089 quasi

186 1089 381 1151 taxationis
411 1090 526 1126 vicem
556 1090 718 1135 optinere
749 1090 839 1125 haec
870 1089 980 1124 verba
1017 1089 1125 1135 ‘quod
1152 1094 1277 1124 natum

187 1136 268 1171 ‘erit
281 1162 291 1172 .

233 1178 259 1218 6
283 1179 492 1216 Paocvws
512 1179 602 1215 libro
627 1180 752 1225 quinto
776 1179 1013 1226 epistularum
1069 1179 1135 1214 Cui
1157 1179 1276 1214 vinum

187 1225 292 1261 heres
314 1224 403 1261 dare
426 1224 616 1260 damnatus
639 1228 705 1266 est,
730 1224 849 1269 2quod
870 1224 908 1259 in
924 1224 1106 1269 amphoris
1124 1228 1160 1259 et
1178 1223 1276 1259 cadis

187 1270 357 1306 diffusum
374 1273 429 1305 est
449 1269 527 1305 dari
544 1269 660 1312 debet,
686 1269 825 1304 etiamsi
842 1279 1010 1304 vasorum
1026 1269 1159 1304 mentio
1179 1268 1278 1304 facta

187 1326 261 1352 non
283 1319 350 1351 est.
395 1315 481 1350 item
504 1313 664 1359 quamvis
689 1325 770 1349 cum
792 1314 885 1349 vasis
911 1314 1008 1349 cadis
1031 1314 1187 1359 legatum
1210 1317 1277 1356 est,

186 1364 307 1396 tamen
328 1359 366 1395 id
390 1369 548 1412 quoque,
573 1359 669 1404 quod
691 1359 730 1394 in
753 1358 877 1402 doliis,
901 1359 1057 1404 legatum
1080 1369 1159 1395 esse
1180 1358 1277 1395 vide-

186 1410 263 1448 tur,
297 1405 423 1447 sicuti,
455 1415 487 1440 sl
518 1414 639 1440 servos
671 1413 793 1439 omnes
824 1414 907 1439 cum
934 1404 1075 1449 peculio
1106 1404 1278 1449 cuiusque

186 1461 311 1531 leorum
332 1450 528 1530 leggssegfir
522 1449 630 1484 etiam
653 1459 725 1492 eos,
751 1449 881 1495 quibus
904 1449 1036 1495 peculii
1058 1449 1147 1484 nihil
1172 1453 1277 1491 esset,

285 1505 324 1531 se
346 1505 381 1530 v1
407 1504 467 1530 ere
530 1521 537 1529 .

283 1539 331 1576 ΙΔ
340 1549 512 1575 ronanus
538 1539 629 1575 libro
658 1539 816 1575 secundo
845 1550 896 1575 σω
918 1539 1186 1585 posterioribus
1207 1538 1278 1574 La—

188 1585 311 1622 boonis
356 1584 510 1629 Quidam
531 1583 698 1620 heredem
715 1583 946 1620 damnaverat
965 1584 1050 1620 dare
1067 1584 1172 1620 uxori
1191 1594 1278 1620 suae

187 1631 309 1666 vinum
342 1630 460 1666 oleum
491 1628 708 1665 frumentum
738 1633 881 1665 acetum
910 1629 1018 1665 mella
1050 1629 1277 1665 salsamenta.

188 1675 379 1712 Trebatius
411 1674 531 1710 aiebat
561 1684 607 1710 ex
638 1674 782 1719 singulis
812 1675 921 1710 rebus
945 1686 1017 1711 non
1041 1675 1192 1720 amplius
1216 1674 1279 1710 de-

187 1720 283 1762 berI‚
319 1730 427 1766 quam
461 1723 635 1765 quantum
667 1720 772 1755 heres
806 1719 947 1755 mulieri
982 1719 1068 1755 dare
1097 1720 1278 1762 voluisset,

212 1765 358 1802 uoniam
379 1775 453 1800 non
475 1764 654 1800 adiectum
677 1768 786 1807 esset,
812 1769 984 1810 quantum
1007 1775 1052 1801 ex
1075 1775 1217 1810 quaque
1240 1775 1280 1800 re

255 1814 346 1847 etur.
395 1809 520 1846 Ofilius
553 1810 747 1845 Cascellius
776 1810 921 1846 Tubero
953 1820 1074 1852 omne,
1107 1814 1279 1856 quantum

187 1859 293 1903 pater
314 1854 468 1891 familias
491 1854 704 1900 reliquisset,
734 1855 893 1900 legatum
915 1858 1062 1900 putant:
1094 1855 1218 1891 Labeo
1241 1855 1279 1890 id

191 1905 206 1936 1
254 1900 388 1946 probat
409 1899 517 1945 idque
539 1910 662 1935 verum
685 1904 751 1936 est.
804 1900 929 1936 ‘Lucio
953 1900 1048 1936 Titio
1071 1900 1180 1936 tritici
1201 1911 1278 1936 mo-

188 1946 279 1983 ‘dios
307 1949 470 1987 centum,
530 1945 568 1980 ui
598 1945 729 1990 singuli
759 1945 879 1991 pondo
913 1950 1057 1982 eentum
1086 1945 1278 1992 pendeant,

189 1992 306 2028 ‘heres
337 1990 445 2026 dato’.
535 1989 628 2026 filius
659 1990 748 2025 nihil
782 1991 939 2036 legatum
972 2001 1068 2033 esse,
1109 1991 1206 2037 quod
1244 1996 1280 2027 et

188 2036 311 2072 Labeo
338 2036 489 2081 probat,
521 2035 689 2081 quoniam
718 2035 890 2072 eiusmodi
918 2036 1077 2071 triticum
1099 2036 1137 2071 in
1159 2046 1280 2072 rerum

189 2084 322 2117 natura
343 2091 417 2116 non
441 2084 554 2116 esset:
580 2080 678 2126 quod
700 2091 821 2117 verum
842 2084 944 2127 puto.

235 2122 262 2165 8
293 2124 523 2161 Poupomvs
551 2125 642 2162 libro
672 2130 778 2162 sexto
809 2126 1047 2172 epistularum
1101 2126 1139 2161 Si
1174 2126 1279 2162 heres

188 2171 405 2207 damnatus³
435 2170 482 2206 sit
513 2169 600 2206 dare
622 2171 760 2214 vinum,
792 2170 888 2216 quod
911 2170 949 2206 in
973 2171 1074 2207 doliis
1098 2175 1211 2213 esset,
1244 2174 1281 2207 et

215 2226 254 2252 er
276 2215 490 2261 legatarium
513 2215 623 2258 stetit,
647 2226 719 2260 quo
740 2216 858 2252 minus
882 2216 960 2251 acci
986 2216 1047 2259 iat,
1080 2216 1280 2261 periculose

188 2227 356 2297 fleredem
378 2259 571 2303 facturum,
595 2261 626 2296 si
648 2260 685 2296 id
708 2261 828 2296 vinum
851 2227 1027 2297 effundet:
1058 2261 1122 2297 sed
1144 2261 1279 2306 legata·

189 2306 281 2343 rium
299 2309 484 2358 petentem
506 2306 627 2341 vinum
650 2306 697 2342 ab
721 2306 852 2342 herede
875 2305 948 2342 doli
966 2306 1052 2341 mali
1072 2306 1280 2352 exceptione

189 2351 327 2398 placuit
347 2350 579 2394 summoveri,
605 2351 635 2386 si
657 2361 731 2387 non
753 2355 912 2397 praestet
934 2351 990 2395 id,
1016 2350 1110 2397 quod
1132 2356 1281 2397 propter

189 2406 326 2432 moram
349 2396 426 2432 eius
450 2395 620 2431 damnum
642 2397 842 2441 passussit
863 2396 979 2433 heres.

236 2438 262 2479 9
294 2440 489 2477 Ulmum
508 2440 601 2477 libro
625 2442 790 2478 vicesimo
814 2442 919 2478 tertio
944 2441 994 2477 ad
1016 2440 1190 2477 Sabinum
1242 2440 1281 2475 Si

191 2486 270 2532 quis
293 2486 416 2521 vinum
438 2486 617 2531 legaverit,
642 2496 746 2522 omne
765 2487 978 2531 continetur,
1003 2485 1100 2532 quod
1117 2496 1162 2522 ex
1177 2486 1280 2521 vinea

190 2535 315 2567 natum
336 2531 457 2567 vinum
480 2531 684 2576 permansit.
721 2531 785 2568 sed
809 2532 839 2568 si
862 2532 1040 2568 mulsum*
1063 2531 1111 2567 sit
1132 2531 1279 2574 factum,

191 2576 262 2612 vini
285 2586 331 2622 ap
359 2576 524 2612 ellatione
547 2587 621 2612 non
644 2577 884 2613 continebitur
906 2576 1066 2630 proprie,
1096 2576 1165 2612 nisi
1187 2575 1280 2612 forte

190 2625 295 2668 pater
341 2621 478 2657 amilias
511 2621 618 2657 etiam
647 2621 692 2658 de
720 2622 789 2658 hoc
821 2626 942 2658 sensit.
995 2626 1092 2658 certe
1122 2622 1279 2668 zythum,

192 2666 287 2747 guod
317 2666 355 2702 in
385 2666 595 2711 quibusdam
622 2667 816 2713 provinciis
840 2677 885 2703 ex
907 2667 1026 2703 tritico
1049 2666 1106 2703 vel
1129 2677 1174 2702 ex
1195 2666 1278 2703 hor—

215 2722 258 2748 eo
283 2711 336 2747 vel
359 2721 404 2746 ex
426 2721 519 2756 pane
532 2713 546 2733 ⁵
570 2710 768 2757 conficitur,
792 2723 867 2749 non
890 2712 1148 2748 continebitur:
1174 2712 1279 2748 simili

191 2756 297 2792 modo
326 2766 393 2792 nec
422 2766 562 2791 camum
589 2767 657 2793 nec
681 2758 838 2794 cervesia
862 2757 1103 2794 continebitur
1125 2767 1191 2793 nec
1214 2757 1279 2803 hy-

192 2800 352 2837 dromeli.
408 2801 494 2847 quid
523 2801 730 2838 conditum?
769 2813 835 2839 nec
865 2803 935 2839 hoc
963 2807 1071 2848 puto,
1110 2802 1178 2838 nisi
1209 2802 1279 2837 alia

192 2857 291 2883 mens
319 2846 485 2898 testantis
508 2846 588 2883 fuit.
635 2848 810 2884 oeuomeli
831 2848 939 2893 plane
963 2847 1014 2892 (id
1038 2851 1093 2884 est
1115 2847 1278 2884 dulcissi-

190 2902 289 2927 mum
311 2893 444 2933 vmum)
470 2892 725 2928 continebitur:
758 2896 794 2928 et
816 2903 981 2938 passum,
1006 2893 1076 2928 nisi
1099 2893 1280 2928 contraria

193 2937 240 2972 sit
267 2946 387 2978 mens,
421 2937 676 2974 continebitur:
712 2938 892 2974 defrutum
922 2949 996 2974 non
1027 2938 1278 2980 continebitur,

193 2980 288 3027 quod
309 2980 429 3027 potius
454 2981 662 3018 conditurae
683 2983 763 3019 loco
788 2983 856 3019 fuit
865 2985 890 3019 ⁰.
928 2983 1155 3019 acinaticium
1172 2983 1279 3029 plane

194 3026 274 3062 vino
306 3025 555 3062 continebitur.
611 3027 810 3073 cydoneum
846 3032 882 3064 et
917 3028 950 3065 si
983 3039 1054 3080 qua
1082 3028 1153 3064 alia
1182 3032 1278 3070 sunt,

193 3081 285 3124 quae
308 3081 380 3107 non
403 3081 447 3106 ex
470 3071 572 3107 vinea
594 3072 703 3115 fiunt,
733 3074 805 3108 vini
835 3073 1074 3119 appellatione
1096 3083 1170 3109 non
1194 3083 1279 3108 con-

193 3116 411 3152 tinebuntur.
458 3115 543 3151 item
575 3121 716 3153 acetum
739 3118 811 3153 vini
833 3118 1073 3164 appellatione
1095 3129 1169 3154 non
1193 3128 1278 3154 con-

194 3162 375 3198 tinebitur.
420 3161 511 3197 haec
543 3162 662 3197 omnia
689 3162 741 3198 ita
771 3163 912 3199 demum
941 3164 1013 3199 vini
1043 3163 1184 3199 nomine
1207 3173 1279 3199 non

194 3206 440 3251 continentur,
477 3205 507 3242 si
535 3206 642 3242 modo
671 3208 742 3243 vini
772 3219 920 3244 numero
952 3219 975 3244 a
1004 3212 1177 3244 testatore
1205 3219 1279 3244 non

193 3256 278 3288 sunt
299 3251 442 3287 habita:
472 3251 629 3297 alioquin
655 3252 807 3289 Sabinus
830 3253 956 3289 scribit
979 3254 1098 3290 omnia
1120 3252 1191 3288 vini
1213 3263 1279 3298 ap-

193 3296 384 3376 {ellatione
408 3296 593 3348 contineri,
619 3307 710 3341 quae
733 3298 803 3332 vini
827 3309 974 3334 numero
998 3303 1102 3344 pater
1125 3297 1279 3333 familias

219 3342 337 3377 abuit:
376 3341 485 3386 igitur
512 3345 549 3377 et
578 3346 738 3383 acetum,
772 3343 867 3386 quod
897 3344 967 3379 vini
998 3353 1144 3379 numero
1175 3347 1279 3389 pater

195 3387 346 3422 familias
370 3386 507 3429 habuit,
532 3390 568 3423 et
590 3386 734 3432 zythum
758 3392 794 3422 et
819 3399 955 3423 camum
976 3394 1012 3424 et
1032 3393 1162 3430 cetera,
1187 3397 1279 3433 quae

218 3442 260 3468 ro
283 3431 465 3467 hominum
488 3430 676 3468 affectione
698 3436 805 3477 atque
825 3444 893 3468 usu
911 3433 983 3468 vini
1002 3444 1149 3469 numero
1167 3433 1277 3469 habe·

219 3481 337 3512 untur.
386 3476 482 3522 quod
511 3477 543 3512 si
572 3479 687 3512 totum
714 3477 852 3518 vinum,
884 3478 979 3522 quod
1001 3482 1105 3523 pater
1127 3478 1278 3514 familias

202 3525 211 3557 1
262 3522 405 3564 habuit,
444 3522 605 3565 coacuit,
643 3532 714 3558 non
750 3522 986 3567 exstinguitur
1020 3523 1188 3568 legatum.
1241 3523 1279 3558 Si

195 3599 234 3676 (ι)
259 3639 309 3668 est
324 3635 373 3668 Ρ
817 3635 860 3677 (a)
885 3600 981 3668 datus
994 3635 1028 3668 F

471 3636 516 3676 (2)
541 3635 643 3668 etiam
656 3635 716 3669 ιἠε.
1125 3638 1167 3674 (4)
1193 3635 1277 3668 mul-

194 3680 316 3713 cumF
379 3681 423 3721 (5)
449 3681 570 3721 panico
586 3681 738 3714 Cuiaciue
808 3682 852 3720 (⁶)
877 3680 914 3712 fit
926 3692 984 3714 scr.
1058 3683 1100 3721 (7)
1125 3681 1204 3713 vina
1216 3681 1275 3714 ins.

196 3727 239 3759 (8)
265 3735 334 3756 esse
348 3726 419 3757 edd.
531 3726 575 3765 (n)
600 3728 771 3767 prometur
789 3725 941 3759 Cuiacius
1050 3729 1108 3766 (ιο)
1134 3725 1277 3759 diffuda-

1264 106 1351 156 468

1486 0 1556 72 Q‘N

1535 87 1596 156 §E
1623 122 1803 155 TRITICO
1834 122 1944 154 vmo
1974 121 2062 152 VEL
2092 121 2213 153 OLEO
2242 122 2420 154 LEGATO

1340 236 1482 269 acetum
1535 233 1592 269 uis
1621 232 1809 278 legaverit,
1840 242 1912 267 non
1941 232 2182 267 continebitur
2203 231 2319 277 legato
2343 242 2422 269 aoe-

1340 284 1417 314 tum
1452 288 1521 324 quo
1579 277 1651 314 vini
1683 288 1831 313 numero
1862 281 2015 312 testator
2046 276 2188 312 habuit:
2228 277 2425 313 embamma

1342 326 1361 358 2
1409 327 1529 359 autem
1552 322 1802 365 continebitur,
1827 322 1912 368 quia
1935 322 2027 357 aceti
2049 331 2195 357 numero
2218 321 2298 357 fuit.
2335 323 2424 358 Item

1341 369 1372 404 si
1395 368 1474 413 quis
1496 367 1615 404 vinum
1638 368 1734 413 quod
1756 368 1882 404 habuit
1904 367 2052 412 legavit,
2083 366 2210 403 deinde
2239 367 2310 403 hoc
2341 378 2423 403 coa-

1342 413 1434 456 cuit,
1471 412 1557 448 licet
1582 417 1713 458 'postea
1739 413 1778 448 in
1806 413 1900 449 aceti
1934 413 2054 448 locum
2084 412 2297 447 translatum
2327 412 2374 448 sit
2403 424 2426 448 a

1341 463 1444 503 patre
1462 457 1627 501 familias,
1649 458 1732 494 vino
1751 458 1868 504 legato
1886 457 2136 500 continebitur,
2158 457 2244 503 quia
2257 457 2305 500 id,
2330 458 2426 503 quod

1339 502 1547 539 testamenti
1572 502 1662 538 facti
1690 507 1849 550 tempore
1876 503 1996 538 vinum
2024 502 2108 545 fuit,
2146 501 2425 538 demonstratum

1340 552 1414 586 est:
1459 551 1497 584 et
1529 551 1586 584 est
1618 548 1688 584 hoc
1722 558 1864 591 verum,
1905 548 1974 584 nisi
2009 547 2174 583 voluntas
2208 547 2424 583 adversetur.

1342 596 1362 629 3
1410 592 1503 629 Vino
1540 596 1660 629 autem
1695 598 1844 638 paterno
1880 593 1996 638 legato
2033 592 2070 628 id
2102 592 2241 628 demum
2271 592 2424 637 legatum

1340 638 1492 681 videtur,
1517 637 1613 683 quod
1634 641 1788 674 testator
1809 639 1882 674 vini
1905 648 2051 674 numero
2075 637 2213 682 habuit,
2236 647 2309 673 non
2331 638 2425 683 quod

1340 687 1456 729 pater.
1501 683 1587 718 item
1609 683 1640 719 si
1661 683 1843 728 peculiare
1865 683 1985 719 vinum
2006 683 2162 728 legatum
2185 682 2250 724 sit,
2280 682 2318 718 id
2342 693 2426 718 con-

1340 728 1533 771 tinebitur,
1563 727 1660 773 quod
1690 728 1782 764 servi
1809 729 2022 764 habuerunt.
2072 738 2137 763 cur
2165 731 2241 763 tam
2263 727 2427 763 diverse?

1343 773 1439 819 quod
1469 776 1660 819 paternum
1686 774 1807 808 vinum
1836 774 1908 809 iam
1931 773 2050 818 coepit
2071 783 2158 808 usus
2180 773 2294 818 ipsius
2317 776 2426 808 testa-

1341 819 1431 855 toris
1460 828 1555 860 esse,
1587 823 1626 853 at
1655 818 1837 863 peculiare
1863 819 1902 853 in
1931 829 2001 853 usu
2031 828 2213 853 servorum
2245 818 2426 853 remansit.

1342 867 1365 899 4
1410 863 1499 899 Item
1522 862 1554 899 si
1576 863 1695 899 vinum
1718 867 1819 899 vetus
1842 863 1889 899 sit
1910 863 2077 908 legatum,

1391 907 1443 947 10
1467 907 1812 944 Hmuoormfflvs
1838 908 1929 944 libro
1957 907 2115 943 secundo
2145 908 2235 943 iuris
2257 908 2428 954 epitoma-

1343 964 1424 989 rum
1469 963 1514 989 ex
1537 964 1608 989 usu
1630 953 1812 989 testatoris
1834 953 1989 998 legatum
2012 952 2277 995 aestimabitur,
2308 952 2347 988 id
2375 956 2430 987 est

1345 1002 1433 1044 quot
1463 1008 1639 1034 annorum
1676 998 1759 1035 vino
1796 1008 1863 1045 pro
1894 1000 2013 1033 vetere
2043 997 2223 1033 utebatur.
2275 997 2371 1043 quod
2400 997 2429 1032 si

1345 1054 1418 1080 non
1440 1050 1625 1089 appareat,

1394 1087 1442 1126 11
1484 1089 1679 1125 ULPJANUS
1710 1088 1801 1124 libro
1837 1089 2001 1124 vicesimo
2041 1089 2146 1124 tertio
2177 1088 2227 1124 ad
2256 1086 2430 1123 Sabinum

1344 1137 1447 1170 vetus
1469 1133 1677 1178 accipietur,
1701 1132 1798 1179 quod
1819 1144 1893 1168 non
1916 1137 1971 1169 est
1992 1144 2140 1169 novum:
2164 1133 2201 1168 id
2221 1137 2276 1169 est
2293 1136 2330 1168 et
2346 1132 2430 1167 anni

1344 1178 1474 1225 prioris
1497 1179 1616 1214 vinum
1640 1178 1880 1231 appellatione
1901 1179 2030 1214 veteris
2054 1178 2312 1214 continebitur:

1398 1221 1448 1261 12
1473 1224 1528 1259 ΡΑ
1537 1233 1632 1259 Uhvs
1652 1224 1743 1260 labro
1767 1227 1899 1269 quarto
1923 1224 1973 1259 ad
1994 1223 2168 1260 Sabinum
2219 1234 2301 1259 nam
2330 1223 2427 1258 aliter

1345 1269 1618 1349 observantibus
1643 1269 1723 1314 quis
1745 1267 1827 1304 finis
1851 1271 1915 1303 aut
1938 1268 2033 1314 quod
2055 1269 2195 1304 initium
2215 1269 2343 1304 veteris
2360 1267 2432 1303 vini

1345 1317 1544 1350 sumeretur

1394 1357 1443 1397 13
1484 1358 1679 1395 ULPIANUS
1713 1358 1804 1394 libro
1840 1359 2007 1394 vicesimo
2037 1360 2142 1394 tertio
2181 1358 2231 1393 ad
2258 1357 2431 1394 Sabinum

1346 1404 1415 1441 ‘Ex
1438 1415 1480 1440 eo
1504 1404 1585 1439 vino
1611 1402 1707 1449 quod
1729 1403 1768 1438 in
1790 1402 1850 1438 illo
1874 1402 1985 1439 fundo
2008 1407 2187 1446 nascetur,
2212 1403 2314 1439 heres
2333 1413 2431 1438 meus

1346 1450 1548 1495 ‘amphoras
1578 1449 1700 1484 decem
1729 1448 1920 1493 quotannis
1943 1449 1980 1483 in
2004 1459 2117 1485 annos
2141 1448 2298 1493 singulos
2323 1448 2430 1484 dato’.

1344 1505 1415 1575 2uo
1440 1505 1534 1530 anno
1559 1497 1683 1530 natum
1706 1504 1778 1529 non
1801 1492 1937 1536 fuisset,
1965 1503 2010 1529 ex
2033 1494 2216 1539 superiore
2239 1504 2333 1529 anno
2357 1494 2432 1529 eius

1362 1539 1448 1575 undi
1470 1550 1551 1576 eum
1574 1549 1760 1574 numerum
1790 1539 2040 1584 amphorarum
2071 1538 2237 1575 heredem
2266 1538 2432 1573 daturum

1346 1585 1501 1621 Sabinus
1523 1584 1715 1620 existimat.
1762 1594 1855 1629 quae
1884 1584 2076 1626 sententia,
2107 1584 2137 1619 si
2165 1584 2330 1619 voluntas
2359 1594 2433 1619 non

1345 1630 1565 1672 adversetur,
1589 1629 1676 1665 mihi
1699 1639 1840 1674 quoque
1861 1629 1992 1675 placet.

1395 1674 1446 1712 14
1471 1674 1701 1711 Poupomvs
1721 1673 1811 1710 libro
1835 1677 1940 1710 sexto
1964 1674 2013 1709 ad
2035 1673 2209 1710 Sabinum
2258 1673 2350 1710 Vino
2382 1675 2430 1709 le-

1344 1724 1428 1766 gato
1461 1730 1506 1756 ea
1536 1719 1701 1755 demum⁷
1731 1729 1819 1754 vasa
1848 1723 2064 1764 sequuntur,
2101 1729 2193 1764 quae
2222 1719 2275 1754 ita
2305 1718 2434 1755 diffusa

1345 1769 1440 1808 sunt,
1464 1769 1506 1800 ut
1527 1775 1601 1800 non
1623 1764 1671 1799 ad
1693 1768 1905 1809 perpetuum
1928 1775 2031 1799 usum
2054 1774 2140 1800 vasa
2155 1768 2433 1807 reservarentur,

1345 1810 1455 1847 veluti
1477 1810 1672 1855 amphorae
1695 1813 1731 1845 et
1755 1808 1846 1845 cadi.

1395 1854 1445 1893 15
1470 1854 1628 1891 Paooza
1636 1864 1680 1890 vs
1707 1854 1797 1890 libro
1828 1854 1985 1890 secundo
2014 1854 2250 1901 epistularum
2301 1854 2431 1890 Vinum

1347 1912 1429 1937 cum
1457 1900 1551 1936 vasis
1582 1899 1723 1945 legavit.
1775 1903 1883 1945 negat
1914 1899 2105 1935 Trebatius
2137 1899 2233 1945 quod
2262 1900 2300 1935 in
2331 1899 2433 1935 doliis

1347 1947 1395 1982 sit
1417 1946 1539 1982 deberi
1561 1949 1599 1981 et
1620 1955 1765 1981 sensum
1787 1945 1968 1981 testatoris
1992 1945 2102 1980 alium
2118 1949 2223 1998 putat
2242 1954 2330 1988 esse,
2354 1955 2433 1980 ver-

1346 1992 1475 2027 borum
1505 1990 1633 2026 alium:
1671 1993 1829 2025 ceterum
1866 1990 1960 2025 dolia
1991 1990 2028 2025 in
2059 2000 2153 2026 vasis
2183 1990 2328 2026 vinariis
2361 2000 2432 2026 non

1347 2041 1468 2073 essent
1478 2037 1501 2071 ⁸.
1550 2046 1616 2081 ego
1648 2039 1684 2070 et
1714 2035 1746 2070 si
1776 2035 1872 2070 dolia
1898 2035 1936 2070 in
1959 2036 2053 2071 vasis
2076 2035 2220 2071 vinariis
2242 2046 2315 2070 non
2338 2039 2433 2077 sunt,

1347 2086 1467 2118 tamen
1489 2092 1562 2117 non
1587 2080 1818 2116 concederem
1842 2080 2009 2115 Trebatio
2041 2080 2161 2115 vinum
2192 2080 2288 2125 quod
2309 2080 2346 2115 in
2369 2080 2433 2116 do-

1347 2127 1404 2163 liis
1428 2131 1540 2169 esset,
1572 2125 1610 2161 id
1640 2130 1696 2162 est
1726 2125 1822 2171 quod
1842 2125 1880 2160 in
1903 2126 1998 2161 vasis
2021 2136 2095 2161 non
2118 2130 2230 2168 esset,
2260 2136 2333 2161 non
2356 2135 2434 2161 esse

1345 2173 1512 2217 legatum.
1549 2170 1638 2207 illud
1662 2181 1782 2206 verum
1803 2180 1882 2206 esse
1899 2175 1999 2216 puto,
2025 2170 2084 2206 cui
2100 2170 2222 2206 vinum
2241 2181 2321 2206 cum
2340 2170 2434 2206 vasis

1346 2217 1503 2262 legatum
1519 2216 1597 2258 erit,
1618 2216 1651 2252 ei
1663 2216 1854 2261 amphoras
1870 2215 1990 2258 cados,
2010 2216 2047 2251 in
2063 2216 2192 2261 quibus
2208 2216 2289 2251 vina
2304 2215 2435 2251 diffusa

1347 2273 1546 2305 servamus,
1575 2261 1711 2306 legatos
1736 2271 1832 2296 esse:
1865 2260 1984 2296 vinum
2008 2261 2101 2296 enim
2123 2261 2160 2296 in
2183 2261 2375 2314 amphoras
2398 2264 2435 2296 et

1348 2307 1456 2343 cados
1486 2308 1555 2342 hac
1584 2310 1702 2342 mente
1734 2305 1982 2347 diffundimus,
2012 2310 2053 2341 ut
2082 2306 2117 2341 in
2146 2306 2202 2341 his
2224 2310 2287 2348 sit,
2320 2305 2433 2341 donec

1347 2363 1434 2388 usus
1464 2361 1574 2388 causa
1597 2351 1769 2397 probetur
1777 2351 1802 2394 ⁹,
1835 2355 1870 2386 et
1903 2350 2041 2387 scilicet
2070 2351 2107 2385 id
2137 2350 2319 2386 vendimus
2353 2361 2434 2386 cum

1347 2398 1403 2433 his
1435 2396 1615 2442 amphoris
1648 2400 1684 2432 et
1714 2395 1832 2431 cadis:
1869 2396 1907 2430 in
1938 2395 2033 2431 dolia
2063 2399 2182 2431 autem
2217 2396 2288 2431 alia
2315 2399 2433 2431 mente

1349 2442 1537 2485 coicimus,
1567 2441 1705 2478 scilicet
1734 2445 1775 2476 ut
1805 2451 1850 2476 ex
1877 2440 1932 2476 his
1954 2445 2081 2486 postea
2104 2440 2160 2476 vel
2181 2441 2219 2476 in
2243 2441 2433 2486 amphoras

1349 2491 1385 2524 et
1408 2487 1518 2523 cados
1542 2486 1781 2522 diffundamus
1796 2487 1823 2508 ¹⁰
1846 2485 1902 2521 vel
1925 2486 2002 2522 sine
2023 2486 2111 2531 ipsis
2135 2485 2237 2522 doliis
2262 2490 2399 2521 veneat.

1397 2529 1447 2570 16
1471 2531 1613 2568 103111*
1644 2531 1735 2567 libro
1760 2531 1865 2566 tertio
1894 2541 1944 2567 ex
1963 2531 2231 2577 posterioribus
2255 2530 2434 2567 Labeonis

1348 2577 1417 2622 Qui
1445 2578 1567 2613 vinum
1590 2576 1837 2612 Surrentinum
1865 2576 1903 2611 in
1933 2576 2116 2617 urnalibus
2145 2576 2302 2611 habebat
2328 2574 2431 2611 diffu-

1347 2633 1439 2664 sum,
1462 2623 1492 2658 is
1516 2622 1582 2658 tibi
1603 2622 1723 2657 vinum
1745 2621 1924 2665 legaverat
1943 2621 1980 2656 in
1997 2621 2176 2666 amphoris
2197 2631 2311 2656 omne.
2346 2620 2433 2656 illud

1348 2677 1489 2713 quoque
1519 2667 1655 2709 vinum,
1717 2666 1789 2701 uod
1819 2666 1856 2701 in
1886 2666 2069 2701 urnalibus
2099 2666 2242 2708 fuisset,
2278 2665 2311 2701 le
2357 2670 2433 2700 tum

1354 2717 1365 2748 l
1415 2723 1494 2749 esse
1509 2712 1632 2747 Labeo
1654 2715 1690 2746 et
1737 2711 1896 2747 rebatius
1918 2711 2189 2756 responderunt.
2227 2710 2293 2747 Cui
2340 2710 2433 2746 ulcia

1346 2758 1466 2803 legata
1495 2762 1631 2799 essent,
1664 2756 1694 2792 si
1724 2756 1812 2791 nihil
1841 2755 1940 2791 aliud
1967 2760 2180 2792 testamento
2203 2755 2432 2801 significetur,

1347 2803 1467 2839 omnia
1488 2803 1578 2838 haec
1603 2812 1681 2838 esse
1702 2801 1839 2846 legata:
1867 2801 2021 2837 mulsum
2043 2811 2189 2847 passum
2213 2800 2392 2836 defrutum
2405 2801 2431 2822 ²²

1346 2852 1384 2884 et
1406 2847 1537 2885 similes
1560 2847 1743 2900 potiones,
1775 2846 1860 2882 item
1889 2856 1975 2882 uvas
2004 2845 2094 2883 ficos
2121 2846 2258 2892 palmas
2283 2845 2430 2881 caricas.

1349 2898 1366 2928 2
1415 2892 1519 2938 Quod
1549 2902 1580 2928 s1
1608 2892 1661 2927 ita
1688 2895 1783 2927 esset
1810 2891 1983 2936 legatum:
2013 2892 2145 2927 ‘vinum
2168 2890 2431 2936 amphorarium

1348 2939 1570 2974 ‘Aminaeum
1601 2936 1780 2972 Graecum
1816 2941 1852 2972 et
1883 2935 2001 2971 dulcia
2032 2936 2174 2978 omnia',
2214 2935 2301 2970 nihil
2339 2935 2432 2970 inter

1348 2984 1477 3025 dulcia,
1495 2982 1564 3019 nisi
1581 2981 1676 3027 quod
1687 2981 1848 3035 potionis
1862 2980 1999 3024 fuisset,
2019 2981 2052 3016 le
2098 2985 2174 3015 tum
2190 2985 2294 3033 putat
2307 2980 2430 3015 Labeo

1347 3039 1392 3064 ex
1416 3027 1604 3064 collatione
1625 3027 1698 3062 vim
1722 3026 1957 3072 amphorarii:
1983 3037 2051 3071 quo
2101 3036 2171 3061 non
2195 3024 2370 3070 improbo.

1828 3161 1954 3202 V11¹³.

1381 3231 1442 3264 DE
1467 3228 1718 3262 INSTRUCTO
1742 3229 1833 3261 VEL
1858 3227 2182 3261 INSTRUMENTO
2207 3227 2401 3263 LEGATO.

1395 3296 1414 3333 1
1451 3295 1608 3331 Psvws
1636 3295 1726 3331 libro
1758 3297 1889 3341 quarto
1925 3293 1976 3329 ad
2004 3293 2179 3332 Sabinum
2233 3294 2314 3331 Sive
2350 3306 2431 3331 cum

1345 3342 1581 3378 instrumento
1611 3340 1746 3375 fundus
1775 3340 1913 3385 legatus
1941 3343 1997 3374 est
2020 3338 2094 3376 sive
2116 3339 2327 3384 instructus,
2359 3340 2431 3376 duo

1351 3391 1362 3422 l
1411 3386 1531 3431 legata
1552 3385 1817 3430 intelleguntur.
1864 3383 1991 3421 Fundo
2020 3395 2100 3421 cum
2123 3386 2358 3421 instrumento
2381 3385 2429 3420 le-

1345 3434 1428 3477 gato
1461 3434 1498 3466 et
1527 3430 1680 3466 alienato
1712 3430 1986 3465 instrumentum
2017 3441 2088 3466 non
2120 3429 2356 3465 vindicabitur
2388 3441 2430 3465 ex

1347 3475 1520 3513 sententia
1544 3474 1711 3511 defuncti.

1392 3518 1418 3559 2
1451 3520 1696 3557 Psmmms
1728 3519 1819 3556 libro
1850 3522 2001 3567 septimo
2035 3529 2290 3567 responsorum
2342 3519 2429 3555 Cum

1348 3644 1420 3666 mus
1435 3634 1470 3666 F
1576 3634 1633 3675 (ιι)
1657 3631 1832 3665 Iavolenus
1847 3632 1999 3668 Laertem
2121 3635 2177 3674 (η)
2202 3633 2390 3666 defructum
2403 3633 2437 3666 F

1393 3683 1450 3718 (ιε)
1477 3679 1558 3712 Sub.
1570 3686 1592 3713 ι.
1606 3686 1631 3712 4.
1648 3685 1744 3712 s...1o.
1760 3684 1801 3711 η.
1815 3683 1859 3711 1³.
1873 3685 1983 3713 ωηατ.
1997 3685 2044 3712 2⁶.
2057 3685 2093 3712 2⁶
2104 3689 2113 3716 ;
2126 3678 2211 3721 Pap.
2226 3684 2252 3711 2.
2266 3685 2293 3713 s.
2306 3684 2428 3712 tamuz

1347 3723 1435 3768 App.
1448 3731 1527 3757 5...·1.
1543 3730 1670 3761 27...2⁹;
1699 3723 1762 3756 Ed.
1777 3730 1814 3756 ιι.
1828 3729 1873 3757 u.
1888 3731 1989 3758 18.-
2005 3723 2085 3756 Bas.
2101 3724 2155 3764 44,
2171 3730 2203 3757 ιο
