2528 3918
145 111 411 155 XXXXII1

192 236 217 273 5
249 235 462 272 Usamus·
486 233 579 269 libro
603 234 927 280 quinquaqensimo
951 242 1046 267 nono
1071 232 1120 268 ad
1138 232 1232 268 edic-

147 285 221 316 tum
272 280 336 316 Ait
363 282 527 326 praetor:
565 278 680 314 ‘cuius
711 277 755 314 de
784 288 828 314 ea
858 288 899 313 re
927 277 1125 313 iurisdictio
1154 277 1231 313 est’.

146 326 271 361 melius
295 324 517 371 scripsisset:
544 323 659 359 ‘cuius
681 322 727 359 de
750 333 793 359 ea
815 333 855 358 re
877 323 976 358 notio
995 323 1079 358 est’:
1103 322 1234 357 etenim

147 371 301 407 notionis
331 380 462 406 nomen
489 368 597 404 etiam
624 368 673 404 ad
702 378 764 404 eos
795 368 1006 414 pertineret,
1036 366 1099 412 qui
1127 366 1233 402 iuris-

147 417 338 452 dictionem
374 425 447 451 non
479 413 630 456 habent,
667 413 732 449 sed
766 413 902 448 habent
932 412 977 447 de
1007 411 1131 457 quavis
1163 411 1234 447 alia

153 466 162 495 1
215 470 327 496 causa
345 459 539 495 notionem.
576 458 615 494 Si
637 458 745 494 iudex
767 458 921 503 aliquem
940 456 992 492 sic
1012 456 1232 499 condemnet,

94 548 99 550 g
148 510 206 549 ut,
236 505 333 551 quod
362 505 475 540 habet
502 513 548 539 ex
574 507 787 540 testamento
816 503 871 538 vel
896 501 1068 537 codicillis
1092 502 1233 544 Maevii,

147 551 353 587 restitueret
375 550 488 592 Titio,
518 549 571 585 sic
595 548 842 594 accipiendum
865 553 936 589 est,
967 547 1070 592 quasi
1115 547 1233 582 uanti·

146 600 257 631 tatem
285 594 496 637 nominavit,
528 604 621 640 quae
649 596 862 629 testamento
890 592 947 627 vel
976 592 1090 628 codic‘
1118 593 1149 628 is
1177 602 1232 627 re-

147 642 234 676 licta
264 645 330 676 est.
384 639 449 676 sed
478 643 516 675 et
545 639 578 676 si
604 638 915 675 fideicommissum
946 638 1022 673 sine
1055 638 1232 682 scriptura

149 685 419 732 pronuntiatum
428 686 454 728 ²,
478 685 571 720 idem
595 684 662 719 erit
686 682 921 728 probandum.

194 731 218 767 ὅ
230 732 244 752 ³
267 729 373 766 IDEM
393 730 484 766 libro
503 731 758 782 sexaqensimo
777 731 883 763 sexto
906 727 956 762 ad
974 726 1128 762 edictum
1164 726 1232 761 Mi—

147 776 209 817 les,
234 775 296 820 qui
318 775 388 811 sub
405 779 545 810 armata
562 774 690 810 militia
708 772 887 819 stipendia
903 771 1042 814 meruit,
1067 771 1232 807 condem-

147 825 254 856 natus
285 824 451 863 eatenus,
482 821 576 864 qua⁴
605 819 725 854 facere
753 822 890 863 potest,
922 816 1062 862 cogitur
1085 816 1232 852 solvere.

152 871 163 901 1
215 866 349 901 Decem
372 869 436 900 aut
458 875 574 900 noxae
598 864 726 900 dedere
745 863 1003 899 condemnatus
1026 862 1176 897 iudicati
1198 861 1234 896 in

147 911 268 946 decem
291 915 451 946 tenetur:
484 909 692 945 facultatem
723 908 815 944 enim
844 917 961 943 noxae
984 906 1167 942 dedendae
1191 917 1235 942 ex

148 957 224 1001 lege
255 956 397 1000 accipit.
451 959 490 990 at
518 955 568 997 is,
609 954 670 1000 qui
708 953 901 999 stipulatus
933 956 989 988 est
1017 952 1140 987 decem
1172 955 1237 986 aut

148 1011 264 1037 noxae
287 1000 432 1043 dedere,
456 1011 529 1036 non
552 1003 674 1046 potest
697 998 818 1034 decem
841 1002 981 1044 petere,
1005 997 1088 1042 quia
1111 998 1148 1032 in
1171 996 1234 1032 sti-

147 1046 329 1091 pulatione
361 1046 501 1090 singula
531 1055 598 1098 per
628 1054 666 1080 se
698 1044 844 1079 veniunt
875 1054 935 1085 ea,
973 1053 1066 1095 quae
1096 1042 1238 1087 singula

147 1091 338 1137 separatim
380 1091 547 1136 stipulari
584 1099 795 1135 possumus:
837 1092 876 1123 at
915 1087 1084 1123 iudicium
1124 1087 1235 1123 solius

147 1146 263 1172 noxae
292 1136 481 1171 deditionis
511 1135 649 1170 nullum
678 1138 750 1178 est,
783 1133 846 1169 sed
902 1133 1119 1169 ecuniariam
1150 1143 1235 1168 con-

148 1181 409 1217 demnationem
441 1181 612 1225 sequitur.
661 1183 697 1215 et
727 1179 808 1215 ideo
837 1145 987 1214 inflicati
1016 1178 1137 1213 decem
1161 1178 1235 1222 agi-

147 1231 223 1269 tur,
254 1227 310 1262 his
340 1227 434 1260 enim
464 1225 550 1261 solis
581 1224 858 1261 condemnatur:
891 1233 1007 1258 noxae
1036 1223 1168 1258 deditio
1200 1223 1237 1258 in

149 1276 167 1306 2
214 1271 391 1307 solutione
415 1274 480 1311 est,
511 1280 602 1315 quae
625 1280 646 1305 e
667 1270 745 1314 lege
768 1269 949 1304 tribuitur.
998 1267 1068 1312 Qui
1089 1268 1238 1303 iudicati

149 1317 245 1353 bona
274 1316 488 1351 auctoritate
520 1326 588 1351 sua
619 1315 802 1357 distraxit,
841 1314 929 1349 furti
963 1314 1105 1349 actione
1137 1317 1174 1348 et
1204 1313 1237 1347 vi

148 1365 168 1397 3
215 1362 391 1397 bonorum
414 1365 600 1414 raptorum
625 1361 658 1396 ei
680 1364 833 1396 tenetur.
869 1358 1024 1394 Iudicati
1041 1359 1135 1394 actio
1156 1369 1236 1403 per-

147 1410 259 1452 petua
283 1411 337 1442 est
360 1410 396 1441 et
419 1416 471 1441 rei
494 1405 779 1451 persecutionem
805 1405 982 1440 continet:
1007 1405 1092 1439 item
1116 1403 1238 1439 heredi

149 1456 185 1487 et
208 1452 245 1486 in
268 1452 436 1487 heredem
460 1451 642 1496 competit.

194 1495 217 1533 7
252 1497 376 1532 GAIUS
403 1497 496 1532 libro
701 1496 751 1531 ad
781 1495 934 1531 edictum
961 1494 1149 1541 praetoris
1179 1505 1234 1528 ur-

148 1542 235 1578 bani
264 1541 367 1577 titulo
399 1541 445 1577 de
475 1552 516 1576 re
547 1541 709 1576 iudicata
763 1540 865 1575 Intra
899 1540 974 1575 dies
1010 1539 1236 1581 constitutos,

147 1586 656 1677 iffliffavtiiniuiffirigssss‘iss
706 1584 1104 1666 zfflffzffixstlzlffiss
1123 1584 1239 1674 ”⁰333ss

149 1677 426 1713 constitutorum
469 1677 606 1711 dierum
646 1676 803 1722 spatium
842 1686 908 1728 pro
943 1656 1123 1717 iudicato:
1167 1685 1238 1709 non

150 1726 277 1758 contra
299 1722 497 1757 iudicatum
520 1732 586 1767 per
608 1722 720 1766 legem
744 1724 978 1756 constitutum
1002 1724 1066 1755 est.

195 1764 220 1805 8
246 1767 302 1802 ΡΑ
310 1777 353 1802 Ul,
361 1777 404 1803 vs
424 1767 517 1803 libro
542 1768 667 1812 quinto
692 1766 742 1802 ad
765 1766 950 1802 Plautium
1002 1765 1041 1800 Si
1064 1765 1170 1800 homo
1196 1775 1238 1800 ex

149 1812 323 1858 stipulatu
356 1813 490 1858 petitus
526 1815 609 1857 post
637 1812 735 1847 litem
767 1814 1003 1847 contestatam
1035 1810 1238 1852 decesserit,

149 1858 410 1893 absolutionem
441 1868 514 1892 non
548 1857 750 1892 faciendam
783 1860 820 1892 et
851 1856 1035 1891 fructuum
1065 1855 1238 1891 rationem

149 1902 352 1939 habendam
375 1903 503 1948 placet.

196 1946 222 1986 9
252 1946 483 1984 POMPONIUS
518 1948 610 1983 libro
641 1947 768 1993 quinto
805 1957 855 1982 ex
884 1946 1032 1982 Plautio
1086 1945 1239 1981 Furioso

149 1993 327 2029 sententia
349 2003 372 2028 a
393 1993 512 2028 iudice
534 1992 590 2028 vel
613 1993 659 2028 ab
683 1992 820 2027 arbitro
844 1991 914 2027 dici
937 2002 1011 2027 non
1033 1994 1164 2036 potest.

198 2038 249 2077 10
281 2037 522 2074 MARCELLUS
558 2038 649 2073 libro
688 2037 846 2073 secundo
882 2037 1103 2083 diqestorum
1161 2036 1239 2081 Qui,

151 2095 232 2119 cum
263 2094 302 2119 se
332 2093 399 2128 pro
428 2086 532 2128 patre
562 2082 717 2118 familias
746 2082 915 2128 fingeret,
947 2086 1108 2117 mutuam
1129 2091 1239 2126 pecu-

150 2130 247 2165 niam
270 2129 411 2174 accepit
434 2132 470 2163 et
494 2128 643 2163 exheres
667 2138 690 2162 a
711 2131 815 2172 patre
838 2127 893 2163 vel
916 2127 1162 2172 emancipatus
1182 2127 1240 2167 sit,

151 2174 311 2220 quamvis
334 2173 455 2209 facere
477 2184 551 2209 non
574 2173 699 2218 possit,
723 2172 831 2208 debet
854 2172 1094 2208 condemnari.

200 2219 246 2256 11
278 2218 424 2255 Casus
450 2219 542 2254 libro
574 2219 700 2265 quinto
732 2218 954 2264 diqestorum
1008 2217 1045 2252 Si
1077 2217 1240 2252 kalendis

151 2265 228 2300 fieri
260 2264 395 2308 aliquid
426 2264 618 2309 stipulatus
649 2273 745 2304 sum,
783 2273 912 2308 nempe
946 2262 1240 2307 quandocumque

150 2314 234 2356 post
256 2309 432 2345 kalendas
451 2313 600 2354 accepto
619 2308 751 2344 iudicio
771 2308 865 2343 tanti
882 2311 1003 2342 tamen
1020 2307 1240 2343 aestimanda

151 2356 194 2390 lis
219 2358 289 2397 est,
320 2354 446 2400 quanti
468 2353 632 2389 interfuit
654 2363 734 2388 mea
755 2352 919 2388 kalendis
942 2352 980 2387 id
1002 2353 1098 2388 fieri:
1130 2363 1176 2388 ex
1199 2363 1240 2388 eo

153 2401 246 2480 enim
279 2404 439 2466 tempoige
470 2399 627 2445 quidque
658 2398 885 2441 aestimatur,
925 2398 1021 2443 quod
1053 2397 1240 2434 novissime

153 2457 192 2481 so
209 2445 243 2480 vi
293 2445 399 2480 oterit
425 2471 433 2479 .

202 2488 252 2527 12
265 2456 517 2526 &nascentis
545 2489 637 2525 libro
694 2492 801 2524 uarro
833 2488 1054 2535 diqestorum
1109 2488 1150 2522 In
1180 2487 1240 2522 de-

154 2535 262 2581 positi
289 2536 344 2570 vel
377 2534 592 2570 commodati
621 2534 659 2570 iu
688 2534 774 2576 'cio,
812 2543 1028 2579 quamquam
1063 2533 1145 2568 dolo
1178 2532 1241 2567 ad-

154 2581 300 2616 versarii
322 2590 381 2616 res
405 2580 517 2622 absit,
550 2579 787 2615 condemnato
813 2579 975 2614 succurri
997 2578 1105 2622 solet,
1138 2582 1180 2612 ut
1209 2578 1242 2613 ei

153 2626 355 2661 actionibus
378 2626 453 2661 suis
477 2625 642 2660 dominus
666 2624 782 2660 cedat.

203 2668 252 2708 13
282 2672 427 2706 Casas
447 2670 538 2706 libro
561 2674 667 2705 sexto
687 2670 907 2715 diqestorum
953 2668 992 2704 Si
1010 2668 1089 2714 quis
1107 2668 1153 2703 ab
1171 2667 1241 2703 alio

156 2716 287 2758 decem,
313 2716 359 2750 ab
383 2715 454 2750 alio
480 2714 646 2751 satisdari
669 2714 862 2760 stipulatus
886 2717 951 2757 est,
984 2713 1242 2748 aestimandum

154 2761 241 2802 erit,
281 2764 453 2806 quantum
487 2760 710 2813 stipulatoris
741 2759 882 2795 intersit
913 2758 1099 2800 satisdari‚
1138 2758 1242 2803 idque

154 2811 219 2841 aut
250 2805 459 2840 tantundem
491 2810 560 2841 erit
591 2808 655 2839 aut
685 2804 801 2840 minus
833 2808 895 2839 aut
924 2804 1103 2840 interdum
1135 2803 1242 2838 etiam

155 2850 261 2886 nihil:
294 2860 410 2895 neque
439 2850 534 2886 enim
564 2851 646 2886 vani
674 2850 811 2886 timoris
842 2850 916 2884 ulla
946 2848 1146 2884 aestimatio
1176 2852 1240 2883 est.

155 2906 277 2931 verum
300 2899 398 2931 sorte
421 2895 541 2930 soluta
563 2895 700 2930 nullum
722 2895 795 2930 iam
812 2894 966 2939 pretium
987 2894 1243 2929 aestimationis

155 2945 221 2984 est,
246 2944 310 2976 aut
332 2944 507 2986 quantum
531 2951 575 2975 ex
598 2943 695 2976 sorte
714 2939 824 2975 fuerit
843 2940 1010 2981 solutum,
1035 2938 1244 2974 tantundem

160 2990 173 3021 1
224 2996 269 3022 ex
291 2985 540 3021 aestimatione
563 2985 721 3021 decedet.
770 2985 808 3020 Si
832 2985 912 3030 quis
935 2984 1138 3029 promiserit
1159 2994 1243 3029 pro-

156 3031 279 3067 hibere
301 3041 361 3074 se,
385 3034 427 3065 ut
449 3030 583 3075 aliquid
606 3030 772 3066 damnum
796 3030 987 3075 stipulator
1011 3029 1184 3074 patiatur,
1209 3033 1245 3064 et

156 3076 268 3112 faciat
297 3086 344 3111 ne
375 3075 496 3121 quod⁶
528 3085 574 3110 ex
606 3085 649 3110 ea
678 3085 719 3111 re
750 3076 940 3110 damnum⁷
975 3075 1027 3109 ita
1057 3074 1243 3116 habeatur,

158 3122 246 3157 facit
268 3120 365 3166 quod
381 3120 568 3173 promisit:
600 3121 629 3155 si
659 3121 795 3162 minus,
828 3120 914 3165 quia
941 3130 1014 3155 non
1038 3119 1126 3154 facit
1148 3118 1245 3164 quod

157 3166 319 3212 promisit
331 3167 356 3209 ⁸,
379 3175 417 3201 m
439 3165 628 3211 pecuniam
653 3169 874 3201 numeratam
897 3164 1166 3206 condemnatur,
1195 3164 1243 3200 si-

158 3215 221 3247 cut
243 3211 361 3247 evenit
382 3212 421 3246 in
443 3210 607 3246 omnibus
630 3210 785 3246 faciendi
807 3210 1095 3255 obligationibus.

208 3255 259 3293 14
283 3256 390 3292 Imm
410 3255 501 3291 libro
521 3255 712 3291 vicensimo
731 3256 856 3300 quinto
874 3256 1095 3301 diqestorum
1142 3254 1243 3298 Quod

157 3301 286 3337 iussit⁹
315 3300 469 3336 vetuitve
516 3303 652 3343 raet-or,
683 3300 864 3336 contrario
888 3300 1035 3345 imperio
1059 3299 1185 3335 tollere
1208 3303 1246 3335 et

158 3346 338 3382 remittere
361 3346 462 3382 licet:
511 3356 532 3381 e
555 3345 739 3381 sententiis
755 3348 781 3366 ¹⁰
805 3349 941 3381 contra.

208 3390 258 3428 15
289 3391 485 3427 ULPJANUS
512 3390 604 3426 libro
635 3390 740 3426 tertio
771 3389 815 3424 de
845 3390 972 3435 officio
1000 3389 1158 3425 consulis
1210 3389 1244 3424 A

160 3436 240 3472 divo
258 3435 323 3471 Pio
347 3436 561 3481 rescriptum
579 3439 636 3471 est
652 3434 918 3480 magistratibus
936 3434 1061 3480 populi
1079 3434 1243 3477 Romani,

161 3484 202 3516 ut
222 3480 379 3516 iudicum
402 3491 425 3515 a
448 3491 488 3516 se
511 3480 675 3516 datorum
699 3479 755 3515 vel
784 3479 1002 3514 arbitrorum
1032 3480 1243 3514 sententiam

162 3595 201 3635 (1)
225 3593 312 3627 idem
326 3594 379 3627 F²
482 3594 527 3634 (2)
551 3592 751 3636 pronuntiat
766 3591 881 3625 datum
899 3604 961 3624 scr.

161 3639 182 3672 1.
197 3646 230 3672 18
243 3639 273 3671 Ιι.
287 3646 308 3672 t.
388 3639 433 3679 (⁴)
458 3641 622 3680 quatenus
634 3638 654 3671 ἱ.
666 3650 748 3682 qm.
825 3639 869 3678 (5)
892 3646 960 3679 quo
972 3637 1146 3669 novissimo
1158 3635 1242 3669 solvi

161 3683 272 3725 potuit
283 3684 356 3717 edd.
474 3685 518 3725 (6)
541 3692 651 3725 neque
663 3683 711 3716 Γ·
827 3684 872 3723 (7)
895 3681 1077 3723 stipulatur
1094 3682 1242 3724 patietur

162 3732 197 3762 et
208 3728 308 3762 faciat
319 3728 342 3761 h
353 3729 414 3762 ina.
428 3727 462 3760 F
464 3731 493 3769 ⁶,
507 3728 591 3761 delet
602 3735 733 3772 excepto
742 3729 848 3772 primo
861 3727 1017 3760 vocabulo
1031 3727 1064 3759 F
1067 3725 1082 3747 ⁶
1144 3728 1189 3768 (8)
1213 3726 1242 3759 si

1067 3596 1109 3632 (3)
1130 3604 1183 3635 pr.
1196 3608 1241 3621 ==

1226 106 1312 154 666
1543 118 1591 141 *x

1474 0 1545 111 L,

1991 123 2053 154 DE
2080 122 2138 154 RE
2166 121 2378 154 mch'ra

1303 231 1319 268 ‘1
1369 236 1610 278 exsequantur
1633 234 1668 268 hi
1690 234 1749 278 qui
1770 244 1831 269 eos
1851 232 2037 269 dederunt.
2073 233 2289 269 Sententiam
2309 233 2382 269 Ro-

1302 288 1380 314 mae
1405 278 1537 314 dictam
1559 279 1665 313 etiam
1690 279 1727 314 in
1775 278 1941 314 rovinciis
1964 288 2071 323 posse
2085 280 2111 300 ¹¹
2135 278 2328 323 praesides,
2353 279 2382 314 si

1301 323 1371 358 hoc
1394 323 1482 358 iussi
1504 323 1649 366 fuerint,
1674 323 1721 359 ad
1795 334 1850 359 em
1870 323 2036 375 persequi
2051 323 2246 369 imperator
2263 326 2384 359 noster

1301 371 1322 403 2
1370 378 1452 403 cum
1475 372 1578 413 patre
1600 369 1793 414 rescripsit.
1829 369 1873 403 In
1890 368 2092 404 vend1tione
2114 368 2235 414 itaque
2258 368 2383 413 pigno-

1301 423 1381 448 rum
1398 417 1583 458 eaptorum
1599 412 1765 449 iacienda
1779 414 1894 459 primo
1912 413 2051 458 quidem
2070 423 2126 449 res
2143 412 2292 448 mobiles
2309 417 2346 448 et
2357 414 2385 434 ¹²

1302 457 1473 509 animales
1496 457 1635 510 pignori
1658 459 1739 511 capi
1762 458 1903 500 iubent,
1927 469 2011 494 mox
2035 458 2201 494 distrahi:
2258 468 2383 493 uarum

1302 506 1455 548 pretium
1485 513 1518 538 si
1548 502 1746 546 suffocent,
1783 504 1875 540 bene
1910 508 1974 539 est.
2029 503 2059 538 si
2090 513 2163 538 non
2193 513 2236 538 su
2263 503 2384 544 ecel-it,

1303 547 1409 582 etiam
1439 547 1505 583 soli
1535 547 1685 592 pignora
1713 548 1794 593 capi
1821 548 1947 584 iubent
1969 552 2005 583 et
2029 548 2189 583 distrahi.
2238 548 2331 592 quod
2356 549 2383 582 si

1303 592 1403 627 nulla
1419 592 1598 627 moventia
1614 592 1698 635 sint,
1721 603 1744 628 a
1762 593 1969 639 pignoribus
1989 593 2055 629 soli
2072 593 2210 627 initium
2227 593 2384 628 faciunt:

1304 637 1357 673 sic
1388 637 1541 682 denique
1570 637 1762 683 interloqui
1789 639 1921 682 solent,
1954 638 1985 673 si
2008 638 2186 674 moventia
2209 648 2280 672 non
2304 638 2385 679 sint,

1303 685 1345 717 ut
1366 682 1434 718 soli
1457 693 1527 734 quo
1553 692 1599 717 ue
1623 683 1828 728 capiantur:
1854 694 1937 718 nam
1960 693 1983 718 a
2005 683 2215 729 pignoribus
2236 683 2302 718 soli
2319 683 2384 716 ini-

1302 728 1391 762 tium
1414 726 1532 762 facien
1558 738 1619 762 um
1641 738 1713 763 non
1737 732 1803 764 est.
1865 728 1938 763 uod
1961 729 1992 763 si
2013 738 2080 764 nec
2104 738 2196 773 quae
2219 728 2284 763 soli
2305 732 2387 762 sunt

1305 772 1488 807 sufficiant
1509 772 1566 808 vel
1587 772 1687 807 nulla
1709 773 1781 808 sint
1803 784 1842 808 so
1893 774 2061 818 pignora,
2094 778 2181 808 tunc
2205 773 2387 818 pervenie-

1304 822 1364 852 tur
1387 817 1495 853 etiam
1518 817 1565 852 ad
1587 817 1678 852 iura.
1726 822 1971 862 exsequuntur
1998 819 2118 862 itaque
2146 828 2220 853 rem
2252 818 2386 852 iudica·

1305 866 1325 897 3
1372 867 1447 897 tam
1469 861 1652 907 praesides
1675 863 1745 899 isto
1769 863 1886 898 modo.
1923 862 1963 898 Si
1980 863 2142 908 pignora,
2166 873 2257 908 quae
2282 867 2388 908 capta

1305 911 1407 949 sunt,
1448 911 1642 953 emptorem
1674 918 1746 943 non
1776 907 1976 950 inveniant,
2013 908 2227 954 rescriptum
2258 911 2313 943 est
2342 908 2387 942 ab

1304 953 1518 1005 imperatore
1541 956 1664 988 nostro
1688 957 1726 988 et
1749 953 1830 989 divo
1854 956 1957 998 patre
1981 953 2076 995 eius,
2108 957 2150 988 ut
2179 952 2389 988 addicantur

1304 1008 1392 1042 ipsi,
1425 998 1484 1032 cui
1515 998 1593 1042 quis
1625 997 1881 1034 condemnatus
1912 1001 1985 1042 est,
2023 997 2237 1033 addicantur
2271 1002 2389 1032 autem

1305 1043 1430 1087 utique
1453 1052 1496 1078 ea
1519 1044 1720 1096 quantitate
1743 1054 1836 1088 quae
1860 1043 2019 1079 debetur.
2067 1053 2151 1078 nam
2180 1043 2211 1078 si
2235 1043 2390 1078 creditor

1305 1088 1470 1123 maluerit
1498 1098 1650 1134 pignora
1679 1089 1717 1123 in
1746 1088 1919 1124 creditum
1955 1088 2138 1134 possidere
2174 1088 2275 1133 isque
2311 1097 2390 1122 esse

1306 1137 1513 1176 contentus,
1546 1133 1760 1179 rescriptum
1789 1137 1844 1169 est
1865 1144 1938 1168 non
1960 1143 2070 1179 posse
2092 1143 2173 1169 eum
2196 1132 2291 1178 quod
2315 1143 2388 1167 am-

1304 1179 1398 1223 plius
1420 1178 1488 1214 sibi
1508 1178 1657 1214 debetur
1673 1183 1807 1223 petere,
1832 1179 1916 1223 quia
1934 1178 2032 1214 velut
2050 1183 2157 1231 pacto
2175 1178 2390 1222 transegisse

1306 1224 1350 1259 de
1373 1223 1507 1259 credito
1532 1223 1686 1266 videtur,
1712 1224 1774 1269 qui
1798 1228 1987 1259 contentus
2011 1223 2081 1259 fmt
2102 1224 2253 1269 pignora
2275 1223 2389 1267 possi—

1305 1268 1407 1311 dere,
1440 1278 1507 1304 nec
1531 1279 1638 1313 posse
1661 1279 1743 1304 eum
1764 1269 1803 1304 in
1826 1269 2061 1314 quantitatem
2085 1274 2219 1304 certam
2240 1269 2391 1313 pignora

1306 1322 1326 1348 4
1373 1318 1494 1349 tenere
1531 1319 1568 1349 et
1605 1313 1825 1359 superfluum
1859 1318 1992 1360 petere.
2047 1313 2085 1350 Si
2120 1324 2257 1356 rerum,
2300 1323 2391 1358 quae

1305 1359 1464 1405 pignoris
1487 1359 1563 1394 iure
1589 1363 1715 1405 captae
1739 1363 1840 1402 sunt,
1874 1359 2116 1394 controversia
2144 1359 2226 1401 fiat,
2258 1359 2390 1393 consti-

1305 1409 1422 1439 tutum
1446 1408 1503 1440 est
1525 1405 1571 1439 ab
1595 1404 1810 1449 imperatore
1833 1409 1956 1440 nostro
1981 1405 2095 1484 igsos,
2121 1405 2180 1449 qui
2203 1413 2278 1439 rem
2299 1403 2390 1438 iudi-

1307 1453 1423 1484 catam
1454 1455 1716 1494 exsequuntur,
1748 1460 1962 1495 cognoscere
2019 1450 2124 1485 ebere
2155 1449 2200 1484 de
2231 1449 2390 1494 proprie-

1307 1498 1399 1529 tate:
1431 1498 1467 1529 et
1495 1494 1527 1530 si
1558 1495 1787 1539 cognoverint
1817 1495 1894 1530 eius
1917 1494 2029 1530 fuisse
2053 1494 2114 1539 qui
2137 1494 2391 1530 condemnatus

1305 1543 1379 1582 est,
1409 1550 1486 1574 rem
1515 1539 1709 1574 iudicatam
1740 1544 1990 1585 exsequentur.
2039 1539 2104 1575 sed
2133 1539 2315 1575 sciendum
2340 1543 2392 1573 est

1307 1584 1510 1620 summatim
1545 1594 1607 1620 eos
1645 1595 1860 1629 cognoscere
1902 1584 2030 1620 debere
2072 1595 2139 1620 nec
2180 1584 2390 1619 sententiam

1307 1640 1428 1665 eorum
1450 1639 1558 1674 posse
1581 1629 1734 1665 debitori
1757 1629 2020 1675 praeiudicare,
2045 1630 2074 1664 si
2097 1629 2191 1665 forte
2214 1629 2252 1663 hi
2275 1629 2390 1664 dimit-

1307 1675 1454 1727 tendam
1465 1685 1544 1710 eam
1559 1685 1635 1726 rem
1649 1675 1854 1720 putaverint
1865 1676 1903 1717 ¹³,
1929 1675 2031 1727 quasi
2055 1675 2131 1709 eius
2147 1674 2204 1718 sit,
2229 1674 2290 1719 qui
2306 1684 2390 1709 con-

1309 1725 1515 1755 troversiam
1538 1723 1657 1763 mov1t,
1683 1731 1755 1755 non
1778 1720 1865 1761 eius,
1898 1730 1999 1756 culus
2023 1720 2165 1755 nomine
2189 1723 2296 1764 capta
2319 1722 2390 1754 est:

1306 1775 1374 1800 nec
1403 1775 1504 1807 eum,
1535 1765 1594 1800 cui
1623 1766 1791 1800 restituta
1822 1768 1893 1807 est,
1926 1765 2045 1800 statim
2069 1765 2202 1800 habere
2223 1774 2289 1809 per
2312 1774 2391 1799 sen-

1307 1810 1455 1846 tentiam
1486 1809 1633 1852 debere,
1665 1810 1696 1845 si
1726 1809 1820 1845 forte
1848 1810 1926 1845 iure
1955 1810 2134 1846 ordinario
2165 1810 2322 1854 coeperit
2345 1810 2391 1844 ab

1308 1866 1350 1891 eo
1373 1866 1431 1891 res
1455 1856 1539 1900 peti.
1588 1855 1641 1890 sic
1665 1855 1797 1897 evenit,
1827 1859 1868 1890 ut
1897 1856 2060 1891 omnibus
2082 1854 2229 1899 integris
2254 1859 2392 1889 tantum

1309 1900 1451 1953 capioni
1473 1910 1531 1936 res
1553 1900 1713 1935 iudicata
1759 1899 1909 1936 roficiat.
1945 1901 2047 1936 sed¹⁴
2070 1899 2159 1935 illud
2181 1899 2288 1935 debet
2310 1899 2391 1940 dici,

1310 1947 1372 1981 ubl
1394 1946 1637 1981 controversia
1661 1950 1715 1981 est
1764 1956 1783 1981 e
1805 1946 1964 1990 pignore,
1992 1945 2029 1980 id
2053 1944 2183 1980 dimitti
2205 1945 2334 1980 debere
2358 1949 2393 1978 et

1310 1995 1328 2025 5
1377 1991 1458 2036 capi
1487 1990 1603 2033 aliud,
1635 1990 1667 2025 si
1694 1990 1790 2036 quod
1812 1996 1868 2026 est
1891 1991 1967 2026 sine
1991 1990 2242 2026 controversia.
2289 1989 2393 2033 Quod

1309 2036 1340 2072 si
1363 2046 1421 2071 res
1446 2035 1493 2071 sit
1514 2036 1720 2081 pignerata,
1754 2046 1845 2080 quae
1876 2036 2016 2088 pignori
2040 2040 2146 2080 capta
2169 2039 2240 2075 est,
2271 2034 2391 2069 viden-

1310 2081 1394 2116 dum
1418 2085 1482 2123 est,
1507 2091 1554 2116 an
1578 2081 1630 2116 sic
1654 2081 1803 2116 distrahi
1852 2086 1952 2123 ossit,
1983 2084 2025 2116 ut
2048 2080 2191 2116 dimisso
2217 2079 2393 2115 creditore

1310 2126 1530 2172 superfluum
1553 2127 1590 2160 in
1609 2136 1754 2161 causam
1773 2092 1923 2161 iudicati
1940 2129 2180 2161 convertatur.
2216 2128 2252 2160 et
2270 2135 2392 2169 quam-

1311 2182 1417 2216 quam
1441 2182 1512 2207 non
1538 2175 1689 2216 cogatur
1712 2171 1868 2206 creditor
1888 2181 1975 2213 rem,
2000 2181 2106 2216 quam
2128 2170 2267 2223 pignori
2291 2180 2393 2205 acce-

1309 2218 1377 2262 pit,
1403 2216 1620 2252 distrahere:
1652 2220 1772 2251 tamen
1795 2216 1831 2251 in
1854 2216 2004 2251 iudicati
2026 2220 2256 2251 exsecutione
2268 2217 2296 2237 ¹⁵
2319 2226 2392 2250 ser-

1310 2266 1430 2305 vatur,
1455 2265 1511 2305 ut,
1536 2261 1567 2297 si
1589 2265 1785 2307 emptorem
1809 2262 1981 2297 invenerit
2003 2271 2060 2296 res
2084 2270 2176 2306 quae
2198 2264 2305 2306 capta
2329 2264 2393 2302 est,

1310 2307 1372 2352 qui
1403 2306 1548 2343 dimisso
1576 2306 1696 2351 priore
1729 2306 1905 2342 creditore
1934 2306 2153 2352 superfluum
2181 2306 2318 2341 solvere
2348 2306 2394 2339 sit

1308 2356 1475 2397 paratus,
1508 2351 1728 2387 admittenda
1757 2352 1804 2386 sit
1826 2352 1931 2387 huius
1957 2362 2026 2397 quo
2053 2361 2098 2386 ue
2121 2351 2173 2386 rei
2196 2350 2390 2386 distractio.

1309 2407 1376 2432 nec
1407 2397 1548 2432 videtur
1578 2397 1732 2432 deterior
1764 2396 1925 2432 condicio
1962 2407 2002 2432 cr
2049 2396 2149 2431 ‘toris
2179 2395 2257 2430 fieri
2291 2405 2392 2430 suum

1311 2442 1540 2477 consecuturi
1569 2451 1636 2477 nec
1665 2441 1767 2487 prius
1796 2442 1853 2477 ius
1876 2441 2033 2487 pignoris
2058 2440 2255 2484 dimissuri,
2287 2450 2392 2493 quam

1311 2490 1332 2523 6
1378 2487 1410 2522 si
1432 2487 1466 2522 ei
1488 2486 1598 2522 fuerit
1621 2486 1856 2522 satisfactum.
1895 2486 1934 2522 Si
1957 2491 2040 2532 post
2063 2485 2243 2520 addictum
2266 2496 2393 2531 plgnus

1311 2532 1431 2578 aliqua
1455 2532 1697 2567 controversia
1720 2531 1870 2576 emptori
1893 2536 2094 2571 moveatur,
2127 2541 2173 2565 an
2203 2531 2249 2566 sit
2273 2531 2391 2575 cogni-

1309 2578 1360 2613 tio
1385 2577 1542 2613 eiusdcm
1566 2577 1711 2619 iudicis,
1743 2577 1803 2622 qui
1827 2577 2036 2612 sententiam
2060 2580 2250 2611 exsecutus
2274 2575 2393 2618 fuerit,

1310 2622 1504 2658 videndum
1526 2627 1592 2657 est.
1630 2627 1666 2657 et
1685 2633 1766 2657 cum
1781 2622 1891 2657 semel
1909 2622 2038 2667 emptio
2057 2621 2217 2666 perfecta
2235 2621 2282 2655 sit
2301 2621 2391 2656 eius-

1311 2678 1380 2713 que
1403 2668 1463 2713 qui
1488 2667 1708 2712 comparavit
1734 2667 1933 2712 periculum
1963 2671 2124 2702 vertatur
2138 2668 2174 2708 ¹⁸,
2207 2676 2280 2701 non
2305 2670 2393 2710 puto

1310 2714 1428 2748 locum
1463 2722 1543 2749 esse
1577 2712 1785 2757 cognitioni:
1826 2716 1922 2748 certe
1956 2715 2189 2756 posteaquam
2227 2711 2394 2746 inductus

1312 2763 1367 2794 est
1390 2761 1531 2803 emptor
1553 2758 1590 2792 in
1613 2758 1893 2803 possessionem,
1916 2767 2034 2792 nonne
2058 2756 2251 2792 cessabunt
2273 2760 2394 2801 partes

1311 2803 1505 2839 eorundem
1526 2802 1710 2838 iudicum?
1743 2802 1837 2838 idem
1862 2812 1908 2838 ue
1925 2806 1961 2837 et
1978 2802 2008 2837 si
2025 2802 2104 2847 ipsi,
2130 2801 2187 2837 cui
2205 2801 2285 2847 quis
2302 2801 2393 2835 iudi-

1313 2852 1331 2883 7
1381 2852 1484 2884 catus
1509 2853 1574 2892 est,
1598 2857 1656 2883 res
1679 2847 1789 2883 fuerit
1811 2858 1834 2882 a
1860 2847 1966 2883 dicta.
2015 2847 2085 2882 Sed
2109 2847 2139 2882 si
2162 2851 2312 2891 emptor,
2337 2846 2394 2881 cui

1312 2894 1463 2939 pignora
1486 2898 1571 2929 sunt
1592 2892 1737 2928 addicta
1760 2896 1974 2938 exsequente
1997 2891 2125 2932 iudice,
2150 2891 2302 2936 pretium
2321 2901 2394 2926 non

1312 2940 1445 2981 solvat,
1478 2942 1598 2974 utrum
1629 2937 1799 2973 adversus
1831 2942 2026 2983 emptorem
2057 2936 2238 2982 porrigere
2267 2946 2393 2971 manus

1313 2984 1466 3019 debeant
1496 2983 1591 3018 idem
1620 2982 1777 3026 iudices,
1809 2983 1870 3029 qui
1899 2982 2109 3018 sententiam
2140 2985 2393 3026 exsequuntur,

1311 3029 1501 3064 videndum
1532 3032 1598 3064 est.
1647 3032 1683 3063 et
1718 3039 1792 3064 non
1826 3032 1914 3073 puto
1952 3037 2014 3063 eos
2051 3026 2146 3061 ultra
2179 3027 2393 3072 procedere:

1313 3078 1470 3109 ceterum
1492 3073 1597 3118 longe
1619 3083 1677 3109 res
1701 3073 1826 3108 abibit.
1870 3073 1955 3118 quid
1976 3071 2070 3108 enim
2092 3071 2277 3107 dicemus?
2308 3081 2393 3107 con-

1313 3119 1532 3154 demnabunt
1569 3122 1764 3163 emptorem
1802 3122 1838 3153 et
1871 3118 1924 3154 sic
1954 3127 2017 3153 exs
2063 3122 2193 3152 nentur
2223 3116 2394 3152 adversus

1313 3175 1394 3199 eum
1416 3163 1645 3206 sententiam,
1679 3173 1727 3198 an
1758 3163 1878 3198 statim
1908 3173 1974 3208 pro
2003 3163 2040 3197 iu
2067 3162 2161 3197 ‘cato
2185 3161 2394 3196 habebunt?

1311 3214 1349 3245 et
1372 3208 1457 3262 quid
1479 3209 1509 3244 si
1533 3212 1638 3253 neget
1661 3218 1700 3243 se
1723 3208 1851 3245 emisse
1873 3212 1935 3243 aut
1959 3206 2153 3243 exsolvisse
2177 3206 2394 3242 contendat?

1312 3254 1438 3289 melius
1470 3253 1581 3298 igitur
1611 3254 1696 3297 erit,
1728 3253 1760 3289 si
1790 3263 1863 3289 non
1892 3262 1932 3288 se
1962 3252 2207 3297 interponant,
2242 3251 2393 3286 maxime

1313 3310 1393 3334 cum
1416 3308 1483 3334 nec
1506 3298 1639 3334 habeat
1663 3299 1838 3334 actionem
1860 3297 2031 3333 adversus
2055 3307 2135 3332 eum
2158 3297 2200 3340 is,
2227 3296 2286 3332 cui
2302 3295 2393 3331 iudi-

1313 3349 1432 3379 catum
1454 3343 1531 3379 fleri
1556 3343 1789 3379 desideratur.
1825 3352 1891 3378 nec
1908 3342 2037 3378 iniuria
2056 3341 2261 3377 adficietur:
2287 3351 2392 3386 opor-

1312 3393 1364 3424 tet
1392 3388 1483 3424 euim
1513 3399 1571 3424 res
1604 3392 1731 3434 captas
1761 3387 1899 3433 pignori
1931 3392 1967 3422 et
1996 3387 2185 3422 distractas
2215 3385 2393 3432 praesenti

1312 3434 1464 3480 pecunia
1495 3433 1664 3475 distrahi,
1696 3444 1768 3469 non
1799 3433 1870 3475 sic,
1901 3437 1942 3467 ut
1972 3436 2055 3477 post
2077 3435 2218 3476 tempus
2241 3430 2394 3476 pecunia

1312 3479 1480 3514 solvatur.
1517 3483 1614 3514 certe
1637 3479 1668 3514 si
1691 3488 1731 3514 se
1753 3478 1994 3523 interponant,
2017 3477 2192 3512 hactenus
2212 3476 2394 3512 debebunt

1312 3593 1422 3626 minus
1435 3617 1442 3624 .
1452 3617 1459 3624 .
1469 3617 1476 3624 .
1489 3592 1642 3635 promisit
1653 3592 1714 3625 del.
1730 3590 1781 3625 Γ*
1857 3591 1901 3631 (9)
1924 3590 2034 3623 iussus
2046 3589 2080 3623 F
2154 3589 2214 3630 (10)
2237 3588 2354 3622 sentiis
2365 3587 2400 3620 F

1313 3641 1368 3679 (11)
1390 3647 1450 3680 per
1462 3639 1522 3670 ins.
1536 3637 1589 3670 F²
1665 3638 1724 3678 (12)
1749 3637 1783 3669 et
1795 3636 1832 3675 S,
1846 3647 1903 3668 om.
1920 3636 1955 3668 F
2044 3636 2104 3675 (13)
2127 3635 2331 3677 putaverunt
2343 3633 2395 3667 F²

1312 3685 1370 3721 (14)
1394 3685 1428 3715 et
1440 3684 1499 3715 ins.
1516 3682 1566 3715 Ρ*
1648 3683 1708 3724 (15)
1730 3680 1974 3714 exsecutionem
1986 3681 2020 3714 F
2094 3681 2155 3721 (16)
2179 3681 2330 3715 versatur
2340 3677 2393 3711 F²

2496 67 2500 75 ι

2490 0 2516 136 ἲ

2511 145 2515 154 ι

2511 165 2515 178 l

2510 231 2515 241 υ
