2528 3918
147 127 208 159 DE
235 127 350 160 nom
378 129 488 160 MALI
517 131 574 161 ΕΤ
602 131 749 163 METUS
777 130 965 162 EXCEPT.

149 250 163 283 l
212 246 474 293 possessionem
505 247 695 299 praestare
731 243 938 281 debeamus.
987 242 1140 296 Vendidi
1169 241 1234 277 tibi

144 302 284 329 servum
308 296 344 328 et
368 293 566 335 convemt¹,
597 294 655 333 ut,
687 290 758 326 nisi
787 292 887 326 certa
914 288 971 324 die
998 292 1152 334 pecunia
1176 298 1234 323 so-

143 338 221 373 luta
243 341 349 381 esset,
372 337 551 382 inemptus
573 339 688 372 esset:
713 334 810 381 quod
832 345 915 370 cum
932 334 1100 377 evenerit,
1125 343 1234 378 quae-

143 383 251 418 situm
276 386 348 425 est,
381 382 467 428 quid
498 382 542 417 de
573 381 781 417 accessione
803 382 858 416 tui
881 379 1052 425 temporis
1075 383 1232 424 putares.

144 428 329 473 respondit
351 427 388 463 id
412 427 507 472 quod
530 429 702 468 servetur,
728 437 809 461 cum
834 424 1027 461 redhibitio
1048 424 1096 460 sit
1113 423 1232 459 facta:

144 473 241 508 hunc
264 473 357 508 enim
381 472 528 518 perinde
552 472 677 507 haberi
702 482 744 506 ac
770 472 801 506 si
822 475 1001 506 retrorsus
1021 471 1127 506 homo
1148 469 1235 503 mihi

143 519 310 560 venisset,
340 522 380 552 ut
402 517 556 560 scilicet,
581 517 613 552 si
635 517 798 552 venditor
820 516 1085 561 possessionem
1108 519 1235 560 postea

144 567 274 599 nactus
305 563 369 603 sit.
402 566 438 598 et
468 563 538 598 hoc
568 563 687 607 ipsum
717 566 858 607 tempus
882 565 918 596 et
964 560 1037 596 uod
1060 559 1234 596 venditio-

144 619 226 643 nem
247 608 507 654 praecesserit²
538 611 574 643 et
597 607 748 652 amplius
776 608 934 642 accessio
985 617 1049 641 aec
1073 606 1107 642 ei
1130 605 1235 640 detur

145 664 226 688 cum
249 664 310 697 eo,
343 653 436 699 quod
461 652 558 699 apud
580 663 663 688 eum
686 653 770 697 fuit,
804 663 826 688 a
851 662 921 697 quo
946 652 1052 687 homo
1076 650 1232 687 redhibi-

144 704 203 735 tus
227 699 286 735 sit.

191 742 241 781 7³
263 743 500 779 MARCIANUS
521 743 611 779 libro
637 744 741 778 tertio
766 743 1030 777 institutionum
1078 741 1117 776 Si
1137 740 1232 786 quis-

145 799 251 835 quam
282 790 320 824 in
347 789 502 824 fluminis
535 788 672 834 publici
703 788 919 823 deverticulo
948 787 1055 823 solus'
1069 787 1234 832 pluribus

145 836 246 871 aunis
269 835 431 879 piscatus
455 835 520 876 sit,
551 834 705 869 alterum
727 833 853 869 eodem
875 833 955 868 iure
977 832 1033 868 uti
1054 832 1233 878 prohibet.

190 878 215 918 8
247 880 443 917 ULPJANUS
462 880 553 915 libro
566 880 692 926 primo
713 879 925 925 reqularum
966 877 1010 913 In
1029 877 1235 913 accessione

144 926 314 971 temporis
347 929 385 961 et
413 925 451 960 id
472 928 631 970 tempus,
663 935 734 970 quo
757 925 796 960 in
818 923 905 969 fuga
927 923 975 960 sit
997 933 1139 968 servus,
1170 922 1234 958 do-

146 972 240 1007 mino
265 972 342 1006 eius
365 970 561 1016 procedere
584 980 707 1006 verum
729 972 795 1006 est.

191 1015 217 1055 9
241 1016 479 1052 Mfflcmws
504 1017 596 1052 libro
626 1016 753 1061 quinto
776 1014 989 1061 reqularum
1035 1013 1163 1049 Rescri
1189 1013 1235 1049 tis

145 1062 359 1108 quibusdam
383 1061 454 1097 divi
475 1061 601 1107 Magni
623 1060 797 1096 Antonini
821 1063 978 1102 cavetur,
1001 1063 1044 1095 ut
1064 1060 1103 1094 in
1126 1069 1166 1095 re
1192 1070 1235 1094 us

143 1107 336 1161 mobilibus
366 1107 468 1143 locus
500 1107 547 1143 sit
584 1105 859 1153 praescriptioni
897 1105 1055 1141 diutinae
1091 1115 1234 1150 posses-

145 1164 268 1190 s1oms.

195 1198 244 1236 10
277 1198 523 1234 PAPJNJANUS
549 1197 640 1233 libro
672 1198 778 1232 tertio
810 1197 947 1232 decimo
978 1206 1235 1243 responsorum

144 1245 245 1280 Intra
279 1246 450 1289 quattuor
486 1252 600 1278 annos
639 1242 843 1278 vacantium
881 1242 1058 1278 bonorum
1097 1241 1236 1277 delator

144 1290 243 1325 facta
266 1288 535 1324 denuntiatione
558 1287 714 1323 destitit:
739 1290 823 1332 post
846 1291 1017 1332 quattuor
1039 1297 1153 1323 annos
1178 1296 1233 1322 se-

145 1335 263 1371 cundo
293 1333 445 1370 delatori
473 1333 630 1369 venienti
659 1333 759 1380 prior
788 1333 984 1376 nuntiatio,
1017 1343 1088 1378 quo
1117 1331 1236 1368 minus

143 1379 428 1434 praescriptione
461 1379 632 1424 temporis
672 1382 955 1422 summoveatur,
994 1388 1069 1414 non
1104 1377 1235 1423 prode-

143 1427 210 1470 rit,
240 1426 312 1462 nisi
340 1424 471 1472 prioris
502 1424 761 1470 praevaricatio
787 1424 988 1469 detegetur:
1022 1434 1092 1469 quo
1116 1423 1236 1459 decla-

143 1476 224 1508 rato
246 1471 502 1517 praescriptio,
533 1470 598 1505 sed
621 1472 658 1506 et
679 1469 813 1515 negotii
837 1469 998 1515 quaestio
1021 1472 1235 1515 peremetur.

147 1522 163 1553 1
213 1516 444 1562 Quadriennii
466 1519 627 1561 tempus,
661 1515 756 1560 quod
779 1515 884 1551 bonis
907 1515 1119 1551 vacantibus
1143 1525 1235 1550 nun-

143 1562 276 1599 tiandis
299 1561 562 1614 praescriptum
584 1564 655 1605 est,
685 1571 759 1596 non
782 1571 827 1596 ex
849 1561 1018 1606 opinione
1039 1560 1235 1603 hominum,

144 1608 209 1645 sed
233 1607 277 1643 de
299 1607 503 1644 substant1a
525 1606 731 1642 vacantium
753 1607 932 1642 bonorum
951 1606 1234 1642 dinumeratur⁴.

145 1657 318 1700 quattuor
348 1656 467 1689 autem
497 1652 582 1688 anni
610 1655 694 1697 post
716 1652 857 1688 irritum
879 1655 1136 1688 testamentum
1158 1651 1235 1687 fac-

144 1703 221 1735 tum
250 1702 287 1735 et
315 1698 478 1734 intestati
505 1698 768 1743 possessionem
798 1698 844 1733 ab
877 1698 1043 1734 omnibus
1067 1697 1235 1743 repudia-

143 1748 235 1788 tam,
275 1745 336 1791 qui
366 1743 542 1790 gradatim
572 1746 695 1790 petere
725 1746 938 1789 potuerunt,
976 1743 1033 1779 vel
1065 1743 1236 1788 temporis

144 1791 272 1872 {nem’
310 1789 405 1835 quod
440 1789 587 1835 singulis
622 1789 902 1835 praestitutum⁵
939 1792 1012 1834 est,
1050 1792 1236 1835 computa-

172 1839 294 1872 untur.

194 1880 242 1919 11
270 1880 378 1916 IDEM
404 1879 496 1916 libro
528 1879 686 1915 secundo
716 1879 966 1925 definitionum
1013 1878 1104 1914 Cum
1134 1878 1238 1914 heres

145 1928 182 1963 in
210 1927 268 1962 ius
297 1935 403 1961 omne
434 1924 595 1961 defuncti
625 1925 802 1969 succedit,
833 1924 1057 1971 ignoratione
1086 1934 1154 1959 sua
1177 1923 1238 1959 de-

145 1972 261 2008 functi
283 1971 370 2008 vitia
391 1981 465 2006 non
488 1969 664 2013 excludit,
696 1971 806 2006 veluti
837 1981 918 2006 cum
943 1970 1059 2007 sciens
1082 1970 1238 2005 alienum

144 2018 244 2053 illum
266 2017 354 2053 illo⁶
378 2016 433 2052 vel
455 2016 619 2061 precario
642 2016 821 2061 possedit:
853 2015 1013 2062 quamvis
1038 2015 1131 2051 enim
1154 2025 1237 2060 pre-

146 2063 284 2099 carium
317 2061 485 2098 heredem
519 2061 743 2107 ignorantem
778 2072 851 2101 non
880 2065 1002 2098 teneat
1031 2071 1098 2097 nec
1127 2060 1237 2096 inter-

147 2109 242 2144 dicto
263 2111 359 2144 recte
380 2107 623 2151 conveniatur,
647 2110 767 2143 tamen
785 2117 986 2153 usucapere
1005 2117 1079 2142 non
1096 2106 1238 2151 poterit,

146 2154 243 2200 quod
266 2153 457 2189 defunctus
481 2163 556 2188 non
578 2153 708 2199 potuit.
756 2152 851 2189 idem
874 2153 962 2188 iuris
987 2156 1059 2195 est,
1089 2163 1170 2187 cum
1194 2151 1239 2187 de

146 2200 207 2236 lon
231 2209 254 2234 a
284 2198 512 2244 possessione
543 2198 745 2243 quaeritur:
780 2208 896 2244 neque
926 2198 1021 2234 enim
1048 2201 1146 2233 recte
1176 2197 1237 2232 de-

146 2246 206 2281 fen
231 2248 330 2287 etur,
370 2254 451 2280 cum
489 2243 675 2279 exordium
710 2244 743 2280 ei
778 2244 895 2280 bonae
925 2243 1009 2279 fidei
1039 2242 1133 2279 ratio
1165 2253 1238 2279 non

146 2294 302 2326 tueatur.
926 2316 929 2320 ,

197 2333 247 2373 12
271 2334 329 2371 ΡΑ
337 2343 431 2370 υιυε
452 2334 542 2370 libro
566 2337 670 2370 sexto
691 2333 828 2370 decimo
847 2344 1104 2380 responsorum
1152 2333 1238 2369 Ore-

148 2381 261 2424 ditor,
292 2380 355 2426 qui
382 2379 665 2425 praescriptione
694 2379 822 2424 longae
845 2379 1083 2425 possessionis
1107 2389 1130 2414 a
1152 2389 1237 2424 pos-

147 2435 288 2463 sessore
309 2425 468 2471 pignoris
491 2425 703 2461 summoveri
726 2424 860 2470 possit,
892 2425 1022 2470 pignus
1051 2424 1236 2460 distraxit:

148 2482 301 2518 quaero,
341 2481 388 2506 an
423 2470 623 2516 possessori
656 2470 757 2505 salva
791 2470 839 2506 sit
869 2470 1033 2516 exceptio
1066 2470 1238 2506 adversus

148 2521 355 2563 emptorem.
401 2515 537 2551 Paulus
561 2515 748 2562 respondit
771 2516 879 2551 etiam
902 2516 1074 2552 adversus
1098 2519 1236 2561 empto-

148 2573 225 2599 rem
248 2562 397 2598 eandem
421 2561 668 2607 exceptionem
691 2564 904 2606 competere.

197 2605 247 2646 13
273 2607 617 2643 Hanuoofflvmws
638 2606 728 2642 libro
752 2610 858 2642 seoeto
882 2607 974 2642 iuris
997 2607 1236 2653 epitomarum

148 2654 191 2689 In
222 2652 387 2689 omnibus
417 2652 496 2688 fisci
527 2651 794 2697 quaestionibus
832 2652 990 2697 exceptis
1023 2652 1160 2694 causis,
1199 2651 1238 2687 in

150 2699 278 2745 quibus
306 2697 445 2733 minora
472 2701 636 2743 tempora
664 2697 799 2732 servari
827 2697 1031 2742 specialiter
1060 2697 1237 2733 constitu·

148 2749 226 2779 tum
261 2747 335 2786 est,
373 2742 497 2787 viginti
534 2752 709 2778 annorum
773 2742 984 2787 raescriptio
1024 2742 1237 2778 custoditur.

154 2793 169 2825 1
217 2789 286 2825 Rei
318 2788 484 2834 publicae
511 2788 670 2823 rationes
700 2797 743 2823 su
770 2787 927 2832 scriptae
963 2791 1000 2824 et
1038 2792 1239 2833 expunctae

151 2834 322 2871 adversus
342 2843 424 2869 eum
443 2832 595 2878 quidem,
615 2831 678 2878 qui
695 2832 964 2877 administravit,
988 2833 1085 2868 ultra
1103 2833 1237 2877 viginti,

150 2880 320 2916 adversus
345 2878 513 2914 heredem
535 2888 618 2914 vero
641 2877 737 2914 ultra
761 2878 884 2914 decem
910 2888 1025 2915 annos
1049 2879 1239 2914 retractari

150 2935 225 2962 11011
273 2927 410 2960 ossunt.

199 2936 478 3008 14pSoA137012A
503 2968 594 3004 libro
617 2967 800 3015 sinqulari
820 2969 1072 3015 quaestionum
1088 2968 1238 3016 publice

152 3019 391 3052 tractatarum
437 3014 493 3049 De
513 3013 778 3049 accessionibus
825 3015 1066 3050 ossessionum
1090 3014 1177 3050 nihil
1201 3015 1238 3049 in

151 3064 364 3107 perpetuum
382 3069 498 3105 neque
515 3058 729 3104 generaliter
748 3058 791 3094 de
818 3059 897 3095 nire
942 3070 1126 3096 ossumus:
1152 3070 1237 3095 con-

154 3110 170 3142 1
221 3107 352 3143 sistunt
374 3105 467 3141 enim
490 3104 527 3139 in
550 3104 629 3140 sola
652 3104 842 3148 aequitate.
889 3104 918 3140 P
934 3116 1001 3141 ane
1028 3105 1239 3141 tribuuntur

150 3152 226 3194 his,
261 3151 321 3196 qui
349 3150 386 3186 in
417 3151 536 3185 locum
565 3149 716 3184 aliorum
744 3149 942 3186 succedunt
970 3151 1045 3186 sive
1074 3160 1121 3186 ex
1151 3161 1238 3186 con-

152 3201 272 3232 tractu
289 3196 362 3232 sive
381 3196 583 3231 voluntate:
607 3194 798 3230 heredibus
817 3196 909 3230 enim
927 3199 963 3231 et
983 3195 1050 3238 his,
1076 3195 1138 3240 qui
1155 3206 1237 3231 suc-

153 3252 336 3278 cessorum
366 3241 446 3277 loco
477 3241 674 3282 habentur,
712 3239 819 3275 datur
849 3241 1009 3277 accessio
1041 3241 1236 3276 testatoris.

153 3290 173 3322 2
219 3287 345 3332 Itaque
368 3286 400 3322 si
420 3285 507 3321 mihi
528 3284 726 3321 vendideris
750 3294 901 3330 servum,
925 3290 1009 3322 utar
1032 3285 1239 3321 accessione

154 3335 174 3368 3
220 3336 295 3367 tua.
344 3331 395 3366 Et
424 3331 456 3367 si
484 3330 571 3366 mihi
600 3330 742 3375 pignori
770 3330 909 3367 dederis
941 3335 977 3367 et
999 3341 1064 3376 ego
1089 3331 1238 3367 eandem

153 3388 229 3412 rem
252 3376 313 3412 alii
334 3376 533 3422 pigneravi,
565 3385 665 3410 meus
697 3374 853 3411 creditor
879 3379 1002 3412 utetur
1032 3377 1238 3412 accessione

153 3422 208 3458 tui
229 3422 400 3468 temporis
421 3424 496 3457 tam
519 3421 690 3456 adversus
713 3424 922 3456 extraneum
942 3431 1049 3466 quam
1067 3421 1238 3457 adversus

153 3471 191 3504 te
219 3467 358 3513 ipsum,
388 3466 558 3511 quamdiu
588 3465 777 3512 pecuniam
807 3465 894 3501 mihi
922 3477 995 3502 non
1026 3466 1237 3502 exsolveris:

154 3522 237 3548 uam
260 3511 321 3559 qui
343 3520 399 3547 me
420 3512 541 3558 potior
564 3515 629 3555 est,
654 3522 736 3547 cum
758 3520 825 3555 ego
848 3514 886 3547 te
905 3515 1140 3557 superaturus
1159 3511 1237 3554 sim,

1221 113 1299 162 711

2014 121 2272 166 XXXXIIll
2301 124 2387 166 3.4

1303 241 1415 296 multo
1440 242 1562 295 magis
1577 241 1748 295 adversus
1771 247 1807 278 te
1831 245 1993 290 optinere
2022 246 2139 282 debet.
2186 246 2251 282 sed
2273 246 2306 283 si
2328 256 2390 292 pe-

1304 297 1447 324 cumam
1477 287 1565 323 1111111
1592 286 1757 330 solvens,
1789 290 1859 325 hoc
1892 300 1978 326 casu
2005 293 2210 328 accessione
2232 297 2297 328 tua
2318 302 2390 328 non

1302 335 1326 368 4
1370 336 1506 368 utetur.
1558 332 1648 367 Item
1678 332 1710 368 si
1738 334 1885 371 absente
1915 339 1952 371 te
1980 337 2030 379 is,
2067 337 2127 383 qui
2155 337 2299 383 negotia
2326 341 2392 373 tua

1303 378 1492 413 videbatur
1514 377 1773 422 administrare,
1798 390 1938 415 servum
1960 382 2046 417 mihi
2068 382 2264 418 vendiderit
2281 386 2391 428 tuque

1302 433 1467 459 reversus
1486 427 1606 458 ratum
1624 422 1804 467 habueris,
1829 426 2028 462 omnimodo
2048 428 2274 463 accessione⁷
2295 432 2388 463 utar.

1304 472 1322 503 5
1371 469 1461 504 Item
1490 469 1524 505 si
1553 468 1640 503 mihi
1667 468 1808 514 pignori
1836 469 1974 506 dederis
2005 476 2042 507 et
2071 473 2291 515 convenerit,
2321 473 2390 508 nisi

1303 514 1504 559 pecuniam·
1523 513 1709 556 solvisses‚
1740 514 1849 550 licere
1879 525 1923 550 ex
1952 521 2058 561 pacto
2087 519 2215 570 pignus
2238 518 2391 554 vendere

1303 559 1410 604 idque
1430 559 1661 603 vendiderim,
1686 560 1838 604 emptori
1861 562 2020 597 accessio
2043 566 2097 597 tm
2119 564 2288 609 temporis
2313 563 2388 598 dari

1304 604 1463 648 debebit,
1495 605 1581 640 licet
1611 604 1721 640 invito
1751 608 1788 640 te
1820 605 1971 651 pignora
2001 607 2174 642 distracta
2200 609 2288 644 sint:
2320 609 2390 644 iam

1304 650 1398 685 enim
1421 650 1481 686 illo
1504 651 1545 685 in
1567 654 1746 695 tempore,
1778 661 1849 696 quo
1880 652 2136 695 contrahebas,
2165 653 2277 689 videri
2306 664 2390 689 con-

1304 695 1481 731 cessisse⁸
1504 695 1710 738 venditioni,
1736 695 1766 731 si
1788 697 1976 742 pecuniam
2000 708 2071 732 non
2095 698 2285 734 intulisses.

1351 739 1402 777 15
1437 741 1468 776 V
1470 750 1667 776 ENULEIUS
1687 741 1780 777 libro
1798 742 1924 787 quinto
1943 743 2211 778 interdictorum
2246 744 2288 779 In
2304 754 2390 779 usu-

1303 786 1455 831 capione
1485 786 1539 821 ita
1570 790 1750 829 servatur,
1783 790 1840 829 ut,
1875 787 2014 823 etiamsi
2044 787 2187 823 minimo
2214 793 2389 824 momento

1304 831 1484 867 novissimi
1508 831 1580 867 diei
1602 842 1770 877 possessa
1792 832 1841 868 sit
1862 842 1941 875 res,
1973 832 2085 868 nihilo
2113 834 2228 869 minus
2251 835 2388 879 replea-

1303 880 1364 912 tur
1386 876 1581 922 usucapio,
1613 887 1680 913 nec
1711 881 1810 914 totus
1834 877 1910 913 dies
1936 878 2088 923 exigitur
2111 879 2157 913 ad
2180 880 2391 924 explendum

1307 927 1321 957 1
1373 923 1609 958 constitutum
1629 926 1782 968 tempus.
1815 924 1987 959 Accessio
2007 924 2244 968 possessionis
2262 925 2303 959 fit
2320 935 2391 959 non

1304 967 1419 1004 solum
1442 968 1625 1021 temporis,
1650 968 1747 1013 quod
1771 968 1868 1014 apud
1892 979 1972 1004 eum
1994 968 2074 1011 fuit,
2102 969 2195 1005 unde
2218 970 2248 1004 is
2273 970 2357 1005 emit
2366 972 2391 1011 ⁹,

1304 1013 1367 1049 sed
1396 1016 1433 1049 et
1463 1024 1527 1059 (1111
1557 1014 1591 1049 ei
1614 1014 1791 1057 vendidit,
1824 1014 1919 1050 unde
1942 1018 1983 1049 tu
2007 1014 2133 1049 emisti.
2180 1015 2243 1050 sed
2266 1015 2297 1050 si
2318 1025 2391 1050 me-

1304 1059 1384 1095 dius
1409 1058 1539 1103 aliquis
1559 1069 1605 1094 ex
1622 1059 1831 1095 auctoribus
1851 1070 1924 1095 non
1941 1060 2152 1105 possederit,
2176 1060 2392 1105 praeceden-

1302 1105 1393 1140 tium
1409 1108 1598 1140 auctorum
1613 1105 1796 1150 possessio
1813 1115 1886 1140 non
1902 1105 2073 1151 proderit,
2099 1105 2183 1149 quia
2202 1105 2393 1141 coniuncta

1303 1161 1377 1186 non
1405 1153 1475 1191 est,
1509 1150 1605 1185 sicut
1634 1160 1701 1186 nec
1735 1151 1786 1193 ei,
1825 1151 1886 1196 qui
1917 1161 1991 1186 non
2021 1150 2199 1196 possidet,
2236 1151 2393 1185 auctoris

1306 1198 1325 1231 2
1356 1195 1556 1276 dpossessio
1579 1196 1750 1231 accedere
1773 1199 1904 1242 potest.
1953 1196 2042 1231 Item
2074 1195 2298 1231 adiciendum
2328 1201 2393 1236 est,

1304 1252 1353 1276 un
1380 1251 1400 1277 e
1431 1241 1567 1285 emisti,
1598 1245 1662 1276 aut
1674 1243 1703 1263 ¹⁰
1734 1241 1830 1277 unde
1860 1242 1891 1277 is
1923 1242 2026 1286 emit,
2060 1242 2119 1277 cui
2145 1245 2186 1276 tu
2208 1241 2393 1277 emendum

1304 1286 1557 1330 mandaveras,
1589 1290 1627 1322 et
1655 1286 1753 1332 quod
1783 1287 1880 1333 apud
1911 1298 2009 1331 eum,
2043 1287 2105 1331 qui
2133 1286 2355 1322 vendendum
2369 1288 2393 1307 ¹¹

1303 1332 1496 1368 mandavit.
1546 1332 1643 1378 quod
1675 1332 1707 1369 si
1737 1333 1768 1368 is
1800 1342 1961 1378 quoque,
1993 1333 2051 1368 cui
2075 1331 2282 1367 mandatum
2306 1336 2394 1373 erat,

1304 1378 1366 1414 alii
1394 1377 1618 1414 vendendum
1649 1378 1890 1421 mandaverit,
1929 1389 2001 1414 non
2036 1377 2142 1413 aliter
2173 1377 2296 1420 huius,
2335 1378 2395 1422 qui

1304 1426 1433 1469 postea
1455 1423 1709 1466 mandaverat,
1742 1423 1897 1459 dandam
1921 1424 2164 1459 accessionem
2185 1423 2309 1461 Labeo
2334 1423 2394 1464 ait,

1306 1474 1325 1504 3
1373 1479 1482 1514 quam
1505 1469 1537 1505 si
1558 1468 1596 1505 id
1619 1469 1738 1514 ipsum
1761 1468 1925 1505 dominus
1949 1469 1983 1505 ei
2006 1468 2219 1515 permiserit.
2266 1468 2338 1503 Sed
2360 1473 2394 1503 et

1305 1514 1336 1550 si
1359 1524 1382 1550 a
1404 1514 1479 1550 filio
1503 1514 1559 1550 vel
1582 1525 1683 1550 servo
1707 1524 1783 1550 rem
1807 1524 1947 1559 emero,
1978 1514 2137 1550 accessio
2165 1513 2337 1558 temporis
2360 1519 2395 1548 et

1305 1570 1376 1606 quo
1406 1559 1504 1605 apud
1534 1563 1673 1605 patrem
1703 1564 1767 1596 aut
1798 1560 1980 1596 dominum
2010 1559 2080 1595 fuit
2109 1560 2161 1594 ita
2193 1559 2312 1595 danda
2341 1565 2396 1594 est

1304 1605 1410 1648 mihi,
1441 1605 1473 1641 si
1505 1609 1569 1641 aut
1594 1606 1778 1642 voluntate
1801 1605 1916 1651 patris
1941 1605 2117 1642 dominive
2139 1607 2203 1640 aut
2227 1615 2308 1640 cum
2332 1604 2394 1640 ad-

1304 1655 1326 1687 4
1373 1651 1671 1687 ministrationem
1714 1651 1846 1697 peculii
1888 1651 2039 1687 haberet
2079 1650 2247 1686 vendidit.
2306 1649 2394 1685 Item

1305 1696 1425 1732 danda
1456 1700 1512 1732 est
1543 1697 1702 1733 accessio
1742 1707 1823 1733 cum
1852 1707 1916 1740 eo,
1957 1696 2053 1742 quod
2090 1696 2188 1741 apud
2220 1695 2395 1741 pupillum

1303 1742 1385 1787 fuit,
1410 1753 1433 1778 a
1457 1742 1559 1778 cuius
1584 1747 1713 1787 tutore,
1738 1753 1820 1778 cum
1843 1742 1874 1778 is
1898 1742 2049 1778 tutelam
2072 1742 2149 1778 eius
2170 1740 2395 1776 administra-

1304 1792 1378 1831 ret,
1413 1788 1540 1824 emisti.
1587 1788 1751 1834 idemque
1780 1789 1819 1823 in
1847 1798 1907 1831 eo,
1939 1788 1998 1833 qui
2029 1798 2051 1823 a
2079 1790 2246 1824 curatore
2268 1786 2397 1832 pupilli

1304 1833 1473 1870 furiosive
1498 1834 1633 1877 emerit,
1659 1833 1872 1870 servandum
1897 1838 1970 1869 est:
1997 1837 2032 1869 et
2051 1833 2084 1869 si
2103 1832 2234 1868 ventris
2255 1832 2396 1867 nomine

1305 1883 1370 1915 aut
1401 1880 1495 1921 eius,
1532 1889 1626 1925 quae
1655 1880 1709 1915 rei
1737 1879 1934 1915 servandae
1965 1889 2077 1915 causa
2104 1878 2142 1913 in
2171 1877 2396 1923 possessione

1305 1928 1402 1961 esset
1423 1925 1517 1960 dotis
1538 1934 1626 1961 suae
1646 1925 1801 1967 nomine,
1826 1924 2020 1960 deminutio
2045 1923 2144 1959 facta
2166 1923 2230 1959 sit:
2255 1933 2338 1958 nam
2360 1922 2397 1957 id

1306 1974 1326 2006 5
1375 1980 1518 2016 quoque
1540 1970 1711 2016 temporis
1736 1970 1887 2006 accedit.
1926 1970 2006 2005 Hae
2029 1973 2149 2005 autem
2172 1968 2396 2003 accessiones

1305 2026 1379 2052 non
1407 2019 1481 2052 tam
1515 2016 1588 2051 late
1624 2015 1857 2061 accipiendae
1886 2019 1972 2051 sunt
2002 2025 2109 2061 quam
2137 2014 2247 2050 verba
2276 2023 2396 2049 earum

1307 2065 1445 2107 patent,
1469 2065 1512 2097 ut
1534 2061 1651 2106 etiam,
1676 2061 1708 2097 si
1730 2065 1815 2107 post
1838 2061 2079 2097 venditionem
2102 2059 2397 2111 traditionemque

1305 2107 1358 2143 rei
1379 2106 1538 2143 traditae
1551 2107 1580 2128 ¹2
1610 2107 1708 2152 apud
1739 2106 1958 2143 venditorem
1986 2116 2044 2142 res
2074 2105 2200 2147 fuerit,
2232 2104 2399 2150 proficiat

1305 2152 1343 2188 id
1366 2157 1508 2199 tempus
1532 2152 1703 2206 emptori,
1736 2152 1800 2188 sed
1828 2151 1917 2187 illud
1946 2152 2063 2188 solum
2092 2150 2188 2196 quod
2211 2153 2295 2186 ante
2317 2149 2396 2193 fuit,

1305 2198 1391 2234 licet
1413 2198 1628 2234 venditioms
1650 2201 1723 2233 tem
1750 2207 1812 2233 ore
1836 2207 1914 2233 eam
1937 2208 2014 2233 rem
2035 2196 2200 2233 venditor
2228 2205 2301 2230 nou
2332 2195 2396 2229 ha-

1307 2247 1327 2279 6
1374 2244 1516 2279 buerat.
1562 2244 1619 2288 Ei,
1647 2243 1706 2279 cui
1723 2209 1833 2279 geres
1856 2253 1932 2278 rem
1955 2242 2207 2278 hereditariam
2229 2239 2396 2282 vendidit,

1306 2292 1343 2325 et
1365 2289 1510 2325 heredis
1533 2292 1675 2335 tempus
1700 2292 1737 2325 et
1760 2287 1921 2324 defuncti
1944 2288 2051 2324 debet
2073 2286 2255 2323 accedere.

1356 2332 1407 2372 16
1432 2334 1592 2370 Psaros
1612 2335 1703 2370 libro
1725 2335 1830 2370 tercio
1851 2333 1901 2369 ad
1916 2332 2091 2370 Sabinum
2127 2331 2299 2367 Accessio
2321 2330 2396 2366 sine

1306 2384 1431 2416 nostro
1455 2383 1617 2426 tempore
1640 2379 1744 2416 nobis
1768 2378 1942 2426 prodesse
1965 2389 2038 2415 non
2061 2381 2190 2424 potest.

1787 2518 1868 2559 1111
1883 2517 1921 2558 ¹³.

1387 2585 1450 2618 DE
1474 2584 1586 2618 DOLI
1608 2584 1726 2617 MALI
1749 2584 1809 2617 ΕΤ
1833 2583 1985 2617 Murus
2008 2583 2315 2617 ΕΧΟΕΡΤΙΟΝΕ.

1356 2650 1375 2688 1
1403 2651 1513 2686 Pan
1521 2660 1565 2686 os
1593 2650 1684 2687 libro
1707 2650 1999 2698 septuaqensimo
2015 2650 2141 2697 primo
2171 2648 2220 2684 ad
2242 2648 2393 2684 edictum

1307 2696 1385 2742 Quo
1408 2696 1563 2732 lucidius
1586 2695 1742 2741 intellegi
1765 2696 1880 2741 possit
1902 2695 1994 2731 haec
2017 2705 2103 2731 exce
2129 2694 2197 2737 tio,
2228 2693 2328 2739 prius
2352 2692 2395 2727 de

1307 2752 1420 2778 causa
1441 2741 1643 2784 videamus,
1673 2751 1784 2786 quare
1806 2740 1994 2786 proposita
2017 2740 2080 2783 sit,
2128 2739 2248 2782 einde,
2273 2748 2393 2783 quem-

1307 2786 1499 2823 admodum
1528 2787 1611 2823 dolo
1642 2785 1726 2828 fiat,
1783 2796 1823 2822 er
1869 2796 1938 2821 uae
1960 2785 2221 2830 intellegemus,
2252 2783 2393 2829 quando

1307 2833 1427 2869 obstet
1449 2832 1634 2878 exceptio:
1669 2797 1797 2884 deinde
1812 2797 1997 2884 ‚adversus
2029 2841 2118 2883 quas
2145 2839 2318 2876 personas
2341 2828 2393 2863 lo-

1308 2888 1391 2914 cum
1413 2878 1557 2913 habeat.
1597 2886 1787 2913 novissime
1810 2886 2050 2922 mspicxemus,
2074 2879 2168 2911 intra
2215 2884 2283 2910 uae
2305 2878 2393 2908 tem-

1310 2927 1325 2958 1
1374 2933 1464 2969 pora
1496 2922 1666 2968 competit
1701 2922 1875 2967 exceptio.
1922 2921 2007 2957 Ideo
2046 2924 2165 2956 autem
2227 2929 2294 2954 anc
2333 2928 2392 2953 ex-

1308 2969 1509 3014 ceptionem
1532 2971 1678 3013 praetor
1700 2967 1906 3013 proposuit,
1938 2977 1984 3001 ne
2011 2967 2069 3002 cui
2093 2966 2196 3001 dolus
2219 2974 2305 3000 suus
2329 2973 2393 3008 per

1308 3014 1535 3050 occasionem
1558 3013 1647 3048 iuris
1671 3012 1783 3048 civilis
1808 3016 1935 3048 contra
1957 3011 2155 3046 naturalem
2178 3009 2391 3054 aequitatem

1309 3063 1329 3094 2
1375 3059 1501 3112 prosit.
1551 3058 1622 3094 Sed
1651 3068 1700 3093 an
1730 3057 1812 3093 dolo
1844 3057 1930 3103 quid
1960 3056 2095 3092 factum
2124 3055 2188 3097 sit,
2221 3064 2264 3089 ex
2294 3053 2390 3105 facto

1308 3107 1328 3140 3
1375 3103 1603 3148 mtellegitur.
1639 3103 1689 3137 Et
1711 3102 1855 3147 quidem
1878 3102 1959 3139 dolo
1983 3101 2026 3136 fit
2047 3106 2121 3136 tam
2143 3101 2180 3134 in
2202 3102 2390 3134 contracti-

1307 3150 1375 3185 bus
1423 3159 1507 3184 uam
1530 3149 1567 3183 in
1591 3148 1813 3184 testamentis
1837 3158 1945 3193 quam
1966 3147 2005 3182 111
2027 3146 2172 3190 legibus.

1354 3191 1380 3231 2
1399 3160 1606 3230 {ILPIANUS
1626 3193 1717 3229 libro
1737 3193 2026 3240 septuaqensimo
2046 3195 2150 3225 sexto
2171 3188 2221 3223 ad
2239 3188 2389 3222 edictum

1307 3239 1433 3274 Palam
1457 3242 1512 3274 est
1535 3241 1655 3273 autem
1677 3238 1771 3273 hanc
1795 3238 2038 3283 exceptionem
2067 3245 2110 3270 ex
2134 3233 2257 3268 eadem
2280 3242 2391 3267 causa

1308 3283 1540 3330 propositam,
1565 3294 1610 3318 ex
1633 3293 1705 3328 qua
1729 3293 1839 3319 causa
1858 3282 2115 3331 proposita-est
2134 3278 2177 3330 de
2195 3277 2276 3312 dolo
2296 3277 2390 3328 malo

1312 3333 1326 3364 1
1377 3329 1483 3365 actio.
1532 3328 1718 3374 Sequitur,
1751 3332 1792 3363 ut
1814 3328 2011 3367 videamus,
2045 3335 2081 3358 111
2114 3323 2258 3375 quibus·
2274 3331 2390 3374 causls

1307 3375 1426 3410 locum
1449 3374 1583 3409 habeat
1605 3383 1692 3409 exce
1718 3373 1768 3408 tio
1793 3376 1829 3408 et
1853 3372 1981 3417 quibus
2010 3378 2170 3414 personls
2201 3367 2390 3402 obiciatur.

1310 3423 1345 3454 et
1376 3418 1520 3464 quidem
1548 3418 1639 3454 illud
1670 3385 1911 3454 adnotandum
1942 3418 2014 3457 est,
2049 3412 2152 3466 ‘quod
2188 3411 2391 3456 specialiter

1309 3464 1577 3510 exprimendum
1600 3466 1672 3506 est,
1700 3464 1744 3499 de
1769 3463 1870 3498 cuius
1894 3461 1974 3495 dolo
1999 3469 2077 3503 quis
2102 3460 2286 3502 queratur,
2317 3466 2390 3491 non

1308 3509 1347 3544 in
1374 3519 1450 3545 rem
1480 3509 1523 3545 ‘si
1551 3509 1590 3545 in
1620 3519 1665 3545 ea
1694 3518 1734 3544 re
1763 3506 1893 3542 1111111Μ
1926 3505 2007 3540 dolo
2036 3503 2129 3538 malo
2154 3501 2288 3537 factum
2311 3501 2390 3543 est’,

156 3630 196 3670 (1)
221 3627 363 3660 conveni
373 3627 408 3659 F
411 3625 427 3646 ²
498 3627 540 3667 (2)
566 3627 600 3660 et
610 3625 700 3668 quod
711 3625 938 3659 venditionem
947 3625 1162 3668 praecesserit
1173 3625 1234 3658 del.

157 3675 199 3711 (3)
225 3674 269 3717 cs.
281 3673 326 3706 D.
340 3673 396 3714 41,
408 3679 436 3714 3,
448 3679 484 3705 45
493 3684 545 3715 pr.
649 3672 693 3713 (4)
718 3671 943 3704 dinumeritur
955 3670 990 3704 F
1074 3672 1118 3713 (5)
1140 3680 1236 3713 prae-

155 3717 272 3751 stitum
286 3710 318 3750 P
375 3717 421 3759 (6)
445 3715 542 3749 illum
554 3715 626 3758 illo]
639 3716 724 3749 olam
735 3716 964 3755 1110(ει“ηιίἰίισν
975 3716 1160 3760 Schultiny)
1173 3727 1236 3748 scr.

158 3765 201 3804 (τ)
219 3763 278 3795 tua
302 3764 363 3796 ins.
382 3763 455 3796 edd.
550 3763 597 3804 (8)
620 3761 742 3794 videris
761 3760 960 3794 consensisse
975 3773 1037 3795 scr.

1139 3761 1186 3801 (9)
1209 3760 1240 3792 is
1309 3760 1365 3801 51,
1378 3765 1395 3792 4

1309 3622 1401 3666 emit]
1422 3622 1532 3656 emisti
1551 3622 1705 3666 Krueyer
1797 3620 1855 3658 (ιο)
1880 3617 1968 3650 unde
1987 3616 2096 3649 emisti
2113 3614 2183 3657 aut]
2202 3614 2291 3666 quod
2303 3612 2389 3656 apud

1309 3678 1385 3700 eum
1397 3668 1464 3700 fuit
1474 3681 1535 3702 scr.
1619 3669 1673 3706 (11)
1699 3663 1903 3698 vendendam
1916 3663 1949 3694 F
2028 3663 2086 3701 (12)
2111 3660 2161 3692 rei
2172 3659 2314 3692 traditae
2327 3660 2387 3694 del.

1356 3716 1414 3754 (13)
1439 3714 1503 3746 Ed.
1518 3719 1604 3751 1...s;
1630 3711 1709 3744 Sub.
1726 3715 1827 3747 9...11;
1850 3708 1932 3751 Pap.
1949 3714 2069 3745 12...1e;
2089 3706 2177 3748 App.
2190 3712 2291 3739 17.—
2307 3705 2378 3737 Bas

1486 3759 1544 3800 (14)
1570 3756 1657 3790 nihil
1670 3767 1728 3789 om.
1744 3755 1779 3787 F
