2528 3918
138 125 196 155 ΕΤ
224 125 583 157 FlDElOOMMlSSlS

139 240 262 280 sisset,
295 237 420 273 deinde
445 237 622 273 secundus
655 237 757 273 heres
783 238 938 282 scriptus
963 236 1090 272 fuisset
1121 240 1156 272 et
1179 237 1225 272 ab

138 296 180 321 eo
204 285 319 328 legata
343 282 385 325 ei,
411 283 472 328 qui
495 282 563 318 sub
580 282 789 318 condicione
812 283 915 318 heres
936 282 1120 318 institutus
1137 282 1224 318 fuis-

139 333 204 371 set,
228 328 352 363 relicta
377 330 496 362 essent
517 327 619 372 isque
642 328 721 363 viva
743 331 856 363 matre
881 328 1102 370 decessisset,
1125 330 1225 374 post-

138 385 244 420 quam
268 373 342 408 dies
366 373 399 408 10
424 373 473 407 ati
506 373 670 416 cesserit,
705 374 905 418 quaesitum
930 377 1002 415 est,
1035 384 1081 408 an
1105 372 1227 408 heredi

138 420 212 455 eius
243 418 362 463 legata
419 419 618 453 eberentur.
673 419 791 454 verius
830 422 885 453 est
914 418 1071 463 legatum
1105 417 1227 454 heredi

137 464 268 506 deberi,
294 463 366 499 sive
381 473 470 509 pure
486 473 508 498 a
528 463 722 499 substituto
735 464 890 508 legatum
907 463 1029 498 datum
1043 468 1096 499 est
1112 464 1225 508 primo

136 509 257 545 heredi
281 509 354 544 sive
377 509 443 544 sub
468 508 536 544 hac
562 509 770 544 condicione
794 509 835 544 ‘si
867 509 969 544 heres
1001 520 1072 544 non
1095 508 1226 551 fuerit’,

138 559 155 589 7
205 555 289 600 quia
312 554 487 589 moriente
512 564 552 589 eo
579 554 742 589 condicio
766 554 943 599 impletur.
993 554 1031 590 Si
1054 564 1179 590 socero
1205 563 1228 589 a

161 610 265 636 enero
290 609 355 635 suo
380 598 508 634 herede
527 599 690 635 instituto
707 609 792 644 pars
809 599 1015 634 hereditatis
1034 600 1093 634 alii
1109 599 1228 644 legata

136 611 273 687 fuisset,
298 644 453 680 deducta
477 644 561 679 dote
585 654 665 679 eum
682 643 886 680 debiturum
910 655 988 680 esse
1008 648 1147 690 partem
1163 645 1226 680 he-

136 690 298 725 reditatis
322 690 475 734 legatam
500 689 653 725 Sabinus
685 690 881 735 respondit,
916 690 1225 735 quemadmodum,

137 736 167 771 si
198 735 353 781 pecunia
385 745 427 769 ex
464 735 590 770 crediti
629 745 740 770 causa
772 745 896 771 socero
936 735 1058 770 debita
1088 735 1226 778 fuisset,

137 791 180 817 ea
204 779 359 815 deducta
381 783 521 826 partem
544 780 750 816 hereditatis
775 780 925 816 daturus
949 781 1086 816 fuisset.

186 824 264 863 105
289 824 397 860 IDEM
425 825 515 861 libro
576 826 667 861 rimo
699 836 750 861 ex
772 825 923 861 Minicio
977 826 1154 871 Legatum
1176 825 1228 861 ita

138 874 230 906 erat:
257 874 361 915 ‘quae
384 870 519 906 Lucius
576 870 658 906 itius
681 870 767 906 mihi
791 871 908 913 debet,
935 881 978 906 ea
1001 871 1103 907 heres
1127 881 1227 907 meus

138 916 313 951 ‘Cornelio
346 915 433 951 dare
466 916 614 951 damnas
638 916 740 951 esto‘.
796 916 883 951 nihil
913 916 1065 962 amplius
1090 927 1134 953 ex
1157 917 1227 952 hoc

136 962 252 1007 legato
278 971 384 1006 quam
408 961 568 996 actiones
593 971 677 996 suas
701 962 805 996 heres
829 965 1015 1006 praestare
1039 962 1156 998 debet.

185 1004 264 1044 106
289 1006 471 1041 ALFENUS
499 1005 623 1042 maus
648 1006 739 1042 libro
769 1006 927 1042 secundo
958 1006 1179 1054 diqestorum
1204 1018 1227 1043 a

137 1051 193 1087 ΡΑ
201 1061 271 1087 ULo
304 1052 579 1098 epitomatorum
647 1051 683 1086 Si
727 1052 764 1087 in
806 1055 1019 1088 testamento
1055 1053 1227 1098 scriptum

138 1100 250 1133 esset:
285 1097 400 1132 ‘heres
431 1107 531 1132 meus
565 1107 693 1132 aureos
729 1100 872 1133 centum
902 1097 1042 1133 Licinio
1078 1098 1226 1133 damnas

137 1143 237 1178 ‘esto'
285 1152 398 1187 neque
442 1141 692 1187 adscripsisset
739 1142 864 1184 ‘dare’‚
910 1142 1030 1178 deberi
1072 1144 1227 1188 legatum

138 1190 292 1224 constat.

186 1231 263 1271 107
290 1233 516 1268 Ammazws
537 1232 627 1267 libro
651 1231 809 1268 seeundo
834 1233 1084 1278 quaestionum
1145 1232 1183 1266 Si
1207 1242 1229 1267 a

137 1279 301 1325 pluribus
332 1277 524 1312 heredibus
562 1277 680 1322 legata
719 1277 791 1312 sint
829 1287 942 1322 eaque
973 1287 1066 1312 unus
1098 1287 1142 1312 ex
1173 1277 1228 1312 his

136 1323 344 1369 praecipere
367 1322 533 1357 iubeatur
557 1325 593 1356 et
616 1326 810 1367 praestare,
835 1323 871 1357 in
895 1325 1076 1368 potestate
1093 1332 1227 1364 eorum,

137 1369 266 1415 quibus
290 1368 337 1403 sit
360 1368 526 1412 legatum,
552 1367 681 1403 debere
706 1377 783 1403 esse
814 1367 884 1411 ait,
920 1371 1087 1403 utrumne
1110 1377 1133 1402 a
1156 1367 1228 1403 sin-

135 1414 227 1459 gulis
251 1412 440 1448 heredibus
456 1416 578 1457 petere
601 1412 710 1447 velint
730 1423 777 1447 an
801 1413 847 1448 ab
864 1423 918 1456 eo,
944 1413 1004 1458 qui
1020 1412 1229 1458 praecipere

136 1459 183 1494 sit
205 1459 344 1493 iussus:
381 1458 504 1502 itaque
528 1468 607 1492 eum
632 1458 691 1502 qui
715 1458 921 1502 praecipere
944 1458 1062 1493 iussus
1088 1462 1143 1493 est
1167 1468 1227 1493 ca-

135 1514 216 1539 vere
252 1503 383 1538 debere
426 1502 661 1538 coheredibus
704 1502 888 1538 indemnes
933 1513 995 1539 eos
1037 1503 1226 1548 praestari.

139 1553 153 1584 1
205 1548 244 1584 Si
268 1548 346 1593 quis
364 1557 514 1589 servum,
541 1548 600 1583 cui
615 1548 750 1592 aliquid
773 1548 849 1583 sine
866 1548 1032 1583 libertate
1047 1548 1227 1593 legaverit,

136 1605 217 1630 cum
241 1593 411 1628 morietur
434 1593 512 1638 ipse
535 1603 669 1635 servuS,
694 1593 798 1638 leget,
823 1593 965 1628 minime
981 1593 1228 1635 dubitandum,

136 1639 221 1684 quin
256 1638 345 1673 utile
376 1638 531 1682 legatum
573 1637 735 1672 futurum
767 1638 824 1681 sit,
858 1642 1048 1684 propterea
1080 1639 1228 1681 scilicet,

136 1684 232 1730 quod
255 1684 427 1718 moriente
451 1693 552 1718 servo
568 1683 606 1717 id
619 1683 714 1728 quod
728 1683 798 1728 ipsi
821 1684 976 1728 legatum
993 1684 1061 1719 erit
1085 1683 1130 1719 ad
1148 1694 1228 1719 eum

136 1729 195 1765 cui
218 1729 230 1763 i
259 1739 296 1764 se
321 1728 460 1773 legatus
483 1727 593 1763 fuerit
615 1733 869 1773 perventurum
893 1729 949 1764 sit.

185 1773 235 1812 10
278 1773 384 1808 IDEM
395 1774 486 1809 libro
498 1774 625 1825 quinto
638 1774 888 1819 quaestionum
903 1774 941 1809 Si
953 1784 1076 1809 servus
1089 1774 1228 1818 legatus

134 1820 213 1855 vivo
237 1822 410 1854 testatore
434 1818 567 1863 fugisse
591 1818 741 1860 dicatur,
769 1822 805 1854 et
827 1818 989 1864 impensa
1013 1822 1048 1854 et
1095 1819 1227 1854 ericulo

136 1865 213 1900 eius
228 1864 286 1900 cui
297 1863 435 1908 legatus
448 1863 494 1898 sit
510 1863 612 1898 reddi
626 1865 635 1884 ¹
656 1863 772 1906 debet,
795 1864 963 1909 quoniam
981 1874 1057 1899 rem
1068 1830 1229 1908 legatam

136 1921 177 1946 eo
201 1910 281 1945 loco
306 1912 490 1953 praestare
513 1909 616 1943 heres
649 1908 796 1950 debeat,
830 1909 868 1944 in
900 1920 969 1954 quo
1004 1919 1026 1944 a
1056 1912 1230 1944 testatore

138 1960 152 1989 1
204 1955 252 1990 sit
275 1954 412 1989 relicta.
460 1953 497 1988 Si
520 1953 558 1988 id
582 1953 678 1998 quod
702 1964 747 1988 ex
770 1957 984 1989 testamento
1008 1954 1095 1989 mihi
1119 1954 1227 1989 debes

135 2000 284 2045 quilibet
317 1999 407 2033 alius
440 2009 542 2034 servo
574 2009 651 2034 meo
686 1998 889 2042 donaverit,
921 1999 1080 2035 manebit
1112 1999 1229 2035 adhuc

135 2045 221 2080 mihi
238 2055 282 2080 ex
294 2047 506 2080 testamento
527 2044 621 2079 actio
639 2048 676 2078 et
691 2044 854 2086 maxime,
873 2045 903 2079 si
919 2044 1099 2089 ignorem²
1114 2054 1229 2080 meam

135 2090 269 2126 factam
294 2099 389 2125 esse:
415 2088 573 2134 alioquin
591 2099 812 2134 consequens
837 2090 913 2129 erit,
938 2093 978 2124 ut
995 2090 1112 2132 etiam,
1136 2090 1167 2125 si
1190 2094 1229 2125 tu

134 2136 213 2181 ipse
245 2145 347 2171 servo
379 2144 458 2169 meo
491 2144 569 2169 eam
594 2134 799 2177 donaveris,
834 2135 944 2170 invite
970 2145 1026 2170 me
1049 2135 1227 2170 libereris:

137 2180 232 2226 quod
255 2180 353 2215 nullo
377 2179 483 2214 modo
508 2179 752 2224 recipiendum
777 2183 849 2222 est,
887 2179 1029 2224 quando
1062 2190 1108 2215 ne
1131 2180 1227 2215 solu-

137 2229 156 2260 2
203 2225 301 2261 tione
325 2224 466 2269 quidem
483 2223 592 2259 invito
611 2235 667 2259 me
691 2224 789 2260 facta
803 2225 976 2260 libereris.
1018 2225 1106 2260 Cum
1122 2225 1227 2261 homo

136 2270 232 2306 Titio
256 2270 394 2314 legatus
420 2273 524 2311 esset,
561 2269 762 2314 quaesitum
786 2273 858 2313 est,
891 2274 1010 2305 utrum
1042 2270 1229 2306 arbitrium

135 2316 274 2351 heredis
299 2318 354 2350 est
378 2325 480 2360 quem
499 2314 584 2349 velit
599 2314 708 2349 dandi
733 2326 780 2350 an
806 2315 927 2360 potius
952 2315 1124 2360 legatarii.
1171 2326 1227 2351 re-

136 2361 264 2406 spondi
286 2360 403 2395 verius
428 2359 499 2395 dici
522 2359 730 2395 electionem
762 2360 836 2395 eius
862 2371 958 2404 esse,
985 2361 1044 2396 cui
1066 2364 1228 2407 potestas

137 2409 156 2441 3
204 2406 251 2442 sit
273 2416 344 2450 qua
368 2405 509 2440 actione
532 2405 586 2440 uti
609 2404 704 2448 velit,
735 2405 772 2440 id
796 2409 850 2441 est
873 2406 1045 2451 legatarii.
1092 2406 1227 2441 Huius—

135 2451 232 2486 modi
254 2450 409 2495 legatum
434 2449 496 2484 ‘illi
519 2454 582 2484 aut
604 2450 673 2492 illi,
708 2454 790 2485 uter
814 2461 936 2486 eorum
959 2451 1058 2496 prior
1082 2451 1227 2496 Capito-

137 2496 235 2531 ‘lium
268 2494 480 2531 ascenderit’
512 2495 599 2530 utile
623 2505 702 2531 esse
726 2495 879 2531 evidenti
910 2499 1118 2541 argumento
1143 2507 1227 2541 pro-

135 2541 216 2577 bari
239 2541 301 2583 ait,
326 2540 422 2585 quod
446 2543 586 2575 constet
609 2551 713 2575 usum
736 2540 893 2576 fructum
913 2541 1048 2576 libertis
1072 2542 1228 2586 legatum

137 2590 173 2622 et
183 2587 197 2608 ³
221 2586 281 2631 qui
300 2596 422 2621 eorum
438 2585 673 2630 supervixerit
688 2587 943 2631 proprietatem
959 2586 1094 2622 utiliter
1106 2587 1227 2631 legari.

137 2631 245 2676 idque
271 2634 306 2666 et
330 2630 374 2666 de
397 2630 528 2665 herede
551 2630 771 2666 instituendo
796 2631 986 2666 dicendum
1003 2632 1227 2667 existimavit.

137 2680 158 2711 4
207 2676 380 2718 Stichum,
406 2686 511 2720 quem
535 2675 579 2710 de
602 2679 638 2710 te
662 2675 856 2720 stipulatus
882 2686 990 2718 eram,
1015 2676 1130 2712 Titius
1154 2687 1177 2712 a
1193 2681 1229 2713 te

138 2721 268 2756 herede
291 2721 376 2755 mihi
399 2720 546 2765 legavit:
572 2720 603 2755 si
619 2720 761 2765 quidem
778 2732 850 2755 non
868 2731 912 2756 ex
927 2721 1103 2757 lucrativa
1119 2732 1230 2757 causa

138 2767 184 2802 sti
211 2767 322 2801 ulatio
346 2765 559 2808 intercessit,
583 2765 671 2800 utile
694 2766 850 2810 legatum
874 2776 951 2801 esse
970 2767 1149 2810 placebat,
1175 2767 1230 2802 sin

139 2821 159 2847 3
207 2811 365 2853 uabus⁴,
398 2814 485 2845 tunc
510 2810 620 2855 magis
651 2811 771 2856 placet
799 2811 925 2846 inutile
961 2822 1039 2847 esse
1062 2812 1229 2856 legatum,

139 2856 223 2902 quia
246 2866 312 2891 nec
337 2856 431 2891 absit
454 2856 643 2901 quicquam
667 2867 733 2891 nec
752 2856 808 2892 bis
833 2856 956 2891 eadem
980 2867 1037 2891 res
1079 2858 1231 2892 raestari

140 2905 158 2935 5
206 2902 331 2946 possit.
381 2900 451 2936 Sed
474 2901 515 2943 si,
541 2911 621 2935 cum
645 2901 729 2936 mihi
753 2912 798 2937 ex
820 2905 1033 2937 testamento
1087 2902 1140 2937 itii
1158 2902 1229 2937 Sti-

140 2947 246 2982 chum
270 2946 430 2988 deberes,
459 2945 609 2981 eundem
633 2957 655 2981 a
678 2951 714 2981 te
737 2946 868 2982 herede
892 2947 1121 2992 Sempronius
1146 2947 1231 2982 mihi

138 2991 307 3035 legaverit
338 2991 490 3035 fideique
527 3001 628 3026 meae
671 2992 904 3035 commiserit,
936 2996 977 3027 ut
1010 3002 1091 3027 eum
1122 2992 1230 3028 alicui

139 3036 336 3078 restituam,
360 3037 515 3080 legatum
530 3036 616 3071 utile
633 3036 708 3078 erit,
735 3037 820 3081 quia
836 3047 908 3072 non
925 3048 1004 3072 sum
1019 3037 1227 3072 habiturus:

139 3080 235 3115 idem
257 3081 343 3116 iuris
368 3081 437 3116 erit
460 3084 497 3116 et
520 3081 551 3116 si
573 3081 762 3126 pecuniam
786 3092 809 3117 a
824 3092 881 3117 me
904 3083 1090 3126 legaverit:
1116 3083 1229 3117 multo

141 3125 269 3169 magis,
301 3126 332 3161 si
365 3126 402 3161 in
433 3126 551 3171 priore
582 3130 796 3162 testamento
828 3127 1139 3162 fideicommissum
1171 3127 1228 3162 sit.

141 3170 226 3204 item
249 3170 279 3205 si
300 3170 338 3205 in
386 3171 480 3206 riore
499 3174 711 3206 testamento
729 3172 913 3207 Falcidiae
930 3173 1032 3207 locus
1052 3173 1108 3215 sit,
1135 3172 1230 3217 quod

141 3214 224 3249 inde
247 3215 345 3251 absci
371 3216 398 3250 't
427 3216 590 3252 ratione⁵
613 3216 813 3259 Falcidiae,
851 3228 893 3252 ex
925 3218 1087 3262 sequenti
1118 3221 1228 3252 testa-

145 3261 165 3293 6
193 3264 329 3310 ⁴mento
354 3271 461 3296 conse
486 3272 563 3296 uar.
611 3261 701 3297 Item
720 3262 751 3297 si
766 3262 908 3297 domino
925 3263 1029 3298 heres
1047 3263 1228 3304 exstitero,

144 3314 204 3354 qui
228 3314 300 3338 non
323 3308 416 3340 esset
438 3316 477 3341 so
493 3306 625 3349 vendo,
659 3307 759 3342 cuius
790 3307 942 3343 fundum
971 3311 1012 3343 tu
1035 3307 1121 3343 mihi
1145 3307 1231 3344 dare

143 3358 261 3383 iussus
284 3359 391 3392 esses,
415 3351 572 3386 manebit
595 3355 659 3387 tua
682 3352 863 3397 obligatio,
888 3353 981 3388 sicut
1003 3357 1174 3394 maneret,
1200 3352 1231 3387 si

146 3396 163 3426 7
197 3403 293 3444 ’eum
315 3393 465 3429 fundum
489 3396 660 3432 emissem.
708 3397 744 3431 Si
767 3398 819 3432 ita
842 3398 1015 3442 scriptum
1032 3399 1116 3433 erit:
1142 3401 1229 3432 ‘am-

146 3440 155 3456 ‘
182 3437 251 3489 hus
275 3448 381 3482 quam
396 3439 489 3475 Titio
506 3441 621 3485 legavi
639 3442 741 3477 heres
768 3453 868 3477 meus
886 3442 965 3478 Seio
986 3443 1108 3478 decem
1125 3442 1229 3484 dato‘,

170 3482 380 3517 ub1tandum
414 3494 486 3536 non
517 3486 604 3528 erit,
641 3487 725 3531 quin
754 3491 790 3522 et
813 3487 908 3522 Titio
941 3498 1045 3523 suum
1075 3488 1230 3532 legatum

145 3531 290 3562 maneat
313 3533 349 3562 et
375 3527 454 3563 Seio
478 3530 565 3564 nihil
589 3531 683 3566 ultra
707 3531 829 3566 decem
861 3532 1053 3568 debeatur:
1087 3543 1170 3567 nam
1194 3536 1231 3567 et

147 3642 186 3681 (1)
212 3641 327 3673 reduci
338 3653 400 3674 scr.
483 3645 526 3682 (2)
550 3653 620 3675 rem
633 3645 692 3678 ins.
706 3645 888 3688 Hoffmann
973 3647 1014 3684 (3)
1039 3656 1103 3677 usu
1115 3645 1228 3677 fructu

145 3685 278 3718 libertis
290 3686 403 3727 legato
416 3686 448 3718 ei
460 3699 522 3719 scr.
654 3690 696 3730 (4)
721 3700 761 3721 ex
769 3702 832 3732 pro
845 3700 862 3721 e
876 3689 937 3728 F2,
949 3691 997 3723 sic
1013 3693 1081 3728 fere
1093 3691 1228 3733 supple.-

147 3731 200 3762 sin
211 3733 298 3772 e[um
308 3731 483 3763 habiturus
493 3742 565 3763 sum
578 3742 616 3764 ex
626 3735 735 3766 causis
745 3734 932 3775 lucrativis]
942 3734 1071 3767 duabus
1118 3736 1161 3774 (5)
1176 3745 1227 3766 ra-

1222 110 1306 158 427

1296 3646 1346 3676 tio
1357 3657 1419 3677 scr.

2261 114 2388 156 XXX

1295 236 1466 272 usitatum
1490 236 1565 271 fere
1588 240 1643 271 est
1666 235 1717 271 sic
1741 236 1875 281 legare:
1911 236 2035 271 ‘Lucio
2061 235 2155 271 Titio
2181 239 2236 271 tot
2260 240 2296 271 et
2318 236 2387 271 hoc

1296 284 1316 316 8
1365 281 1531 326 ‘amplius
1555 280 1660 316 uxori
1684 284 1720 316 et
1736 280 1856 316 liberis
1881 282 1956 316 eius
1980 281 2058 316 tot’.
2109 280 2146 316 Si
2164 281 2196 316 ei
2220 281 2278 316 cui
2302 281 2387 316 nihil

1295 327 1450 372 legatum
1475 331 1530 362 est
1553 336 1635 361 cum
1659 326 1727 360 hac
1752 326 1973 362 adiectione⁶
2009 327 2089 361 ‘hoc
2124 326 2288 371 amplius'
2321 326 2386 361 ali-

1296 372 1380 417 quid
1403 372 1558 416 legetur,
1591 371 1733 406 minime
1758 371 1992 406 dubitandum
2018 376 2090 413 est,
2124 372 2207 417 quin
2232 371 2269 406 id
2317 372 2388 407 uod

1293 417 1345 452 ita
1368 416 1537 461 legaverit
1561 415 1752 451 debeatur:
1784 417 1966 461 multoque
1997 416 2113 451 minus
2139 416 2286 452 dubitan
2316 428 2386 459 um,

1295 462 1325 497 si
1349 463 1395 498 ab
1420 472 1462 498 eo
1495 461 1556 506 qui
1587 460 1675 496 nihil
1708 461 1794 496 mihi
1818 461 1925 497 debet
1959 461 2010 495 ita
2041 462 2231 506 stipulatus
2262 461 2386 498 fuero:

1296 510 1365 542 ‘am
1392 507 1460 543 lius
1485 516 1593 552 quam
1616 506 1702 541 mihi
1719 506 1827 541 debes
1845 506 1967 542 decem
1985 506 2069 540 dare
2086 507 2278 551 spondes’?
2302 507 2387 553 quin

1295 556 1316 587 9
1388 562 1485 588 ecem
1518 552 1726 587 debeantur.
1784 551 1821 586 Si
1856 561 1977 587 servus
2013 551 2149 587 alienus
2184 552 2274 587 liber
2309 562 2388 588 esse

1295 598 1414 634 iussus
1439 601 1475 633 et
1499 597 1636 641 legatus
1662 597 1719 639 sit,
1769 597 1817 632 eti
1841 607 1922 632 eum
1955 607 1999 632 ex
2030 596 2145 641 legato
2179 608 2284 643 posse
2316 598 2385 632 ait:

1295 654 1378 678 nam
1403 654 1485 678 cum
1508 643 1656 677 libertas
1681 642 1743 677 nul
1760 642 1813 677 'us
1830 641 1999 678 momenti
2017 642 2074 684 sit,
2100 642 2292 678 absurdum
2310 653 2388 678 esse

1295 699 1360 733 per
1383 698 1463 724 eam
1486 688 1642 732 legatum
1660 687 1843 729 infirmari,
1869 687 1965 732 quod
1986 686 2142 731 alioquin
2159 688 2302 731 valeret,
2329 690 2387 723 et⁷

1300 737 1339 768 10
1387 733 1418 768 si
1453 733 1568 768 solum
1601 732 1724 767 datum
1755 732 1895 768 fuisset.
1951 732 2019 776 Qui
2052 733 2207 777 quinque
2240 733 2277 768 in
2302 744 2389 768 arca

1295 779 1454 814 habebat
1477 778 1529 813 ita
1545 778 1675 822 legavit
1691 778 1747 813 vel
1764 777 1950 823 stipulanti
1965 777 2128 822 promisit
2145 778 2280 813 ‘decem
2298 788 2390 823 quae

1296 825 1346 859 ‘in
1369 833 1456 859 arca
1478 823 1627 858 habeo’:
1654 826 1690 858 et
1715 823 1871 868 legatum
1896 827 1931 859 et
1955 822 2138 867 stipulatio
2163 823 2305 865 valebit,
2337 824 2389 858 ita

1296 873 1436 912 tamen,
1468 872 1510 903 ut
1540 868 1619 903 sola
1651 868 1806 913 quinque
1837 867 1892 903 vel
1923 878 1966 903 ex
1998 868 2228 912 stipulatione
2259 869 2313 903 vel
2345 879 2390 903 ex

1296 917 1510 951 testamento
1535 912 1745 949 debeantur.
1793 917 1834 948 ut
1850 924 1932 949 vero
1951 913 2107 958 quinque
2132 923 2223 958 quae
2239 913 2390 949 deerunt

1298 971 1342 996 ex
1364 962 1579 995 testamento
1603 958 1679 1004 peti
1702 959 1859 1004 possint,
1892 959 1951 994 vix
1982 959 2072 993 ratio
2098 959 2275 1002 patietur:
2308 969 2389 993 nam

1297 1004 1559 1051 quodammodo
1585 1007 1721 1039 certum
1747 1014 1897 1049 corpus,
1931 1003 2027 1049 quod
2060 1004 2095 1037 in
2120 1014 2237 1038 rerum
2262 1008 2391 1039 natura

1297 1061 1369 1086 non
1402 1050 1468 1092 sit,
1498 1049 1655 1093 legatum
1686 1048 1836 1084 videtur.
1893 1049 1990 1094 quod
2021 1048 2051 1084 si
2082 1048 2206 1084 mortis
2230 1052 2390 1093 tempore

1296 1096 1405 1141 plena
1430 1105 1568 1130 summa
1591 1094 1736 1129 fuerat⁸
1760 1097 1796 1129 et
1819 1098 1946 1146 postea
1969 1094 2017 1129 ali
2042 1093 2115 1129 uod
2139 1104 2183 1128 ex
2208 1104 2250 1129 ea
2283 1094 2389 1138 depe-

1300 1144 1338 1176 11
1387 1140 1498 1182 rierit,
1535 1140 1611 1175 sine
1636 1138 1744 1175 dubio
1769 1139 1835 1175 soh
1859 1139 1982 1175 heredi
2039 1139 2159 1184 eperit.
2209 1139 2246 1173 Si
2269 1149 2390 1174 servus

1296 1186 1435 1230 legatus
1460 1185 1507 1221 sit
1530 1189 1566 1220 et
1589 1195 1725 1220 moram
1757 1184 1861 1220 heres
1884 1184 2028 1226 fecerit,
2061 1184 2219 1229 periculo
2256 1185 2331 1219 eius
2357 1187 2392 1218 et

1297 1231 1382 1266 vivit
1405 1234 1440 1266 et
1464 1230 1618 1266 deterior
1641 1229 1693 1272 fit,
1718 1233 1769 1272 ut,
1795 1230 1825 1265 si
1844 1230 1994 1265 debilem
2009 1230 2101 1264 forte
2124 1229 2257 1271 tradat,
2282 1229 2391 1264 nihilo

1302 1279 1341 1311 12
1389 1276 1507 1311 minus
1532 1279 1707 1310 teneatur.
1757 1276 1847 1309 Cum
1881 1275 1966 1320 quid
1989 1275 2054 1310 tibi
2089 1275 2243 1319 legatum
2267 1274 2393 1309 fideive

1296 1325 1382 1357 tuae
1406 1321 1634 1356 commissum
1658 1320 1715 1361 sit,
1741 1324 1782 1355 ut
1804 1320 1890 1355 mihi
1914 1320 2094 1362 restituas,
2120 1320 2149 1355 si
2174 1320 2314 1364 quidem
2339 1319 2392 1354 ni-

1297 1367 1347 1402 hil
1382 1372 1569 1412 praeterea
1600 1375 1645 1400 ex
1676 1368 1889 1400 testamento
1923 1366 2063 1410 capias,
2107 1364 2228 1400 dolum
2260 1365 2393 1399 malum

1299 1412 1487 1447 dumtaxat
1508 1411 1546 1446 in
1570 1410 1742 1455 exigendo
1768 1421 1808 1446 eo
1834 1411 1963 1455 legato,
1996 1410 2154 1455 alioquin
2186 1410 2292 1445 etiam
2317 1410 2392 1445 cul-

1297 1468 1382 1503 pam
1405 1460 1442 1492 te
1465 1456 1552 1491 mihi
1602 1459 1763 1491 raestare
1799 1455 1929 1491 debere
1962 1456 2194 1491 existimavit:
2231 1456 2326 1490 sicut
2356 1455 2395 1490 in

1299 1502 1546 1538 contractibus
1590 1501 1646 1536 dei
1665 1501 1782 1537 bonae
1798 1504 1971 1543 servatur,
1989 1504 2040 1543 ut,
2059 1501 2089 1536 si
2102 1501 2243 1546 quidem
2259 1501 2394 1536 utrius-

1299 1559 1368 1600 que
1394 1546 1639 1582 contrahentis
1665 1546 1889 1581 commodum
1921 1550 2100 1589 versetur,
2134 1547 2241 1581 etiam
2274 1546 2395 1591 culpa,

1299 1593 1379 1629 sm⁹
1398 1592 1504 1627 unius
1521 1592 1643 1634 solius,
1666 1591 1768 1626 dolus
1786 1592 1899 1627 malus
1915 1591 2162 1627 tantummodo
2204 1594 2393 1626 raestetur.

1302 1641 1342 1674 13
1391 1637 1459 1681 Qui
1482 1636 1678 1681 margarita
1695 1636 1788 1672 Titio
1839 1637 1957 1681 ignori
1981 1636 2138 1678 dederat,
2190 1637 2275 1671 lium
2290 1636 2393 1671 here-

1299 1683 1379 1719 dem
1402 1682 1559 1717 instituit
1583 1685 1619 1716 et
1641 1681 1752 1716 filiam
1777 1692 1795 1717 e
1847 1681 2016 1724 eredavit,
2049 1681 2177 1716 deinde
2201 1682 2252 1716 ita
2277 1681 2392 1716 cavit:

1300 1733 1358 1771 ‘te,
1384 1727 1468 1769 Titi,
1493 1737 1579 1779 rogo
1605 1726 1758 1771 fideique
1782 1730 1867 1762 tuae
1893 1727 2086 1769 committo,
2111 1727 2165 1762 uti
2188 1726 2391 1771 margarita,

1299 1777 1402 1819 ‘quae
1425 1772 1490 1808 tibi
1513 1772 1652 1817 plgnori
1668 1771 1761 1813 dedi,
1785 1772 1918 1807 vendas
1936 1776 1972 1807 et
1985 1771 2137 1807 deducto
2156 1772 2252 1807 omni
2275 1771 2392 1807 debito

1298 1821 1372 1854 ‘tuo
1398 1817 1495 1863 quod
1519 1817 1671 1862 amplius
1697 1817 1765 1852 erit
1787 1817 1824 1852 id
1848 1828 1952 1852 omne
1967 1817 2062 1852 filiae
2085 1827 2186 1852 meae
2201 1817 2391 1852 restituas'.

1299 1874 1344 1899 ex
1369 1873 1411 1898 ea
1436 1863 1617 1907 scriptura
1634 1862 1744 1897 filiam
1761 1872 1783 1897 a
1799 1862 1914 1897 fratre
1930 1862 2012 1897 fidei
2031 1862 2255 1897 commissum
2273 1866 2395 1907 petere

1299 1919 1416 1954 posse,
1442 1911 1483 1943 ut
1498 1908 1529 1943 is
1546 1907 1707 1943 actiones
1725 1918 1810 1942 suas
1835 1907 2006 1943 adversus
2027 1907 2226 1942 debitorem
2243 1907 2274 1941 ei
2289 1917 2394 1952 prae-

1299 1957 1431 1989 staret:
1456 1953 1526 1988 hoc
1552 1952 1644 1988 enim
1669 1963 1755 1987 casu
1781 1963 1872 1994 eum,
1898 1952 1958 1997 qui
1983 1952 2139 1987 creditor
2162 1952 2300 1994 fuisset,
2333 1952 2394 1995 de-

1298 1999 1451 2035 bitorem
1494 1997 1769 2042 intellegendum
1806 1998 1881 2032 eius
1918 1998 2073 2041 scilicet,
2110 1997 2206 2042 quod
2241 1998 2395 2042 pretium

1302 2048 1343 2079 14
1389 2043 1549 2089 pignoris
1585 2053 1760 2078 summam
1801 2042 1910 2078 debiti
1941 2043 2101 2078 excedat.
2157 2042 2241 2077 Non
2276 2047 2395 2078 autem

1299 2089 1511 2131 mirandum,
1537 2089 1578 2131 si,
1604 2098 1687 2123 cum
1711 2088 1803 2123 alius
1827 2092 1976 2132 rogatus
2000 2088 2057 2131 sit,
2083 2088 2174 2123 alius
2190 2087 2274 2123 fidei
2299 2099 2394 2124 com-

1298 2135 1407 2170 misso
1433 2134 1697 2178 obstringetur:
1731 2143 1814 2168 nam
1847 2137 1883 2168 et
1916 2144 1997 2168 cum
2028 2134 2065 2168 in
2097 2136 2311 2168 testamento
2344 2134 2396 2168 ita

1299 2180 1499 2215 scribatur:
1538 2182 1596 2221 ‘te,
1630 2178 1713 2221 Titi,
1746 2189 1845 2223 rog0,
1880 2182 1920 2214 ut
1944 2178 2102 2231 acceptis
2130 2182 2272 2213 centum
2296 2179 2395 2213 illum

1299 2230 1453 2261 ‘servum
1485 2223 1727 2259 manumittas'
1762 2224 1816 2259 vel
1843 2224 2064 2268 ‘Sempronio
2099 2224 2184 2268 quid
2233 2225 2393 2266 raestes',

1324 2281 1426 2305 arum
1443 2269 1585 2315 quidem
1603 2272 1687 2313 apte
1707 2268 1827 2311 scribi,
1852 2279 1975 2304 verum
1993 2279 2106 2313 aeque
2122 2235 2394 2313 inteffegendum

1296 2282 1438 2351 {eredis
1469 2314 1553 2349 fidei
1585 2313 1810 2349 commissum
1825 2340 1835 2356 ,
1870 2317 1912 2348 ut
1941 2314 2131 2359 pecuniam
2163 2314 2257 2348 Titio
2288 2324 2393 2359 prae·

1297 2363 1428 2396 staret:
1453 2359 1605 2404 ideoque
1629 2362 1666 2394 et
1687 2359 1806 2404 ipsum
1827 2359 1961 2393 Titium
1979 2370 2058 2393 cum
2083 2359 2213 2394 herede
2229 2363 2394 2394 acturum

1297 2409 1334 2442 et
1356 2406 1558 2441 libertatem
1590 2414 1692 2440 servo
1726 2404 1782 2439 vel
1813 2404 2020 2449 Sempronio
2054 2404 2148 2448 quod
2177 2414 2217 2439 ro
2243 2407 2324 2439 atus
2349 2404 2395 2439 sit

1300 2454 1340 2486 15
1388 2454 1573 2495 praestare
1597 2449 1805 2494 cogendum.
1856 2449 2003 2484 Avidius
2027 2449 2090 2483 filii
2110 2449 2166 2484 sui
2189 2448 2213 2483 fi
2240 2449 2272 2484 ei
2297 2460 2392 2485 com-

1297 2496 1404 2537 misit,
1429 2499 1471 2530 ut
1496 2499 1630 2530 certam
1653 2495 1844 2539 pecuniam
1868 2498 2040 2539 quattuor
2062 2494 2198 2529 libertis
2217 2495 2290 2529 suis
2315 2505 2392 2529 mu-

1297 2545 1397 2576 tuam
1433 2540 1536 2575 daret
1568 2544 1604 2574 et
1634 2550 1763 2575 usuras
1796 2540 1944 2575 leviores
1976 2543 2164 2574 taxaverat
2177 2540 2223 2574 ¹0:
2255 2540 2394 2584 placuit

1297 2587 1367 2622 hoc
1391 2586 1708 2621 fideicommissum
1731 2585 1821 2620 utile
1844 2588 1960 2619 totum
1984 2594 2073 2619 esse.

1348 2629 1426 2669 109
1451 2630 1561 2665 IDEM
1574 2631 1665 2667 libro
1686 2633 1791 2665 seaeto
1812 2630 2062 2675 quaestionum
2103 2628 2140 2664 Si
2181 2629 2299 2665 uando
2313 2631 2393 2675 quis

1298 2677 1404 2712 uxori
1426 2686 1513 2711 suae
1537 2686 1592 2718 ea,
1618 2686 1710 2721 quae
1740 2675 1839 2710 vivus
1868 2674 2099 2709 donaverat¹¹
2125 2685 2167 2709 vo
2183 2674 2260 2719 gari
2275 2675 2392 2718 modo,

1297 2722 1409 2766 leget,
1434 2732 1507 2757 non
1540 2721 1584 2756 de
1615 2721 1694 2756 aliis
1727 2720 1979 2755 donationibus
2010 2719 2122 2755 videri
2157 2729 2238 2754 eum
2263 2721 2394 2756 sentire

1299 2767 1359 2809 ait,
1386 2777 1493 2812 quam
1517 2766 1562 2801 de
1584 2766 1641 2800 his
1666 2775 1758 2811 quae
1781 2765 1859 2799 iure
1882 2765 2056 2800 valiturae
2079 2775 2152 2800 non
2177 2768 2279 2800 sunt:
2305 2766 2392 2801 alio-

1299 2812 1386 2856 quin
1410 2816 1446 2847 et
1469 2812 1606 2846 frustra
1628 2811 1812 2855 legaturus
1830 2810 1876 2845 sit
1889 2811 1918 2831 ¹2
1941 2813 2048 2855 atque
2073 2810 2103 2845 si
2119 2810 2170 2844 ita
2194 2811 2390 2855 exprimat:

1300 2860 1404 2901 ‘'quae
1427 2856 1532 2891 uxori
1554 2857 1632 2891 iure
1656 2855 1847 2891 donavero'
1879 2855 1935 2890 vel
1957 2855 2026 2890 ita:
2061 2858 2165 2900 ‘quae
2189 2856 2293 2891 uxori
2316 2866 2391 2890 ma-

1300 2901 1539 2936 ‘numissionis
1564 2911 1675 2936 causa
1699 2900 1890 2943 donavero,
1915 2911 1958 2935 ea
1978 2901 2009 2935 ei
2033 2900 2143 2945 lego’:
2168 2911 2251 2935 nam
2268 2901 2393 2936 inutile

1304 2950 1316 2981 1
1366 2946 1523 2991 legatum
1546 2946 1796 2981 futurumest.
1844 2945 1968 2988 Heres,
1995 2946 2096 2981 cuius
2120 2945 2204 2981 fidei
2229 2946 2390 2980 commis-

1298 3002 1377 3026 sum
1401 2995 1490 3033 erat,
1514 2995 1556 3025 ut
1579 2991 1665 3025 mihi
1687 2990 1838 3025 fundum
1855 2994 1919 3026 aut
1943 2995 2085 3026 centum
2102 2990 2216 3033 daret,
2241 2991 2390 3026 fundum

1298 3036 1394 3071 Titio
1417 3035 1592 3071 vendidit:
1617 3046 1699 3071 cum
1723 3036 1848 3071 electio
1876 3036 1909 3071 ei
1924 3036 2136 3081 relinquitur
2152 3040 2273 3071 utrum
2290 3036 2392 3070 malit

1299 3081 1416 3122 dandi,
1441 3085 1483 3116 ut
1505 3085 1625 3115 tamen
1648 3081 1799 3116 alterum
1824 3081 1975 3116 solidum
1999 3085 2177 3126 praestet,
2214 3081 2390 3125 praetoris

1299 3126 1418 3161 officio
1455 3126 1644 3161 convenire
1679 3126 1859 3168 existimo,
1896 3130 1954 3169 ut,
1992 3127 2023 3161 si
2053 3127 2242 3172 pecuniam
2275 3125 2390 3160 Titius

1299 3171 1439 3213 offerat,
1463 3171 1624 3206 inhibeat
1654 3171 1756 3206 fundi
1785 3171 2083 3216 persecutionem.
2138 3171 2190 3205 ita
2214 3170 2306 3205 enim
2330 3180 2389 3204 ea-

1299 3216 1378 3251 dem
1403 3226 1515 3251 causa
1539 3216 1827 3259 constitueretur,
1852 3226 1946 3262 quae
1968 3216 2090 3251 futura
2114 3219 2218 3257 esset,
2249 3215 2278 3249 si
2302 3215 2388 3250 alie-

1298 3265 1405 3296 natus
1436 3260 1570 3296 fundus
1610 3271 1682 3296 11011
1714 3261 1862 3303 fuisset,
1898 3262 2039 3307 quando
2077 3262 2182 3295 etiam
2218 3260 2389 3295 adversus

1297 3307 1414 3351 ipsum
1449 3305 1614 3341 heredem
1651 3306 1809 3341 officium
1842 3307 2019 3352 praetoris
2051 3306 2124 3341 sive
2156 3304 2282 3340 arbitri
2317 3304 2390 3340 tale

1299 3362 1377 3386 esse
1401 3350 1557 3392 deberet,
1582 3355 1633 3393 ut,
1659 3352 1689 3386 si
1713 3351 1846 3387 fundus
1882 3363 1954 3387 non
1977 3354 2242 3396 praestaretur,
2275 3359 2390 3394 neque

1297 3397 1411 3442 pluris
1435 3406 1551 3440 neque
1574 3396 1719 3432 minoris
1745 3407 1852 3442 quam
1877 3400 2019 3432 centum
2043 3395 2302 3430 aestimaretur.

1348 3439 1426 3478 110
1451 3441 1558 3476 IDEM
1577 3442 1668 3478 libro
1693 3446 1819 3477 octavo
1843 3442 2093 3487 quaestionum
2141 3439 2177 3473 Si
2200 3439 2304 3474 heres
2328 3449 2388 3483 ge-

1298 3486 1466 3521 neraliter
1489 3496 1630 3521 servum
1645 3497 1749 3532 quem
1773 3487 1850 3531 ipse
1864 3486 2016 3521 voluerit
2031 3485 2117 3519 dare
2134 3485 2252 3519 iussus
2271 3484 2388 3518 sciens

1298 3531 1413 3565 furem
1437 3530 1575 3566 dederit
1596 3531 1698 3577 isque
1720 3531 1856 3566 furtum
1879 3530 2050 3574 legatario
2075 3529 2211 3570 fecerit,
2237 3529 2280 3564 de
2305 3529 2387 3564 dolo

2203 3645 2245 3684 (7)
2272 3606 2305 3675 a}
2323 3644 2385 3676 dez.

2245 3689 2299 3729 (11)
2325 3688 2385 3720 do-

1526 3647 1569 3685 (6)
1593 3647 1642 3679 sic
1655 3645 1684 3678 S
1695 3658 1763 3678 cum
1777 3645 1822 3686 B,
1836 3644 1898 3675 hoc
1912 3644 2045 3675 actione
2061 3643 2098 3675 F

1297 3690 1342 3730 (8)
1367 3689 1470 3721 fuerit
1483 3689 1533 3722 F²
1611 3691 1655 3731 (9)
1680 3690 1709 3721 si
1723 3688 1774 3722 F2
1858 3690 1918 3730 (10)
1945 3690 2114 3720 texaverat
2128 3688 2164 3721 F

1297 3735 1428 3766 naverit
1441 3734 1491 3767 F²
1582 3736 1640 3775 (12)
1667 3745 1769 3776 aeque
1783 3735 1842 3767 ins.

2048 3790 2112 3821 54*
