2528 3918
164 121 356 165 XXXIII
386 124 411 165 8

163 245 260 292 quod
282 244 453 290 impendit
475 254 555 279 cum
579 254 620 279 eo
645 243 741 290 quod
764 244 905 280 domino
930 244 1089 280 debetur.
1144 255 1192 279 an
1215 248 1252 280 et

164 289 260 336 quod
290 289 455 325 dominus
486 289 688 334 scripsisset
717 298 757 325 se
787 299 888 326 servo
923 290 1068 332 debere,
1110 289 1251 335 peculio

162 335 279 380 legato
305 334 472 370 cederet?
494 333 653 416 Pffius
676 338 800 380 negat:
825 334 917 370 idem
941 334 1079 370 Nerva:
1111 338 1148 370 et
1171 345 1253 370 cum

164 379 309 415 Gnaeus
333 378 511 414 Domitius
572 379 579 387 ‘
648 389 736 416 suae
751 380 931 426 peculium
947 378 1043 424 quod
1067 379 1142 415 eius
1158 384 1254 416 esset

163 425 326 469 legasset,
352 428 388 460 et
411 435 579 468 annuum,
627 424 700 461 uod
723 425 755 460 ei
779 425 904 460 solitus
928 429 1007 460 erat
1030 424 1127 468 dare,
1152 424 1252 460 bien·

163 470 222 505 nio
246 480 319 505 non
350 468 525 513 dedisset,
561 480 580 506 s
654 470 694 506 in
723 470 921 505 rationibus
952 470 1026 505 suis
1057 469 1255 506 rettulisset

163 513 257 549 filiae
287 524 327 550 se
357 514 487 551 debere
516 515 788 561 quinquaginta,
820 515 1010 550 Atilicinus
1040 514 1254 551 existimavit

162 560 279 605 legato
310 569 383 595 non
406 559 550 604 cedere,
585 560 682 607 quod
704 570 826 596 verum
857 563 930 603 est,
990 559 1050 595 uia
1080 564 1255 596 consonat

165 608 182 638 5
232 605 342 640 rescri
368 608 418 640 to.
465 604 549 642 Non
571 605 685 642 solum
709 609 829 641 autem
852 604 948 651 quod
1003 605 1120 641 omino
1146 604 1253 641 debe·

162 653 321 730 321ssin
343 649 523 731 fl‹Isti-egam
556 649 760 694 deducitur,
792 649 856 686 sed
887 655 922 686 et
952 651 984 686 si
1015 650 1100 696 quid
1131 650 1254 686 heredi

209 737 233 776 7
260 738 488 776 Poueomvs
515 738 606 777 libro
637 741 787 788 septimo
822 740 873 776 ad
893 739 1068 776 Sabinum
1113 740 1152 776 Si
1175 741 1254 786 quis

163 784 331 821 creditori
353 795 419 822 suo
443 785 686 831 adrogandum
709 796 749 821 se
765 785 902 822 dederit
925 789 961 821 et
983 789 1109 831 agetur
1124 785 1168 820 de
1191 796 1253 831 pe-

164 830 257 866 culio
282 841 363 866 cum
386 830 609 876 adrogatore,
633 831 727 867 idem
749 834 838 877 puto
863 830 1063 874 dicendum,
1088 831 1184 877 quod
1208 830 1252 866 de

162 875 295 911 herede
319 875 461 912 dicitur.

208 917 233 958 8
264 919 486 957 ¹ULP1Ast
516 920 607 958 libro
642 922 806 958 vicesimo
842 922 969 968 quinto
1000 921 1050 957 ad
1080 920 1253 957 Sabinum

162 965 254 1002 Deni
280 976 326 1001 110
347 965 505 1012 Pegasus
527 966 723 1012 respondit,
748 967 778 1002 si
801 966 1031 1011 statulibero,
1064 966 1122 1002 cui
1145 976 1253 1012 pecu·

161 1010 248 1046 lium
291 1015 434 1056 egatum
463 1012 528 1055 sit,
559 1011 664 1048 heres
694 1012 837 1048 interim
869 1011 1076 1055 crediderit,
1108 1011 1145 1047 id
1175 1012 1252 1057 ipso

161 1056 238 1091 iure
272 1055 411 1092 detrahi
445 1061 482 1093 et
513 1067 667 1103 corpora
697 1057 837 1103 singula
868 1057 973 1093 etiam
1003 1067 1070 1103 per
1099 1057 1169 1092 hoc
1193 1066 1253 1092 aes

166 1105 181 1136 1
230 1100 387 1137 alienum
410 1101 576 1138 deminui.
623 1101 778 1138 Proinde
802 1102 833 1137 si
854 1112 944 1148 pure
966 1102 1168 1138 libertatem
1191 1111 1252 1137 ac-

161 1146 454 1228 essus&
476 1147 632 1229 wast?
657 1147 886 1237 seems&
916 1147 1252 1228 afferma&

451 1203 472 1228 o
496 1203 516 1229 c
619 1203 669 1228 eri
823 1203 883 1227 um
913 1203 937 1237 p
961 1203 1005 1227 cu
1074 1203 1173 1227 mmu
1211 1203 1255 1227 ur

161 1236 358 1272 secundum
372 1236 501 1273 Iuliani
517 1238 739 1280 sententiam,
779 1237 848 1273 'cet
866 1237 1028 1272 dominus
1045 1237 1138 1273 servi
1153 1247 1254 1272 num-

162 1285 181 1317 2
229 1292 337 1327 quam
359 1281 477 1319 fuerit.
526 1282 594 1328 Qui
628 1282 788 1318 Stichum
819 1286 857 1318 et
877 1282 1104 1328 Pamphilum
1134 1292 1254 1318 servos

161 1327 330 1370 habebat,
354 1330 568 1364 testamento
593 1338 655 1364 eos
678 1327 884 1363 manumisit
919 1331 955 1363 et
977 1327 1168 1380 unicuique
1191 1337 1254 1373 pe-

161 1372 291 1408 culium
314 1383 419 1408 suum
442 1373 581 1418 legavit.
619 1373 750 1418 placet,
799 1372 872 1408 uod
886 1372 1003 1408 alter2
1018 1373 1120 1409 alteri
1138 1372 1255 1416 debet,

160 1417 205 1452 de
253 1417 367 1453 eculio
392 1418 468 1453 eius
493 1418 664 1454 decedere
687 1422 724 1454 et
789 1418 900 1454 terius
931 1417 1102 1454 accedere
1125 1418 1254 1463 legato.

161 1467 180 1497 3
244 1465 316 1498 tem
340 1464 534 1508 quaeritur,
558 1464 589 1499 si
604 1473 704 1499 servo
729 1463 876 1499 libertas
895 1462 980 1499 data
1005 1463 1062 1507 sit,
1086 1463 1117 1499 si
1133 1463 1255 1499 decem

160 1507 317 1544 dedisset
333 1508 466 1553 heredi,
490 1509 669 1554 peculium
694 1518 739 1544 ue
756 1509 789 1544 ei
804 1509 817 1543 l
860 1512 959 1544 atum
977 1509 1033 1553 sit,
1059 1518 1106 1544 an
1121 1508 1254 1551 decem,

160 1562 252 1599 quae
287 1552 442 1589 dedisset
464 1553 605 1598 heredi,
642 1553 685 1590 de
712 1557 795 1590 eant
853 1563 874 1589 e
907 1554 1046 1599 peculio
1071 1553 1253 1590 decedere.

159 1602 196 1634 et
218 1601 274 1634 est
296 1608 418 1634 verum
441 1599 536 1644 quod
559 1599 693 1636 Sabino
716 1599 865 1645 placuit,
890 1599 959 1635 hoc
982 1599 1099 1635 minus
1116 1608 1194 1635 esse
1217 1599 1255 1634 in

159 1646 180 1678 4
225 1643 366 1689 peculio
397 1643 410 1678 l
454 1648 526 1680 ato.
583 1643 671 1680 Plus
706 1645 758 1680 ait
789 1643 962 1688 Sabinus,
1003 1644 1034 1680 si
1067 1644 1255 1680 statuliber

159 1699 298 1724 servum
329 1689 414 1725 here
483 1689 697 1735 vendiderit,
733 1689 881 1735 perinde
912 1689 1074 1726 desinere
1105 1699 1186 1725 eum
1217 1690 1255 1725 in

160 1737 179 1769 5
226 1734 365 1779 peculio
390 1744 487 1778 esse,
520 1739 629 1781 atque
659 1735 690 1771 si
713 1738 884 1772 extraneo
916 1734 1143 1771 vendidisset.
1189 1734 1254 1770 His

161 1784 421 1824 consequenter
443 1781 638 1825 quaeritur,
671 1780 702 1817 si
725 1791 847 1817 servus
873 1791 955 1816 cum
978 1779 1119 1816 domino
1145 1780 1189 1816 de
1211 1780 1254 1815 li-

162 1825 297 1860 bertate
319 1828 450 1870 pactus
473 1824 583 1861 fuerit
612 1829 648 1861 et
670 1829 810 1871 partem
839 1826 1016 1878 pecuniae
1051 1825 1188 1861 dederit
1219 1829 1256 1861 et

161 1873 243 1906 ante
266 1880 373 1916 quam
396 1870 578 1906 residuum
602 1871 740 1907 dederit
763 1871 926 1907 dommus
951 1871 1144 1907 decesserit
1166 1871 1254 1906 libe·

161 1925 309 1961 rumque
333 1925 411 1951 esse
432 1919 646 1969 testamento
670 1916 815 1969 iusserit
847 1926 945 1970 cum·
961 1916 1102 1970 peculio
1126 1916 1253 1960 legato,

160 1971 205 2041 ἓξ
217 1959 491 2042 330323332133
506 1961 653 2052 3535&
673 1962 884 2043 {120333330
913 1961 1255 2052 {fflzffl'ssfflffi

158 2050 316 2094 dederat,
341 2050 416 2094 sed,
437 2051 551 2088 donec
568 2056 683 2088 totum
700 2052 867 2095 traderet,
891 2062 958 2098 pro
979 2052 1140 2105 deposito
1158 2052 1254 2097 apud

158 2100 178 2131 6
225 2106 308 2132 eum
330 2095 456 2140 fuerit,
486 2096 525 2132 id
555 2098 594 2133 in
626 2098 767 2143 peculio
798 2107 878 2133 esse
907 2097 1057 2143 placuit.
1111 2097 1200 2133 Item
1223 2097 1255 2133 si

157 2151 258 2177 servo
283 2141 464 2186 peculium
487 2142 535 2177 sit
557 2142 713 2188 legatum
746 2146 782 2178 et
804 2153 827 2178 a
851 2143 1011 2178 debitore
1044 2142 1120 2178 eius
1144 2153 1253 2188 pecu-

157 2186 237 2222 liari
260 2186 363 2222 heres
387 2187 517 2223 vetitus
547 2187 595 2223 sit
616 2191 757 2233 petere,
790 2198 912 2223 verum
945 2191 1000 2223 est
1034 2187 1103 2223 hoc
1136 2188 1254 2223 minus

157 2242 237 2268 esse
259 2231 297 2266 in
319 2231 436 2277 legato
460 2232 613 2277 peculio,
644 2233 714 2269 hoc
738 2236 793 2269 est
815 2232 1075 2269 detrahendum
1098 2232 1135 2267 id
1159 2233 1254 2278 quod

157 2281 175 2312 ‘1
226 2277 378 2313 debitori
401 2277 557 2323 legatum
580 2281 646 2314 est.
691 2277 876 2314 Interdum
901 2278 968 2313 etsi
991 2288 1064 2313 non
1087 2278 1134 2313 sit
1157 2278 1248 2323 lega-

158 2328 233 2358 tum
256 2322 446 2367 peculium,
472 2323 568 2358 velut
589 2323 746 2369 legatum
769 2323 821 2359 sic
852 2323 1047 2369 accipitur,
1078 2322 1116 2358 id
1140 2326 1194 2358 est
1217 2323 1253 2358 in

156 2367 358 2404 huiusmodi
382 2368 520 2413 specie:
572 2368 689 2404 uidam
712 2379 813 2412 servo
845 2368 1056 2412 libertatem,
1089 2367 1120 2403 si
1142 2368 1251 2403 ratio-

157 2423 221 2448 nes
244 2411 468 2456 reddidisset,
502 2413 545 2449 de
571 2418 661 2457 erat,
697 2418 733 2450 et
755 2413 787 2449 si
809 2413 1000 2450 heredibus
1032 2416 1176 2449 centum
1198 2413 1251 2448 in-

156 2458 307 2494 tulisset.
354 2457 548 2511 imperator
570 2458 680 2505 igitur
695 2462 818 2495 noster
834 2469 916 2495 cum
964 2462 1042 2494 atre
1057 2458 1251 2504 rescripsit,

157 2502 333 2556 peculium
358 2502 500 2548 quidem
532 2514 605 2540 non
636 2504 705 2540 nisi
735 2505 891 2550 legatum
948 2503 1061 2540 eberi:
1095 2504 1251 2546 ‘verum’,

157 2548 289 2594 inquit,
331 2548 373 2584 ‘si
404 2548 671 2586 condicionibus
703 2549 935 2596 praescriptis
992 2549 1086 2584 aruit
1117 2558 1251 2591 servus,

157 2597 380 2646 “testatorem
400 2594 553 2646 voluisse
584 2606 664 2631 eum
689 2595 841 2631 retinere
874 2605 941 2640 pec
983 2595 1054 2629 ‘um
1077 2594 1251 2647 interpre-

157 2639 316 2674 ‘tamur’z
349 2638 512 2675 v1dehcet
543 2650 587 2676 ex
619 2650 680 2684 eo,
737 2639 811 2676 uod
841 2650 886 2676 ex
908 2639 1049 2685 peculio
1074 2649 1155 2675 eum
1177 2650 1250 2674 ius-

157 2687 177 2719 8
225 2688 321 2720 serat
352 2688 494 2719 centum
525 2684 667 2721 inferre.
760 2689 855 2721 trum
886 2691 1007 2720 autem
1041 2684 1079 2720 id
1110 2683 1252 2720 demum

157 2729 334 2774 peculium
358 2729 434 2765 acci
461 2729 571 2773 imus,
604 2730 700 2776 quod
730 2730 855 2766 mortis
887 2734 1046 2776 tempore
1075 2729 1170 2765 fuit?
1205 2739 1250 2764 an

157 2785 238 2810 vero
280 2778 316 2809 et
371 2785 416 2810 uo
469 2779 599 2827 postea
629 2776 784 2812 accessit
814 2775 1036 2821 applicamus
1069 2775 1125 2810 vel
1156 2774 1252 2820 quod

157 2819 310 2855 decessit
365 2819 584 2856 etrahimus‘?
621 2825 657 2856 et
685 2820 845 2857 Iulianus
876 2820 966 2856 alias
1005 2820 1252 2866 accipiendum

155 2865 312 2910 legatum
336 2864 466 2910 peculii
487 2865 549 2908 ait,
572 2866 604 2902 si
619 2866 689 2912 ipsi
705 2876 807 2903 servo
823 2866 971 2912 legetur,
997 2865 1098 2908 alias,
1123 2865 1154 2901 si
1171 2865 1250 2901 alii:

156 2920 238 2945 nam
262 2909 294 2945 si
316 2909 403 2955 ipsi,
435 2909 472 2945 id
505 2914 645 2955 tempus
676 2911 713 2947 in
744 2911 862 2958 legato
894 2910 1147 2957 spectandum,
1181 2921 1250 2956 quo

156 2955 231 2991 dies
255 2954 360 3000 legati
378 2954 490 2991 cedit:
515 2956 546 2991 si
569 2966 651 2992 vero
673 2960 855 3000 extraneo,
880 2956 1003 2992 mortis
1020 2960 1174 3002 tempus,
1199 2955 1250 2991 sic

156 3004 287 3042 tamen,
311 3003 353 3035 ut
374 3000 592 3037 incrementa
616 3012 661 3038 ex
690 3002 799 3038 rebus
856 3001 1070 3038 eculiaribus
1100 3000 1146 3037 ad
1171 3011 1250 3036 eum

155 3045 375 3092 perveniant,
400 3048 441 3080 ut
464 3050 553 3090 puta
575 3050 700 3092 partus
732 3047 812 3083 anc'
865 3058 944 3083 rum
974 3047 1030 3083 vel
1060 3045 1156 3082 fetus
1187 3056 1249 3092 pe-

157 3101 298 3127 corum:
324 3089 421 3136 quod
444 3095 564 3127 autem
589 3101 632 3127 ex
652 3092 771 3145 operis
796 3092 870 3128 suis
893 3092 949 3128 vel
972 3101 1017 3127 ex
1040 3091 1112 3127 alia
1126 3101 1166 3127 re
1189 3101 1249 3126 ac-

157 3135 262 3179 cedit,
285 3135 333 3179 id,
358 3135 389 3171 si
412 3135 472 3171 alii
496 3147 601 3181 quam
624 3137 693 3183 ipsi
715 3137 855 3183 legetur
877 3137 1067 3183 peculium,
1092 3146 1165 3172 non
1189 3135 1248 3171 de-

157 3181 308 3217 bebitur.
356 3181 425 3217 hoc
449 3184 638 3234 utrumque
668 3182 828 3218 Iulianus
861 3182 1057 3219 secundum
1087 3181 1248 3217 volunta-

155 3226 250 3262 tem’
273 3226 457 3263 testatoris
479 3226 623 3262 scribit:
649 3237 729 3262 cum
745 3227 837 3263 enim
860 3227 928 3273 ipsi
953 3237 1057 3263 suum
1072 3226 1249 3272 peculium

155 3272 304 3317 legatur,
328 3271 514 3307 verisimile
537 3274 593 3307 est
609 3282 688 3307 eum
705 3283 809 3308 omne
825 3276 1053 3318 augmentum
1068 3270 1115 3308 ad
1133 3271 1145 3306 i
1172 3281 1249 3307 sum

155 3316 334 3362 pertinere
356 3316 522 3360 voluisse,
547 3316 606 3352 cui
627 3317 880 3362 patrimonium
902 3317 1120 3353 manumisso
1167 3320 1249 3352 utu-

154 3372 235 3398 rum
256 3365 321 3405 est,
345 3372 427 3398 cum
450 3361 522 3405 alii,
546 3371 637 3398 non:
663 3362 716 3397 sic
739 3366 870 3405 tamen,
895 3363 970 3405 ut⁴,
995 3362 1027 3398 si
1045 3362 1084 3398 in
1102 3361 1250 3397 alterius

155 3417 310 3453 persona
331 3406 402 3444 hoc
426 3417 505 3443 eum
529 3407 683 3443 sensisse
707 3417 729 3443 a
780 3411 891 3450 areat,
915 3407 1011 3443 idem
1034 3407 1144 3443 dicas.

201 3449 227 3490 9
252 3451 412 3488 Psaros
423 3451 664 3533 Bormum-to
682 3418 753 3487 adp
778 3452 922 3488 abn'num
962 3452 1004 3487 Id
1047 3451 1120 3488 uod
1136 3462 1249 3494 servo,

155 3498 217 3543 qui
238 3497 276 3533 111
298 3497 410 3542 ipsius
433 3507 499 3543 pec
550 3507 573 3533 ο
603 3501 670 3540 est,
702 3496 862 3539 debetur,
894 3508 966 3533 non
990 3497 1014 3533 d
1058 3497 1178 3533 ucitur
1207 3506 1252 3532 ex

160 3547 171 3577 1
223 3542 340 3587 legato
356 3542 510 3587 peculio,
530 3542 691 3588 quamvis
708 3551 901 3578 conservus
918 3542 995 3578 eius
1011 3543 1071 3578 sit.
1111 3542 1149 3578 Si
1164 3552 1250 3578 con-

155 3597 296 3623 servum
327 3597 432 3623 suum
463 3587 699 3624 vulneraverit
721 3597 845 3624 servus
869 3591 905 3622 et
936 3587 1092 3623 viliorem
1113 3586 1251 3630 fecerit,

157 3703 197 3739 (ι)
223 3701 270 3733 ad
283 3705 299 3740 ς
314 3708 341 3735 τ.
355 3709 373 3736 s
387 3702 429 3745 qt:
445 3702 524 3735 Ince.
538 3704 570 3744 2,
583 3709 630 3742 20,
645 3709 681 3736 20
838 3702 884 3743 (²)
907 3699 992 3733 alter
1005 3700 1043 3743 S,
1056 3713 1116 3735 om.
1127 3700 1163 3734 F

156 3746 202 3787 (c)
228 3755 333 3789 aeque
346 3746 407 3780 ine.
486 3748 531 3789 (τ)
556 3747 672 3780 eueF

1238 119 1325 167 474

1285 3699 1328 3739 (a)
1340 3698 1513 3732 voluntate
1526 3699 1559 3731 F

1495 29 1565 104 “v

1554 105 1584 153 (1*
2123 136 2185 168 DE
2213 137 2407 170 PECULIO

1319 243 1615 299 Marcellus-non
1646 255 1724 282 esse
1756 245 1991 299 dubitandum
2022 246 2152 299 deduci
2183 257 2228 283 ex
2258 249 2408 294 peculio,

1319 288 2186 382 &messaniam
2202 303 2410 385 11181313

1320 380 1960 471 ἓ““υιὲἓὲ“1ῗὲὲ,ἳαέ“”ἰ”εθῗ“ὲῗ“ἒέ
1982 382 2409 465 (1ὶὲῗὲἒέκὲᾛὲῃῖ

1321 467 1461 511 occidit,
1497 469 1587 505 nihil
1609 474 1663 506 est
1685 470 1928 507 deducendum
1958 472 2028 507 hoc
2060 473 2220 509 nomine:
2252 473 2322 510 alio
2349 475 2410 510 uin

1321 513 1479 550 dicemus
1503 517 1540 550 et
1561 515 1592 551 si
1613 514 1755 561 fugerit,
1790 516 2036 553 deducendum
2059 517 2114 561 id,
2147 523 2280 563 quanto
2359 519 2412 555 'or

1321 559 1368 594 sit
1391 557 1510 595 factus
1533 564 1680 606 propter
1702 560 1832 607 fugam.

1370 602 1421 642 10
1446 603 1674 642 Poueomvs
1699 606 1792 643 libro
1814 617 1834 642 s
1881 608 1964 643 tinto
1988 607 2038 643 ad
2060 606 2234 644 Sabinum
2289 608 2326 644 Si
2349 619 2410 655 pe-

1322 648 1455 701 culium
1478 659 1578 702 servo
1602 650 1658 686 vel
1679 651 1753 687 filio
1775 618 1981 698 praegegare
2006 653 2111 697 velis,
2143 664 2190 689 ne
2214 653 2413 690 deducatur

1321 693 1358 728 ld
1375 693 1470 739 quod
1493 694 1559 730 tibi
1583 694 1779 740 debebitur,
1804 697 2006 743 specialiter
2029 708 2072 734 ea
2095 708 2188 744 quae
2211 699 2249 734 111
2271 699 2411 745 peculio

1322 742 1426 774 erunt
1448 739 1601 784 leganda
1623 745 1719 776 sunt.

1370 782 1418 821 11
1453 783 1647 821 [luanus
1666 785 1757 822 libro
1779 788 1945 823 vicesimo
1967 799 2062 823 nono
2095 788 2145 824 ad
2166 788 2320 825 edictum
2367 789 2414 825 Ei

1322 839 1482 881 quoque,
1515 830 1576 875 qui
1606 830 1693 866 nihil
1723 831 1760 867 in
1782 832 1922 877 peculio
1947 833 2067 876 habet,
2118 837 2211 869 otest
2232 834 2412 879 peculium

1321 874 1447 926 legari:
1471 885 1545 910 non
1568 876 1660 928 enim
1682 879 1821 912 tantum
1845 887 2025 923 praesens,
2050 844 2116 914 ses
2130 879 2237 914 etiam
2254 879 2412 915 futurum

1322 919 1501 964 pecuhum
1524 919 1633 966 legari
1655 925 1784 966 potest.

1371 961 1422 1001 12
1446 964 1471 1000 1
1474 974 1639 1017 (ΤΗ-ΔΝΜ
1665 966 1756 1002 libro
1788 968 1971 1013 triqesimo
2010 969 2159 1016 septimo
2192 969 2412 1016 diqestorum

1323 1009 1427 1045 Tunc
1451 1009 1575 1046 inutile
1597 1010 1752 1056 legatum
1775 1012 1906 1057 peculii
1921 1012 1973 1055 fit,
1999 1023 2079 1048 cum
2103 1023 2224 1049 servus
2240 1015 2317 1050 vivo
2342 1018 2395 1050 tes

1322 1058 1440 1090 tatore
1464 1054 1622 1091 decedit:
1648 1060 1805 1092 ceterum
1829 1058 1859 1092 si
1884 1058 2010 1093 mortis
2033 1063 2193 1104 tempore
2216 1068 2339 1095 servus
2362 1060 2412 1095 vi-

1322 1100 1424 1142 xerit,
1474 1100 1625 1136 eculium
1647 1101 1789 1147 legato⁵
1813 1102 1932 1138 cedet:

1372 1142 1421 1183 13
1477 1155 1596 1181 usos
1624 1145 1715 1182 libro
1746 1158 1842 1182 nono
1875 1147 2010 1183 decimo
2045 1147 2265 1195 digestorum
2312 1149 2414 1184 aliter

1323 1194 1361 1226 at
1385 1201 1431 1226 ue
1455 1190 1486 1226 si
1508 1201 1630 1227 servus
1653 1192 1802 1227 vestitus
1825 1192 1963 1237 legatus
1987 1191 2091 1228 foret.

1398 1234 1424 1273 4
1447 1237 1630 1272 Austros
1658 1235 1779 1272 mnus
1799 1237 1890 1273 libro
1915 1238 2040 1283 quinto
2065 1238 2285 1285 diqestorum
2328 1238 2411 1283 Qui-

1324 1280 1406 1316 dam
1429 1281 1467 1316 in
1490 1285 1701 1317 testamento
1730 1283 1782 1317 ita
1805 1283 2015 1328 scripserat:
2050 1282 2148 1318 ‘Pam
2174 1283 2268 1319 hilus
2292 1294 2414 1320 servus

1325 1330 1436 1362 ‘meus
1459 1326 1639 1371 peculium
1662 1336 1767 1362 suum
1791 1338 1872 1363 cum
1895 1328 2027 1364 moriar
2050 1328 2118 1364 sibi
2178 1329 2283 1364 abeto
2307 1328 2413 1364 liber-

1325 1374 1406 1417 ‘que
1430 1371 1529 1407 esto’.
1579 1371 1843 1416 consulebatur,
1867 1377 2011 1408 rectene
2026 1373 2114 1408 Pam
2141 1374 2211 1409 hilo
2235 1374 2414 1420 peculium

1323 1416 1478 1497 leffi'tum
1500 1416 1697 1460 videretur,
1729 1418 1824 1470 quod
1854 1418 1953 1464 prius
1978 1428 2083 1464 quam
2130 1419 2204 1454 ’ber
2235 1423 2330 1455 esset
2351 1429 2412 1464 pe-

1325 1472 1344 1497 c
1386 1462 1458 1498 ’um
1481 1462 1549 1498 sibi
1571 1462 1705 1498 habere
1735 1474 1852 1499 iussus
1889 1468 1993 1499 esset.
2048 1464 2231 1510 respondit
2260 1465 2298 1500 in
2329 1475 2413 1500 con-

1323 1507 1566 1543 iunctionibus
1597 1507 1755 1544 ordinem
1785 1509 1922 1544 nullum
1958 1519 2035 1544 esse
2070 1519 2184 1555 neque
2225 1509 2413 1555 quicquam

1323 1553 1507 1595 interesse,
1531 1556 1652 1588 utrum
1676 1563 1798 1590 eorum
1846 1554 1972 1590 rimum
1996 1553 2174 1590 diceretur
2198 1558 2262 1589 aut
2280 1555 2413 1590 scribe-

1324 1602 1439 1634 retur:
1496 1608 1584 1634 uare
1613 1602 1711 1635 recte
1732 1609 1800 1645 pec
1842 1599 1912 1635 ‘um
1942 1599 2097 1644 legatum
2124 1599 2278 1643 videri⁶,
2310 1610 2354 1636 ac
2383 1601 2413 1635 si

1322 1643 1422 1723 prius
1452 1643 1479 1678 li
1505 1653 1543 1679 er
1567 1654 1662 1686 esse,
1699 1644 1827 1680 deinde
1849 1644 2029 1690 peculium
2051 1644 2119 1680 sibi
2142 1645 2275 1681 habere
2296 1645 2413 1680 iussus

1324 1698 1361 1724 es
1382 1716 1388 1723 .

1373 1732 1422 1770 15
1447 1735 1555 1770 IDEM
1574 1735 1665 1770 libro
1689 1734 1845 1771 secundo
1871 1735 2089 1781 diqestorum
2114 1746 2138 1770 α
2161 1734 2279 1770 Paulo
2302 1736 2413 1782 epito-

1324 1783 1504 1814 matorum
1551 1778 1659 1815 Servo
1684 1781 1901 1815 manumisso
1933 1780 2110 1825 peculium
2140 1780 2294 1825 legatum
2318 1785 2411 1816 erat:

1324 1824 1393 1860 alio
1420 1825 1537 1870 capite
1566 1835 1689 1860 omnes
1720 1825 1869 1860 ancillas
1901 1835 1986 1860 suas
2017 1825 2120 1861 uxori
2147 1825 2344 1871 legaverat:
2378 1826 2412 1860 in

1323 1870 1464 1915 peculio
1490 1870 1581 1905 servi
1609 1870 1740 1906 ancilla
1768 1870 1847 1905 fuit.
1896 1870 1988 1905 servi
2017 1880 2094 1906 eam
2125 1880 2202 1906 esse
2230 1870 2414 1916 respondit

1324 1926 1368 1951 ne
1394 1925 1440 1950 ue
1462 1915 1607 1958 referre,
1630 1916 1702 1951 utri
1750 1915 1824 1951 rius
1848 1916 2003 1961 legatum
2026 1919 2131 1951 esset.

1398 1958 1423 1998 6
1447 1962 1674 1996 AFRICANUS
1693 1961 1721 1996 li
1763 1972 1784 1996 o
1839 1962 1940 1996 uinto
1999 1962 2223 1996 uaestionum
2271 1960 2413 1996 Stichus

1322 2006 1433 2042 habet
1459 2007 1498 2041 in
1527 2006 1666 2059 peculio
1697 2005 1810 2052 Pamp
1839 2006 1939 2041 'umz
2001 2017 2071 2042 unc
2100 2006 2263 2042 dominus
2295 2006 2413 2041 noxali

1323 2051 1455 2087 iudicio
1481 2051 1639 2087 defendit
1663 2054 1699 2087 et
1729 2051 1918 2087 damnatus
1942 2051 2013 2087 litis
2037 2051 2318 2087 aestimationem
2341 2051 2412 2087 sol-

1322 2098 1390 2133 vit:
1417 2096 1543 2132 deinde
1566 2096 1727 2132 Stichum
1750 2100 1961 2132 testamento
1986 2097 2188 2132 manumisit
2219 2097 2250 2132 ei
2275 2106 2321 2132 ue
2350 2107 2412 2142 pe-

1327 2143 1459 2178 culium
1482 2142 1632 2188 legavit:
1657 2142 1857 2188 quaesitum
1882 2146 1946 2185 est,
1971 2152 2018 2177 an
2065 2142 2136 2177 uod
2150 2141 2237 2177 Pam
2291 2141 2324 2149 ’”
2349 2152 2411 2177 110-

1322 2187 2112 2278 ἱῖὶῗέιὲἔέῗεὲἒἮιῗὲθῗὲὦΧεῑὲ80ᾙὲρέἓῶιί
2139 2187 2412 2278 εὲἰῗψιῶῗῐξᾞὲἷ

1323 2278 1402 2314 (10111
1426 2278 1470 2313 de
1501 2278 1643 2324 peculio
1676 2278 1727 2313 uti
1753 2288 1798 2313 ue
1832 2277 2096 2320 deducendum,
2126 2281 2413 2323 quantacumque

1322 2333 1369 2358 ea·
1388 2334 1527 2359 summa
1551 2326 1645 2359 esset
1654 2324 1679 2366 ⁷,
1714 2324 1727 2358 i
1775 2326 1829 2358 est
1851 2322 1959 2358 etiam
1983 2322 2014 2358 si
2037 2332 2117 2357 eum
2147 2333 2263 2358 noxae
2286 2321 2413 2358 dedere

1322 2369 1539 2414 expedisset:
1590 2367 1737 2413 uidquid
1761 2369 1853 2403 enim
1901 2378 1941 2403 ro
1957 2368 2074 2413 capite
2097 2368 2188 2403 servi
2202 2367 2411 2414 praestitum

1321 2414 1377 2456 sit,
1402 2415 1439 2449 in
1463 2424 1505 2449 eo
1529 2414 1574 2449 de
1599 2413 1725 2448 itorem
1754 2424 1835 2448 eum
1890 2413 1997 2448 omini
2026 2413 2204 2448 constitui.
2257 2413 2353 2458 quod
2382 2413 2412 2448 si

1320 2458 1496 2504 Pamphili
1508 2458 1689 2504 peculium
1712 2469 1786 2494 non
1797 2457 1965 2500 sufficiat,
1984 2462 2071 2493 tunc
2090 2467 2135 2493 ex
2173 2458 2286 2493 eculio
2299 2457 2412 2493 Stichi

1326 2508 1337 2538 1
1388 2503 1460 2539 non
1472 2505 1567 2539 ultra
1586 2505 1741 2550 pretium
1756 2503 1936 2548 Pamphili
1960 2502 2088 2538 deduci
2105 2503 2149 2537 de
2176 2513 2246 2538 ere.
2295 2501 2410 2547 Quae-

1320 2549 1427 2584 situm
1452 2553 1518 2593 est,
1541 2550 1572 2585 si
1596 2559 1640 2584 ex
1663 2549 1736 2584 alia
1758 2558 1830 2594 qua
1853 2558 1964 2584 causa
1986 2548 2194 2593 Pamphilus
2224 2548 2411 2593 pecuniam

1321 2594 1462 2630 domino
1488 2595 1670 2630 debuisset
1692 2604 1758 2630 nec
1782 2604 1826 2629 ea
1849 2604 1892 2629 ex
1913 2592 2056 2641 peculio
2081 2593 2156 2629 eius
2180 2593 2313 2629 servari
2327 2604 2410 2639 pos-

1320 2643 1385 2682 set,
1411 2650 1458 2675 an
1481 2650 1595 2686 usque
1619 2639 1665 2674 ad
1686 2639 1842 2685 pretium
1865 2639 1940 2674 eius
1965 2649 2009 2674 ex
2030 2638 2172 2683 peculio
2193 2637 2305 2674 Stichi
2327 2649 2410 2684 pos-

1320 2685 1367 2720 sit
1390 2684 1577 2722 deducere.
1624 2684 1780 2730 negavit:
1804 2694 1920 2730 neque
1935 2684 2028 2719 enim
2051 2683 2163 2719 simile
2178 2682 2215 2718 id
2239 2683 2411 2728 superiori

1320 2740 1408 2766 esse.
1444 2730 1494 2766 ibi
1517 2731 1610 2766 enim
1631 2733 1823 2775 propterea
1870 2728 1999 2765 retium
2012 2728 2135 2764 vicarii
2154 2728 2410 2771 deducendum,

1320 2775 1417 2821 quod
1440 2786 1482 2811 eo
1506 2776 1649 2812 nomine
1671 2775 1749 2820 ipse
1773 2773 1847 2810 Stic
1875 2785 1918 2810 us
1947 2773 1994 2810 ob
2027 2773 2267 2809 defensionem
2291 2774 2410 2809 vicarii

1319 2820 1375 2855 sui
1399 2820 1541 2857 domino
1567 2821 1705 2856 debitor
1728 2820 1978 2861 constituatur,
2003 2822 2041 2854 at
2062 2819 2099 2854 in
2117 2818 2302 2871 proposito
2328 2819 2410 2864 quia

1321 2865 1464 2901 Stichus
1488 2866 1576 2902 nihil
1599 2865 1737 2907 debeat,
1762 2875 1806 2900 ex
1830 2865 1905 2900 eius
1928 2863 2070 2910 peculio
2093 2863 2182 2899 mhil
2204 2873 2283 2899 esse
2299 2863 2409 2899 dedu-

1321 2910 1489 2955 cendum,
1522 2910 1587 2947 sed
1609 2920 1653 2947 ex
1675 2909 1852 2955 Pamphili
1876 2909 2082 2951 dumtaxat,
2115 2909 2176 2954 qui
2207 2911 2303 2944 certe
2333 2909 2409 2954 ipse

1319 2956 1356 2992 in
1379 2966 1444 2991 suo
1495 2955 1609 2992 eculio
1634 2965 1711 2991 esse
1734 2955 1889 3000 intellegi
1912 2965 1986 2990 non
2006 2957 2137 3000 potest.

1368 2998 1418 3038 17
1466 3010 1669 3037 AVOLBNUS
1687 3000 1779 3037 libro
1810 3000 1967 3036 secundo
1997 3009 2048 3034 ex
2073 2997 2194 3035 Cassio
2248 2998 2316 3043 Qui
2345 3009 2407 3044 pe·

1319 3046 1451 3082 culium
1474 3046 1565 3082 servi
1587 3046 1775 3091 legaverat,
1799 3045 1968 3080 iudicium
1985 3053 2027 3079 eo
2051 3043 2192 3079 nomine
2207 3050 2407 3089 acceperat,

1319 3091 1444 3127 deinde
1472 3091 1684 3128 decesserat.
1739 3091 1876 3136 placuit
1909 3100 1982 3125 nou
2019 3088 2124 3124 aliter
2153 3089 2333 3134 peculium
2365 3100 2407 3125 ex

1319 3146 1430 3172 causa
1459 3135 1567 3182 legati
1596 3136 1792 3182 praestari,
1828 3145 1936 3182 quam
1965 3135 1996 3170 si
2027 3133 2072 3169 de
2103 3138 2253 3179 accepto
2277 3134 2406 3169 iudicio

1317 3180 1440 3217 heredi
1464 3184 1659 3217 caveretur.

1367 3222 1418 3264 18
1442 3225 1678 3262 MARCIANUS
1698 3225 1788 3262 libro
1811 3227 1917 3261 sexto
1943 3225 2205 3259 institutionum
2252 3223 2290 3259 Si
2305 3234 2406 3260 servo

1318 3270 1533 3307 manumisso
1583 3270 1737 3307 eculium
1759 3270 1914 3316 legatum
1939 3268 2058 3311 fuerit,
2083 3269 2120 3303 in
2144 3279 2226 3304 eum
2242 3268 2318 3305 sine
2341 3268 2405 3304 du-

1318 3317 1376 3352 bio
1401 3316 1568 3352 creditori
1595 3327 1637 3351 us
1660 3314 1863 3361 peculiariis
1887 3314 2046 3350 actiones
2078 3325 2151 3350 uon
2182 3318 2404 3359 competunt:

1318 3361 1381 3397 sed
1411 3370 1483 3396 non
1514 3361 1602 3397 alias
1633 3361 1736 3397 heres
1764 3358 1945 3413 peculium
1974 3364 2159 3404 praestare
2183 3358 2308 3402 debet,
2339 3359 2404 3394 nisi

1319 3406 1351 3442 ei
1375 3410 1542 3441 caveatur
1565 3405 1715 3442 defensu
1730 3405 1775 3441 in
1787 3404 1954 3440 adversus
1968 3403 2160 3440 creditores
2181 3404 2404 3450 peculiarios.

1368 3448 1419 3489 19
1443 3450 1688 3487 ΡΑΡΙΝΙΑΝυε
1714 3450 1806 3487 libro
1835 3450 1987 3496 septimo
2017 3459 2270 3497 responsorum
2318 3448 2404 3485 Cum

1319 3496 1482 3532 dominus
1506 3507 1646 3532 servum
1668 3494 1774 3531 vellet
1794 3494 2052 3536 manumittere,
2077 3493 2333 3540 professionem
2350 3494 2404 3528 edi

1319 3541 1387 3577 sibi
1410 3541 1542 3586 peculii
1564 3541 1668 3576 iussit
1689 3545 1798 3593 atque
1820 3539 1871 3574 ita
1895 3550 2016 3575 servus
2040 3540 2240 3575 libertatem
2256 3539 2404 3584 accepit.

1318 3596 1377 3622 res
1391 3586 1523 3632 peculii
1538 3585 1751 3632 professiom
1764 3585 1967 3621 subtractas
1983 3595 2056 3621 non
2065 3584 2174 3621 videri
2189 3584 2404 3620 manumisso

1735 3702 1779 3740 (4)
1805 3702 1838 3731 et
1850 3700 1910 3732 ins.
1926 3698 1975 3732 Γ*
2101 3699 2144 3739 (ὅ)
2166 3695 2329 3739 legatario
2339 3709 2400 3730 scr.
