2528 3918
192 119 337 163 XXVI
366 123 389 161 7

192 240 306 277 teneri
330 239 427 291 (qnia
457 238 568 274 habet
598 237 717 273 dotem
748 237 801 274 sic
830 241 873 273 ut
892 237 932 273 in
954 236 1145 288 collatione
1167 236 1281 288 bono-

192 296 272 321 rum
295 284 436 326 dicitur)
460 283 516 318 vel
540 286 637 318 certe
659 285 743 328 post
765 281 954 318 divortium
979 285 1066 321 (slve
1083 284 1213 318 exacta
1235 283 1283 316 sit

193 330 258 366 dos
288 329 362 364 sive
391 331 534 364 maneat
563 332 718 371 nomen),
751 327 835 374 quia
857 330 977 373 potest
999 325 1162 368 efficere,
1187 329 1229 360 ut
1251 325 1283 361 ei

193 372 575 464 :assssffiffimzw
595 371 745 463 ¹¹⁰3.ss
766 372 1283 461 &iurffss‘paffinfiu‘ssffffi

193 464 313 499 dotem
337 462 424 498 dare
461 443 620 505 iomisit,
655 463 747 498 ¹non
779 465 899 507 queat,
923 464 1123 496 curatorem
1141 458 1283 505 quidem

191 509 230 544 in
254 508 335 550 hoc,
384 517 430 543 uo
479 506 699 552 superfluum
731 510 803 549 est,
835 516 900 559 per
922 505 1170 558 exceptionem
1192 504 1281 540 rele-

192 553 287 588 vari:
320 563 355 587 ιιι
396 552 447 588 'er
480 562 563 588 vero
599 552 799 588 cautionem
832 562 870 586 ιιι
904 554 1071 585 mantum
1105 559 1284 595 exponere

194 598 322 639 debet,
357 597 452 643 quod
465 623 475 640 ,
517 597 549 632 si
582 597 796 677 qfuandoque
840 595 1053 647 locupletior
1095 597 1284 646 constante

194 642 419 709 matrimonio
463 641 564 678 facta
614 642 726 684 uerit,
773 640 867 676 dotis
923 640 1100 685 reliquum
1153 642 1282 675 manto

193 690 313 724 servat
339 713 348 723 .

240 730 295 769 44
330 730 439 767 Ivs'u
467 730 559 768 libro
594 731 699 766 tertio
734 729 870 765 decimo
907 730 1158 775 quaestionum
1216 728 1284 773 Qui

193 776 396 813 nominibus
419 785 443 812 a
466 776 693 812 curatoribus
717 774 895 820 prior-ibus
926 774 1103 826 susceptis
1127 774 1201 809 sive
1225 778 1281 808 tu-

192 822 332 858 toribus
354 820 500 857 nomina
523 821 778 867 adgnoverunt,
802 819 1000 864 periculum
1030 830 1068 854 m
1102 828 1141 854 se
1163 822 1282 854 trans-

197 870 212 903 1
260 866 393 902 ferunt.
441 865 511 902 Sed
528 866 558 901 si
576 865 730 917 pupillus
744 868 827 909 post
842 864 1067 910 pubertatem
1082 863 1283 899 rationibus

194 922 217 947 a
238 915 360 948 tutore
382 911 542 956 acceptis
577 909 846 955 rehquationem
883 909 959 945 eius
983 912 1129 945 secutus
1152 918 1282 944 usuras

194 956 445 1009 acceptaverit,
494 956 689 1000 rivilegium
712 965 817 989 suum
840 965 914 990 non
932 954 1076 1006 ἀιιιίῐςίι
1109 954 1146 989 in
1160 953 1283 1006 ‘bonis

193 1005 325 1081 tutori?1
332 1001 370 1081 'b
387 1011 454 1036 ven
492 1001 556 1036 tis:
589 1004 734 1046 praetor
762 1000 855 1035 enim
886 999 1106 1044 privilegium
1139 1009 1171 1033 el
1207 1008 1282 1034 ser-

193 1056 278 1082 vare
327 1055 346 1082 e
372 1049 418 1081 et.

240 1089 294 1128 45
319 1090 427 1126 Imm
459 1090 551 1126 libro
586 1092 718 1135 quarto
754 1089 891 1124 decimo
935 1089 1186 1134 quaestionum
1245 1087 1284 1123 Si

194 1135 354 1181 pupillus
378 1135 528 1170 alterum
553 1144 597 1169 ex
620 1133 798 1169 tutoribus
827 1138 911 1178 post
940 1134 1165 1178 pubertatem
1194 1132 1283 1168 libe-

194 1184 322 1223 rasset,
345 1180 506 1225 improbe
537 1179 689 1214 alterum
719 1178 813 1213 illius
844 1178 986 1213 nomine
1017 1177 1206 1213 conabitur
1228 1178 1283 1212 in-

194 1229 230 1261 te
275 1225 394 1261 ellare.
424 1224 587 1269 idemque
611 1223 767 1259 dicemus
790 1223 828 1257 in
852 1222 993 1258 duobus
1016 1222 1283 1267 magistratibus

194 1281 236 1306 co
265 1270 357 1315 egis,
395 1279 547 1314 quorum
570 1268 746 1303 alterum⁴
769 1278 826 1303 res
849 1268 996 1313 publica
1019 1267 1194 1303 convenit.
1219 1266 1284 1303 sed

193 1315 284 1350 haec
307 1315 346 1350 in
369 1313 636 1359 magistratibus
659 1312 855 1355 tractavi⁵,
914 1313 995 1348 uasi
1018 1313 1088 1348 duo
1112 1313 1164 1348 rei
1188 1312 1282 1348 eius·

195 1359 275 1395 dem
299 1359 410 1395 debiti
434 1362 553 1394 essent
576 1357 798 1393 omnimodo:
831 1368 900 1403 quo
944 1368 1016 1393 nou
1035 1358 1086 1392 ita
1110 1361 1174 1393 est.
1200 1367 1284 1393 nam

195 1405 226 1440 si
248 1408 400 1450 uterque
421 1403 572 1439 idoneus
596 1406 668 1446 est,
702 1402 826 1438 electio
856 1402 975 1438 locum
997 1413 1071 1438 non
1094 1402 1220 1438 habet:
1253 1402 1283 1437 is

196 1454 336 1492 autem,
369 1448 430 1501 qui
470 1449 654 1493 tempore⁰
689 1447 862 1483 liberatus
893 1451 964 1490 est,
995 1458 1067 1483 non
1097 1447 1130 1482 ei
1161 1447 1283 1483 similis

196 1498 251 1530 est
269 1493 335 1574 tqui
358 1493 446 1529 mhil
469 1493 590 1534 habet,
614 1492 678 1528 sed
702 1493 734 1528 ei
757 1493 819 1538 qui
842 1492 1033 1528 satisfecit:
1058 1492 1168 1528 habet
1191 1492 1284 1528 enim

195 1550 265 1585 quo
316 1538 450 1575 obiciat
472 1538 625 1574 uetitofi.

239 1582 293 1622 46
317 1583 426 1620 IDEM
452 1573 544 1620 lz‘bro
575 1594 671 1618 nono
702 1593 959 1629 responsorum
1005 1582 1141 1618 Lucius
1165 1582 1282 1618 Titius

194 1633 340 1665 curator
358 1627 440 1664 Gaii
459 1627 532 1664 Seii
554 1631 713 1673 tempore
736 1637 844 1663 curae
866 1627 1018 1663 fundum
1033 1627 1283 1663 Cornelianum

192 1674 325 1710 locavit
354 1673 583 1719 Sempronio,
622 1673 683 1718 qui
712 1672 943 1753 Semplronius
979 1672 1117 1718 reliqua
1153 1672 1282 1708 traxit:

218 1719 351 1764 upillus
386 1722 505 1754 aetate
538 1717 693 1764 probata
727 1728 797 1754 eun
823 1727 878 1754 em
903 1717 1084 1763 quondam
1116 1718 1284 1753 colonum

193 1730 442 1844 gemfflmnium
463 1763 550 1799 fecit
572 1766 859 1808 procuratorem:
890 1773 1044 1809 quaero,
1075 1773 1122 1798 an
1152 1773 1199 1798 ex
1229 1772 1283 1806 eo,

194 1820 263 1854 quo
313 1808 372 1844 ille
394 1811 438 1861 ut
459 1812 673 1861 procurator
696 1808 785 1854 egit,
816 1818 920 1844 omne
952 1807 1111 1861 debitum
1142 1807 1283 1843 adules-

193 1864 298 1935 ἓξὲξ
314 1853 1036 1943 “fflaffiwdffiussstzinffiffi
1054 1856 1286 1943 essssssff‘ffli

194 1944 340 1980 adultus
370 1954 467 1985 eum,
497 1943 559 2023 aui
581 1943 730 1989 praedia
760 1943 836 1979 eius
870 1944 991 1986 coluit,
1015 1946 1285 1989 procuratorem

193 1989 327 2024 habere
349 1988 473 2031 voluit,
523 1988 667 2031 ebitum,
692 1988 788 2034 quod
813 1999 858 2024 ex
870 1988 1108 2024 conductione
1130 1988 1284 2033 reliqua-

197 2037 212 2069 1
261 2038 322 2069 tus
353 2037 428 2076 est,
462 2033 673 2078 adgnovisse
702 2044 783 2069 eum
813 2034 934 2069 videri.
989 2033 1200 2078 Sempronii,
1224 2033 1286 2078 qui

194 2089 240 2115 ex
261 2078 521 2124 pollicitatione
545 2078 686 2114 debitor
735 2078 848 2114 atriae
864 2089 952 2114 suae
968 2079 1163 2121 exstiterat,
1188 2079 1286 2114 bona

193 2134 251 2160 res
275 2124 421 2169 publica
442 2123 544 2159 iussu
575 2123 693 2169 praesi
732 2134 749 2159 s
780 2124 957 2169 possedit:
989 2134 1140 2169 quorum
1170 2123 1283 2159 bono·

193 2180 273 2204 rum
296 2169 526 2214 magistratus
557 2169 611 2204 rei
639 2169 805 2214 publicae
835 2173 908 2204 tres
939 2173 1125 2204 curatores
1150 2168 1283 2204 consti-

194 2217 352 2257 tuerunt,
384 2213 446 2259 qui
475 2213 573 2259 apud
597 2213 755 2249 Graecos
778 2212 988 2258 ἐπιμεληταὶ
1014 2217 1200 2256 vocantur,
1225 2213 1285 2259 qui

193 2262 321 2305 postea
343 2258 438 2294 inter
461 2268 500 2294 se
524 2259 600 2294 sine
615 2269 793 2294 consensu
805 2259 858 2294 rei
874 2259 1040 2304 publicae
1059 2258 1284 2294 administra-

194 2304 327 2339 tionem
362 2303 537 2339 bonorum
574 2302 774 2349 Sempronii
808 2303 1021 2339 diviserunt:
1067 2314 1112 2339 ex
1154 2303 1285 2349 quibus

193 2348 349 2394 quidam,
375 2358 457 2384 cum
479 2348 618 2394 reliqua
639 2349 843 2391 traherent,
873 2349 993 2384 idonei
1025 2349 1063 2383 in
1092 2349 1172 2394 ipso
1195 2352 1284 2384 tem-

193 2403 281 2474 pore
305 2392 621 2429 administrationis
646 2403 725 2430 esse
748 2392 947 2429 desierunt:
977 2397 1105 2440 postea
1127 2393 1284 2439 pupillus

221 2449 299 2474 eres
323 2438 542 2484 Sempronii,
567 2438 628 2484 qui
651 2438 838 2475 abstentus
862 2443 956 2482 erat,
988 2439 1033 2474 ab
1069 2438 1285 2484 imperatore

193 2484 407 2529 impetravit,
427 2486 468 2519 ut
489 2484 587 2519 bona
608 2487 761 2529 paterna
771 2483 809 2532 ei
824 2484 1114 2520 restituerentur:
1138 2493 1282 2529 quaero,

194 2539 242 2564 an
265 2539 311 2564 ex
333 2528 438 2564 bonis
463 2538 597 2571 eorum,
623 2529 684 2574 qui
707 2528 826 2564 idonei
849 2533 945 2572 sunt,
967 2529 1194 2565 indemnitati
1213 2540 1283 2581 pu-

193 2573 269 2619 pilli
302 2573 461 2619 prospici
497 2573 649 2616 debeat,
687 2584 767 2609 cum
795 2574 1015 2610 individuum
1046 2574 1102 2610 his
1126 2573 1284 2610 officium

194 2629 304 2654 curae
327 2629 350 2654 a
373 2629 408 2653 m
457 2619 464 2625 '
486 2618 639 2654 tratibus
662 2618 863 2654 iniunctum
886 2619 942 2654 sit.
977 2619 1113 2654 Paulus
1135 2629 1283 2664 respon-

194 2663 256 2704 dit,
283 2664 313 2699 si
336 2629 534 2714 pupifflisin
558 2668 743 2699 curatores
758 2664 934 2700 bonorum
958 2665 1117 2700 actiones
1141 2664 1285 2700 decerni

193 2708 379 2753 placuerit,
417 2718 482 2753 pro
515 2709 592 2744 eius
623 2709 786 2754 portione
797 2710 822 2752 ⁸,
854 2709 914 2755 qui
948 2709 1098 2745 idoneus
1129 2719 1203 2745 non
1225 2709 1283 2752 sit,

193 2753 421 2797 magistratus
446 2754 627 2789 conveniri
650 2758 833 2799 oportere:
866 2754 938 2789 alia
970 2755 1063 2790 enim
1096 2764 1207 2790 causa
1230 2758 1285 2790 est

193 2802 363 2840 tutorum,
388 2798 460 2833 alia
483 2809 617 2841 eorum,
642 2799 702 2844 qui
724 2799 776 2834 rei
797 2799 964 2851 publicae
997 2799 1140 2844 negotia
1171 2799 1284 2834 admi-

194 2845 214 2877 2
274 2842 437 2878 nistrant.
509 2843 703 2886 Tutorem,
747 2855 809 2889 qul
842 2845 1031 2890 pecuniam
1099 2844 1284 2897 upillarem

194 2887 355 2933 quamvis
390 2898 455 2923 suo
491 2888 633 2924 nomine
666 2888 884 2932 faeneravit,
918 2900 992 2926 non
1022 2890 1056 2925 vi
1083 2900 1134 2925 eri
1157 2894 1285 2926 contra

195 2932 468 2968 constitutiones
491 2932 631 2976 fecisse,
656 2944 747 2979 quae
777 2934 968 2980 prohibent
1028 2935 1192 2970 ecuniam
1214 2946 1282 2980 pu-

196 2980 216 3013 3
264 2977 425 3029 pillarem
447 2978 493 3029 in.
508 2989 594 3014 usus
618 2989 703 3014 suos
729 2983 945 3015 convertere.
986 2946 1193 3024 Quaesitum
1217 2984 1282 3023 est,

194 3032 242 3057 an
267 3032 343 3058 eius
365 3032 558 3067 pecuniae,
619 3034 667 3059 ua
701 3028 800 3059 tutor
833 3034 920 3060 usus
944 3029 1016 3067 est,
1040 3028 1124 3070 post
1146 3025 1284 3061 finitam

195 3076 339 3112 quoque
361 3067 510 3102 tutelam
533 3068 570 3102 in
619 3069 687 3104 iem
709 3069 831 3105 iudicii
854 3069 994 3115 accepti
1023 3070 1166 3105 easdem
1196 3080 1283 3106 usu-

193 3122 254 3147 ras
285 3116 471 3157 praestare
502 3112 642 3148 debeat.
699 3114 834 3150 Paulus
868 3114 1054 3160 respondit
1086 3115 1189 3150 finita
1217 3115 1282 3150 ad-

193 3157 454 3193 ministratione
489 3166 551 3192 eas
583 3169 712 3194 usuras
743 3159 872 3195 debere
896 3160 1106 3205 computari,
1130 3170 1223 3206 quae
1244 3161 1283 3196 in

193 3205 214 3237 4
261 3201 396 3238 tutelae
427 3201 560 3238 iudicio
596 3208 857 3249 computantur.
928 3204 1063 3241 Paulus
1096 3205 1282 3250 respondit

192 3251 341 3292 propter
371 3256 433 3290 ea,
465 3256 557 3293 quae
586 3251 670 3293 post
699 3249 925 3293 pubertatem
947 3250 1047 3285 nulla
1068 3250 1282 3286 necessitate

194 3296 362 3336 cogente,
395 3291 458 3327 sed
489 3301 535 3327 ex
564 3292 747 3328 voluntate
778 3304 845 3330 sua
878 3298 977 3330 tutor
1011 3294 1280 3338 administravit,

192 3336 448 3379 fideiussorem,
497 3337 533 3372 ui
564 3337 699 3373 salvam
728 3348 803 3374 rem
826 3339 904 3375 fore
927 3340 1038 3382 cavit,
1062 3350 1136 3376 non
1158 3341 1282 3376 teneri.

193 3385 219 3433 5.
262 3381 412 3417 Tutelae
440 3381 478 3417 iu
505 3381 572 3418 ’cio
595 3385 695 3418 tutor
718 3388 912 3420 conventus
937 3385 1046 3420 edidit
1068 3385 1199 3421 librum
1221 3395 1280 3421 ra-

194 3431 331 3462 tionum
356 3430 391 3462 et
413 3426 611 3463 secundum
633 3436 715 3463 eum
735 3429 990 3465 condemnatus
1007 3430 1129 3466 solvit:
1154 3434 1282 3476 postea

193 3471 299 3507 cum⁹
334 3481 357 3507 a
380 3471 600 3508 debitoribus
631 3472 801 3518 paternis,
834 3485 984 3519 quorum
1014 3475 1159 3511 nomina
1187 3474 1279 3511 libro

193 3585 233 3624 (ι)
258 3583 389 3616 efficere
400 3585 461 3617 ins.
587 3586 631 3627 (2)
664 3585 774 3618 solvat
792 3586 875 3619 Hal.

194 3630 238 3669 (4)
264 3628 406 3670 dimisit,
419 3628 562 3663 alterum
575 3631 635 3664 ins.

195 3674 288 3714 pore]
301 3677 422 3715 sponte
433 3687 495 3708 scr.

193 3718 240 3759 (s)
266 3728 340 3750 cum
353 3731 411 3752 om.
426 3719 461 3752 F

992 3590 1035 3629 (8)
1060 3588 1231 3622 tutoribus
1250 3588 1287 3621 F

730 3632 773 3672 (ὁ)
799 3634 949 3664 tractant
964 3644 1026 3665 scr.
1128 3635 1173 3676 (6)
1197 3638 1280 3666 tem-

590 3676 633 3718 (Ί)
657 3674 893 3710 liberassem.
986 3679 1030 3718 (8)
1055 3678 1289 3719 portionem?

548 3721 607 3762 (ιο)
632 3722 667 3754 et
679 3721 787 3755 ins-F
873 3723 927 3761 (ιι)
953 3723 1151 3756 excusatiF'
1221 3725 1280 3765 (1²)

1267 110 1356 160 346

1506 170 1571 194 ,N

1348 235 1529 272 rationum
1550 204 1625 287 uon
1644 234 1805 287 inerant,
1830 235 1969 280 exigere
1991 235 2098 287 vellet
2118 235 2292 288 pupillus,
2320 237 2436 283 mpro-

1350 280 1447 316 latae
1482 282 1568 316 sunt
1600 278 1647 316 ab
1681 279 1738 316 lus
1768 279 1930 326 apochae
1962 284 2110 316 tutoris:
2140 284 2342 360 quaesitum
2371 285 2438 335 est,

1350 324 2438 423 ιᾞςὲιῗιξιιᾛῃεῖῗῖειωΘιξῖεειψιι
2495 357 2498 359 Δ

1350 414 1501 450 trandao
1522 414 1657 450 tutelae
1678 417 1790 450 tutori
1811 414 1960 450 tutelam
1990 417 2125 457 gerenti
2184 415 2336 451 ebitores
2367 415 2437 451 sol-

1350 460 1503 502 vissent,
1534 459 1705 495 liberatos
1728 469 1791 495 eos
1813 459 1891 505 ipso
1915 459 1993 495 iure
2010 469 2033 495 a
2049 459 2205 505 pupillo:
2230 459 2294 495 sed
2309 459 2438 497 sicum
2499 462 2501 464 ’

1351 507 1471 540 tutore
1493 507 1615 540 actum
1632 507 1738 547 esset,
1760 513 1868 550 posse
1886 504 2037 540 eundem
2048 504 2313 540 adulescentem
2329 514 2436 551 prop-

1351 553 1406 585 ter
1428 559 1507 585 eam
1531 558 1678 584 causam
1700 549 1836 584 tutelae
1859 548 2011 600 experiri
2043 553 2079 584 et
2109 548 2279 585 adversus
2309 559 2437 595 excep·

1352 597 1373 630 6
1419 594 1551 630 tionem
1571 594 1623 629 rei
1639 593 1819 629 iudicatae
1838 592 1911 629 doh
1922 594 2006 629 mali
2016 594 2070 629 uti
2081 593 2324 639 replicatione.
2350 593 2438 630 Cum

1351 642 1565 675 testamento
1597 637 1668 674 duo
1699 642 1835 674 tutores
1866 638 1942 673 dati
1973 642 2092 674 essent
2122 638 2257 684 pupillo
2289 642 2326 674 et
2348 639 2439 675 alter

1353 694 1397 720 ex
1419 683 1475 719 his
1497 683 1572 718 vita
1595 682 1786 719 defunctus
1808 682 1948 725 fuisset,
1978 683 2017 718 in
2047 683 2165 719 locum
2196 683 2272 719 eius
2294 688 2439 729 petente

1352 732 1466 764 matre
1489 738 1534 764 ex
1557 727 1731 773 praesidis
1754 727 1960 774 provinciae
1982 731 2175 774 praecepto
2207 738 2231 764 a
2252 728 2437 773 magistra·

1352 774 1448 809 tibus
1472 773 1564 808 alius
1586 776 1686 809 tutor
1709 773 1814 808 datus
1839 777 1903 815 est,
1937 782 1961 808 a
1990 783 2061 818 quo
2084 772 2315 818 magistratus
2349 773 2438 809 satis

1352 822 1545 864 exegerunt
1567 827 1642 854 rem
1665 817 1799 854 salvam
1829 817 1925 853 fore:
1958 821 2057 853 tutor
2088 820 2299 853 testamento
2333 818 2439 855 datus

1351 867 1479 909 postea
1513 862 1637 898 datum
1671 866 1878 909 suspectum
1911 861 2015 898 fecit:
2083 862 2259 898 uaesitum
2294 866 2367 906 est,
2402 863 2438 900 in

1352 912 1526 954 quantum
1549 911 1724 943 teneatur.
1771 908 1906 943 Paulus
1936 917 2068 953 respon
2095 907 2122 942 't
2152 911 2306 944 tutorem
2328 911 2438 944 testa-

1352 956 1471 989 mento
1495 952 1618 988 datum
1647 963 1713 998 pro
1746 962 1789 987 ea
1817 956 1921 1004 parte
1953 952 2133 988 conveniri
2163 956 2347 998 oportere,
2370 963 2436 998 pro

1352 1008 1424 1050 qua
1453 1001 1557 1050 parte
1586 997 1860 1049 administravit:
1885 1007 1959 1077 (pro
1984 997 2181 1033 contutoris
2213 1001 2332 1034 autem
2355 1008 2438 1044 por·

1352 1048 1449 1079 tione
1471 1053 1572 1088 prius
1595 1052 1657 1078 eos
1681 1053 1862 1078 convemrl
1909 1042 2035 1085 ebere,
2059 1042 2120 1087 qui
2175 1053 2215 1078 ro
2247 1052 2288 1079 eo
2313 1053 2352 1079 se
2374 1043 2438 1078 ob-

1351 1088 1550 1133 ligaverunt
1579 1088 1634 1123 vel
1664 1088 1893 1132 magistratus
1928 1087 1989 1132 qui
2021 1097 2101 1122 eum
2132 1053 2174 1122 dp

1352 1134 1383 1168 si
1406 1132 1558 1169 solidum
1580 1132 1737 1178 pupillus
1762 1132 1932 1177 consequi
1954 1142 2027 1167 non
2049 1133 2229 1178 potuerit,
2253 1132 2298 1168 de
2320 1132 2440 1169 officio

1353 1178 1551 1214 coututoris
1567 1177 1820 1223 quaerendum,
1840 1187 1887 1212 an
1903 1180 2109 1222 suspectum
2122 1176 2243 1213 facere
2266 1177 2439 1221 debuerit,

1377 1223 1561 1258 raesertim
1593 1233 1673 1258 cum
1713 1227 1919 1267 suspectum
1950 1232 2091 1268 quoque
2125 1232 2206 1258 eum
2239 1223 2441 1268 postulasse

1379 1269 1504 1304 catur.
1529 1267 1617 1303 alias
1634 1267 1775 1313 quidem
1800 1277 1881 1302 cum
1905 1267 2132 1319 magistratus
2155 1267 2275 1313 plures
2299 1271 2436 1304 tutores

1352 1313 1450 1356 dant,
1475 1323 1548 1349 non
1570 1313 1670 1358 prius
1694 1312 1741 1348 ad
1765 1322 1826 1348 eos
1849 1316 1979 1348 reverti
2001 1312 2157 1358 pupillus
2182 1316 2311 1358 potest,
2335 1323 2441 1358 quam

1352 1368 1476 1395 omnes
1506 1361 1643 1394 tutores
1674 1357 1815 1393 excussi
1828 1358 1854 1378 ¹¹
1886 1357 2036 1393 fuerint:
2075 1357 2113 1392 in
2143 1358 2328 1402 proposito
2360 1368 2441 1393 cum

1352 1413 1445 1439 unus
1479 1413 1503 1438 a
1536 1402 1801 1448 magIstratibus
1837 1401 1943 1438 datus
1977 1406 2255 1448 proponeretur,
2290 1413 2363 1438 non
2387 1407 2441 1438 est

1351 1449 1465 1484 visum
1488 1448 1588 1494 prius
1613 1448 1783 1493 collegam
1816 1447 2111 1490 conveniendum,
2144 1448 2206 1493 qui
2236 1451 2272 1483 et
2294 1457 2356 1483 sus
2383 1458 2440 1484 ec-

1351 1497 1428 1529 tum
1450 1493 1538 1529 fecit
1561 1497 1597 1529 et
1618 1495 1832 1529 testamento
1857 1493 1961 1528 datus
1986 1496 2050 1534 est,
2074 1492 2291 1538 perindeque
2305 1492 2354 1528 ha
2380 1503 2440 1528 en·

1353 1538 1419 1574 dos
1443 1538 1612 1583 singulos,
1648 1548 1692 1573 ac
1726 1538 1756 1573 si
1790 1538 1827 1572 in
1861 1541 1983 1583 partes
2018 1537 2182 1573 dimidias
2205 1541 2342 1573 tutores
2367 1537 2441 1573 dati

1354 1587 1372 1618 7
1421 1586 1549 1619 essent.
1606 1582 1802 1618 Tutoribus
1841 1592 2050 1618 concessum
2085 1588 2140 1618 est
2167 1593 2190 1618 a
2221 1582 2440 1619 debitoribus

1352 1628 1479 1675 pupilli
1528 1628 1691 1664 ecuniam
1715 1628 1864 1673 exigere,
1888 1631 1930 1662 ut
1952 1628 2031 1673 ipso
2051 1627 2128 1662 iure
2146 1627 2351 1670 liberentur,
2368 1638 2442 1663 non

1354 1673 1461 1710 etiam
1520 1683 1630 1709 enare
1665 1673 1719 1708 vel
1754 1673 1861 1708 etiam
1897 1672 2123 1708 deminuendi
2157 1682 2269 1708 causa
2292 1683 2374 1708 cum
2397 1673 2440 1709 iis

1353 1719 1565 1771 transigere:
1599 1721 1635 1771 et
1668 1717 1749 1754 ideo
1784 1727 1863 1753 eum
1877 1744 1886 1760 ,
1910 1763 1917 1770 Ι

1353 1763 2261 1861 pastea::Quassaaszsfflm
2308 1808 2442 1845 iffi...

1356 1858 1391 1890 et
1420 1855 1600 1890 Maevlum
1630 1857 1768 1888 tutores
1800 1863 1879 1898 quis
1911 1852 2010 1888 dedit
2045 1857 2082 1888 et
2111 1856 2223 1888 cavit:
2263 1851 2442 1898 βούλομαι

1354 1903 1415 1933 καὶ
1434 1897 1635 1954 παρακαλῶ
1647 1897 1786 1935 πάντας
1799 1900 1826 1921 ¹²
1838 1898 2010 1944 γίνεσθαι
2021 1897 2113 1942 μετὰ
2127 1899 2189 1941 τῆς
2197 1901 2359 1942 Μαιβίου
2376 1899 2440 1933 ro?

1355 1940 1375 1977 ἆ
1403 1943 1513 1991 ελφου
1541 1956 1611 1988 μου
1689 1941 1802 1988 αἱμης,
1836 1945 1897 1976 καὶ
1929 1940 2010 1985 δίχα
2042 1939 2152 1977 αὐτοῦ
2181 1942 2223 1978 τὸ
2247 1942 2438 1989 γινόμενον

1354 1988 1490 2038 ἄκυρον
1512 1990 1629 2023 ἔστω1
1649 2015 1658 2023 .
1684 1988 1800 2024 Titius
1823 1988 1922 2024 solus
1946 1999 1969 2023 a
1992 1988 2211 2024 debitoribus
2235 1988 2368 2034 exegit:
2394 1998 2438 2025 an

1352 2034 1494 2071 liberati
1528 2034 1672 2070 essent?
1715 2033 1905 2079 respondi,
1949 2033 1980 2068 si
2022 2037 2058 2069 et
2099 2033 2439 2070 administrationem

1357 2083 1372 2115 1
1420 2079 1562 2115 Maevio
1595 2078 1768 2121 dedisset,
1800 2089 1873 2114 non
1906 2082 2005 2114 recte
2035 2078 2201 2115 solutum.
2250 2079 2439 2124 ‘Quantum

1354 2128 1486 2160 ‘autem
1508 2124 1582 2160 filio
1597 2134 1674 2159 meo
1692 2123 1859 2159 diurnum
1875 2123 2042 2166 sufficiat,
2058 2124 2201 2159 Matina
2220 2128 2257 2160 et
2273 2124 2442 2159 Ianuaria

1355 2170 1638 2206 ‘aestimabunt':
1671 2178 1816 2214 quaero,
1842 2178 1890 2204 an
1913 2169 2072 2205 contenti
2103 2178 2183 2205 esse
2206 2168 2361 2205 debeant
2382 2172 2441 2204 tu-

1353 2219 1450 2251 tores
1474 2214 1623 2250 arbitrio
1646 2213 1844 2250 mulierum.
1869 2214 2038 2259 respondi
2064 2219 2245 2259 sumptum
2267 2214 2354 2250 boni
2375 2213 2442 2249 viri

1354 2263 1374 2295 2
1422 2260 1568 2295 arbitrio
1592 2258 1807 2295 faciendum.
1856 2258 2010 2294 Tutores
2040 2258 2115 2294 dati
2146 2259 2193 2294 ad
2215 2269 2273 2295 res
2296 2259 2441 2295 Italicas

1352 2306 1590 2341 instrumenta
1612 2303 1748 2340 Romae
1770 2305 2043 2349 reppererunt¹⁴
2076 2304 2275 2340 debitorum
2299 2304 2440 2349 provin-

1356 2350 1507 2392 cialium,
1533 2353 1574 2384 ut
1596 2349 1750 2395 pecunia
1780 2348 1918 2384 Romae
1951 2353 2015 2384 aut
2044 2349 2260 2395 ubicumque
2287 2349 2441 2401 petitum

1352 2395 1461 2431 fuerit
1483 2395 1658 2430 solvatur:
1684 2404 1828 2439 quaero,
1851 2404 1933 2429 cum
1944 2404 2060 2439 neque
2083 2394 2261 2430 debitores
2284 2405 2322 2429 ιιι
2337 2394 2442 2429 Italia

1354 2443 1472 2476 essent
1507 2449 1623 2491 neque
1659 2449 1780 2475 eorum
1813 2438 1979 2484 praedia,
2015 2449 2063 2474 an
2097 2439 2187 2474 haec
2222 2439 2362 2475 exactio
2395 2439 2441 2474 ad

1351 2485 1500 2521 Italicae
1522 2495 1575 2520 rei
1597 2487 1735 2520 tutores
1758 2484 1945 2530 pertineat.
1970 2484 2151 2530 respondi,
2167 2484 2199 2520 si
2215 2483 2440 2530 provincialis

1354 2534 1561 2566 contractus
1586 2533 1698 2572 esset,
1730 2540 1802 2565 non
1825 2529 2022 2575 pertinere,
2045 2529 2222 2575 respicere
2251 2532 2372 2565 tamen
2395 2528 2441 2564 ad

1353 2575 1512 2611 officium
1537 2585 1679 2617 eorum,
1711 2584 1757 2610 ne
1787 2574 2106 2611 instrumentorum
2127 2574 2329 2620 ignorantia
2353 2584 2439 2610 con-

1352 2624 1490 2656 tractus
1515 2630 1588 2662 eos,
1613 2619 1660 2654 ad
1683 2629 1772 2665 quos
1796 2619 2055 2655 administratio
2074 2620 2278 2665 pertineret,
2300 2619 2439 2655 lateret.

1354 2669 1374 2701 3
1420 2666 1454 2700 A
1477 2669 1591 2700 matre
1623 2665 1729 2700 datus
1762 2668 1976 2700 testamento
2007 2668 2106 2700 tutor
2128 2675 2210 2700 cum
2232 2667 2379 2709 putaret
2401 2674 2440 2700 se

1352 2714 1508 2746 tutorem
1530 2720 1620 2752 esse,
1645 2709 1810 2745 distraxit
1833 2710 1929 2745 bona
1951 2714 2113 2745 materna
2141 2713 2177 2745 et
2199 2713 2351 2755 paterna
2372 2720 2439 2755 pu-

1352 2756 1517 2801 pillorum
1552 2759 1590 2791 et
1624 2755 1777 2791 decessit
1810 2765 1883 2790 non
1918 2754 2105 2791 solvendo:
2151 2755 2356 2800 quaeritur,
2392 2764 2440 2790 an

1352 2801 1509 2846 pupillus
1531 2810 1589 2836 res
1612 2800 1726 2845 possit
1748 2799 1936 2835 vindicare.
1962 2799 2142 2845 respondi,
2166 2799 2197 2835 si
2212 2803 2359 2835 manent
2381 2809 2439 2836 res

1352 2849 1374 2881 4
1419 2845 1556 2891 pupilli,
1578 2845 1751 2881 vindicari
1773 2845 1819 2880 ab
1845 2855 1887 2881 eo
1910 2855 2027 2891 posse.
2063 2844 2272 2880 Praefectus
2291 2844 2439 2889 legionis
2511 2820 2518 2847 ’ἐ

1351 2892 1403 2926 ita
1425 2894 1639 2927 testamento
1664 2890 1774 2926 cavit:
1801 2891 1904 2933 ‘volo,
1929 2894 1971 2926 ut
1992 2891 2039 2925 sit
2052 2890 2091 2925 in
2111 2889 2258 2925 arbitrio
2280 2893 2439 2925 tutorum

1352 2936 1426 2971 ‘filii
1450 2936 1537 2978 mei,
1569 2936 1600 2971 si
1630 2935 1823 2977 voluerint,
1847 2935 1952 2971 huius
1977 2945 2135 2971 summae
2158 2934 2283 2970 uncias
2306 2933 2439 2970 inferre

1352 2985 1554 3017 ‘usurarum
1587 2980 1728 3016 nomine
1770 2981 1843 3023 ita,
1886 2990 1932 3015 ne
1978 2980 2112 3015 nummi
2157 2979 2438 3025 dispargantur-’3

1350 3036 1496 3107 {11:¹33}
1505 3025 1786 3107 ἐξωῗωῃᾚὲἶέζ
1803 3024 2438 3115 t‘fflffiffquwr

1350 3116 1415 3151 lati
1437 3119 1522 3152 sunt
1543 3118 1729 3161 praestare
1764 3115 1927 3152 debeant.
1958 3115 2147 3161 respondi,
2177 3114 2209 3151 si
2239 3124 2351 3150 secun
2377 3125 2435 3150 um

1350 3161 1568 3196 voluntatem
1580 3160 1740 3196 defuncti
1751 3161 1942 3214 elegissent
1957 3170 2144 3196 usurarum
2155 3159 2436 3205 praestationem

1349 3215 1466 3252 neque
1487 3205 1614 3251 pupilli
1636 3206 1778 3242 nomine
1810 3217 1848 3242 ιιι
1878 3205 2005 3242 faenus
2037 3205 2234 3247 dedissent,
2267 3204 2303 3240 id
2357 3214 2435 3240 rae-

1350 3254 1370 3286 5
1418 3254 1536 3286 statur
1548 3252 1586 3293 ¹⁶,
1620 3250 1717 3296 quod
1747 3254 1900 3287 testator
1929 3250 2110 3287 voluisset.
2161 3249 2297 3285 Lucius
2355 3249 2437 3285 'tius

1348 3300 1510 3331 mutuam
1533 3296 1721 3341 pecuniam
1744 3306 1767 3331 a
1789 3299 1908 3332 tutore
1932 3295 2072 3340 accepit
2095 3298 2131 3330 et
2160 3304 2235 3330 rem
2258 3294 2436 3330 heredita·
2478 3337 2487 3342 ..

1348 3341 1438 3376 riam
1461 3341 1599 3386 pignori
1623 3341 1654 3376 ei
1678 3340 1795 3377 dedit:
1826 3345 1910 3393 post
1933 3340 2124 3376 triennium
2146 3339 2218 3375 iam
2266 3339 2437 3375 uberibus

1349 3385 1418 3428 his,
1442 3395 1594 3438 quorum
1617 3386 1729 3421 tutela
1753 3385 2002 3422 administrata
2035 3388 2109 3427 est,
2140 3384 2230 3420 fisco
2302 3394 2349 3420 na
2372 3383 2436 3420 de-

1349 3430 1465 3466 functi
1487 3430 1695 3466 adiudicata
1718 3434 1819 3474 sunt,
1854 3430 1939 3483 quia
1961 3434 2111 3466 mortem
2134 3429 2211 3465 eius
2233 3428 2339 3465 heres
2362 3439 2436 3466 non

1350 3478 1406 3511 est
1427 3475 1541 3511 ultus:
1579 3475 1773 3521 quaeritur,
1797 3485 1844 3511 an
1866 3475 1904 3511 ld
1927 3485 2055 3512 nomen
2078 3474 2234 3520 pupillus
2265 3483 2438 3511 recusare

1349 3585 1470 3621 πάντα
1482 3589 1565 3622 Hal.
1705 3590 1763 3631 (1³)
1787 3589 1826 3622 id
1835 3596 1902 3622 est:
1926 3588 2001 3621 volo
2014 3592 2048 3622 et
2062 3599 2154 3632 rogo,
2169 3591 2207 3621 ut
2217 3588 2331 3621 omnia
2351 3586 2434 3620 finnt

1351 3642 1392 3666 ex
1401 3632 1516 3666 fratris
1539 3634 1605 3667 mei
1617 3633 1741 3667 Maevii
1759 3635 1940 3675 sententia,
1965 3637 1999 3667 et
2022 3634 2188 3677 quidquid
2211 3634 2284 3666 sine
2301 3643 2340 3666 eo
2365 3632 2432 3672 flet,

1351 3678 1585 3758 32:332:st
1678 3680 1736 3721 (14)
1760 3679 1998 3722 repperierunt
2009 3679 2044 3712 F
2138 3681 2195 3722 (1⁶)
2203 3679 2435 3722 praestaturos

1931 126 1994 159 nr.
2022 127 2437 165 summarios}
2526 122 2528 126 ·

2158 1087 2323 1123 ederunt:
2353 1091 2440 1124 tunc
2497 1106 2500 1107 ν

1923 1718 1984 1770 qui
2006 1718 2121 1753 minus
2144 1717 2256 1754 tutori
2279 1717 2394 1761 solvit,
2419 1728 2441 1754 a
2513 1761 2516 1763 ,
