2528 3918
151 113 366 158 XXXXII
396 115 433 156 6.
459 115 483 155 7

153 239 201 275 ab
224 248 277 282 eo,
301 247 349 273 an
370 236 560 282 impetrent
582 233 854 279 separationem.
889 236 927 268 et
949 243 1022 267 non
1070 234 1151 269 uto:
1179 229 1240 264 ι111

154 284 247 319 enim
278 280 394 319 secuti
423 283 507 316 sunt
538 290 630 315 eum.
682 278 776 315 forte
807 288 911 323 quem
941 287 1043 313 move
1068 275 1116 328 it3
1158 275 1243 328 quid

155 338 250 373 ergo,
274 327 304 363 si
329 326 416 362 satis
439 325 536 360 non²
558 324 726 360 idoneum
750 323 993 368 acceperunt?
1025 325 1061 357 et
1083 319 1153 356 sibi
1173 332 1244 356 im·-

155 376 299 419 putent,
330 382 396 407 cur
417 370 558 406 minus³
579 369 729 405 idoneos
751 368 978 403 fideiussores
1002 366 1240 411 accipiebant.

160 421 199 453 12
246 417 439 453 Praeterea
462 414 643 451 sciendum
667 418 739 458 est,
763 418 997 459 posteaquam
1020 411 1117 446 bona
1138 410 1240 446 here-

155 462 286 499 ditaria
316 461 420 498 bonis
447 459 590 496 heredis
621 459 733 495 mixta
765 463 866 500 sunt,
901 468 974 492 non
999 466 1108 501 posse
1130 456 1241 508 impe-

88 524 91 526 ,
155 508 246 544 trari
276 505 558 553 separationem:
597 503 755 540 confusis
795 503 888 538 enim
927 502 1030 537 bonis
1067 504 1103 536 et
1133 505 1242 536 unitis

155 552 335 598 separatio
359 550 545 596 impetrari
566 560 638 586 non
662 549 806 595 poterit.
854 547 938 592 quid
968 556 1051 591 ergo
1084 545 1115 581 si
1137 555 1241 591 prae-

157 598 217 634 dia
247 600 370 633 extent
396 595 452 632 vel
482 595 661 640 mancipia
691 595 746 629 vel
775 603 908 638 pecora
936 592 991 627 vel
1020 590 1119 626 aliud
1148 590 1243 636 quod

158 642 320 689 separari
340 641 484 688 potest?
518 640 578 676 hic
607 640 730 685 utique
761 638 894 684 poterit
924 636 1111 682 impetrari
1139 646 1242 681 sepa-

155 689 248 724 ratio
279 697 346 723 nec
377 685 547 723 ferendus
576 688 648 728 est,
710 683 747 719 ui
781 686 952 718 causatur
984 683 1080 718 bona
1111 681 1244 716 contri-

158 734 264 775 buta,
297 742 379 768 cuin
405 730 554 777 praedia
584 731 697 766 contri
724 729 760 763 ui
784 739 856 763 non
879 727 1035 772 possint,
1067 726 1162 762 nisi⁴
1193 727 1245 761 ita

158 779 371 815 coniunctae
388 776 634 822 possessiones
654 779 690 810 et
736 774 908 809 ermixtae
927 772 1095 818 propriis,
1120 775 1160 806 ut
1178 771 1242 806 im-

158 823 366 871 possibilem
382 832 422 858 se
512 821 644 856 tionem
664 830 683 855 e
711 819 865 854 ecerint:
891 817 988 862 quod
1004 817 1147 862 quidem
1189 827 1244 852 er-

161 872 201 905 13
247 878 330 904 raro
349 870 552 912 coniungere
569 869 699 911 potest.
732 863 836 908 Quod
852 863 982 899 dicitur
996 866 1080 907 post
1093 872 1154 897 mu
1169 866 1245 896 tum

156 913 326 967 temporis
350 912 613 958 separationem
636 908 821 963 impetrari
844 919 917 944 non
939 918 1063 953 posse,
1093 908 1145 942 ita
1176 907 1245 942 erit

158 957 425 1005 accipiendum,
457 961 498 992 ut
521 956 616 992 ultra
641 953 920 1000 quinquennium
945 957 1029 998 post
1052 952 1245 988 aditionem

162 1008 203 1040 14
249 1002 508 1039 numerandum
536 1000 717 1046 separatio
748 1009 821 1035 non
850 999 1060 1044 postuletur.
1109 997 1165 1033 De
1188 997 1243 1032 his

158 1052 280 1086 autem
304 1048 485 1090 omnibus,
510 1057 557 1082 an
580 1044 799 1081 admittenda
822 1044 1001 1089 separatio
1025 1043 1074 1079 sit
1097 1053 1164 1078 nec
1188 1053 1243 1084 ne,

158 1094 337 1142 praetoris
354 1093 422 1129 erit
442 1092 498 1128 vel
516 1090 692 1145 praesidis
709 1090 819 1132 notio,
844 1089 976 1124 nullius
992 1088 1151 1130 alterius,
1176 1088 1245 1122 1100

161 1143 202 1176 15
249 1143 306 1176 est
335 1138 429 1182 eius,
466 1147 527 1182 qui
557 1136 819 1182 separationem
849 1133 1054 1169 indulturus
1086 1137 1152 1168 est.
1207 1133 1246 1167 Si

159 1185 238 1231 quis
295 1184 399 1229 ignus
429 1183 474 1217 ab
505 1183 659 1217 herede⁵
690 1179 888 1225 acceperit,
918 1189 991 1214 non
1021 1181 1076 1214 est
1102 1178 1136 1213 ei
1160 1188 1244 1213 con-

160 1196 320 1267 cedenda
348 1228 543 1273 separatio,
583 1226 686 1271 quasi
715 1235 796 1260 eum
825 1227 970 1260 secutus
1002 1223 1091 1259 sit0:
1130 1233 1246 1268 neque

158 1275 252 1312 enim
267 1273 435 1310 ferendus
451 1276 517 1314 est,
542 1272 603 1317 qui
619 1270 926 1316 qualiterqualiter
935 1271 959 1314 ⁷,
985 1268 1172 1313 eligentis⁸
1191 1273 1245 1303 ta-

162 1325 204 1357 16
249 1330 331 1356 111011
346 1322 474 1361 11101110,
498 1316 640 1352 heredis
656 1325 846 1361 personam
863 1318 1007 1350 secutus
1025 1318 1091 1349 est.
1128 1313 1245 1358 Quae-

159 1366 266 1403 situm
296 1367 369 1407 est,
407 1363 438 1399 si
468 1362 563 1398 forte
594 1362 667 1397 sint
694 1361 816 1406 plures
850 1359 1062 1402 creditores,
1102 1358 1247 1412 quidam

159 1410 276 1447 secuti
296 1408 475 1451 heredem,
500 1406 645 1454 quidam
668 1417 742 1443 non
764 1406 889 1449 secuti,
920 1409 956 1440 et
979 1405 1027 1447 hi,
1059 1415 1121 1449 qm
1143 1405 1246 1440 here-

159 1456 240 1492 dem
263 1454 379 1491 secuti
400 1465 474 1489 non
496 1456 592 1495 sunt,
616 1451 886 1505 impetraverint
902 1450 1175 1495 separationem,
1199 1460 1247 1484 an

159 1512 220 1537 eos
245 1510 366 1536 secum
390 1499 596 1540 admittant,
622 1508 685 1543 qui
707 1496 822 1533 secuti
845 1499 940 1531 sunt.
988 1499 1024 1530 et
1047 1499 1169 1540 putem
1192 1494 1246 1529 ni-

158 1547 209 1582 hil
232 1546 284 1582 eis
307 1544 497 1590 prodesse:
530 1544 596 1579 hos
623 1543 717 1578 enim
741 1552 823 1577 cum
847 1540 1082 1576 creditoribus
1107 1539 1246 1575 heredis

163 1595 200 1626 17
250 1589 502 1627 numerandos.
554 1588 644 1624 Item
675 1586 859 1623 sciendum
889 1589 944 1622 est
971 1586 1075 1631 vulgo
1104 1585 1247 1630 placere

160 1636 356 1672 creditores
389 1634 530 1679 quidem
560 1632 720 1675 heredis,
760 1632 790 1667 si
827 1631 913 1677 quid
950 1630 1168 1676 superfuerit
1201 1640 1247 1666 ex

159 1681 265 1718 bonis
288 1680 482 1722 testatoris,
506 1689 614 1724 posse
637 1678 771 1713 habere
794 1677 832 1712 in
851 1687 956 1712 suum
974 1676 1143 1719 debitum,
1169 1685 1246 1711 cre-

161 1727 295 1763 ditores
318 1736 401 1762 vero
425 1725 608 1761 testatoris
632 1733 676 1759 ex
700 1723 803 1758 bonis
822 1721 963 1758 heredis
984 1721 1072 1757 nihil
1082 1721 1107 1756 ⁹.
1145 1720 1247 1756 cuius

158 1772 212 1808 rei
233 1771 326 1808 ratio
349 1771 413 1807 illa
434 1773 506 1813 est,
538 1768 635 1815 quod
662 1768 725 1814 qui
746 1767 951 1820 impetravit
973 1766 1246 1812 separationem,

159 1817 229 1854 sibi
251 1816 359 1853 debet
379 1816 558 1861 imputare
581 1824 683 1850 suain
706 1812 930 1855 facihtatem,
955 1813 996 1855 si,
1022 1822 1104 1847 cum
1128 1815 1247 1847 essent

160 1863 256 1899 bona
284 1862 414 1898 idonea
443 1860 603 1903 heredis,
640 1858 694 1894 illi
727 1858 918 1894 maluerint
930 1859 958 1880 ¹⁰
994 1858 1091 1893 bona
1125 1856 1246 1903 potius

160 1907 320 1944 defuncti
337 1907 406 1943 sibi
423 1905 595 1952 separari,
618 1903 760 1940 heredis
779 1907 901 1939 autem
922 1902 1158 1939 creditoribus
1177 1902 1247 1937 hoc

159 1953 329 1999 imputari
357 1962 429 1988 non
460 1951 586 1997 possit.
634 1953 674 1985 at
696 1948 728 1985 si
751 1948 947 1984 creditores
971 1947 1133 1984 defuncti
1155 1947 1246 1983 desi-

161 1998 295 2040 derent,
319 2001 362 2032 ut
384 1997 491 2032 etiam
513 1996 551 2031 in
575 1995 678 2030 bonis
702 1994 843 2030 heredis
867 1994 1143 2035 substituantur,
1175 2003 1248 2028 non

161 2047 246 2080 sunt
268 2042 455 2078 audiendi:
487 2040 667 2086 separatio
693 2040 804 2082 enim,
835 2049 942 2083 quam
964 2039 1035 2084 ipsi
1057 2038 1247 2084 petierunt,

160 2098 223 2125 eos
247 2088 292 2123 ab
316 2087 396 2123 istis
419 2086 523 2123 bonis
548 2085 738 2131 separavit.
787 2084 819 2120 si
842 2087 962 2119 tamen
988 2085 1160 2120 temere¹¹
1192 2094 1247 2119 se·

160 2133 384 2180 parationem
414 2131 595 2177 petierunt
626 2130 821 2166 creditores
845 2129 1023 2172 defuncti,
1056 2129 1249 2175 impetrare

160 2179 300 2215 veniam
322 2181 486 2223 possunt,
509 2176 707 2212 iustissima
729 2175 868 2211 scilicet
890 2174 1112 2219 ignorantiae
1137 2184 1248 2209 causa

166 2227 206 2260 18
252 2223 418 2269 allegata.
464 2221 555 2258 Item
586 2220 770 2257 sciendum
798 2223 853 2256 est
882 2220 1123 2256 necessarium
1146 2219 1248 2255 here-

162 2270 242 2305 dem
264 2278 405 2304 servum
425 2278 506 2303 cum
522 2267 689 2302 libertate
707 2265 910 2302 institutum
927 2265 1121 2311 impetrare
1142 2274 1250 2310 posse

162 2313 442 2360 separationem,
472 2312 611 2349 scilicet
638 2315 696 2354 ut,
729 2311 760 2347 si
791 2321 864 2347 non
887 2310 1044 2356 attigerit
1066 2310 1162 2346 bona
1210 2319 1248 2344 a·

162 2359 274 2402 troni,
298 2359 335 2394 in
358 2368 402 2394 ea
426 2367 537 2393 causa
560 2357 625 2406 sit,
656 2360 698 2392 ut
720 2356 753 2392 ei
777 2355 950 2402 quidquid
973 2358 1100 2401 postea
1123 2321 1248 2435 0,ᾶᾷ-

162 2405 262 2486 {ierit
284 2406 471 2450 separetur
483 2403 528 2437 ²²:
561 2402 625 2438 sed
656 2405 694 2438 et
724 2401 755 2437 si
778 2401 865 2447 quid
888 2401 921 2436 ei
945 2411 967 2437 a
989 2403 1164 2436 testatore
1212 2410 1248 2435 e-

187 2453 267 2486 etur

209 2493 235 2532 2
259 2493 506 2530 Pramnos
526 2492 617 2529 libro
641 2492 833 2528 vicensimo
854 2491 981 2538 quinto
1025 2491 1250 2526 uaestionum

163 2541 220 2576 Ab
244 2538 376 2575 herede
398 2537 542 2574 vendita
563 2536 762 2573 hereditate
785 2546 823 2572 se
849 2535 966 2572 aratio
1031 2539 1134 2572 ustra
1156 2535 1248 2572 desi-

163 2585 364 2627 derabitur,
397 2583 520 2629 utique
548 2583 581 2619 si
603 2582 704 2618 nulla
726 2581 808 2617 frau
885 2582 1048 2617 incurrat
1070 2581 1247 2627 suspicio:

150 2641 246 2667 *nam
280 2639 373 2675 quae
411 2629 508 2665 bona
543 2627 616 2664 fide
649 2627 766 2664 medio
798 2631 960 2673 tempore
988 2637 1055 2673 per
1085 2626 1250 2663 heredem

162 2679 264 2722 gesta
287 2678 383 2717 sunt,
407 2677 488 2709 rata
512 2673 716 2710 conservari
739 2672 867 2709 solent.

210 2719 234 2758 3
260 2719 367 2755 loru
386 2719 477 2756 libro
501 2719 692 2755 vicensimo
712 2718 865 2764 septimo
885 2717 1135 2763 quaestionum
1175 2716 1248 2752 De-

163 2766 260 2802 bitor
283 2764 484 2800 fideiussori
506 2764 611 2799 heres
631 2763 750 2799 extitit
767 2763 914 2807 eiusque
932 2762 1029 2798 bona
1044 2761 1247 2798 venierunt:

164 2810 324 2858 quamvis
342 2809 511 2855 obligatio
530 2808 769 2844 fideiussionis
792 2808 951 2844 extincta
972 2808 1030 2852 sit,
1053 2806 1164 2843 nihilo
1182 2806 1247 2842 mi-

164 2866 233 2892 nus
257 2854 437 2900 separatio
461 2854 712 2900 impetrabitur
734 2856 877 2899 petente
900 2863 954 2896 eo,
979 2853 1038 2889 cui
1060 2851 1249 2888 fideiussor

164 2901 284 2937 fuerat
309 2899 505 2945 obligatus,
536 2899 609 2935 sive
639 2899 738 2935 solus
762 2898 810 2934 sit
832 2898 1069 2934 hereditarius
1094 2897 1249 2934 creditor

164 2946 239 2983 sive
261 2944 394 2991 plures.
442 2954 558 2990 neque
581 2944 675 2980 enim
698 2944 790 2980 ratio
813 2943 901 2979 iuris
946 2953 1038 2989 quae
1051 2943 1079 2965 ¹³
1103 2953 1248 2979 causam

165 2989 405 3027 fideiussionis
428 3000 493 3035 pro
519 2993 575 3041 ter
598 2989 831 3035 principalem
855 2971 1126 3034 obligationem,
1181 2998 1250 3024 uae

164 3036 279 3073 maior
309 3034 395 3076 fuit,
427 3045 493 3070 exc
508 3038 597 3076 usit,
631 3034 760 3070 damno
791 3034 897 3070 debet
919 3033 1072 3070 adficere
1096 3043 1156 3069 cre
1184 3033 1249 3068 'to-

168 3086 181 3117 1
233 3091 324 3124 10111,
377 3079 415 3115 111
438 3078 508 3115 sibi
530 3079 715 3124 diligenter
738 3083 982 3133 prospexerat.
1030 3078 1123 3124 Quid
1152 3089 1248 3124 ergo,

165 3127 197 3163 si
219 3125 324 3163 bonis
346 3091 568 3178 i'ideiussoris
590 3128 765 3170 separatis
796 3124 950 3160 solidum
979 3133 1024 3160 ex
1051 3123 1250 3160 hereditate

165 3171 359 3218 stipulator
386 3179 557 3215 consequi
584 3180 656 3204 non
687 3169 825 3215 possit?
867 3173 988 3205 utrum
1017 3169 1135 3214 portio
1169 3179 1250 3204 cum

167 3216 294 3253 ceteris
317 3214 457 3252 heredis
477 3214 711 3250 creditoribus
730 3214 763 3250 ei
783 3214 988 3260 quaerenda
1006 3215 1075 3251 erit
1094 3224 1141 3249 an
1162 3224 1247 3250 con-

165 3265 286 3297 tentus
310 3270 389 3297 esse
412 3260 556 3296 debebit
575 3259 688 3301 bonis,
714 3270 805 3311 quae
825 3260 986 3313 separari
1002 3259 1153 3295 maluit?
1184 3259 1249 3295 sed

167 3317 248 3343 cum
272 3306 462 3352 stipulator
483 3304 553 3342 iste
575 3315 647 3340 non
671 3304 770 3339 adita
791 3303 1012 3341 fideiussoris
1042 3315 1064 3340 a
1092 3314 1155 3341 reo
1185 3303 1248 3340 he-

165 3351 317 3388 reditate
340 3350 444 3387 bonis
466 3349 686 3387 fideiussoris
710 3349 859 3386 venditis
884 3351 921 3385 in
939 3349 1122 3386 residuum
1140 3360 1206 3396 pro
1223 3350 1249 3371 '⁴

165 3395 307 3433 misceri
330 3395 498 3432 debitoris
522 3394 756 3431 creditoribus
781 3395 948 3439 potuerit,
972 3396 1064 3431 ratio
1088 3405 1161 3431 non
1185 3404 1248 3440 pa-

166 3445 187 3477 2
233 3442 322 3478 titur
345 3451 426 3477 eum
450 3441 489 3476 in
511 3439 695 3486 proposito
719 3440 941 3476 summoveri.
990 3440 1061 3476 Sed
1092 3440 1130 3475 in
1161 3450 1249 3485 quo·

167 3556 208 3608 (1)
232 3556 267 3589 et
278 3556 338 3589 ius.
419 3556 462 3594 (2)
487 3553 647 3587 nonsatis
659 3553 730 3586 edd.
813 3554 855 3591 (3)
875 3552 990 3604 ,11111101-
1004 3553 1039 3585 F·
1111 3553 1156 3604 (4)
1181 3552 1250 3585 sint

168 3597 1248 3687 11111151311813ῖῃςᾼᾎῆὲωᾱςῑῑῑῖῑῲῖιῆὲῒὲ

166 3687 217 3721 hil
230 3689 293 3723 del.
351 3691 410 3728 (10)
435 3687 494 3721 1110
505 3686 662 3721 maluerit
672 3699 734 3721 ser.
789 3689 844 3728 (11)
870 3689 991 3721 emeret
1006 3687 1039 3719 F'
1044 3687 1064 3728 ¹,
1078 3697 1184 3720 emere
1200 3685 1249 3720 Ρ

167 3737 226 3774 112)
250 3737 459 3776 separaretur
472 3733 504 3766 F
509 3732 524 3753 ³
627 3734 685 3774 (13)
710 3742 794 3775 quae
808 3745 866 3765 om.
883 3733 915 3765 F
1012 3734 1069 3770 (14)
1094 3732 1248 3775 portione

1231 103 1316 154 676

1484 7 1555 110 ἢ

1708 121 1770 151 DE
1800 119 2036 152 CURATORF.
2064 119 2198 152 Bonus
2226 119 2386 152 Dauno

1308 230 1396 282 libet
1413 229 1484 265 alio
1505 229 1690 282 creditore,
1714 231 1775 277 qui
1793 230 2054 278 separationem
2070 230 2281 276 impetravit,
2330 241 2389 267 ro-

1308 276 1388 311 bari
1417 274 1635 327 commodius
1650 279 1736 329 ‚0⁸²2
1772 281 1831 318 ut,
1871 276 1903 312 si
1936 275 2087 329 solidum
2117 285 2162 311 ex
2191 276 2285 329 here·
2315 279 2390 312 tate

1309 330 1542 418 ἓὲξιῖξῗθὲαἳῗ
1564 324 1778 412 ἓῗῗῗᾰρέἷῗ
1794 319 2315 403 cffssffifflssefflussgaffifffi
2328 321 2391 401 ¹:13:

1309 420 1445 491 aaz..
1467 410 2094 492 ..mandarum
2195 410 2292 447 ὼ

1717 467 1784 492 ssis
1833 467 1892 493 ere
1918 469 1929 492 i
2033 483 2041 492 .

1359 499 1385 537 4
1409 500 1517 536 10111(
1540 500 1632 536 libro
1661 501 1870 538 duodecimo
1901 511 2155 549 responsorum
2202 499 2391 537 Creditori-

1311 546 1391 589 bus,
1416 546 1477 591 qui
1500 555 1545 581 ex
1568 545 1625 581 die
1648 545 1703 581 vel
1722 547 1788 582 sub
1809 547 2018 583 condicione
2036 545 2210 582 debentur
2229 549 2266 581 et
2284 556 2392 592 prop-

1311 594 1366 626 ter
1405 591 1475 643 hoc
1512 590 1670 626 nondum
1705 592 1893 637 pecuniam
1923 595 2046 638 petere
2074 593 2246 638 possunt,
2282 600 2394 636 aeque

1312 639 1489 682 separatio
1522 635 1682 678 dabitur,
1721 637 1888 682 quoniam
1918 641 1955 673 et
1983 637 2070 682 ipsis
2102 635 2268 672 cautione
2297 646 2394 671 com·

1316 685 1328 715 1
1380 681 1477 716 muni
1501 681 1720 716 consuletur.
1762 682 1972 727 Legatarios
1995 686 2115 717 autem
2137 681 2175 717 in
2194 691 2239 717 ea
2255 684 2394 716 tantum

1312 730 1432 771 parte,
1457 736 1548 771 quae
1572 726 1742 779 debonis
1765 728 1900 763 servari
1922 727 2058 773 potuit,
2082 726 2215 762 habere
2237 726 2395 773 pignoris

1313 782 1459 807 causam
1483 775 1658 807 convenit.

1358 815 1383 854 5
1409 816 1465 852 Pi
1473 826 1516 852 οι
1523 826 1568 852 os
1588 817 1678 853 libro
1699 817 1802 852 tertio
1821 816 1958 853 decimo

1313 861 1447 898 ditores
1469 861 1677 898 hereditarii
1699 862 1963 907 separationem

2003 817 2228 853 uaestionum
2261 815 2395 853 81010-

2012 872 2162 899 onorum
2182 862 2394 908 impetrave-

1313 910 1398 942 runt
1412 909 1439 929 ¹⁵
1454 911 1491 942 et
1504 907 1706 943 inveniatur
1721 918 1794 942 non
1808 906 1940 943 idonea
1953 907 2132 944 hereditas
2158 907 2263 944 heres
2277 910 2396 943 autem

1313 952 1479 988 idoneus:
1512 963 1586 988 non
1616 956 1786 998 poterunt
1816 952 1947 988 reverti
1969 952 2017 989 ad
2038 934 2219 997 heredem,
2251 951 2315 988 sed
2341 962 2396 994 eo,

1314 997 1410 1042 quod
1433 998 1543 1034 semel
1565 997 1847 1043 postulaverunt,
1871 1001 1969 1034 stare
1992 997 2134 1034 debent.
2175 997 2239 1034 sed
2261 997 2293 1033 si
2314 1001 2398 1042 post

1313 1044 1540 1096 impetratam
1559 1043 1821 1088 separationem
1841 1042 1977 1088 aliquid
1997 1043 2101 1079 heres
2121 1041 2343 1088 adquisierit,
2367 1042 2398 1078 si

1314 1087 1531 1178 1ῗὲὲῖ1ωῇ
1548 1087 2396 1178 ξξὶθῗῖἲ“ἓ1θὲἒ“ὶᾙ11ἳξ’ἕὲ“ἕρὲῗιξέρὲηᾭ1

1315 1178 1377 1214 sed
1397 1178 1429 1214 si
1445 1178 1514 1214 illis
1535 1178 1761 1214 satisfactum
1779 1144 1898 1222 fuerit,
1923 1178 2020 1224 quod
2039 1182 2204 1224 superest
2219 1178 2398 1214 tribuetur

1314 1223 1467 1304 propriis
1501 1223 1643 1259 heredis
1678 1223 1926 1260 creditoribus.
1981 1227 2020 1259 at
2050 1223 2082 1259 si
2112 1233 2157 1259 ex
2187 1223 2259 1259 alia
2290 1233 2399 1259 causa

1339 1279 1418 1305 eres
1441 1268 1668 1313 adquisierit,
1700 1279 1773 1304 non
1799 1268 2032 1304 admittentur
2053 1268 2260 1305 hereditarii
2283 1267 2395 1304 credi·

1314 1318 1422 1361 tores.
1471 1314 1567 1358 quod
1595 1314 1627 1350 si
1655 1314 1791 1359 proprii
1819 1313 1866 1349 ad
1898 1313 2051 1350 solidum
2072 1317 2329 1359 pervenerunt,
2361 1312 2398 1348 id

1315 1359 1410 1404 quod
1435 1359 1619 1440 ffirerit
1648 1358 1876 1394 tribuendum
1903 1359 2127 1395 hereditariis
2157 1358 2301 1404 quidam
2331 1369 2395 1404 pu-

1314 1409 1411 1440 tant:
1475 1405 1482 1411 '
1547 1408 1666 1440 autem
1689 1404 1726 1440 id
1747 1415 1821 1440 non
1843 1403 2000 1440 videtur:
2031 1415 2113 1440 cum
2136 1405 2230 1440 enim
2253 1414 2292 1440 se
2318 1414 2398 1439 ara·

1314 1450 1448 1486 tionem
1475 1450 1675 1495 petierunt,
1706 1453 1930 1485 recesserunt
1962 1460 1984 1485 a
2011 1459 2170 1503 persona
2196 1449 2282 1485 here
2308 1450 2339 1485 is
2363 1452 2400 1484 et

1314 1496 1411 1531 bona
1433 1495 1547 1530 secuti
1570 1499 1654 1530 sunt
1676 1499 1712 1530 et
1735 1494 1838 1540 quasi
1861 1494 2022 1530 defuncti
2040 1495 2135 1531 bona
2154 1493 2398 1535 vendiderunt,

1316 1550 1409 1585 quae
1431 1544 1622 1586 augmenta
1644 1551 1717 1576 non
1739 1543 1892 1585 possunt
1914 1539 2085 1586 recipere.
2121 1538 2216 1576 idem
2241 1550 2287 1575 ue
2306 1539 2399 1576 exis-

1314 1586 1400 1621 timo
1425 1585 1626 1629 dicendum,
1655 1586 1795 1621 etiamsi
1819 1586 1917 1621 circa
1939 1585 2200 1630 separationem
2249 1595 2398 1621 onorum

1315 1631 1456 1684 decepti
1484 1631 1601 1666 minus
1633 1631 1817 1667 consecuti
1848 1633 1935 1666 sunt
1989 1641 2072 1666 uam
2099 1629 2237 1676 proprii
2258 1629 2399 1666 heredis

1316 1676 1521 1728 creditores.
1569 1676 1706 1722 proprii
1736 1679 1856 1711 autem
1885 1643 2025 1711 1101οἏ10
2050 1675 2243 1712 creditores
2266 1675 2401 1710 habent

1316 1732 1462 1767 propria
1491 1722 1568 1757 eius
1597 1722 1693 1757 bona
1716 1725 1752 1757 et
1774 1731 1982 1767 personam,
2015 1731 2107 1766 quae
2137 1723 2258 1766 potest
2288 1720 2401 1756 donec

1314 1767 1400 1802 vivit
1422 1766 1622 1812 adquirere.

1362 1809 1387 1850 6
1411 1811 1605 1848 IULIANUS
1622 1812 1712 1848 libro
1733 1811 2037 1858 quadraqensimo
2056 1813 2162 1847 sexto
2180 1809 2400 1858 diqestorum

1316 1857 1487 1902 Quotiens
1511 1857 1652 1893 heredis
1675 1858 1772 1892 bona
1795 1856 1964 1893 solvendo
1985 1866 2059 1892 non
2076 1859 2170 1898 sunt,
2194 1865 2268 1892 non
2286 1855 2401 1892 solum

1317 1903 1512 1938 creditores
1534 1903 1734 1944 testatoris,
1765 1902 1829 1938 sed
1851 1902 1959 1938 etiam
1982 1912 2060 1944 eos,
2092 1901 2221 1946 quibus
2244 1901 2402 1947 legatum

1315 1948 1434 1991 fuerit,
1458 1947 1650 1993 impetrare
1674 1948 1849 1984 bonorum
1873 1947 2135 1993 separationem
2159 1957 2201 1983 ae
2226 1957 2312 1982 uum
2335 1950 2401 1989 est,

1315 1993 1367 2028 ita
1396 1996 1454 2037 ut,
1491 2003 1573 2029 cum
1610 1993 1648 2029 in
1661 1994 1689 2015 ¹⁶
1723 1992 1960 2028 creditoribus
1996 1992 2149 2028 solidum
2186 2002 2208 2028 a
2234 1992 2401 2037 quisitum

1315 2038 1442 2082 fuerit,
1482 2038 1662 2083 legatariis
1693 2038 1749 2074 vel
1780 2038 1934 2074 solidum
1963 2037 2019 2073 vel
2048 2037 2165 2082 portio
2195 2041 2400 2083 quaeratur.

1319 2087 1335 2119 1
1385 2083 1423 2120 Si
1452 2083 1580 2119 liberta
1609 2084 1714 2120 heres
1742 2083 1909 2119 instituta
1936 2083 2112 2119 bonorum
2141 2083 2402 2128 possessionem

1317 2129 1514 2165 secundum
1546 2129 1688 2165 tabulas
1718 2129 1866 2174 petisset
1897 2129 1992 2171 eius,
2033 2128 2095 2174 qui
2129 2127 2298 2164 solvendo
2329 2138 2402 2164 non

1318 2178 1407 2217 erat,
1432 2174 1632 2220 quaesitum
1656 2177 1726 2217 est,
1757 2184 1804 2209 an
1827 2174 1923 2210 bona
1946 2173 2022 2210 eius
2047 2173 2206 2218 separari
2229 2173 2275 2209 ab
2299 2173 2401 2209 here-

1318 2219 1455 2256 ditariis
1479 2219 1611 2256 debent
1624 2220 1662 2256 ¹⁷.
1699 2219 1883 2265 respondit
1895 2220 1940 2254 ¹⁸:
1966 2230 2038 2255 non
2061 2222 2116 2254 est
2137 2218 2297 2264 iniquum
2320 2228 2401 2254 suc·

1318 2265 1415 2301 curri
1459 2268 1597 2308 atrono,
1618 2274 1664 2301 ne
1684 2269 1894 2301 oneraretur
1910 2263 2140 2307 aeraalieno,
2161 2263 2257 2309 quod
2273 2263 2403 2300 liberta

1317 2314 1424 2390 petzn
1450 2321 1472 2346 o
1510 2310 1688 2390 {unorum
1726 2310 1988 2356 possessionem
2027 2308 2222 2345 secundum
2257 2307 2400 2345 tabulas

1318 2366 1386 2392 con
1403 2365 1520 2391 raxeri
1538 2382 1546 2390 .

1365 2398 1388 2438 7
1413 2400 1650 2436 MARGIANUS
1669 2401 1760 2437 libro
1784 2400 1942 2437 secundo
1965 2399 2175 2446 reqularum
2218 2399 2287 2444 Qui
2310 2399 2401 2435 iudi-

1319 2445 1413 2481 cium
1445 2445 1668 2481 dictaverunt
1699 2445 1838 2488 heredi,
1875 2446 2136 2491 separationem
2166 2445 2268 2491 quasi
2298 2444 2399 2480 here-

1318 2491 1438 2572 }itarii
1466 2495 1628 2571 tpossunt
1663 2491 1871 2537 impetrare,
1904 2490 1988 2537 quia
2018 2501 2062 2527 ex
2090 2490 2303 2527 necessitate
2332 2489 2401 2525 hoc

1333 2547 1464 2573 ecerun
1484 2563 1491 2571 .

1801 2672 1927 2713 V11¹⁹.

1520 2740 1583 2774 DE
1609 2739 1847 2774 CURATORE
1871 2739 2006 2774 BONIS
2030 2738 2196 2773 DANDO.

1367 2805 1385 2844 1
1413 2805 1471 2855 ,Pa
1479 2815 1573 2843 vhvs
1594 2806 1684 2843 libro
1709 2806 2032 2852 quinquaqensimo
2056 2806 2207 2852 septimo
2235 2804 2286 2842 ad
2307 2805 2396 2842 edic-

1319 2855 1394 2887 tum
1441 2851 1480 2887 Si
1508 2851 1629 2898 quis²⁰
1657 2851 1724 2887 sub
1757 2851 1965 2887 condicione
1993 2850 2096 2886 heres
2125 2850 2309 2887 institutus
2333 2854 2399 2893 est,

1319 2897 1498 2943 cogendus
1529 2900 1584 2933 est
1615 2896 1816 2933 condicioni
1845 2906 1987 2942 parere,
2026 2895 2058 2931 si
2085 2899 2220 2941 potest,
2255 2899 2337 2939 aut,
2369 2895 2401 2932 si

1317 2942 1542 2988 responderit
1564 2951 1603 2978 se
1626 2952 1699 2977 non
1722 2941 1919 2986 aditurum,
1949 2940 2088 2977 etiamsi
2117 2940 2279 2977 condicio
2309 2940 2399 2976 exti-

1322 2992 1336 3023 1
1384 2988 1485 3030 10111,
1524 2986 1710 3023 vendenda
1745 2990 1849 3022 erunt
1884 2987 1981 3023 bona
2014 2985 2182 3022 defuncti.
2266 2985 2339 3022 uod
2369 2985 2400 3021 si

1317 3032 1406 3068 nihil
1429 3031 1548 3068 facere
1570 3035 1706 3078 potest,
1740 3035 1885 3069 curator
1912 3031 2016 3068 bonis
2040 3030 2241 3067 constituen
2267 3041 2310 3067 us
2332 3030 2401 3067 erit

1318 3081 1382 3113 aut
1390 3078 1420 3100 ²¹
1443 3078 1539 3114 bona
1562 3076 1757 3113 vendenda.
1806 3076 1877 3113 Sed
1899 3076 1930 3113 si
1951 3085 2058 3122 grave
2080 3085 2141 3112 aas
2164 3075 2319 3112 alienum
2341 3076 2399 3119 sit,

1318 3122 1415 3168 quod
1437 3133 1482 3159 ex
1499 3132 1616 3168 poena
1633 3125 1783 3165 crescat,
1807 3132 1873 3167 per
1890 3125 2091 3158 curatorem
2108 3120 2316 3157 solvendum
2337 3131 2399 3157 aes

1317 3169 1491 3220 alienum,
1528 3167 1634 3203 sicuti
1669 3178 1751 3203 cum
1786 3171 1907 3204 venter
1935 3167 1974 3203 in
2002 3166 2228 3220 possessione
2259 3166 2307 3202 sit
2336 3169 2400 3203 aut

1317 3210 2399 3303 ⁹⁰3¹¹¹1>¹223²3⁶s‘zzzsszetsssswzttssztzfffssifftm

1318 3303 1373 3339 De
1397 3306 1563 3339 curatore
1584 3303 1832 3339 constituendo
1876 3312 1920 3339 00
1936 3302 2013 3338 11110
2032 3302 2174 3344 1111111111,
2198 3305 2240 3337 111
2255 3305 2400 3347 praetor

1317 3348 1467 3385 adeatur
1502 3347 1605 3393 isque
1637 3351 1838 3384 curatorem
1876 3350 2130 3392 curatoresque
2139 3347 2170 3369 ²⁸
2204 3346 2400 3382 constituat

1316 3403 1361 3429 ex
1389 3402 1565 3429 consensu
1597 3393 1740 3429 maioris
1797 3392 1883 3428 artis
1912 3391 2144 3435 creditorum,
2175 3392 2231 3427 vel
2253 3401 2399 3437 praeses

1316 3437 1536 3484 provinciae,
1570 3438 1602 3474 si
1631 3438 1728 3475 bona
1814 3437 1989 3474 trahenda
2018 3437 2056 3473 in
2084 3436 2268 3484 provincia
2295 3440 2397 3473 sunt:

1318 3552 1379 3585 ins.
1392 3550 1546 3584 Huschke

1317 3597 1377 3638 (11)
1402 3594 1544 3628 debeant
1558 3594 1607 3628 Γ*

1626 3551 1685 3591 (16)
1709 3549 1961 3592 impetraverint
1972 3548 2025 3582 F·

1699 3596 1759 3636 (18)
1783 3594 1939 3637 retpondi
1949 3607 2011 3628 scr.

1363 3641 1423 3682 (is)
1449 3641 1513 3674 Ed.
1525 3647 1609 3679 1...1;
1627 3638 1708 3674 Sat.
1718 3639 1892 3674 s.—Bas.
1903 3641 1936 3682 9,
1950 3646 1977 3681 ¹1,
1990 3646 2096 3674 usmis
2110 3645 2140 3673 ιε
2151 3645 2199 3681 ss,
2210 3645 2241 3672 12
2287 3639 2353 3679 (ιο)
2370 3637 2396 3670 is

1316 3685 1376 3728 qui
1389 3684 1439 3719 Ρ
1937 3685 2000 3726 (22)
2024 3685 2232 3718 cantorem
2245 3683 2397 3727 Krueqer

2105 3550 2164 3591 (ie)
2189 3549 2226 3583 in
2238 3550 2299 3584 dcl.
2315 3549 2395 3584 Hal.

1536 3687 1594 3727 (si)
1618 3683 1689 3727 aut]
1701 3693 1762 3720 neo
1773 3694 1835 3718 scr.
