2528 3918
64 107 123 137 m·
150 106 488 139 DEFENSOROEUS

65 222 179 253 torem
202 216 249 252 ad
272 216 483 252 iniuriarum
514 216 702 251 actionem.
743 225 825 251 nam
857 216 954 261 quod
984 216 1032 252 ad
1062 216 1155 252 dotis

65 262 288 298 exactionem
313 272 393 296 cum
416 264 519 312 patre
550 260 634 300 dat¹
660 264 952 306 procuratorem,
986 271 1154 306 superva-

65 318 171 343 cuum
207 316 284 342 esse
314 306 478 341 Valerius
515 305 666 342 Severus
702 306 848 349 scribit,
884 317 966 342 cum
1000 306 1157 342 sufficiat

63 356 202 398 patrem
227 352 313 387 dare
336 361 381 386 ex
411 350 506 386 filiae
536 351 730 387 voluntate.
767 351 831 387 sed
861 355 970 397 puto,
1003 352 1034 388 si
1063 351 1157 388 forte

89 400 166 432 ater
190 397 319 432 absens
342 396 413 432 sit²
435 396 491 431 vel
513 400 705 441 suspectae
726 397 832 439 vitae,
858 408 928 442 quo
954 407 1041 433 casu
1066 397 1157 433 solet

104 442 157 477 'ae
181 444 382 486 competere
406 441 450 476 de
474 440 556 477 (1010
580 442 686 485 00110,
710 452 818 487 110880
842 452 921 477 eam
944 446 1155 487 procurato-

63 498 137 523 rem
169 487 265 522 dare.
301 486 379 531 ipse
402 497 543 531 quoque
567 486 661 522 filius
685 491 899 532 procurator
924 488 1001 523 dari
1024 487 1157 533 poterit

65 536 79 567 1
131 535 166 566 et
189 531 236 566 ad
259 531 436 576 agendum
459 536 495 567 et
517 531 565 567 ad
589 531 862 568 defendendum.
911 533 1048 569 Invitus
1071 543 1154 578 pro-

63 580 207 613 curator
238 587 311 611 non
342 576 435 612 solet
466 576 555 612 dari.
603 577 753 613 invitum
787 578 953 623 accipere
985 578 1155 614 debemus

62 633 135 659 non
159 632 240 657 eum
263 624 404 656 tantum
428 622 489 667 qui
513 622 737 666 contradicit,
762 633 884 659 verum
910 634 990 659 eum
1015 633 1157 669 quoque

62 670 81 703 2
129 667 190 712 qui
214 667 438 702 consensisse
461 678 534 702 non
556 668 740 713 probatur.
788 668 960 708 Veterani
982 678 1155 714 procura-

60 716 157 748 tores
181 711 259 747 fieri
282 716 453 757 possunt:
479 713 609 748 milites
634 717 754 749 autem
778 724 845 750 nec
869 714 900 749 si
923 714 1007 750 velit
1031 714 1155 749 adver-

61 758 176 793 sarius
199 761 451 803 procuratores
476 758 555 793 dari
585 763 756 804 possunt,
789 759 859 794 nisi
890 759 959 795 hoc
990 763 1152 804 tempore

60 803 132 838 litis
157 806 380 838 contestatae
404 814 629 855 quocumque
654 814 741 839 casu
765 805 1057 849 praetermissum
1081 807 1154 840 est:

61 851 209 893 excepto
243 858 285 883 eo
319 848 380 893 qui
409 859 447 883 111
479 859 554 884 10111
586 859 688 884 800111
718 854 934 894 procurator
958 850 1064 885 datus
1089 853 1154 891 est,

59 894 116 928 vel
148 893 209 938 qui
233 904 456 929 communem
481 905 629 930 causam
653 895 768 930 omnis
792 895 848 931 sui
873 895 1012 930 numeri
1034 905 1154 940 perse-

60 942 192 984 quatur
222 938 278 973 vel
302 939 462 983 suscipit,
489 939 617 984 quibus
641 940 724 976 talis
748 941 956 985 procuratio
982 950 1156 976 concessa

61 989 80 1021 3
129 987 193 1019 est.
231 984 517 1020 ‘Procuratorem
541 984 589 1019 ad
610 985 708 1020 litem
732 986 995 1031 suscipiendam
1020 985 1154 1027 datum,

60 1032 136 1074 ‘pro
162 1039 232 1074 quo
259 1029 502 1064 consentiente
527 1029 691 1066 dominus
714 1031 911 1066 iudicatum
933 1031 1021 1066 solvi
1045 1041 1154 1075 expo-

60 1074 166 1116 ‘suit,’
190 1077 335 1119 praetor
359 1075 420 1117 ait,
446 1074 626 1110 ‘iudicium
647 1076 810 1121 accipere
831 1077 979 1121 cogam'.
1021 1076 1156 1111 Verum

60 1129 104 1154 ex
138 1129 248 1154 causa
279 1130 352 1154 non
377 1119 521 1155 debebit
545 1121 720 1166 compelli.
758 1125 799 1156 ut
830 1126 920 1166 puta
951 1121 1156 1157 inimicitiae

61 1164 232 1210 capitales
256 1164 523 1201 intervenerunt
545 1166 638 1200 inter
668 1166 786 1211 ipsum
817 1170 1090 1211 procuratorem
1121 1171 1156 1201 et

61 1210 258 1246 dominum:
280 1210 405 1246 scribit
415 1210 576 1246 Iulianus
597 1211 726 1247 debere
744 1212 782 1246 in
800 1216 1071 1257 procuratorem
1093 1212 1154 1247 de-

59 1256 181 1299 negari
205 1255 393 1290 actionem.
426 1256 511 1291 item
534 1256 566 1291 si
589 1256 742 1301 dignitas
767 1258 959 1292 accesserit
981 1268 1153 1302 procura-

59 1301 145 1336 tori:
170 1301 225 1336 vel
247 1300 300 1336 rei
322 1301 488 1345 publicae
513 1311 624 1337 causa
648 1302 814 1338 afuturus
839 1303 902 1338 sit:

106 1343 130 1383 9
160 1345 283 1381 0111178
311 1346 401 1381 libro
434 1347 539 1382 tertio
571 1346 621 1382 ad
643 1346 797 1383 edictum
816 1348 1046 1394 provinciale
1092 1350 1156 1382 aut

59 1391 90 1427 si
125 1390 363 1426 valetudinem
399 1395 463 1426 aut
494 1391 523 1427 si
558 1393 798 1428 necessariam
834 1393 1155 1438 peregrinationem

60 1436 107 1472 all
153 1440 206 1470 et:

110 1446 159 1519 ᾖ)
192 1481 387 1517 ΠιΡῙΔΝσΒ
407 1481 498 1517 libro
522 1484 648 1518 octavo
674 1482 724 1517 ad
746 1482 900 1518 edictum
947 1483 1002 1518 vel
1013 1482 1153 1517 heredi-

59 1532 115 1562 tas
137 1526 388 1571 superveniens
409 1536 491 1561 eum
510 1530 682 1572 occupet:
707 1527 763 1563 vel
783 1537 827 1563 ex
840 1528 910 1563 alia
922 1528 1018 1562 iusta
1031 1538 1152 1562 causa.

59 1572 127 1607 hoc
152 1571 304 1616 amplius
329 1575 365 1606 et
388 1571 419 1606 si
441 1572 575 1607 habeat
596 1577 823 1616 praesentem
848 1573 1048 1615 dominum,
1082 1584 1154 1608 non

59 1617 189 1653 debere
213 1616 376 1661 compelli
425 1620 681 1660 rocmatorem,

108 1660 155 1698 11
184 1661 344 1697 Panas
365 1661 392 1696 li
414 1673 455 1697 ro
480 1666 605 1697 octavo
630 1663 681 1698 ad
702 1663 857 1699 edictum
898 1663 928 1698 si
948 1667 1069 1698 tamen
1090 1663 1152 1699 do-

60 1707 177 1742 minus
203 1707 282 1751 cogi
305 1707 429 1752 possit.

108 1750 159 1788 12
188 1752 310 1787 Gams
331 1752 422 1787 libro
447 1754 551 1787 tertio
576 1752 625 1787 ad
647 1752 801 1788 edictum
818 1753 1050 1799 provinciale
1084 1753 1155 1788 Sed

59 1798 166 1833 etiam
190 1807 235 1832 ex
257 1797 313 1832 his
338 1797 456 1832 causis
481 1797 611 1832 dicitur
635 1797 826 1843 aliquando
852 1798 1047 1843 cogendum
1070 1809 1153 1843 pro-

60 1846 262 1879 curatorem
285 1842 455 1877 iudicium
479 1843 556 1878 acci
583 1853 659 1877 ere:
684 1843 793 1878 veluti
817 1843 847 1878 si
868 1843 1030 1878 dominus
1049 1854 1153 1888 prae-

60 1898 142 1924 sens
175 1898 247 1922 non
272 1887 319 1922 sit
343 1891 378 1922 et-
401 1890 503 1922 actor
527 1898 549 1922 a
575 1887 692 1923 fimet
714 1892 836 1923 tractu
859 1888 1031 1933 temporis
1055 1888 1153 1924 futu-

0 1931 1 1952 ³
59 1944 138 1968 rum
163 1937 204 1967 ut
227 1943 285 1968 res
310 1936 444 1978 pereat.

0 2007 1 2026 ἢ
109 1975 158 2015 13
192 1977 388 2013 mmm
418 1978 509 2013 libro
533 1982 659 2013 octavo
684 1978 735 2013 ad
757 1978 912 2014 edictum
961 1978 1032 2014 Sed
1062 1979 1153 2014 haec

0 2027 1 2066 ξ
59 2033 176 2068 neque
199 2023 334 2067 passim
358 2022 578 2058 admittenda
602 2026 687 2058 sunt
710 2033 826 2067 neque
851 2023 1021 2058 destricte
1045 2023 1152 2059 dene-

58 2068 188 2113 ganda,
214 2067 277 2102 sed
302 2078 324 2102 a
347 2071 513 2112 praetore
537 2078 648 2103 causa
672 2068 815 2112 cognita
838 2072 910 2103 tem
938 2068 1083 2104 eranda.

108 2112 160 2150 14
185 2112 346 2148 Panes
366 2113 456 2148 libro
481 2116 606 2148 octavo
630 2113 681 2148 ad
702 2113 857 2149 edictum
930 2114 942 2148 i
973 2118 1058 2159 post
1090 2114 1152 2149 da-

59 2162 136 2194 tum
147 2161 419 2203 procuratorem
429 2159 443 2179 ³
456 2158 626 2203 capitales
638 2158 846 2194 inimicitiae
857 2159 1151 2202 intercesserunt,

59 2214 132 2239 non
165 2202 363 2248 cogendum
394 2203 557 2248 accipere
586 2203 757 2238 iudicium
788 2214 855 2239 nec
887 2204 1154 2249 stipulationem

59 2249 105 2285 ob
118 2259 193 2284 rem
206 2259 278 2283 non
291 2247 474 2283 defensam
486 2249 668 2291 committi,
684 2249 852 2293 quoniam
864 2259 957 2284 nova
970 2260 1083 2285 causa
1095 2250 1151 2285 sit.

108 2292 158 2331 15
191 2292 386 2329 ULPJANUS
395 2293 486 2328 libro
499 2296 625 2329 octavo
638 2293 688 2329 ad
697 2294 852 2329 edictum
899 2293 937 2329 Si
961 2294 1153 2330 defunctus

60 2340 106 2374 sit
129 2338 292 2374 dominus
316 2341 401 2373 ante
423 2338 521 2373 litem
546 2342 802 2381 contestatam,
835 2339 1032 2375 iudicatum
1065 2340 1154 2375 solvi

60 2384 290 2429 stipulatione
325 2394 390 2428 pro
427 2394 492 2418 suo
554 2388 762 2419 rocuratore
799 2384 903 2426 data,
938 2389 1153 2429 procurator

61 2428 325 2474 compellendus
347 2432 401 2463 est
421 2429 467 2463 ad
485 2429 522 2463 iu
550 2428 655 2464 ‘cium
676 2429 943 2474 accipiendum:
968 2431 1019 2465 ita
1032 2434 1153 2466 tamen

60 2475 91 2509 si
120 2475 191 2509 1100
224 2473 387 2508 (1011111108
420 2474 554 2508 sciente
586 2478 820 2518 procuratore
852 2478 887 2509 et
911 2486 983 2510 non
1009 2480 1151 2511 contra-

61 2519 201 2554 dicente
224 2518 320 2553 fecit.
359 2518 454 2563 quod
478 2519 508 2553 si
532 2519 634 2554 aliter
657 2524 779 2555 actum
803 2524 874 2562 est,
899 2520 1051 2555 inscium
1075 2521 1152 2565 qui-

60 2564 140 2600 dem
163 2568 435 2609 procuratorem
458 2564 573 2599 teneri
596 2564 683 2599 satis
707 2565 847 2600 incivile
871 2569 935 2607 est,
963 2566 1151 2600 committi-

60 2613 119 2645 tur
143 2613 263 2644 autem
288 2609 333 2644 ob
358 2619 433 2643 rem
458 2619 530 2644 non
553 2609 762 2644 defensam⁴
787 2610 1027 2654 stipulationis
1053 2611 1151 2646 clau-

63 2658 78 2689 1
129 2654 217 2690 sula.
267 2653 335 2698 Qui
359 2654 405 2689 ad
430 2654 608 2689 communi
632 2654 823 2690 dividundo
848 2655 1020 2690 iudicium
1045 2655 1152 2691 datus

61 2703 134 2742 est,
159 2699 206 2734 ad
230 2699 405 2743 agendum
428 2699 539 2734 item⁵
563 2703 598 2734 et
621 2699 667 2734 ad
691 2699 951 2735 defendendum
975 2700 1153 2736 videbitur

62 2745 167 2780 datus
192 2744 325 2789 duplici
351 2745 492 2779 cautela
515 2745 785 2789 interponenda.

110 2787 160 2827 16
185 2789 345 2825 Panas
370 2789 460 2824 libro
493 2794 618 2825 octavo
650 2790 700 2825 ad
731 2790 884 2826 edictum
931 2791 1025 2825 Ante
1055 2791 1152 2825 litem

62 2838 299 2870 contestatam
321 2835 435 2869 libera
457 2838 618 2879 potestas
644 2838 698 2870 est
721 2835 775 2870 vel
799 2835 961 2870 mutandi
979 2846 1152 2879 procura-

61 2880 149 2915 toris
172 2880 229 2915 vel
250 2879 320 2925 ipsi
346 2879 514 2915 (1011111106
536 2879 706 2915 iudicium
730 2880 939 2925 accipiendi.

112 2922 162 2961 17
195 2924 391 2960 ULPJANUS
418 2925 510 2960 libro
542 2936 638 2960 nono
672 2925 722 2960 ad
743 2925 898 2961 edictum
945 2925 1033 2960 Post
1055 2925 1153 2961 litem

63 2974 182 3005 autem
206 2973 444 3005 contestatam
466 2980 548 3005 1008
574 2970 635 3015 qui
658 2974 927 3015 procuratorem
951 2970 1050 3006 dedit
1072 2982 1149 3006 mu-

62 3018 140 3051 tare
172 3014 313 3060 quidem
345 3025 425 3051 eum
455 3015 511 3050 vel
542 3015 580 3050 in
612 3025 651 3051 se
680 3016 777 3051 litem
808 3015 1004 3051 transferre
1028 3026 1050 3051 a
1073 3016 1151 3051 vivo

62 3063 295 3105 procuratore
317 3061 373 3095 vel
404 3061 442 3095 in
478 3060 620 3095 civitate
650 3062 840 3096 manente⁷
871 3064 1010 3108 potest,
1043 3072 1153 3097 causa

66 3108 81 3139 1
130 3110 251 3140 tamen
273 3105 372 3150 prius
397 3106 549 3150 cognita.
596 3105 680 3141 Non
710 3106 826 3141 solum
858 3110 976 3141 autem
998 3107 1068 3151 ipsi
1093 3106 1153 3152 qui

63 3149 161 3185 dedit
182 3153 454 3195 procuratorem
477 3151 546 3186 hoc
569 3151 796 3195 permittitur,
821 3151 884 3186 sed
904 3152 1012 3187 etiam
1030 3151 1153 3186 heredi

64 3197 84 3229 2
132 3195 207 3231 eius
239 3199 274 3230 01
308 3195 434 3230 0010118
468 3196 746 3231 successoribus.
795 3197 838 3231 In
871 3206 1003 3232 causae
1034 3200 1154 3232 autem

65 3240 265 3284 cognitione
295 3251 368 3275 non
402 3240 517 3276 solum
549 3241 639 3276 haec
673 3245 880 3284 versantur,
918 3252 1010 3286 quae
1044 3252 1154 3287 supra

65 3284 217 3320 diximus
247 3285 285 3320 in
316 3290 550 3330 procuratore
581 3296 655 3321 non
690 3285 934 3332 compellendo
971 3287 1154 3332 suscipere

65 3329 246 3372 iudicium,
269 3340 392 3365 verum
416 3334 452 3365 et
475 3334 575 3365 aetas

114 3371 164 3411 18
189 3374 444 3410 Monnsrmvs
474 3375 567 3411 libro
602 3374 739 3410 decimo
766 3375 1034 3421 pandectarum
1090 3380 1154 3410 aut

66 3418 243 3463 religionis
266 3419 488 3455 beneficium.

118 3461 170 3500 19
202 3463 395 3500 ULPJANUS
414 3465 506 3500 libro
529 3475 625 3500 nono
649 3464 699 3500 ad
720 3464 874 3500 edictum
921 3465 1010 3499 Item
1031 3465 1061 3500 si
1074 3475 1152 3500 sus-

71 3620 110 3661 (1)
135 3619 214 3651 dare
227 3619 256 3652 S
378 3621 422 3662 (2)
446 3622 596 3654 absensit
607 3623 642 3655 F
764 3625 806 3665 (3)
831 3623 922 3656 inter
934 3623 1105 3655 dominum
1120 3626 1153 3654 et

69 3666 317 3705 procuratorem
331 3666 407 3697 add.
511 3668 553 3709 (4)
578 3666 748 3700 defansam
762 3668 796 3700 F

70 3709 115 3748 (6)
141 3708 275 3741 domino
287 3708 339 3740 vel
351 3709 419 3751 ipsi
430 3722 492 3742 scr.
597 3711 640 3752 (7)
665 3712 996 3745 eivitatetamenente
1008 3713 1043 3745 F
1049 3712 1070 3754 ¹,
1083 3722 1152 3743 1110-

902 3670 945 3709 (5)
969 3667 1058 3701 idem
1069 3667 1104 3700 F
1113 3667 1155 3701 ¹S

1171 90 1228 140 39
2212 99 2330 142 1113

1225 222 1353 261 pectus
1386 219 1433 252 sit
1455 223 1672 261 procurator
1696 222 1761 252 aut
1783 221 1821 252 in
1845 218 1995 254 vinculis
2027 222 2090 254 aut
2113 219 2149 254 in
2174 219 2331 256 1108110111

1225 260 1490 306 praedonumve
1512 265 1705 307 potestate,

1272 304 1326 344 20
1351 306 1513 343 PAULUS
1540 307 1632 343 libro
1664 310 1790 343 octavo
1822 308 1874 344 ad
1903 308 2058 345 edictum
2110 309 2165 345 vel
2196 310 2329 346 iudicio

1225 351 1371 432 fflssffiffl
1403 352 1588 397 privatove
1620 351 1676 388 vel
1706 353 1909 389 valetudine
1939 354 1995 390 vel
2033 354 2168 390 maiore
2200 365 2239 390 re
2263 366 2331 391 sua

1251 396 1459 442 'stringatur

1272 439 1323 479 21
1355 442 1480 478 (ἔωσε
1500 442 1591 479 libro
1617 443 1722 478 tertio
1746 442 1798 478 ad
1820 443 1975 480 edictum
1997 446 2228 490 provinciale
2273 446 2331 481 vel

1226 487 1343 530 exilio,
1368 488 1424 523 vel
1448 487 1479 523 si
1501 488 1629 530 latitet,
1653 488 1709 523 vel
1731 487 1896 524 inimicus
1947 493 2047 525 ostea
2074 490 2153 533 fiat,

1272 529 1326 569 22
1351 532 1514 568 Pano-s
1531 533 1622 568 libro
1647 534 1800 569 octavo⁸
1824 533 1874 568 ad
1896 545 1915 568 e
1943 535 2051 570 ictum
2103 540 2167 571 aut
2198 536 2328 573 adfini-

1225 581 1300 613 tate
1324 578 1373 613 011
1398 588 1447 613 ua
1470 578 1674 614 adversario
1699 579 1886 623 iungatur,
1919 580 1974 614 vel
1998 581 2103 616 heres
2131 582 2162 616 ei
2186 582 2328 625 existat,

1272 620 1325 661 23
1359 589 1555 659 ffzpmws
1584 623 1676 659 libro
1709 634 1806 659 nouo
1842 624 1892 659 acl
1922 624 2079 660 edictum
2128 630 2192 662 aut
2222 627 2330 672 longa

1225 679 1289 713 per
1355 669 1362 676 '
1391 669 1463 704 atio
1489 672 1525 704 et
1548 668 1639 704 aliae
1664 669 1794 704 similes
1816 679 1948 705 causae
1968 669 2221 715 impedimento
2245 673 2328 715 sint,

1272 679 1327 751 2}
1384 724 1512 750 AULUS
1532 713 1625 750 libro
1650 717 1776 750 octavo
1800 714 1850 749 ad
1873 714 2029 750 edictum
2076 718 2207 752 mutari
2221 717 2326 752 debe-

1225 759 1279 794 bit
1302 759 1359 794 vel
1381 760 1460 804 ipso
1484 762 1720 804 procuratore
1743 760 1962 804 postulante.

1272 802 1325 843 25
1358 804 1554 840 ΠιΡΙΔΜω
1575 805 1667 840 libro
1691 816 1788 840 nono
1812 804 1862 840 ad
1884 805 2040 841 edictum
2088 806 2187 849 Quae
2209 808 2329 843 omnia

1225 861 1298 885 non
1322 850 1438 885 solum
1463 860 1507 884 ex
1530 853 1634 894 parte
1657 850 1720 892 rei,
1747 850 1810 885 sed
1835 850 1941 886 etiam
1960 851 1997 885 in
2045 861 2173 886 ersona
2195 853 2328 887 actoris

1225 895 1523 931 observabuntur.
1561 895 1625 930 sed
1657 895 1688 930 si
1724 895 1949 931 adversarius
1973 906 2014 931 ve
2052 897 2129 941 ipse
2153 908 2326 941 procura-

1225 944 1284 975 tor
1321 940 1419 975 dicat
1453 940 1635 975 dominum
1669 940 1831 983 mentiri,
1868 940 1965 985 apud
2000 945 2204 986 praetorem
2238 943 2328 978 haec

1224 985 1320 1020 finiri
1352 988 1504 1030 oportet.
1542 995 1609 1020 nec
1633 985 1803 1021 ferendus
1829 989 1883 1021 est
1913 990 2131 1031 procurator
2167 987 2227 1032 qui
2261 988 2328 1023 sibi

1225 1031 1360 1066 adserit
1390 1031 1699 1075 procurationem:
1734 1041 1817 1065 nam
1849 1031 1919 1066 1100
1949 1031 2028 1075 11180
2055 1036 2248 1077 8081100108
2274 1037 2328 1068 081

1226 1076 1287 1121 qui
1312 1086 1458 1121 operam
1490 1086 1593 1111 suam
1624 1075 1752 1120 ingerit
1783 1076 1905 1111 invito.
1946 1076 2015 1111 nisi
2048 1076 2142 1113 forte
2174 1088 2328 1122 purgare

1225 1121 1336 1165 magis
1361 1121 1561 1156 convicium
1579 1131 1687 1166 quam
1707 1121 1998 1166 procurationem
2021 1123 2168 1167 exsequi
2189 1123 2324 1158 maluit.

1226 1171 1261 1201 et
1285 1167 1461 1201 hactenus
1487 1167 1555 1201 erit
1578 1166 1798 1209 audiendus,
1832 1166 1863 1201 si
1887 1166 1984 1201 dicat
2008 1177 2047 1202 se
2070 1168 2328 1212 procuratione

1225 1211 1368 1257 quidem
1401 1221 1525 1246 carere
1556 1211 1663 1253 velle,
1698 1211 1761 1246 sed
1785 1212 1815 1246 si
1838 1211 1876 1246 id
1899 1212 2038 1247 inlaesa
2062 1213 2328 1249 existimatione

1225 1267 1291 1292 sua
1323 1256 1405 1291 fiat:
1441 1260 1599 1292 ceterum
1623 1256 1793 1292 ferendus
1819 1257 1886 1292 erit
1909 1258 2085 1301 pudorem
2109 1268 2214 1293 suum
2239 1270 2326 1303 pur-

1224 1312 1323 1347 gans.
1360 1302 1467 1347 plane
1500 1302 1530 1336 si
1561 1302 1658 1337 dicat
1687 1302 1724 1336 in
1756 1312 1831 1337 rem
1864 1313 1966 1337 suam
1991 1313 2030 1338 se
2052 1307 2327 1348 procuratorem

1225 1347 1349 1383 datum
1383 1351 1419 1382 et
1442 1347 1512 1382 hoc
1536 1347 1751 1392 probaverit,
1777 1357 1850 1382 non
1883 1347 1990 1383 debet
2023 1358 2146 1384 carere
2178 1350 2327 1394 propria

1224 1393 1295 1427 lite.
1332 1393 1418 1427 item
1451 1392 1481 1428 si
1512 1392 1713 1427 retentione
1745 1393 1865 1438 aliqua
1897 1397 2113 1438 procurator
2143 1395 2197 1429 uti
2229 1394 2324 1436 velit,

1224 1448 1297 1473 non
1321 1437 1428 1472 facile
1453 1438 1498 1472 ab
1524 1448 1565 1472 00
1590 1438 1633 1472 118
1659 1438 1726 1472 erit
1749 1437 2011 1480 transferenda,

1271 1480 1324 1519 26
1350 1482 1510 1518 Panes
1538 1483 1630 1518 libro
1644 1487 1769 1524 octavo
1783 1483 1833 1518 ad
1843 1483 1998 1519 edictum
2044 1483 2113 1519 nisi
2135 1483 2325 1520 dominus⁹

1225 1528 1256 1562 ei
1281 1528 1418 1563 solvere
1440 1531 1590 1573 paratus
1615 1527 1671 1563 sit.

1271 1571 1323 1610 27
1357 1573 1555 1608 Urpfflws
1582 1573 1674 1608 libro
1707 1584 1803 1608 nono
1836 1573 1886 1608 ad
1916 1574 2071 1609 edictum
2117 1574 2160 1608 In
2193 1585 2325 1611 000800

1224 1618 1427 1663 cognitione
1452 1618 1559 1653 etiam
1582 1618 1652 1653 hoc
1672 1618 1885 1660 versabitur,
1910 1622 1952 1653 ut
1970 1619 2022 1653 ita
2043 1618 2185 1654 demum
2205 1624 2324 1655 trans·

1222 1663 1309 1699 ferri
1345 1674 1367 1698 a
1401 1668 1637 1708 procuratore
1671 1663 1842 1698 iudicium
1877 1664 2124 1708 permittatur,
2169 1665 2199 1699 si
2246 1665 2326 1710 quis

1223 1708 1344 1744 omnia
1367 1708 1489 1743 iudicii
1502 1709 1530 1729 ¹⁰
1554 1709 1600 1743 ab
1626 1718 1667 1743 eo
1691 1707 1887 1744 transferre
1936 1713 2058 1744 aratus
2083 1709 2140 1744 sit.
2168 1713 2325 1745 ceterum

1224 1754 1254 1789 si
1274 1753 1358 1789 velit
1378 1753 1554 1798 quaedam
1573 1753 1780 1795 transferre,
1804 1763 1894 1798 quae
1922 1764 1979 1789 am
1999 1754 2210 1799 relinquere,
2231 1755 2325 1791 iuste

1223 1803 1439 1843 procurator
1462 1799 1557 1834 hanc
1581 1799 1860 1834 inconstantiam
1876 1800 1901 1819 ¹¹
1927 1799 2122 1834 recusabit.
2150 1800 2213 1835 sed
2232 1800 2323 1836 haec

1222 1844 1292 1886 ita,
1327 1844 1357 1879 si
1388 1844 1558 1879 mandato
1592 1843 1724 1879 domini
1756 1847 1971 1888 procurator
1995 1844 2077 1888 egit.
2112 1848 2269 1880 ceterum
2294 1846 2324 1881 si

1223 1888 1432 1924 mandatum
1456 1899 1530 1924 non
1554 1892 1620 1931 est,
1647 1900 1728 1924 cum
1748 1899 1865 1934 neque
1883 1889 1922 1924 in
1941 1888 2112 1924 iudicium
2133 1891 2324 1941 quicquam

1223 1933 1429 1976 deduxerit,
1466 1945 1533 1970 nec
1568 1938 1610 1969 tu
1642 1944 1684 1969 ea
1717 1945 1796 1969 com
1822 1934 1978 1969 robasti:
2016 1944 2109 1979 quae
2143 1936 2254 1970 invito
2288 1940 2324 1971 te

1225 1983 1309 2014 acta
1344 1983 1430 2014 sunt
1462 1979 1528 2014 tibi
1559 1990 1633 2014 non
1664 1979 1789 2024 praeiu
1815 1979 1914 2014 icant
1948 1979 2101 2024 ideoque
2133 1980 2322 2016 translatio

1224 2035 1347 2059 earum
1370 2024 1486 2059 litium
1510 2035 1583 2060 non
1607 2028 1662 2059 est
1685 2025 1751 2059 tibi
1774 2025 1990 2067 necessaria,
2017 2034 2061 2059 ne
2085 2025 2201 2060 alieno
2223 2025 2322 2061 facto

1223 2070 1391 2104 onereris.
1428 2070 1519 2104 haec
1552 2073 1672 2104 autem
1704 2070 1857 2114 cognitio
1889 2070 2136 2114 procuratoris
2161 2071 2324 2106 mutandi

1226 2118 1240 2148 1
1290 2115 1467 2159 praetoris
1501 2118 1565 2150 est.
1616 2114 1653 2149 Si
1686 2125 1730 2149 ex
1780 2118 1857 2149 arte
1881 2115 2014 2150 actoris
2038 2115 2110 2150 litis
2134 2116 2322 2151 translatio

1223 2158 1307 2202 fiat,
1333 2159 1483 2195 dicimus
1510 2160 1683 2195 committi
1706 2160 1743 2194 iu
1772 2160 1903 2194 ‘catum
1935 2160 2024 2195 solvi
2055 2160 2323 2205 stipulationem

1223 2215 1245 2239 a
1276 2215 1338 2240 reo
1370 2204 1524 2247 factam,
1556 2205 1663 2250 idque
1696 2208 1731 2240 et
1753 2205 1923 2240 Neratius
1947 2205 2079 2249 probat
2103 2210 2139 2240 et
2161 2206 2322 2242 Iulianus

1223 2253 1259 2284 et
1281 2250 1352 2285 hoc
1374 2250 1453 2285 iure
1476 2250 1627 2285 utimur:
1654 2250 1790 2286 scilicet
1814 2250 1845 2284 si
1869 2250 2032 2285 dominus
2057 2251 2145 2286 satis
2170 2252 2319 2296 accepit.

1223 2295 1286 2330 sed
1319 2299 1353 2330 et
1377 2296 1407 2331 si
1430 2299 1646 2340 procurator
1669 2295 1756 2330 satis
1780 2295 1921 2340 accepit
1946 2298 1981 2330 et
2003 2295 2244 2331 transferatur
2266 2297 2320 2331 iu-

1223 2340 1355 2375 dicium
1375 2340 1413 2375 in
1434 2340 1634 2377 dominum:
1659 2340 1777 2375 verius
1802 2344 1858 2375 est
1882 2340 2056 2375 committi
2080 2345 2115 2375 et
2139 2352 2182 2376 ex
2206 2342 2319 2386 stipu-

1222 2385 1299 2420 latu
1331 2386 1509 2421 actionem
1541 2396 1563 2420 a
1595 2389 1830 2430 procuratore
1853 2386 1890 2420 in
1915 2385 2098 2420 dominum
2121 2386 2319 2422 transferri.

1222 2430 1285 2465 sed
1308 2435 1343 2465 et
1361 2431 1392 2465 si
1412 2441 1435 2465 a
1458 2430 1601 2466 domino
1626 2431 1682 2466 vel
1705 2441 1728 2465 a
1750 2435 1984 2475 procuratore
1998 2431 2035 2465 in
2048 2436 2320 2475 procuratorem

1221 2475 1392 2511 iudicium
1415 2475 1674 2517 transferatur,
1707 2486 1779 2510 non
1813 2475 1956 2510 dubitat
1986 2475 2199 2518 Marcellus,
2234 2476 2320 2521 quin

1223 2521 1468 2556 committatur
1499 2521 1693 2565 stipulatio.
1732 2525 1767 2555 et
1798 2520 1887 2555 haec
1919 2530 2005 2555 vera
2037 2524 2132 2556 sunt.
2171 2524 2206 2557 et
2236 2521 2321 2557 licet

1222 2566 1448 2610 procuratori
1480 2566 1671 2601 commissa
1703 2566 1750 2600 sit
1781 2565 1984 2610 stipulatio,
2020 2569 2141 2600 tamen
2177 2566 2319 2602 domino

1223 2610 1289 2690 erg.
1313 2610 1434 2690 dgnda
1456 2611 1553 2646 utilis
1579 2621 1622 2645 ex
1655 2610 1828 2655 stipulatu
1861 2610 1974 2652 actio,
2008 2609 2145 2645 directa
2177 2612 2320 2657 penitus

1221 2659 1258 2691 to
1288 2666 1332 2690 en
1359 2666 1391 2691 a.

1269 2698 1322 2738 28
1347 2701 1456 2735 IDEM
1483 2701 1575 2736 libro
1592 2700 1717 2746 primo
1743 2699 2027 2745 disputationum
2077 2699 2114 2734 Si
2146 2711 2318 2744 procura-

1221 2749 1279 2781 tor
1303 2756 1403 2781 meus
1425 2745 1622 2780 iudicatum
1647 2745 1735 2780 solvi
1759 2745 1846 2780 satis
1867 2755 1954 2780 acce
1982 2745 2059 2787 erit,
2084 2745 2170 2780 mihi
2191 2756 2234 2780 ex
2256 2747 2319 2781 sti-

1221 2791 1349 2842 pulatu
1373 2791 1467 2825 actio
1501 2790 1598 2825 utilis
1632 2793 1686 2824 est
1700 2790 1739 2831 ¹²,
1776 2789 1883 2824 sicuti
1916 2790 1954 2825 iu
1983 2790 2066 2826 'cati
2103 2790 2197 2825 actio
2233 2791 2319 2827 mihi

1221 2835 1435 2880 indulgetur.
1472 2835 1536 2870 sed
1560 2838 1595 2869 et
1618 2835 1649 2869 si
1672 2834 1742 2879 egit
1765 2839 1980 2879 procurator
2002 2846 2103 2871 meus
2128 2845 2172 2870 ex
2192 2846 2235 2871 ea
2255 2837 2317 2872 sti-

1221 2880 1406 2925 pulatione
1428 2890 1484 2915 1110
1508 2880 1629 2922 invito,
1654 2879 1764 2914 nihilo
1789 2880 1906 2915 minus
1930 2884 2051 2916 tamen
2075 2880 2161 2915 mihi
2186 2891 2229 2915 ex
2254 2882 2317 2916 sti—

1221 2925 1349 2970 pulatu
1381 2925 1475 2960 actio
1499 2925 1691 2959 tribuetur.
1729 2934 1821 2970 quae
1844 2935 1901 2961 res
1925 2924 2015 2961 facit
2038 2929 2079 2960 ut
2101 2930 2318 2970 procurator

1221 2981 1322 3005 meus
1357 2980 1401 3005 ex
1425 2970 1599 3014 stipulatu
1623 2969 1760 3014 agendo
1786 2971 1997 3016 exceptione
2022 2970 2152 3006 debeat
2174 2971 2315 3016 repelli:

1223 3015 1329 3050 sicuti
1361 3026 1443 3050 cum
1467 3015 1541 3059 agit
1562 3014 1712 3050 iudicati
1734 3026 1808 3052 non
1831 3015 1870 3050 in
1892 3026 1968 3051 rem
1992 3026 2095 3051 suam
2119 3015 2226 3051 datus
2250 3027 2317 3052 nec

1223 3060 1270 3095 ad
1302 3070 1380 3096 eam
1402 3071 1478 3095 rem
1501 3063 1716 3104 procurator
1737 3059 1868 3096 factus.
1906 3072 1971 3106 per
2003 3061 2221 3096 contrarium
2253 3072 2316 3096 au-

1222 3110 1294 3140 tem
1324 3105 1355 3140 si
1378 3108 1596 3150 procurator
1618 3115 1718 3141 meus
1741 3106 1939 3144 iudicatum
1963 3106 2053 3142 solvi
2077 3106 2316 3148 satisdederit,

1221 3151 1259 3185 in
1282 3161 1339 3184 me
1363 3160 1408 3185 ex
1431 3150 1604 3194 stipulatu
1628 3150 1722 3186 actio
1746 3162 1819 3186 non
1844 3150 1961 3186 datur.
1998 3151 2062 3186 sed
2086 3154 2122 3186 et
2142 3151 2171 3186 si
2194 3151 2315 3186 defen·

1223 3206 1283 3230 sor
1306 3205 1405 3230 meus
1439 3194 1682 3238 satisdederit,
1717 3196 1755 3231 in
1778 3206 1834 3231 me
1858 3207 1901 3231 ex
1925 3196 2099 3241 stipulatu
2123 3196 2218 3232 actio
2243 3207 2315 3231 non

1223 3241 1339 3282 datur,
1365 3240 1449 3285 quia
1472 3250 1538 3275 1100
1561 3240 1709 3277 iudicati
1731 3251 1872 3277 mecum
1895 3242 1952 3286 agi
1975 3245 2106 3286 potest.

1269 3283 1322 3322 29
1346 3285 1455 3320 IDEM
1474 3285 1565 3321 libro
1596 3296 1693 3322 nono
1725 3286 1775 3321 ad
1804 3286 1959 3322 edictum
2007 3285 2045 3321 Si
2078 3289 2180 3322 actor
2216 3285 2316 3319 malit

1222 3330 1403 3366 dominum
1437 3330 1558 3374 potius
1594 3331 1781 3366 convenire
1817 3341 1924 3376 quam
1960 3341 2041 3367 eum
2076 3331 2137 3376 qm·
2171 3331 2207 3365 in
2240 3340 2314 3365 rem

1222 3385 1324 3410 suam
1373 3378 1561 3410 rocurator
1585 3379 1649 3418 est,
1675 3376 1864 3411 dicendum
1890 3380 1944 3411 est
1968 3376 2000 3410 ei
2023 3376 2142 3411 licere.

1268 3417 1322 3457 30
1346 3387 1404 3455 {³21
1412 3429 1455 3455 σι
1463 3429 1507 3455 vs
1527 3419 1619 3456 libro
1636 3422 1760 3467 primo
1780 3422 2037 3456 sententiarum
2073 3419 2216 3455 Actoris
2229 3428 2312 3462 pro-

1223 3469 1368 3499 curator
1402 3475 1474 3499 non
1509 3465 1547 3499 in
1580 3475 1655 3500 rem
1690 3476 1792 3501 suam
1828 3465 1933 3500 datus
1967 3469 2114 3510 propter
2146 3464 2313 3507 inpensas

1221 3624 1321 3653 nente
1330 3634 1394 3664 pro
1407 3626 1561 3656 monente
1573 3623 1626 3658 F²
1727 3625 1771 3664 (8)
1797 3634 1886 3655 nono
1900 3624 1958 3656 ins.
1973 3622 2008 3654 F
2104 3626 2148 3663 (9)
2172 3620 2241 3652 nisi
2254 3620 2311 3653 do·

1222 3666 1335 3697 minus
1348 3667 1386 3705 S,
1399 3667 1435 3698 in
1450 3677 1570 3702 causae
1585 3671 1638 3709 (ex
1648 3669 1667 3702 l.
1681 3670 1762 3710 seq.)
1775 3667 1811 3700 F
1905 3670 1963 3706 (ιο)
1989 3667 2038 3699 sic
2048 3666 2100 3698 F¹
2115 3678 2183 3699 cum
2198 3666 2244 3708 B,
2258 3665 2311 3699 iu-

1224 3710 1314 3743 dicia
1328 3710 1411 3744 F2S
1503 3717 1559 3754 (11)
1583 3713 1808 3746 constantiam
1820 3712 1855 3744 F
1942 3712 1999 3752 (12)
2025 3714 2059 3743 01
2069 3711 2103 3742 F
