2528 3918
167 95 244 138 17

171 220 186 254 1
237 227 347 253 causa
370 215 566 261 adrogandi
589 214 715 251 subsit.
763 215 900 251 Eorum
931 214 1119 251 dumtaxat
1141 216 1258 261 pupil-

167 262 283 298 lorum
306 261 488 306 adrogatio
511 259 749 305 permittenda
773 264 828 296 est
850 260 924 303 his,
961 260 1043 305 qui¹
1068 261 1123 296 vel
1154 264 1258 295 natu·

168 307 235 343 rali
258 306 468 351 cognatione
491 305 547 341 vel
570 304 797 341 sanctissima
819 305 1008 341 affectione
1028 305 1127 341 ducti
1148 306 1258 350 adop-

168 355 304 394 tarent,
339 355 538 386 ceterorum
561 349 802 396 prohibenda,
835 360 880 386 ne
903 354 998 386 esset
1021 350 1057 385 in
1081 353 1261 396 potestate

168 400 326 433 tutorum
350 399 386 431 et
408 395 510 430 finire
533 395 682 430 tutelam
699 399 736 431 et
759 395 1050 431 substitutionem
1071 406 1095 431 a
1112 398 1261 441 parente

167 444 187 477 2
235 441 369 476 factam
393 440 607 485 extinguere.
654 439 706 475 Et
735 440 888 486 primum
912 440 1054 492 quidem
1078 440 1259 476 excutien-

168 486 253 522 dum
288 486 372 528 erit,
410 495 504 531 quae
534 483 727 521 facultates
751 485 876 531 pupilli
900 488 972 520 sint
997 489 1033 520 et
1055 495 1148 531 quae
1172 485 1260 528 eius,

168 531 229 584 qui
264 530 437 576 adoptare
468 541 548 566 eum
570 530 673 573 velit,
709 535 751 566 ut
774 531 982 566 aestimetur
1005 540 1049 565 ex
1073 541 1260 582 compara-

168 581 264 612 tione
288 586 420 618 earum,
445 585 493 611 an
517 575 670 611 salubris
695 575 839 620 adoptio
864 575 978 627 possit
1001 575 1135 621 pupillo
1156 575 1260 611 intel-

167 621 254 666 legi:
280 619 407 656 deinde
431 620 533 656 cuius
556 620 650 656 vitae
673 620 721 656 sit
742 621 791 663 is,
817 631 877 672 qui
900 620 983 655 velit
1006 620 1181 665 pupillum
1204 631 1259 656 re-

168 666 285 711 digere
318 666 356 701 in
390 664 562 701 familiam
595 676 716 701 suamx
752 669 856 700 tertio
891 665 992 700 cuius
1017 665 1110 700 idem
1133 665 1261 701 aetatis

167 712 223 754 sit,
247 714 289 747 ut
312 711 535 754 aestimetur,
569 721 615 746 an
638 711 764 746 melius
788 710 835 745 sit
857 710 902 745 de
924 710 1044 746 liberis
1068 721 1260 756 procrean-

167 757 221 792 dis
246 756 403 808 cogitare
426 766 507 792 eum
529 767 637 802 quam
661 766 705 791 ex
736 756 852 791 aliena
882 754 1018 790 familia
1049 766 1262 802 quemquam

167 805 187 837 3
234 801 393 846 redigere
415 801 453 837 in
476 805 688 846 potestatem
713 811 825 836 suam.
860 800 1051 836 Praeterea
1074 800 1262 836 videndum

167 849 240 890 est,
276 856 324 882 an
346 857 421 883 non
443 846 571 882 debeat
592 846 749 892 permitti
773 846 823 888 ei,
856 845 917 891 qui
939 846 995 881 vel
1018 856 1129 881 unum
1151 846 1261 882 liabe-

167 891 221 928 bit
242 891 299 927 vel
321 891 442 937 plures
465 891 596 927 liberos
610 918 619 933 ,
655 891 829 936 adoptare
859 890 990 933 alium,
1026 901 1073 926 ne
1095 894 1160 927 aut
1183 891 1261 926 illo-

166 947 256 979 rum,
281 947 370 982 quos
389 936 494 972 iustis
507 948 555 972 nu
582 937 641 971 tiis
659 935 909 980 procreaverit,
934 935 1160 972 deminuatur
1179 947 1262 981 spes

167 992 275 1028 quam
298 981 543 1027 unusquisque
580 982 756 1016 'berorum
780 980 950 1027 obsequio
972 984 1076 1026 paret
1096 981 1175 1024 sibi,
1199 985 1263 1016 aut

167 1027 229 1073 qui
251 1026 444 1072 adoptatus
468 1026 537 1062 fuit
559 1026 675 1061 minus
699 1025 875 1071 percipiat
898 1036 1005 1079 quam
1029 1026 1173 1071 dignum
1196 1027 1263 1062 erit

167 1075 189 1108 4
236 1082 317 1108 eum
351 1071 532 1117 consequi.
579 1071 763 1107 Interdum
796 1074 831 1106 et
854 1070 1015 1107 ditiorem
1038 1073 1263 1117 permittetur

168 1116 341 1162 adoptare
389 1116 585 1162 auperiori,
620 1116 651 1152 si
673 1116 768 1151 vitae
791 1115 866 1152 eius
891 1116 1068 1152 sobrietas
1093 1117 1192 1153 clara
1215 1117 1262 1152 sit

167 1165 187 1198 5
234 1162 290 1198 vel
313 1172 335 1197 a
364 1162 456 1197 ectio
479 1162 632 1197 honesta
655 1172 722 1197 nec
745 1161 938 1206 incognita.
976 1161 1171 1198 Satisdatio
1196 1172 1261 1198 au·

167 1211 240 1243 tem
262 1207 301 1242 in
324 1207 380 1243 his
404 1207 548 1242 casibus
573 1206 651 1242 dari
674 1206 775 1242 solet.

216 1249 267 1290 18
291 1251 534 1288 Maecenas
553 1252 645 1287 libro
676 1252 869 1287 vicensimo
899 1255 1006 1288 sexto
1039 1252 1261 1299 diqestorum

166 1297 250 1333 Non
274 1297 378 1333 aliter
401 1297 494 1332 enim
516 1296 691 1332 voluntati
715 1296 801 1340 eius,
827 1296 888 1342 qui
900 1297 1075 1342 adrogare
1087 1297 1261 1343 pupillum

167 1343 280 1385 volet,
315 1342 346 1378 si
379 1352 525 1378 causam
548 1341 623 1377 eius
648 1342 694 1377 ob
719 1341 790 1377 alia
812 1341 998 1387 probabit,
1034 1343 1260 1378 subscriben-

168 1387 252 1423 dum
275 1387 352 1431 erit,
377 1397 483 1433 quam
507 1387 537 1423 si
562 1387 695 1422 caverit
718 1397 820 1422 servo
844 1387 988 1432 publico
1013 1398 1051 1423 se
1074 1388 1261 1424 restitutu-

167 1444 247 1468 rum
271 1442 333 1475 ea,
367 1442 460 1477 quae
484 1442 528 1467 ex
550 1431 655 1467 bonis
679 1431 754 1467 eius
779 1436 994 1468 consecutus
1018 1432 1146 1476 fuerit,
1180 1433 1261 1476 illis,

168 1477 216 1530 ad
239 1487 330 1530 quos
353 1488 411 1513 res
435 1480 650 1523 perventura
674 1480 789 1520 esset,
823 1477 855 1512 si
878 1477 1071 1523 adrogatus
1094 1488 1260 1524 perman-

167 1526 273 1620 ειῗῗὲξ
295 1525 621 1620 ῧρίιιΐινῗέιὲᾖνο.
648 1567 838 1602 vicensimo
869 1570 975 1603 sexto
1006 1567 1057 1603 ad
1085 1566 1261 1604 Sabinum

167 1613 233 1648 His
257 1613 373 1648 verbis
397 1611 640 1648 satisdatioms
664 1621 756 1657 quae
779 1612 825 1647 ab
850 1611 937 1648 adro
963 1615 1064 1648 atore
1086 1613 1262 1658 praestari

167 1657 274 1693 debet
294 1654 356 1693 ‘ad
378 1667 470 1703 quos
495 1667 538 1693 ea
567 1666 626 1692 res
656 1652 828 1702 pertinet'
854 1660 890 1692 et
919 1657 945 1692 li
971 1657 1146 1693 ertatibus
1176 1669 1260 1703 pro-

166 1701 782 1793 ἓξῶἳὲᾝαὲῗὲθέηῧέἒῶιὲθὲἓὲνῗΒ
805 1702 1262 1792 ἓῗὲἒίῗεὲἒέἓὲιέωὲἒῃξὲ

771 1773 780 1790 5
1112 1774 1122 1790 2

170 1796 184 1827 1
235 1792 387 1828 dubitat.
434 1792 536 1837 Quae
565 1791 753 1827 satisdatio
777 1791 809 1827 si
840 1792 972 1828 omissa
1005 1792 1133 1836 fuerit,
1165 1793 1261 1828 utilis

167 1837 262 1873 actio
286 1837 324 1872 in
348 1836 597 1882 adrogatorem
621 1836 738 1872 datur.

213 1880 267 1920 20
291 1881 535 1918 Manca-Laus
554 1882 645 1917 libro
678 1882 869 1918 vicensimo
900 1886 1006 1917 sexto
1038 1882 1261 1929 diqestorum

166 1927 268 1963 Haec
292 1931 413 1963 autem
435 1926 622 1963 satisdatio
646 1927 766 1962 locum
788 1926 917 1970 habet,
951 1927 982 1962 si
1012 1927 1176 1973 impubes
1201 1927 1261 1964 de-

168 1973 285 2025 cessit.
330 1972 394 2008 sed
418 1972 486 2008 etsi
509 1971 553 2008 de
575 1972 710 2017 pupillo
734 1971 904 2017 loquitur,
928 1974 1048 2008 tamen
1072 1973 1142 2009 hoe
1167 1976 1203 2009 et
1224 1972 1262 2008 in

167 2016 740 2115 Ρυέῗιὸθὲῗῧῗῖῗρξὲυέηῇὶᾳνί
758 2073 800 2098 re
826 2062 970 2098 ularum
1016 2062 1110 2097 Nam
1143 2065 1179 2098 et
1208 2062 1261 2098 fe-

167 2108 286 2143 minae
309 2118 354 2143 ex
375 2110 551 2153 rescripto
575 2108 747 2152 principis
771 2118 793 2142 a
838 2108 938 2153 ogari
961 2110 1124 2153 possunt.

213 2151 267 2190 22
299 2152 496 2189 ULPIANUS
523 2152 615 2188 libro
647 2153 837 2188 vicensimo
869 2157 975 2188 sexto
1006 2153 1057 2188 ad
1087 2151 1262 2188 Sabinum

167 2197 206 2234 Si
229 2198 419 2243 adrogator
443 2197 635 2233 decesserit
651 2197 834 2242 impubere
854 2197 978 2233 relicto
1000 2197 1073 2233 filio
1095 2197 1262 2242 adoptivo

167 2246 204 2279 et
225 2254 309 2279 mox
330 2242 493 2288 impubes
517 2241 683 2284 decedat,
716 2252 763 2277 an
793 2242 941 2278 heredes
966 2242 1187 2287 adrogatoris
1211 2246 1262 2278 te-

167 2288 346 2324 neantur?
382 2290 418 2322 et
448 2286 636 2322 dicendum
660 2290 715 2322 est
736 2287 885 2323 heredes
910 2298 1052 2333 quoque
1075 2288 1260 2323 restitutu-

165 2344 226 2369 ros
259 2336 295 2369 et
324 2332 421 2368 bona
453 2332 616 2384 adrogati
647 2335 682 2367 et
712 2336 899 2377 praeterea
923 2336 1087 2378 quartam
1110 2336 1260 2378 partem.

169 2381 184 2413 1
236 2377 308 2414 Sed
321 2388 369 2413 an
379 2377 557 2423 impuberi
569 2377 761 2422 adrogator
772 2378 990 2413 substituere
1003 2377 1128 2422 possit,
1153 2388 1261 2423 quae-

165 2423 274 2459 ritur:
300 2426 336 2458 et
358 2426 446 2468 puto
471 2433 544 2458 non
568 2422 708 2457 admitti
731 2423 1043 2465 substitutionem,
1076 2422 1146 2458 nisi
1168 2423 1263 2458 forte

165 2468 213 2504 ad
259 2471 401 2504 uartam
424 2467 537 2504 solam
561 2477 668 2513 quam
703 2477 747 2503 ex
776 2467 881 2503 bonis
914 2468 989 2503 eius
1022 2468 1262 2513 consequitur,

168 2516 204 2549 et
236 2479 414 2549 {actenus
446 2516 488 2548 ut
521 2512 553 2548 ei
585 2522 698 2558 usque
731 2512 778 2548 ad
799 2513 1027 2558 pubertatem
1051 2513 1258 2548 substituat.

167 2561 323 2594 ceterum
347 2559 378 2594 si
400 2558 483 2593 fidei
507 2558 582 2593 eius
607 2557 825 2601 committat,
856 2561 899 2593 ut
922 2557 1136 2603 quandoque
1159 2558 1261 2593 resti-

166 2606 265 2646 tuat,
290 2614 362 2639 non
387 2606 530 2648 oportet
553 2602 693 2638 admitti
715 2602 1043 2646 fideicommissum,
1076 2603 1161 2649 quia
1191 2604 1261 2638 hoc

166 2659 239 2684 non
262 2648 393 2684 iudicio
419 2648 495 2683 eius
518 2648 566 2683 ad
589 2659 669 2684 euni
691 2648 861 2693 pervenit,
887 2648 951 2684 sed
969 2648 1158 2701 principali
1177 2659 1260 2693 pro-

166 2696 187 2729 2
234 2693 400 2728 videntia.
436 2693 536 2728 Haec
560 2693 678 2728 omnia
702 2693 854 2729 dicenda
874 2697 968 2736 sunt,
995 2693 1067 2728 sive
1085 2704 1123 2728 in
1142 2693 1262 2728 locum

166 2738 230 2773 filii
242 2738 315 2774 sive
326 2738 364 2773 in
375 2738 495 2774 locum
506 2738 646 2783 nepotis
659 2738 786 2784 aliquis
796 2738 1016 2792 impuberem
1025 2738 1258 2783 adrogaverit.

213 2780 266 2821 23
291 2782 350 2819 Pa
357 2793 401 2819 σι
408 2793 452 2819 Us
470 2782 560 2819 libro
574 2785 781 2836 triqensimo
794 2786 920 2830 quanto
933 2784 983 2819 ad
993 2784 1147 2819 edictum
1194 2783 1262 2828 Qui

166 2828 204 2864 in
215 2828 444 2873 adoptionem
457 2828 574 2870 datur,
598 2829 653 2864 his
675 2829 803 2874 quibus
823 2828 1053 2874 adgnascitur
1071 2832 1108 2864 et
1129 2839 1259 2873 cogna-

169 2878 227 2908 tus
257 2873 319 2916 fit,
352 2873 481 2918 quibus
514 2883 596 2909 vero
629 2884 702 2909 non
733 2874 963 2919 adgnascitur
994 2884 1061 2910 nec
1086 2878 1259 2918 cognatus

168 2918 228 2954 fit:
261 2917 330 2954 ado
357 2918 407 2954 tio
433 2918 527 2954 enim
550 2929 623 2954 non
645 2919 701 2954 ius
725 2919 928 2964 sanguinis,
959 2919 1023 2955 sed
1045 2919 1101 2955 ius
1125 2919 1259 2964 adgna-

167 2963 276 2999 tionis
311 2973 334 2998 a
375 2966 439 2999 ert.
488 2967 524 2999 et
557 2963 637 2999 ideo
671 2963 703 2999 si
735 2963 847 2999 filium
882 2964 1096 3009 adoptavero
1108 2964 1133 3007 ²,
1170 2975 1261 2999 uxor

168 3018 248 3045 mea
269 3007 321 3043 illi
343 3008 468 3044 matris
491 3008 572 3044 loco
597 3019 670 3044 non
694 3012 767 3052 est,
800 3020 916 3055 neque
947 3010 1040 3045 enim
1073 3008 1258 3054 adgnasci-

167 3058 229 3089 tur
252 3053 303 3096 ei,
326 3056 476 3099 propter
499 3053 595 3099 quod
619 3064 684 3089 nec
709 3058 862 3099 cognata
885 3054 960 3090 eius
984 3054 1044 3090 fit:
1076 3055 1162 3089 item
1192 3065 1260 3090 nec

167 3101 283 3134 mater
304 3108 384 3134 mea
407 3098 508 3134 aviae
530 3099 610 3134 loco
634 3098 685 3134 illi
709 3103 774 3142 est,
799 3099 967 3145 quoniam
984 3099 1051 3140 his,
1076 3099 1138 3145 qui
1158 3102 1261 3135 extra

168 3143 339 3179 familiam
373 3154 488 3179 meam
532 3147 634 3186 sunt,
678 3155 750 3179 non
786 3144 1033 3189 adgnascitur:
1069 3144 1133 3180 sed
1165 3144 1261 3180 filiae

169 3198 269 3225 meae
291 3189 322 3224 is
346 3198 452 3269 ffim
475 3187 642 3233 adoptavi
665 3188 776 3224 frater
798 3190 850 3232 fit,
875 3190 1044 3235 quoniam
1067 3190 1105 3225 in
1126 3188 1261 3224 familia

170 3243 250 3270 mea
272 3237 327 3269 est
396 3234 403 3241 '
440 3246 449 3269 ε
481 3244 530 3269 nu
556 3234 615 3268 tiis
639 3236 759 3270 tamen
784 3234 890 3270 etiam
913 3245 1036 3270 eorum
1058 3234 1258 3280 prohibitis,

214 3276 270 3317 24
301 3278 494 3331 Uspmiws
544 3278 622 3314 ibro
650 3280 774 3325 primo
806 3280 1091 3332 disputationum
1135 3279 1262 3326 Neque

168 3324 298 3360 absens
322 3334 438 3370 neque
460 3323 673 3359 dissentiens
696 3323 861 3369 adrogari
883 3327 1014 3370 potest.

216 3367 269 3407 25
294 3368 403 3405 IDEM
409 3369 501 3405 libro
513 3369 640 3415 quinto
652 3369 862 3414 opinionum
907 3370 996 3405 Post
1007 3372 1155 3405 mortem
1167 3369 1263 3405 filiae

171 3425 277 3458 suae,
310 3424 404 3460 quae
433 3417 476 3450 ut
497 3417 612 3449 mater
633 3413 787 3449 familias
811 3414 914 3459 quasi
937 3414 1015 3450 iure
1038 3414 1263 3460 emancipata

169 3460 307 3495 vixerat
330 3463 367 3495 et
388 3462 603 3495 testamento
628 3458 771 3503 scriptis
793 3459 984 3495 heredibus
1009 3459 1173 3502 decessit,
1198 3459 1261 3495 ad-

170 3515 294 3540 versus
316 3504 455 3541 factum
485 3514 611 3547 suum,
644 3503 747 3556 quasi
770 3514 843 3539 non
866 3504 943 3539 iure
967 3514 1045 3539 eam
1068 3515 1135 3540 nec
1158 3514 1262 3549 prae-

170 3550 331 3585 sentibus
353 3550 506 3585 testibus
530 3551 807 3595 emancipasset,
831 3552 935 3594 pater
957 3559 1097 3585 movere
1119 3553 1262 3585 contro·

175 3598 189 3629 i
238 3594 390 3631 versiam
419 3594 642 3640 prohibetur.
688 3593 815 3639 Neque
846 3593 1020 3638 adoptare
1052 3604 1168 3640 neque
1199 3593 1262 3630 ad-

170 3707 210 3748 (i)
224 3706 278 3739 his
291 3706 365 3749 qui]
376 3707 406 3740 si
419 3707 478 3750 qui
490 3720 544 3741 ser
624 3708 667 3749 (2)
679 3707 728 3741 cic
737 3706 775 3749 S,
789 3706 1001 3750 adoptaverit
1012 3707 1047 3740 F
1109 3709 1152 3750 (3)
1165 3724 1210 3737 ι-
1225 3706 1302 3742 Gai.
1320 3708 1349 3748 1,
1361 3714 1408 3742 183
1423 3707 1491 3741 Ioco
1505 3707 1581 3741 hinc
1592 3707 1735 3741 restituto
1749 3713 1780 3740 et
1789 3706 1871 3739 Just.
1887 3707 1916 3747 1,
1931 3713 1974 3747 ¹2,
1988 3714 2004 3740 ’1
2082 3706 2126 3747 (4)
2139 3703 2372 3738 confir-ematur
2383 3703 2418 3737 F
2457 3701 2502 3762 ᾖ

1270 89 1318 138 10

1993 107 2055 139 DE
2084 108 2424 142 ADOPTIONIBUS

1328 224 1455 260 rogare
1478 215 1558 260 quis
1582 215 1712 252 absens
1734 227 1801 252 nec
1825 227 1890 263 per
1914 217 2023 253 alium
2047 217 2220 254 eiusmodi
2244 217 2421 254 sollemni·

1328 262 1440 295 tatem
1489 270 1634 306 eragere
1681 264 1784 298 otest.

1368 302 1429 358 ,26
1452 270 1646 342 famma
1666 307 1744 343 ibro
1755 310 1884 353 septua
1911 308 2044 343 cnsimo
2056 307 2278 355 diqestorum
2311 307 2422 352 Quem

1329 349 1422 386 filius
1445 360 1546 430 ιιιξιιε
1570 351 1814 397 emancipatus
1845 318 2088 398 adaptaverit,
2118 352 2149 388 is
2181 362 2291 398 nepos
2323 362 2423 389 meus

1329 405 1401 431 non
1426 404 1476 430 eri
1495 422 1503 431 .

1375 437 1428 477 27
1454 439 1564 476 IDEM
1577 440 1669 476 libro
1689 442 1932 494 octaqensimo
1953 442 2079 488 quinto
2099 442 2321 488 diqeseorum
2364 442 2423 478 Ex

1329 484 1398 521 ado
1425 484 1496 520 tivo
1528 489 1635 521 natus
1665 485 1821 531 adoptivi
1852 486 1971 522 locum
1994 487 2132 540 optinet
2154 487 2192 522 in
2215 487 2294 522 iure
2318 486 2420 523 civili.

1376 528 1401 568 2
1441 531 1455 551 ³
1482 530 1606 567 GAIUS
1625 530 1716 568 libro
1731 532 1854 585 primo
1874 531 2135 567 institutionum
2181 532 2352 568 Liberum
2364 543 2421 567 ar-

1330 574 1476 611 bitrium
1509 579 1564 611 est
1599 575 1649 619 ei,
1705 587 1743 611 ui
1776 575 1888 611 filium
1913 579 1948 611 et
1971 586 2016 611 ex
2039 587 2081 613 eo
2105 580 2272 622 nepotem
2294 577 2332 612 in
2356 588 2421 622 po·

1330 624 1460 656 testate
1494 620 1660 664 habebit,
1681 587 1806 657 qtilium
1840 620 1982 673 quidem
2013 625 2192 667 potestate
2226 621 2423 664 demittere,

1331 668 1496 711 nepotem
1519 676 1602 702 vero
1635 666 1673 702 in
1702 669 1881 711 potestate
1912 669 2081 702 retinere:
2117 666 2173 702 vel
2209 677 2252 702 ex
2284 667 2423 703 diverso

1331 710 1442 746 filium
1476 710 1617 763 quidem
1651 710 1689 746 in
1719 715 1901 757 potestare
1931 711 2103 753 retinere,
2139 715 2306 757 nepotem
2339 721 2423 748 vero

1331 758 1600 792 manumittere:
1624 756 1680 791 vel
1703 766 1826 791 omnes
1849 756 1905 791 sui
1927 756 2012 792 iuris
2037 755 2190 792 efficere.
2239 756 2363 792 eadem
2387 759 2423 792 et

1332 800 1376 836 de
1398 805 1595 846 pronepote
1619 801 1716 837 dicta
1739 811 1818 837 esse
1839 801 2093 845 intellegemus.

1378 843 1433 884 29
1461 845 1747 882 CALLJSTRATUS
1766 846 1856 882 libro
1887 846 2045 882 secundo
2077 846 2340 882 institutionum
2386 846 2424 882 Si

1331 894 1435 936 pater
1457 891 1629 927 naturalis
1652 891 1751 936 loqui
1774 891 1916 936 quidem
1939 901 2013 927 non
2035 891 2169 936 possit,
2201 891 2271 927 alio
2304 894 2423 927 tamen

1331 935 1436 972 modo
1472 946 1580 982 quam
1611 947 1774 972 sermone
1806 935 2035 972 manifestum
2056 936 2177 972 facere
2199 936 2315 981 possit
2336 936 2426 972 velle

1332 991 1371 1017 se
1394 981 1506 1016 filium
1530 992 1634 1017 suum
1655 981 1694 1016 in
1717 981 1947 1026 adoptionem
1973 981 2077 1017 dare:
2110 980 2258 1027 perinde
2293 980 2423 1017 confir-

1331 1027 1477 1061 matur⁴
1501 1026 1660 1072 adoptio,
1685 1037 1729 1062 ac
1753 1026 1783 1062 si
1806 1026 1883 1062 iure
1905 1025 2005 1062 facta
2029 1030 2134 1062 esset.

1378 1069 1431 1109 30
1456 1070 1616 1107 Psaros
1635 1072 1727 1107 libro
1744 1072 1868 1118 primo
1888 1071 2098 1118 requtarum
2143 1071 2195 1107 Et
2213 1070 2275 1118 qui
2293 1081 2423 1107 uxores

1331 1127 1404 1152 non
1426 1116 1561 1152 habent
1584 1116 1676 1152 filios
1700 1116 1875 1162 adoptare
1897 1119 2060 1162 possunt.

1378 1158 1428 1199 31
1456 1160 1694 1198 Mammam-1
1712 1161 1804 1197 libro
1828 1162 1955 1208 quinto
1989 1161 2200 1208 reqularum
2245 1160 2329 1198 Non
2358 1173 2424 1207 po-

1330 1209 1402 1242 test
1420 1206 1526 1250 filius,
1551 1206 1612 1252 qui
1631 1210 1686 1242 est
1703 1206 1741 1241 in
1758 1209 1938 1259 potestate
1957 1208 2083 1252 patris,
2107 1207 2180 1242 ullo
2201 1206 2306 1243 modo
2327 1217 2424 1243 com·
2466 1219 2479 1227 ⁷

1330 1252 1462 1332 ΡὲΠθῖρ
1486 1263 1583 1295 eum,
1620 1262 1666 1287 ne
1687 1252 1734 1287 sit
1755 1263 1792 1287 in
1815 1255 1994 1297 potestate
2007 1278 2017 1295 ,
2049 1252 2123 1288 sive
2153 1252 2328 1288 naturalis
2352 1252 2426 1288 sive

1331 1308 1353 1332 a
1379 1308 1399 1332 o
1441 1308 1530 1333 ivus.

1378 1340 1402 1380 3
1455 1341 1703 1378 Pammaiws
1731 1341 1822 1378 libro
1854 1343 2064 1389 triqensimo
2088 1342 2213 1389 primo
2245 1342 2425 1388 quaestio-

1331 1398 1416 1423 num
1462 1386 1740 1433 Nonnumquam
1751 1390 1872 1422 autem
1890 1387 2053 1432 impubes
2074 1386 2135 1433 qui
2155 1386 2349 1433 adoptatus
2371 1390 2425 1422 est

1331 1432 1530 1469 audiendus
1556 1433 1634 1475 erit,
1659 1432 1691 1468 si
1714 1432 1828 1485 pubes
1851 1432 1971 1468 factus
1995 1431 2214 1477 emancipari
2237 1431 2424 1475 desideret,

1331 1477 1439 1523 idque
1474 1488 1585 1513 causa
1621 1481 1765 1529 eogmta
1796 1488 1862 1522 per
1895 1477 2050 1513 iudicem
2083 1476 2314 1512 statuendum
2345 1477 2423 1513 erit.

1334 1526 1349 1557 1
1398 1523 1599 1568 Imperator
1632 1522 1736 1557 Titus
1770 1522 1976 1558 Antoninus
2010 1521 2196 1567 rescripsit
2226 1521 2424 1568 privignum

1331 1578 1436 1603 suum
1459 1568 1570 1603 tutori
1593 1567 1766 1613 adoptare
1789 1566 2074 1613 permittendum.

1378 1610 1431 1651 33
1456 1612 1695 1649 MARCIANUS
1714 1612 1806 1648 libro
1830 1613 1957 1658 quinto
1981 1612 2192 1659 requtarum
2237 1611 2289 1647 Et
2307 1610 2340 1648 si
2383 1623 2424 1647 u-

1330 1658 1395 1693 bes
1419 1657 1538 1693 factus
1562 1668 1634 1692 non
1657 1656 1823 1702 expedire
1842 1657 1911 1693 sibi
1930 1657 1968 1692 in
1986 1660 2199 1703 potestatem
2220 1657 2295 1692 eius
2314 1623 2425 1702 redigi

1331 1702 2233 1793 3figssssfvifigzqssgffssaussrgssffugnffi{ggsserffl}
2267 1712 2290 1737 ²
2323 1705 2427 1747 “m‘'

1330 1774 2231 1873 ..3252‘s‘a{stemus‘ssszwfigrrsrr
2247 1791 2423 1872 Ἣ

1331 1886 1401 1926 tus,
1425 1886 1467 1918 ut
1488 1864 1573 1928 post
1595 1882 1784 1918 triennium
1806 1886 1896 1927 puta
1917 1848 2070 1918 {undem
2092 1881 2179 1917 mihi
2200 1847 2247 1917 reug
2261 1881 2330 1918 ado
2356 1882 2424 1918 tio-

1332 1938 1414 1963 nem
1437 1928 1520 1970 des,
1545 1938 1592 1963 an
1615 1928 1710 1963 actio
1734 1927 1808 1963 ulla
1831 1927 1888 1963 sit.
1936 1931 1973 1962 et
1994 1927 2117 1963 Labeo
2150 1929 2258 1973 putat
2289 1893 2425 1962 nuffiam

1332 1984 1411 2009 esse
1444 1973 1640 2009 actionem:
1678 1983 1744 2008 nec
1777 1972 1869 2008 enim
1900 1973 2058 2008 moribus
2094 1972 2226 2008 nostris
2258 1971 2425 2008 convenit

1331 2018 1445 2053 filium
1468 2018 1701 2064 temporalem
1723 2018 1867 2053 habere.

1378 2061 1431 2101 35
1455 2062 1566 2099 IDEM
1584 2063 1675 2099 libro
1700 2064 1825 2110 primo
1855 2072 2112 2109 responsorum
2156 2062 2228 2098 Pei·
2257 2061 2422 2107 adoptio·

1332 2118 1413 2144 nem
1437 2108 1589 2154 dignitas
1613 2119 1686 2144 non
1708 2108 1889 2151 minuitur,
1913 2107 1978 2143 sed
2001 2110 2163 2153 augetur.
2199 2107 2296 2143 unde
2317 2117 2423 2143 sena·

1332 2157 1390 2189 tor
1413 2154 1481 2189 etsi
1499 2164 1522 2189 a
1539 2153 1679 2199 plebeio
1700 2153 1892 2199 adoptatus
1913 2155 1978 2196 est,
2001 2155 2122 2189 manet
2140 2155 2303 2188 senator:
2327 2151 2424 2189 simi-

1331 2199 1413 2234 liter
1434 2202 1556 2234 manet
1578 2202 1614 2234 et
1636 2198 1811 2234 senatoris
1834 2197 1940 2233 filius.

1378 2241 1431 2281 36
1455 2243 1563 2279 IDEM
1578 2243 1670 2280 libro
1691 2246 1818 2279 octavo
1837 2242 1975 2279 decimo
1987 2253 2027 2277 re
2073 2252 2243 2278 onsorum
2287 2241 2423 2277 Eman-

1332 2287 1445 2334 cipari
1475 2288 1587 2323 filium
1618 2298 1641 2323 a
1662 2291 1766 2333 patre
1789 2297 2013 2333 quocumque
2049 2297 2115 2323 oco
2165 2297 2247 2323 osse
2270 2290 2423 2329 constat,

1335 2337 1349 2368 1
1399 2337 1440 2368 ut
1464 2337 1568 2369 exeat
1591 2332 1635 2368 de
1657 2332 1776 2378 patria
1797 2335 1988 2377 potestate.
2034 2332 2118 2377 Apu
2173 2331 2424 2377 proconsulem

1333 2378 1488 2416 etiamin
1500 2388 1542 2414 ea
1553 2377 1748 2423 provincia,
1773 2387 1880 2422 quam
1893 2376 2040 2412 sortitus
2059 2387 2132 2412 non
2152 2379 2218 2419 est,
2242 2379 2279 2412 et
2297 2386 2422 2412 manu-

1332 2423 1423 2459 mitti
1446 2426 1482 2459 et
1504 2423 1542 2458 in
1565 2422 1633 2458 ado
1660 2422 1794 2458 tionem
1818 2422 1895 2457 dari
1917 2432 2025 2468 posse
2047 2421 2178 2467 placet.

1377 2465 1431 2506 37
1455 2467 1565 2504 loeis
1601 2467 1628 2503 li
1649 2478 1692 2503 ro
1731 2467 1890 2503 secundo
1924 2467 2183 2502 sententiarum
2239 2466 2425 2512 Adoptare

1332 2513 1411 2559 quis
1436 2513 1576 2558 nepotis
1600 2513 1680 2548 loco
1703 2515 1842 2565 potest,
1875 2511 1982 2548 etiam
2014 2511 2046 2547 si
2067 2511 2180 2547 filium
2203 2521 2276 2547 non
2298 2511 2420 2547 habet.

1338 2562 1348 2593 l
1398 2558 1495 2594 Eum
1519 2568 1623 2603 quem
1653 2568 1732 2603 quis
1766 2556 1969 2602 adoptavit,
2005 2556 2142 2592 emanci
2168 2559 2267 2592 atum
2297 2556 2353 2593 vel
2385 2556 2423 2592 in

1331 2602 1400 2639 ado
1427 2603 1562 2639 tionem
1585 2603 1709 2638 datum
1731 2602 1862 2638 iterum
1884 2612 1958 2638 non
1979 2605 2100 2648 potest
2123 2568 2308 2647 aldoptare.

1377 2645 1401 2686 3
1456 2647 1697 2684 Maecenas
1716 2647 1808 2683 libro
1840 2647 2030 2684 vicensimo
2062 2650 2168 2683 sexto
2200 2646 2421 2693 diqestorum

1332 2693 1487 2737 Adoptio
1517 2704 1591 2729 non
1613 2693 1691 2728 iure
1712 2692 1812 2728 facta
1835 2703 1858 2728 a
1880 2691 2041 2738 principe
2065 2691 2267 2728 confirmari
2289 2694 2419 2737 potest.

1376 2736 1430 2777 39
1462 2738 1657 2775 ULPJANUS
1676 2738 1769 2774 libro
1793 2738 1898 2774 tertio
1921 2737 1966 2773 de
1988 2737 2112 2789 Offifss'O
2135 2737 2295 2773 consutis
2327 2735 2422 2772 Nam
2494 2742 2526 2755 ’“

1329 2784 1381 2819 ita
1404 2784 1505 2820 divus
1527 2783 1674 2819 Marcus
1696 2782 1925 2829 Eutychiano
1955 2781 2156 2827 rescripsit:
2178 2778 2297 2826 ‘Quod
2328 2781 2420 2817 desi-

1325 2828 1446 2865 ‘deras
1469 2839 1517 2864 an
1539 2829 1730 2874 impetrare
1752 2828 1903 2870 debeas,
1934 2827 2174 2863 aestimabunt
2195 2826 2331 2862 iudices
2356 2826 2421 2862 ad-

1326 2872 1460 2910 ‘hibitis
1484 2873 1590 2910 etiam
1612 2873 1679 2916 his,
1704 2872 1765 2919 qui
1788 2876 1914 2909 contra
1937 2872 2067 2925 dicent,
2090 2871 2127 2907 id
2151 2874 2206 2908 est
2225 2871 2286 2917 qui
2303 2871 2420 2907 laede-
2490 2891 2492 2893 -
2510 2843 2525 2890 s:

1327 2916 1465 2955 ‘rentur
1488 2918 1759 2955 confirmatione
1781 2913 2015 2963 adoptioms'.

1375 2963 1427 3002 40
1451 2963 1708 3000 Monesmws
1722 2963 1824 3016 libro·
1832 2963 1957 3010 primo
1976 2962 2264 3015 differentiarum
2298 2960 2419 2997 Adro-

1327 3014 1411 3055 gato
1430 3012 1534 3055 patre
1552 3008 1705 3044 familias
1724 3008 1837 3051 liberi,
1862 3007 1922 3053 qui
1944 3008 1982 3043 in
2005 3017 2080 3043 eius
2105 3010 2208 3043 erant
2228 3010 2419 3053 potestate,
2486 2985 2518 3041 (ἵζ’

1328 3058 1476 3100 nepotes
1489 3053 1587 3106 apud
1598 3053 1845 3105 adrogatorem
1857 3052 2062 3089 efficiuntur
2071 3052 2245 3098 simulque
2257 3062 2420 3105 cum-suo
2485 3087 2488 3091 ,

1354 3103 1431 3135 atre
1452 3099 1490 3134 in
1514 3109 1589 3134 eius
1613 3098 1799 3134 reccidunt
1821 3101 2045 3151 potestatem.
2093 3098 2188 3143 quod
2218 3108 2291 3134 non
2322 3107 2418 3133 simi-

1330 3245 1411 3270 cum
1435 3234 1513 3279 quis
1537 3234 1707 3279 adoptat,
1731 3234 1795 3269 sed
1827 3237 1863 3269 et
1886 3244 1967 3269 cum
1990 3232 2157 3278 adrogat,
2192 3232 2306 3268 maior
2340 3241 2419 3268 esse

1330 3279 1436 3315 debet
1460 3289 1522 3321 eo,
1546 3289 1650 3324 quem
1674 3279 1742 3314 sibi
1764 3289 1830 3324 per
1852 3278 1939 3314 adro

1329 3325 1461 3360 tionem
1473 3324 1583 3359 filium
1601 3324 1701 3367 facit,
1722 3327 1758 3359 et
1776 3323 1899 3369 utique
1917 3334 1941 3368 p
1956 3333 2044 3358 enae
2088 3322 2283 3358 ubertatis:
2306 3321 2345 3357 id
2364 3324 2418 3357 est

1331 3372 1351 3405 2
1398 3369 1519 3405 decem
1543 3373 1579 3404 et
1598 3372 1680 3405 octo
1692 3368 1794 3404 aunis
1816 3378 1895 3403 eum
1939 3377 2043 3403 raece
2069 3377 2127 3403 ere
2147 3367 2262 3403 debet.
2297 3365 2416 3412 Spado

1331 3413 1535 3459 adrogando
1570 3425 1675 3450 suuni
1705 3413 1872 3449 heredem
1895 3423 1925 3448 si
1950 3413 1963 3448 i
1985 3412 2185 3448 adsciscere
2206 3415 2327 3458 potest
2349 3421 2418 3447 nec

1332 3459 1363 3495 ei
1387 3459 1572 3504 corporale
1593 3459 1717 3494 vitium
1739 3458 1988 3503 impedimento
2012 3460 2076 3493 est.

1332 3559 1376 3585 ex
1399 3559 1469 3594 quo
1493 3559 1604 3594 nepos
1626 3548 1677 3584 illi
1701 3551 1756 3584 est
1777 3548 1815 3583 in
1845 3550 2042 3593 potestate,
2075 3545 2349 3599 emancipaverit

1376 3502 1426 3541 41
1455 3503 1563 3539 Iesu
1581 3504 1673 3540 libro
1695 3503 1852 3540 secundo
1875 3502 2084 3548 requtarum
2131 3500 2169 3537 Si
2179 3504 2282 3547 pater
2292 3500 2416 3580 filim&
2476 3506 2515 3596 ἐξ

2470 3615 2511 3653 &a

1331 3597 1458 3640 postea
1480 3604 1560 3630 eum
1582 3593 1823 3639 adoptaverit:
1855 3595 1995 3628 mortuo
2028 3602 2068 3628 eo
2101 3602 2212 3637 nepos
2242 3602 2280 3626 in
2302 3593 2415 3636 patris
2471 3577 2495 3618 ’ᾗ
2509 3623 2513 3631 Α,

1354 3148 1409 3180 ter
1431 3144 1469 3179 in
1493 3143 1721 3190 adoptionem
1745 3143 1936 3188 contingit:
1969 3153 2052 3178 nam
2075 3146 2223 3188 nepotes
2247 3152 2291 3178 ex
2315 3152 2356 3178 eo
2380 3142 2417 3177 in
2480 3121 2528 3176 ’ἐξ

1333 3193 1346 3224 1
1397 3189 1453 3225 avi
1486 3189 1660 3224 naturalis
1694 3189 1891 3224 retinentur
1920 3191 2107 3234 potestate.
2155 3187 2238 3222 Non
2277 3190 2418 3222 tantum

1986 3277 2118 3314 tionem
2140 3277 2195 3312 vel
2218 3288 2283 3322 per
2305 3276 2417 3322 adop·
2485 3252 2517 3314 Ϊᾷ

2479 3329 2499 3393 ἐ

2479 3414 2493 3443 ³

2497 3447 2514 3465 ‘e

2485 3336 2517 3369 51³.ss

2484 3375 2517 3406 fv:

2491 3406 2497 3413 s
2504 3407 2514 3421 t

2484 3425 2515 3456 Α

2484 3466 2510 3492 «ρ’,

2483 3492 2513 3511 ‚tw
