2528 3918
183 97 435 142 XXXVIIII
465 100 503 140 5.
527 100 554 140 6

1255 90 1336 140 610
1549 74 1594 144 (ζ

1489 14 1560 72 Ἣ

1994 110 2057 140 ΒΕ
2085 110 2251 142 nonus
2280 109 2423 142 CAUSA

187 225 199 255 ι
250 220 475 266 portionibus
512 223 714 266 competere
724 222 747 256 ¹.
794 219 931 256 Lucius
962 219 1080 254 Titius
1117 217 1270 254 fundum
1338 218 1384 254 tis
1408 227 1519 253 causa
1539 217 1604 254 filii
1626 218 1683 254 sui
1695 218 1723 240 ¹²
1742 222 1862 272 pater·
1872 222 1969 254 recte
1992 218 2128 255 donare
2157 219 2292 265 poterit
2319 219 2425 255 etiam

183 264 344 301 Maeviae
372 264 518 301 donavit
547 268 584 301 et
613 268 699 301 ante
727 264 977 301 traditionem2
1007 263 1157 299 eundem
1187 262 1270 298 fun-

183 310 267 346 dum
289 313 374 355 post
396 309 472 346 dies
494 320 632 356 paucos
657 309 738 347 Seio
761 309 901 356 pignori
925 309 1094 354 obligavit
1116 312 1154 344 et
1174 308 1271 343 intra

182 355 257 390 dies
281 355 428 400 triginta
449 354 626 391 Maeviam
657 355 695 391 in
718 364 866 391 vacuam
890 354 1152 400 possessionem
1175 353 1270 389 eius-

183 400 263 435 dem
285 399 389 435 fundi
410 399 568 436 induxit:
602 410 755 446 quaero,
787 410 834 435 an
857 399 1003 435 donatio
1027 398 1189 444 perfecta
1211 399 1269 434 sit.

182 444 368 490 respondit
398 444 597 481 secundum
627 455 671 481 ea
700 455 792 491 quae
824 448 1109 490 proponerentur
1131 442 1270 488 perfec-

182 494 273 525 tam:
299 500 421 526 verum
443 490 655 527 creditorem
678 490 816 526 firmam
866 491 876 524 i
924 489 997 525 oris
1020 488 1273 534 obligationem

183 538 203 570 2
249 534 393 571 babere.
440 535 533 571 Avia
559 535 628 572 sub
659 535 802 571 nomine
830 501 1009 570 ssaffionis
1043 533 1196 586 nepotis·
1216 532 1273 569 sui

182 584 342 615 mutuam
372 580 561 626 pecuniam
584 580 698 624 dedit,
730 584 767 616 et
790 590 919 616 usuras
951 589 1091 624 semper
1119 582 1215 624 cepit
1237 581 1274 614 et

182 625 418 661 instrumenta
450 625 652 662 debitorum
684 636 707 661 a
734 626 904 661 Labeone
932 625 1087 669 recepit,
1119 634 1212 677 quae
1234 623 1272 658 in

182 670 380 706 hereditate
396 670 474 707 eius
496 670 640 707 inventa
662 673 762 707 sunt:
787 680 932 715 quaero,
957 680 1005 705 an
1022 669 1167 706 donatio
1190 679 1271 714 per-

181 714 280 751 fecta
301 725 381 752 esse
403 715 578 752 videatur.
619 715 816 768 respondit,
842 725 924 751 cum
947 715 1089 751 debitor
1111 714 1273 750 Labeoni

182 760 361 806 obligatus
385 764 451 805 est,
474 760 669 808 perfectam
694 759 923 797 donationem
947 770 1037 797 esse.

682 898 770 939 VI’.

182 965 245 1000 DE
275 965 444 999 nonus
475 965 620 999 CAUSA
640 964 991 1045 ἒὶιὲιὲἒτιοιπιισε
1026 965 1086 998 ΕΤ
1123 965 1273 998 camo-

231 1074 279 1115 1⁴
308 1075 548 1113 Mamaos
580 1076 672 1113 libro
705 1087 802 1112 nono
834 1077 1098 1112 institutionum
1143 1076 1273 1112 Mortis

182 1132 296 1158 causa
324 1121 469 1158 donatio
499 1125 572 1164 est,
604 1132 686 1158 cum
717 1121 796 1167 quis
825 1121 958 1157 habere
989 1132 1028 1157 se
1062 1121 1139 1157 vult
1191 1132 1275 1157 uam

182 1177 263 1203 eum
286 1167 346 1203 cui
368 1166 480 1203 donat
510 1167 690 1213 magisque
714 1177 795 1203 eum
825 1166 884 1202 cui
907 1166 1018 1202 donat
1064 1177 1148 1202 uam
1198 1177 1273 1202 ere-

186 1216 201 1248 l
250 1212 331 1248 dem
360 1223 476 1249 suum.
523 1211 582 1248 Sic
620 1215 657 1248 et
685 1211 783 1258 apud
812 1211 1008 1247 Homerum
1071 1212 1274 1248 clemachus

182 1257 295 1294 donat
317 1256 448 1294 Piraeo
459 1258 484 1293 ⁵.

228 1301 255 1340 2
286 1302 480 1339 Uzmmm
501 1302 592 1339 libro
618 1303 826 1349 triqensimo
849 1302 1008 1338 secundo
1032 1302 1083 1338 ad
1099 1301 1274 1339 Sabinum

181 1348 343 1384 Iulianus
370 1348 463 1383 libro
494 1347 645 1393 septimo
677 1347 816 1383 decimo
845 1347 1063 1393 digestorum
1092 1352 1166 1384 tres
1197 1359 1276 1384 esse

182 1393 345 1439 species⁰
376 1393 501 1429 mortis
530 1403 641 1429 causa
670 1392 903 1429 donationum
932 1393 999 1435 ait,
1033 1403 1158 1437 unam,
1193 1404 1275 1430 cum

183 1439 262 1520 331³ss
284 1437 913 1529 iffittiiff‘iiQffiuffloffiu
944 1439 1180 1520 ἓῖιὲἳέωᾲζὲἓ
1193 1438 1276 1530 222³

183 1529 273 1565 ciem
294 1529 420 1564 mortis
444 1538 557 1565 causa
579 1528 813 1564 donationum
837 1529 904 1570 ait,
939 1539 1021 1564 cum
1050 1530 1129 1575 quis
1160 1529 1275 1565 immi-

181 1579 289 1610 nente
318 1573 478 1619 periculo
511 1578 710 1610 commotus
738 1574 790 1609 ita
821 1573 948 1616 donat,
988 1578 1030 1609 ut
1060 1574 1181 1610 statim
1211 1574 1276 1610 fiat

182 1619 404 1665 accipientis.
458 1619 604 1655 tertium
633 1629 747 1665 genus
781 1629 861 1655 esse
897 1619 1098 1656 donationis
1134 1620 1205 1663 ait,
1245 1619 1277 1656 si

183 1664 262 1712 quis
288 1663 455 1718 periculo
484 1667 604 1701 motus
635 1675 709 1700 non
738 1664 792 1701 sic
824 1664 901 1707 det,
941 1669 982 1699 ut
1012 1665 1134 1701 statim
1165 1665 1277 1701 faciat

182 1709 411 1755 accipientis,
441 1709 507 1746 sed
534 1713 624 1746 tunc
656 1709 816 1753 demum,
848 1721 929 1746 cum
958 1721 1054 1746 mors
1083 1709 1193 1746 fuerit
1221 1710 1275 1746 in-

182 1759 319 1791 secuta.

228 1797 253 1838 3
279 1800 336 1836 PA
343 1810 388 1836 σι,
395 1810 440 1836 vs
459 1799 551 1836 libro
571 1801 723 1846 septimo
737 1800 789 1836 ad
803 1799 979 1837 Sabinum
1019 1801 1149 1837 Mortis
1166 1812 1278 1837 causa

182 1845 318 1882 donare
347 1846 433 1881 licet
460 1856 534 1882 non
562 1849 703 1881 tantum
728 1845 890 1881 infirmae
914 1846 1129 1882 valetudinis
1153 1857 1275 1888 causa,

182 1890 247 1928 sed
277 1890 428 1937 periculi
457 1891 564 1926 etiam
594 1891 818 1936 propinquae
848 1891 973 1927 mortis
1005 1889 1059 1927 ‘vel
1082 1892 1128 1927 ab
1152 1892 1277 1927 hoste⁷

183 1936 239 1972 vel
269 1947 292 1972 a
321 1935 564 1982 praedonibus
593 1936 651 1971 vel
679 1936 726 1972 ab
757 1936 912 1973 hominis
966 1937 1098 1973 otentis
1122 1937 1275 1973 crudeli-

183 1986 258 2017 tate
282 1985 346 2017 aut
369 1981 452 2017 odio
476 1984 541 2017 aut
563 1980 797 2026 navigationis
821 1947 1017 2018 ineuml’ae:

229 2025 255 2064 4
290 2026 414 2063 θΑιυε
447 2026 540 2063 libro
573 2027 695 2073 primo
734 2038 856 2061 rerum
891 2027 1172 2063 cottidianarum
1202 2028 1277 2063 sive

184 2083 380 2108 aureorum
427 2075 492 2107 aut
513 2082 579 2117 per
600 2071 773 2107 insidiosa
795 2071 877 2108 loca
900 2072 1016 2108 iturus

183 2162 202 2198 f
231 2115 256 2154 5
288 2116 484 2153 Uneulvvs
497 2116 588 2153 libro
602 2117 760 2153 secundo
777 2118 1042 2153 institutionum
1078 2121 1143 2153 aut
1158 2122 1277 2154 aetate

199 2173 321 2199 essus:

230 2204 256 2245 6
280 2207 441 2243 Panos
468 2207 560 2243 libro
583 2217 622 2242 se
650 2207 735 2242 timo
759 2206 811 2242 ad
831 2206 1008 2243 Sabinum
1062 2208 1153 2244 haec
1182 2209 1277 2245 enim

185 2253 305 2290 omnia
327 2252 467 2288 instans
490 2252 588 2297 peric
630 2262 690 2287 um
714 2251 972 2288 demonstrant.

231 2296 254 2336 7
286 2297 482 2334 Utemws
502 2297 595 2333 libro
619 2297 829 2343 triqensimo
852 2298 1010 2333 secundo
1035 2297 1086 2333 ad
1100 2297 1275 2334 Sabinum

184 2343 222 2379 Si
253 2343 380 2389 aliquis
411 2343 536 2379 mortis
573 2352 685 2378 causa
723 2341 909 2378 donaverit
945 2346 982 2379 et
1018 2353 1135 2388 poena
1168 2343 1277 2380 fuerit

185 2388 313 2434 capitis
346 2387 515 2431 affectus,
553 2388 779 2423 removetur⁸
799 2387 958 2424 donatio
994 2392 1035 2423 ut
1066 2388 1275 2434 inperfecta,

184 2433 343 2514 glamvis
375 2437 516 2469 ceterae
545 2432 757 2469 donationes
787 2432 865 2469 sine
899 2433 1105 2478 suspicione
1138 2444 1277 2480 poenae

223 2483 303 2515 ctae
326 2479 480 2515 valeant.
893 2483 896 2486 '

231 2521 256 2562 8
291 2523 397 2560 low
427 2524 519 2560 libro
553 2526 705 2571 septimo
740 2523 791 2560 ad
819 2522 995 2576 Sabinam
1057 2523 1127 2569 Qui
1161 2525 1276 2570 pretio

185 2574 335 2615 accepto
365 2569 600 2606 hereditatem
632 2568 889 2615 praetermisit,
922 2579 996 2605 sive
1026 2569 1073 2605 ad
1102 2570 1275 2606 substitu-

185 2619 261 2650 tum
291 2619 508 2660 perventura
538 2615 585 2651 sit
615 2614 815 2659 hereditas,
853 2614 926 2650 sive
962 2614 1009 2650 ab
1046 2615 1115 2651 eo⁹
1142 2615 1189 2651 ab
1219 2616 1274 2651 in-

184 2664 317 2698 testato
353 2670 606 2703 successurus,
647 2660 774 2696 mortis
810 2669 922 2695 causa
959 2670 1088 2705 capere
1118 2660 1274 2696 videtur:

185 2717 268 2742 nam
293 2705 466 2751 quidquid
488 2709 638 2758 propter
661 2706 812 2741 alicuius
831 2707 983 2740 mortem
1002 2705 1156 2748 obvenit,
1180 2716 1274 2742 mor-

185 2752 233 2787 tis
271 2761 382 2787 causa
421 2755 563 2795 capitur
574 2753 622 2786 ¹⁰:
663 2761 771 2796 quam
806 2750 1016 2786 sententiam
1047 2755 1084 2786 et
1114 2750 1275 2787 Iulianus

211 2796 317 2832 rebat
346 2800 382 2831 et
411 2795 481 2831 hoc
510 2795 589 2832 iure
618 2795 762 2832 utimur.
810 2805 895 2830 nam
925 2798 962 2831 et
990 2795 1085 2841 quod
1114 2806 1137 2831 a
1159 2800 1274 2832 statu-

212 2842 298 2877 bero
334 2839 556 2877 condicionis
593 2840 795 2886 implendae
832 2850 944 2877 causa
980 2842 1122 2886 capitur
1158 2841 1214 2877 vel
1252 2852 1276 2877 a

186 2886 375 2932 legatario,
400 2885 525 2922 mortis
550 2896 661 2922 causa
684 2885 880 2932 accipitur:
909 2888 946 2922 et
968 2886 1065 2931 quod
1088 2890 1192 2931 pater
1214 2886 1275 2923 de-

187 2932 241 2967 dit
262 2935 410 2984 propter
432 2936 583 2974 mortem
605 2931 670 2967 filii
692 2931 785 2969 vel¹¹
817 2930 979 2976 cognati,
1013 2931 1137 2969 mortis
1167 2942 1278 2969 causa

192 2981 204 3013 l
255 2987 338 3022 capi
359 2975 522 3012 Iulianus
546 2977 615 3012 scri
642 2976 700 3013 sit.
747 2976 912 3029 Denique
942 2980 980 3012 et
1005 2977 1057 3013 sic
1078 2987 1188 3023 posse
1212 2977 1276 3014 do-

187 3022 267 3058 nari
289 3021 352 3064 ait,
376 3024 427 3065 ut,
450 3021 482 3057 si
507 3032 596 3057 conv
634 3022 738 3065 uerit,
761 3022 966 3067 recipiatur.

234 3064 260 3106 9
287 3066 445 3103 Panos
465 3066 557 3102 libro
577 3068 681 3102 tertio
702 3067 752 3102 ad
765 3066 942 3103 Sabinum
988 3066 1162 3103 Omnibus
1182 3078 1276 3103 mor·

188 3113 235 3149 tis
266 3122 377 3149 causa
405 3121 536 3157 capere
564 3112 801 3157 permittitur,
833 3110 895 3158 qui
926 3110 1066 3148 scilicet
1093 3115 1130 3147 et
1158 3112 1278 3158 legata

188 3157 267 3194 acci
313 3167 353 3194 re
375 3159 538 3203 possunt.

239 3167 312 3241 18e
321 3201 515 3238 ULPJAlvvs
534 3201 627 3238 libro
651 3203 688 3237 vi
711 3203 846 3237 ensimo
870 3206 1003 3248 quarto
1030 3202 1080 3238 ad
1101 3201 1276 3238 Sabinum

189 3247 254 3292 Ei,
287 3247 346 3284 cui
376 3246 500 3284 mortis
530 3256 643 3283 eausa
696 3251 841 3282 onatum
871 3251 946 3290 est,
974 3257 1083 3293 posse
1106 3246 1278 3283 substitui

190 3296 333 3329 constat
354 3292 392 3328 in
414 3292 511 3328 hunc
533 3290 695 3335 modum,
721 3295 760 3326 ut
808 3292 968 3327 remittat
989 3291 1114 3336 alicui,
1144 3292 1177 3328 si
1197 3292 1277 3338 ipse

191 3349 234 3375 ca
259 3348 319 3374 ere
341 3348 415 3374 non
463 3337 563 3380 ossit,
587 3336 642 3372 vel
664 3336 733 3372 sub
805 3346 828 3371 a
852 3337 1071 3373 condicione.

269 3381 287 3421 1
314 3381 422 3419 lon
506 3392 529 3419 o
549 3381 760 3429 triambno
778 3382 884 3418 tertio
903 3382 954 3418 ad
967 3381 1142 3419 Sabinum
1177 3382 1275 3418 Mor-

190 3500 232 3536 (ι)
257 3498 457 3540 comptetere
469 3496 503 3529 F
590 3498 633 3535 (2)
656 3496 734 3528 ante
745 3494 958 3527 traditionem
970 3496 1032 3528 del.

237 3543 281 3582 (3)
305 3541 503 3580 Sab.1...2s;
523 3541 589 3575 Ed.
601 3546 731 3579 2⁹...scz
749 3538 836 3583 Pap.
849 3540 1275 3582 ⁴0.„u.-Bae.4·1,³.-

196 3587 246 3628 Cf!
261 3587 337 3619 Cod.
348 3587 380 3627 8,
389 3593 424 3620 ω
485 3588 530 3628 (⁴)
550 3585 683 3637 ςιῖἱωι.
693 3584 864 3627 2,·1‚tfin.
922 3586 966 3626 (s)
988 3585 1106 3629 Odyu.
1119 3586 1274 3628 17,·1ssq.

191 3633 238 3671 (ὅ)
261 3630 460 3674 specis-affl,
479 3629 651 3674 specum
740 3632 786 3670 (7)
808 3628 901 3663 boote
918 3629 952 3661 F
1038 3632 1083 3670 (8)
1108 3639 1274 3663 remove&

193 3679 247 3707 tur
261 3676 315 3707 F²
393 3678 437 3716 (e)
462 3675 504 3708 ab
517 3675 636 3709 eosive
648 3675 729 3709 Hal.
817 3676 877 3715 (ιο)
901 3674 995 3716 pitur
1007 3674 1043 3707 F
1119 3679 1173 3714 (ιι)
1197 3684 1275 3716 cog·

193 3724 292 3754 natu·
308 3723 446 3764 propter
462 3723 604 3755 mortem
620 3732 684 3754 sec.
695 3720 732 3754 Β
750 3721 812 3755 ins.
923 3721 981 3763 (12)
1004 3719 1069 3763 sui]
1090 3719 1194 3752 nurui
1210 3731 1274 3753 ser.

1338 266 1526 299 constante
1548 263 1774 300 matrimomo
1800 263 1875 299 filix.

1388 304 1439 345 12
1461 306 1570 343 Imm
1588 308 1681 345 libro
1705 309 2010 356 quadr-aqensimo
2034 314 2166 356 quarto
2186 308 2237 345 ad
2250 307 2426 346 Sabinum

1338 352 1376 388 Si
1398 352 1540 396 mulier,
1571 353 1701 390 ventris
1725 354 1867 390 nomine
1889 364 1956 399 per
1979 354 2194 390 calumniam
2218 357 2259 390 ut
2280 353 2319 390 in
2367 364 2425 390 os-

1338 397 1534 434 sessionem
1561 398 1654 433 mitti
1683 398 1878 442 desideret,
1916 399 2106 444 pecuniam
2137 399 2295 444 accepit,
2350 403 2427 434 orte

1339 442 1422 478 dum
1461 442 1656 479 substituto
1694 444 1959 489 patrocinatur,
2000 447 2041 479 ut
2073 444 2276 480 institutum
2308 443 2428 488 aliqua

1339 487 1478 523 ratione
1501 487 1686 531 excludat,
1716 489 1842 526 mortis
1872 500 1985 525 causa
2014 499 2093 525 eam
2116 499 2245 535 capere
2267 488 2427 524 Iulianus

1339 543 1400 568 sae
1426 532 1482 568 ius
1507 533 1643 568 scribit.

1415 575 1439 615 3
1454 579 1481 599 ¹³
1511 577 1705 614 lemnes
1732 577 1825 615 libro
1855 580 2006 626 septimo
2039 579 2176 616 decimo
2208 579 2428 626 diqestorum

1341 622 1380 658 Si
1410 622 1563 658 alienam
1591 633 1667 658 rem
1697 624 1820 660 mortis
1851 635 1962 660 causa
1991 624 2171 660 donavero
2201 634 2313 669 eaque
2343 634 2427 660 usu-

1341 673 1449 713 capta
1465 667 1583 711 fuerit,
1605 678 1708 721 verus
1726 667 1890 705 dominus
1909 680 1988 705 eam
2005 670 2193 706 condicere
2209 680 2283 705 non
2297 672 2428 715 potest,

1344 716 1359 748 1
1408 713 1470 748 sed
1500 723 1582 758 ego,
1620 723 1651 749 sl
1686 714 1910 750 convaluero.
1965 714 2204 751 Manca-Ltus
2231 718 2354 750 notat.-
2390 714 2429 749 in

1340 758 1466 794 mortis
1507 768 1617 794 causa
1655 758 1907 795 donationibus
1943 760 2051 796 etiam
2082 759 2171 796 facti
2202 759 2429 805 quaestiones

1340 807 1436 839 sunt.
1484 814 1566 838 nam
1589 807 1626 839 et
1648 803 1700 839 sic
1723 808 1844 849 potest
1867 804 2005 849 donari,
2029 808 2071 840 ut
2093 804 2295 841 omnimodo
2320 815 2365 840 ex
2387 814 2430 840 ea

1341 848 1543 884 valetudine
1566 847 1740 885 donatore
1762 853 1904 885 mortuo
1927 859 1986 885 res
2008 860 2083 886 non
2105 850 2295 886 reddatur:
2326 853 2363 885 et
2391 852 2431 885 ut

1340 893 1529 936 reddatur,
1557 894 1695 929 etiamsi
1717 894 1816 939 prior
1840 905 1884 930 ex
1907 894 2031 931 eadem
2055 895 2256 931 valetudine
2279 894 2432 931 donator

1342 938 1552 981 decesserit,
1585 939 1618 975 si
1647 942 1767 975 tamen
1782 941 1807 960 ¹⁴
1834 943 1972 975 mutata
1995 939 2178 976 voluntate
2201 939 2342 976 restitui
2363 939 2431 975 sibi

1342 984 1504 1020 voluerit.
1540 984 1604 1020 sed
1626 988 1663 1020 et
1685 984 1737 1020 sic
1761 984 1888 1020 donari
1909 988 2040 1030 potest,
2065 989 2105 1021 ut
2126 996 2200 1021 non
2223 985 2328 1021 aliter
2349 984 2430 1020 red-

1342 1029 1467 1082 datur,
1500 1040 1607 1074 quam
1636 1029 1667 1065 si
1694 1030 1793 1075 prior
1815 1030 1876 1083 ille
1900 1030 2164 1083 quiaccepexit
2177 1032 2204 1052 ¹⁵
2227 1030 2430 1066 decesserit.

1342 1085 1396 1156 235
1410 1079 1714 1165 exstitisti,
1724 1074 2331 1163 f¹⁰i¹i⁸222²³222¹²2⁸1⁷⁰⁸3⁸sst15¹5232¹2¹ssi
2343 1085 2431 1166 {²51¹}

1342 1165 1421 1201 dem
1446 1165 1650 1201 donator¹⁸.

1391 1208 1442 1247 14
1465 1210 1491 1246 I
1494 1219 1659 1246 malvas
1685 1210 1776 1246 libro
1806 1215 1932 1246 octavo
1960 1210 2097 1247 decimo
2126 1211 2346 1258 diqestomm
2393 1209 2431 1246 Si

1340 1255 1465 1292 mortis
1490 1266 1600 1291 causa
1624 1255 1778 1291 donatus
1802 1255 1934 1292 fundus
1959 1260 2014 1292 est
2035 1260 2073 1292 et
2094 1256 2132 1291 in
2151 1267 2232 1292 eum
2249 1255 2430 1302 impensae

1341 1301 1567 1337 necessariae
1591 1304 1699 1346 atque
1729 1300 1834 1336 utiles
1866 1300 1985 1337 factae
2017 1301 2106 1343 sint,
2136 1300 2287 1337 fundum
2318 1300 2430 1337 vindi-

1342 1351 1465 1382 cantes
1490 1346 1564 1382 doli
1585 1346 1670 1382 mali
1700 1346 1908 1391 exceptione
1936 1350 2220 1391 summoventur,
2250 1346 2320 1382 nisi
2349 1357 2429 1392 pre-

1341 1391 1431 1428 tium
1455 1402 1578 1428 earum
1601 1391 1801 1427 restituant.

1392 1435 1442 1475 15
1466 1436 1575 1472 locu
1585 1436 1678 1473 libro
1695 1437 1885 1472 vicensimo
1901 1438 2052 1483 septimo
2069 1437 2289 1483 diqestorum
2324 1435 2432 1472 Man-

1347 1492 1491 1518 osstzos
1510 1486 1632 1518 notat.-
1657 1492 1738 1517 eum
1756 1486 1968 1518 testamento
1987 1482 2218 1527 relinquendi,
2237 1481 2296 1518 cui
2313 1481 2430 1525 velint,

1343 1527 1410 1563 ade
1435 1527 1465 1563 ti
1492 1527 1566 1564 sint
1595 1526 1659 1562 filii
1689 1527 1844 1563 familias
1875 1528 2004 1563 milites
2033 1527 2182 1563 liberam
2213 1526 2431 1568 facultatem,

1344 1583 1404 1608 cre
1431 1572 1439 1580 ‘
1463 1576 1584 1618 potest
1607 1583 1650 1608 ea
1673 1572 1780 1608 etiam
1802 1573 1962 1617 remissa,
1987 1583 2080 1618 quae
2103 1572 2313 1609 donationes
2335 1582 2430 1607 mor-

1343 1619 1389 1654 tis
1414 1628 1525 1654 causa
1544 1617 1623 1654 fieri
1638 1618 1840 1663 prohibent.
1876 1618 2038 1654 Paetus
2055 1622 2176 1654 notat:
2198 1619 2268 1654 hoc
2289 1622 2326 1654 et
2346 1628 2431 1654 con-

1344 1663 1510 1699 stitutum
1533 1667 1589 1699 est
1611 1667 1648 1698 et
1669 1662 1717 1698 ad
1740 1662 1940 1708 exemplum
1959 1663 2157 1709 legatorum
2175 1662 2300 1699 mortis
2322 1673 2432 1699 causa

1345 1708 1556 1745 donationes
1579 1712 1768 1744 revocatae
1791 1711 1886 1744 sunt.

1395 1751 1444 1792 16
1469 1753 1576 1789 Imm
1595 1753 1687 1790 libro
1711 1754 1903 1790 vicensimo
1926 1763 2022 1789 nono
2045 1753 2266 1800 diqestorum
2303 1753 2432 1790 Mortis

1345 1809 1456 1835 causa
1487 1798 1632 1835 donatio
1662 1798 1770 1834 etiam
1801 1799 1885 1834 dum
1913 1798 2064 1844 pendet,
2103 1808 2151 1834 an
2186 1799 2433 1835 convalescere

1344 1845 1459 1890 possit
1483 1844 1647 1886 donator,
1671 1844 1832 1879 revocari
1854 1847 1986 1889 potest.

1394 1887 1443 1927 17
1468 1888 1576 1925 IDEM
1595 1889 1687 1926 libro
1738 1890 2018 1936 uadraqensimo
2037 1901 2076 1925 se
2104 1890 2188 1925 timo
2212 1889 2433 1936 digestorum

1344 1934 1425 1971 Etsi
1447 1934 1588 1971 debitor
1611 1900 1798 1970 consifium
1822 1934 2040 1971 creditorum
2094 1933 2340 1970 audandorum
2360 1945 2430 1970 non

1344 1980 1548 2023 habuisset,
1579 1979 1682 2016 avelli
1710 1990 1769 2015 res
1792 1980 1916 2015 mortis
1941 1990 2053 2016 causa
2075 1980 2122 2015 ab
2146 1990 2189 2016 eo
2213 1980 2347 2015 donata
2369 1978 2427 2015 de-

1345 2026 1416 2061 bet.
1463 2035 1548 2060 nam
1571 2035 1653 2061 cum
1675 2025 1792 2070 legata
1823 2036 1868 2061 ex
1898 2029 2109 2061 testamento
2140 2025 2233 2067 eius,
2265 2024 2327 2070 qui
2360 2024 2431 2061 sol-

1346 2070 1460 2107 vendo
1480 2081 1554 2106 non
1570 2069 1649 2113 fuit,
1675 2070 1876 2107 omnimodo
1892 2070 2032 2106 inutilia
2049 2070 2131 2113 sint,
2154 2073 2306 2115 possunt
2322 2069 2433 2106 videri

1344 2116 1452 2152 etiam
1476 2115 1685 2151 donationes
1708 2115 1833 2151 mortis
1854 2125 1965 2151 causa
1981 2115 2099 2152 factae
2116 2115 2271 2152 rescindi
2290 2114 2432 2159 debere,

1345 2162 1428 2207 quia
1451 2161 1648 2207 legatorum
1670 2161 1785 2197 instar
1807 2161 1981 2206 optinent.

1396 2203 1445 2244 18
1460 2207 1488 2228 ¹⁹
1511 2206 1620 2242 lom
1639 2207 1730 2243 libro
1753 2208 2008 2252 sexagensimo
2031 2207 2252 2253 diqestorum
2302 2205 2432 2242 Mortis

1345 2262 1454 2287 causa
1474 2262 1517 2287 ca
1543 2251 1635 2287 imus
1654 2262 1728 2288 non
1747 2256 1834 2287 tunc
1852 2251 1981 2294 solum,
2002 2262 2083 2287 cum
2103 2251 2182 2297 quis
2203 2261 2291 2288 suae
2309 2252 2432 2287 mortis

1346 2307 1457 2332 causa
1479 2307 1526 2332 no
1553 2297 1584 2332 is
1608 2296 1730 2339 donat,
1754 2296 1818 2332 sed
1841 2300 1877 2332 et
1896 2297 1928 2332 si
1949 2307 2014 2342 pro
2040 2301 2096 2333 ter
2114 2296 2262 2333 alterius
2282 2301 2432 2332 mortem

1343 2342 1380 2377 id
1402 2342 1532 2377 faciat:
1558 2341 1666 2377 veluti
1689 2342 1720 2377 si
1740 2342 1820 2387 quis
1838 2342 1912 2378 filio
1932 2342 1989 2378 vel
2040 2347 2118 2378 atre
2134 2352 2200 2378 suo
2219 2342 2432 2378 moriente5²⁰

1345 2387 1454 2423 donet
1473 2387 1614 2423 Maevio
1638 2396 1683 2423 ea
1705 2386 1925 2430 condicione,
1950 2390 2001 2430 ut,
2025 2387 2057 2422 si
2081 2387 2301 2423 convaluerit
2323 2387 2430 2422 alter-

1344 2436 1424 2468 uter
1447 2443 1588 2474 eorum,
1613 2431 1784 2467 reddatur
1807 2431 1876 2468 sibi
1898 2442 1969 2474 res,
1994 2431 2025 2468 si
2048 2431 2257 2475 decesserit,
2288 2437 2432 2468 maneat

1350 2481 1363 2512 ι
1412 2477 1510 2523 apud
1532 2477 1722 2513 Maevium.
1771 2476 1809 2512 Si
1838 2476 2035 2513 donaturus
2064 2477 2150 2513 mihi
2172 2477 2295 2513 mortis
2320 2487 2431 2513 causa

1345 2523 1542 2559 debitorem
1566 2527 1667 2558 tuum
1690 2522 1859 2559 creditori
1882 2533 1958 2558 meo
1978 2522 2205 2567 delegaveris,
2230 2522 2431 2559 omnimodo

1344 2578 1473 2613 capere
1497 2567 1642 2604 videbor
1666 2572 1804 2603 tantam
1826 2567 2026 2613 pecuniam,
2051 2572 2186 2613 quanta
2209 2578 2232 2603 a
2255 2567 2431 2604 creditore

1344 2624 1422 2650 meo
1446 2613 1618 2649 liberatus
1641 2613 1755 2649 fuero.
1804 2613 1900 2658 quod
1931 2613 1962 2649 si
1991 2613 2039 2649 ab
2069 2613 2196 2650 eodem
2226 2623 2291 2659 ego
2316 2613 2430 2659 stipu-

1343 2659 1438 2695 latus
1469 2658 1589 2702 fuero,
1623 2662 1770 2694 eatenus
1795 2668 1837 2694 ca
1864 2668 1923 2694 ere
1946 2658 2202 2694 existimandus
2228 2668 2309 2701 ero,
2342 2669 2430 2711 qua-

1344 2708 1450 2740 tenus
1474 2703 1616 2740 debitor
1639 2703 1807 2740 solvendo
1871 2704 1958 2740 erit:
1982 2714 2065 2739 nam
2090 2707 2125 2739 et
2147 2704 2178 2739 si
2196 2703 2431 2740 convaluisset

1345 2749 1500 2786 creditor
1520 2748 1685 2794 idemque
1708 2748 1876 2792 donator,
1908 2749 2170 2785 condictione²¹
2202 2752 2266 2784 aut
2291 2748 2329 2784 in
2353 2747 2429 2785 fac-

1344 2799 1420 2830 tum
1436 2794 1578 2830 actione
1593 2794 1763 2830 debitoris
1780 2793 1825 2830 ob
1842 2793 1850 2802 ⁸
1876 2794 2030 2830 ationem
2047 2794 2232 2829 dumtaxat
2243 2794 2428 2840 reciperet.

1345 2842 1365 2874 2
1411 2839 1508 2875 Titia
1537 2839 1776 2891 chirographa
1806 2839 1850 2875 de
1876 2841 2007 2874 iterum
2040 2850 2186 2875 suorum
2217 2839 2363 2884 Septicii
2394 2844 2430 2874 et

1343 2885 1474 2920 Maevii
1505 2884 1682 2920 donatura
1711 2884 1780 2920 illis
1802 2884 1955 2930 Ageriae
1983 2884 2082 2920 dedit
2109 2888 2146 2920 et
2172 2883 2309 2929 rogavit
2338 2894 2428 2927 eam,

1344 2934 1385 2966 ut
1406 2940 1460 2972 ea,
1485 2929 1518 2966 si
1540 2929 1763 2972 decessisset,
1792 2929 1862 2965 illis
1886 2929 1997 2974 daret,
2027 2929 2059 2965 si
2081 2929 2331 2972 convaluisset,
2359 2929 2429 2965 sibi

1342 2974 1526 3011 redderet:
1555 2978 1670 3011 morte
1693 2978 1819 3011 secuta
1840 2974 1983 3011 Maevia
2006 2974 2121 3010 Titiae
2144 2973 2217 3009 filia
2239 2975 2343 3010 heres
2367 2985 2426 3010 ex·

1343 3020 1433 3056 titit:
1457 3020 1590 3066 Ageria
1609 3023 1738 3063 autem,
1763 3023 1804 3055 ut
1826 3023 1952 3065 rogata
1975 3023 2061 3062 erat,
2087 3019 2324 3064 chirographa
2339 3019 2425 3065 Sep-

1343 3066 1427 3102 ticio
1456 3069 1494 3101 et
1523 3065 1663 3101 Maevio
1694 3075 1806 3110 supra
1836 3064 1981 3110 scriptis
2012 3064 2121 3100 dedit.
2169 3065 2367 3117 quaeritur,
2397 3066 2427 3101 si

1343 3109 1486 3147 Maevia
1512 3111 1616 3146 heres
1645 3120 1836 3153 summam,
1873 3119 1967 3156 quae
2001 3109 2197 3146 debebatur
2231 3120 2276 3145 ex
2310 3110 2426 3146 chiro-

1342 3154 1488 3201 graphia
1518 3165 1629 3200 supra
1659 3155 1731 3191 scri
1756 3155 1823 3199 tis,
1856 3159 1958 3201 petat
1987 3154 2042 3190 vel
2070 3154 2151 3199 ipsa
2179 3154 2276 3190 chiro
2342 3155 2425 3201 pha,

1343 3211 1392 3237 an
1419 3200 1628 3254 exceptione
1657 3210 1722 3236 exc
1737 3199 1798 3236 udi
1828 3200 1966 3254 possit?
2003 3199 2188 3245 respondit
2196 3200 2228 3221 ²²
2249 3165 2426 3236 fflviam

1344 3245 1400 3283 vel
1429 3249 1527 3291 pacti
1557 3245 1723 3282 conventi
1752 3245 1808 3282 vel
1836 3244 1910 3282 doh
1930 3244 2015 3281 mali
2036 3244 2249 3290 exceptione
2269 3255 2425 3281 summo·

1344 3294 1365 3326 3
1411 3290 1485 3327 veri
1507 3300 1625 3336 posse.
1665 3290 1734 3335 Qui
1755 3290 1934 3327 hominem
1955 3299 2071 3327 noxae
2093 3290 2236 3326 nomine
2258 3290 2313 3326 vel
2335 3290 2425 3326 alias

1343 3336 1390 3373 ob
1406 3336 1414 3344 ⁰
1478 3346 1539 3371 um
1571 3335 1696 3372 mortis
1731 3345 1843 3372 causa
1874 3335 2071 3381 acceperit,
2111 3339 2249 3371 tantum
2288 3335 2425 3388 cepisse

1342 3380 1380 3417 in
1443 3380 1599 3427 egendus
1628 3384 1702 3424 est,
1738 3379 1864 3427 quanti
1889 3379 1923 3417 is
1952 3380 2059 3417 homo
2090 3380 2210 3417 venire
2237 3383 2422 3427 potuisset.

1342 3497 1401 3537 (1³)
1426 3496 1474 3529 ad
1487 3499 1503 3534 ς
1518 3503 1530 3529 ι
1549 3496 1590 3538 ej:
1605 3495 1627 3528 1.
1638 3502 1674 3529 ss
1689 3499 1706 3535 ς
1720 3501 1739 3530 ι
1750 3495 1782 3529 k.
1793 3501 1816 3529 t.
1919 3496 1978 3536 (u)
2002 3497 2071 3527 tam
2082 3494 2118 3527 F
2216 3497 2273 3536 (is)
2297 3496 2425 3537 sucepit

1344 3541 1364 3574 l.
1376 3553 1457 3585 qen.
1536 3543 1597 3582 (28)
1621 3540 1693 3573 eiu·
1704 3552 1762 3574 om.
1778 3541 1797 3573 l.
1810 3552 1891 3583 yon.
1969 3542 2027 3579 (17)
2052 3549 2094 3572 ne
2109 3540 2129 3573 ἱ.
2140 3551 2221 3583 yem.
2302 3541 2363 3581 (ts)
2386 3539 2423 3572 id

1342 3588 1392 3619 est
1409 3595 1469 3619 nee
1486 3585 1515 3618 si
1538 3583 1749 3619 convaluerit
1770 3584 1905 3626 quidem
1928 3584 2069 3617 donator
2092 3596 2154 3618 non
2173 3591 2249 3618 eunt
2267 3584 2426 3618 Marcelli

1342 3633 1403 3670 (ιο)
1427 3631 1503 3670 σάς
1519 3638 1529 3664 ι
1545 3632 1586 3674 cf
1602 3629 2165 3670 L³1§sh.t.,ad§2D.34,8‚3,2
2223 3633 2286 3665 (ιο)
2306 3639 2420 3670 ugro-

1342 3678 1435 3709 tante
1446 3688 1507 3709 scr.
1601 3677 1660 3718 (21)
1683 3674 1878 3708 condicione
1891 3674 1925 3707 F
2010 3678 2072 3715 (22)
2097 3674 2251 3716 respondi
2261 3687 2325 3708 ecr-
