2528 3918
189 107 411 151 XXXX7

237 228 284 268 11
313 229 540 265 Poueomvs
569 228 660 264 libro
690 232 821 274 quarto
853 227 988 265 decimo
1022 235 1070 263 aa
1099 225 1274 278 Sabinum

189 276 227 312 Si
249 275 353 311 heres
402 273 565 310 ecuniam
589 272 758 310 donasset
781 273 1009 315 statulibero,
1041 275 1082 307 ut
1105 271 1173 308 sibi
1196 281 1274 307 eam

189 320 291 356 daret
321 323 358 354 et
403 319 479 354 ’ber
508 322 622 361 esset,
658 328 732 355 non
761 318 840 354 fieri
871 319 1021 354 liberum
1050 315 1172 352 Aristo
1205 316 1274 352 ait:

189 365 253 401 sed
276 364 307 400 si
329 363 367 400 in
390 363 534 410 plenum
557 363 590 399 ei
614 362 794 408 donasset,
818 362 895 399 fieri
917 363 1077 398 liberum.

238 407 289 447 12
320 408 513 445 IULIANUS
547 408 638 445 libro
668 410 819 456 septimo
854 409 1074 454 diqestorum
1129 406 1167 443 Si
1196 406 1275 452 quis

189 458 402 491 testamento
438 453 638 490 libertatem
673 454 853 500 acceperit
883 453 950 489 sub
981 452 1208 494 condicione,
1246 451 1277 488 si

189 501 385 536 rationem¹
410 498 566 541 dederit,
590 498 698 535 debet
719 510 785 544 pro
810 497 1025 534 hereditaria
1047 501 1151 543 parte
1173 496 1275 532 here-

189 545 294 581 dibus
330 544 469 596 reliqua
505 543 658 588 solvere,
696 543 837 580 etiamsi
872 543 1016 579 nomina
1054 541 1276 588 quorundam

190 589 360 626 heredum
384 592 456 626 sint
477 588 515 625 in
539 589 748 625 condicione
771 590 901 635 posita.

239 632 316 673 13²
339 633 445 670 IDEM
470 634 560 671 libro
591 634 895 681 quadragensimo
921 634 1025 669 tertio
1055 632 1276 679 diqestorum

189 680 228 716 si
251 680 331 727 quis
353 679 405 715 ita
427 679 627 716 libertatem
650 678 805 715 dedisset
829 679 996 722 ‘Stichus,
1021 677 1053 714 si
1074 688 1155 713 eum
1174 677 1277 712 heres

191 729 302 761 ‘meus
334 729 547 761 testamento
578 735 644 761 suo
677 735 749 760 non
772 724 1032 765 manumiserit,
1061 723 1151 758 liber
1177 722 1276 764 esto',

190 770 388 806 secundum
411 770 628 806 voluntatem
652 769 811 805 defuncti
834 770 903 805 hoc
927 767 1120 814 significari
1139 767 1278 803 videtur

190 816 234 851 ‘si
264 819 478 851 testamento
508 825 574 851 suo
603 816 706 851 heres
736 825 809 850 non
839 813 1072 859 adscripserit
1103 812 1135 850 ei
1170 813 1277 848 liber-

190 860 337 897 ‘tatem'.
376 870 487 907 quare
510 860 542 897 si
565 860 705 906 quidem
728 860 833 895 heres
857 860 1058 895 libertatem
1081 868 1182 894 servo
1206 862 1278 893 tes·

190 909 348 942 tamento
380 916 447 942 suo
478 905 631 948 dederit,
662 904 824 941 defectus
857 904 1066 940 condicione
1097 903 1277 939 videtur³:

190 952 221 987 si
244 961 318 987 non
341 950 496 995 dederit,
521 951 666 996 impleta
689 950 899 986 condicione
923 949 1047 985 ultimo
1073 949 1167 984 vitae
1189 952 1278 984 tem-

195 1000 208 1032 1
256 1006 346 1042 pore
369 996 510 1032 heredis
526 996 573 1031 ad
589 996 791 1032 libertatem
806 995 997 1041 perveniet.
1035 994 1164 1031 Servus
1182 1004 1277 1029 com-

191 1042 308 1078 munis
331 1041 422 1078 liber
445 1051 524 1078 esse
547 1041 666 1077 iussus
689 1041 742 1076 ita
765 1041 808 1077 ‘si
831 1041 953 1076 decem
978 1039 1126 1076 dederit'
1152 1049 1196 1075 ex
1215 1049 1277 1084 pe-

191 1087 285 1123 culio
310 1086 397 1123 dare
420 1090 549 1132 potest,
575 1086 671 1132 quod
695 1095 919 1132 quocumque
937 1085 1041 1122 modo
1062 1084 1278 1131 adquisitum

191 1131 377 1168 babuerit:
422 1142 488 1167 nec
526 1131 655 1174 refert,
692 1131 790 1177 apud
823 1130 990 1167 heredem
1025 1130 1062 1166 id
1097 1139 1145 1165 an
1182 1129 1279 1175 apud

190 1178 328 1213 socium
367 1177 476 1213 fuerit
513 1180 550 1213 et
587 1177 710 1212 heredi
744 1187 792 1212 an
828 1180 1000 1212 extraneo
1036 1175 1124 1211 dare
1158 1175 1279 1211 iussus

190 1223 248 1258 sit.
296 1233 379 1258 nam
407 1233 472 1274 per
503 1222 622 1257 omnia
653 1232 784 1257 causae
808 1220 1008 1257 statuliberi
1031 1219 1277 1266 applicatur⁴:

191 1268 252 1314 qui
284 1267 504 1303 condicionis
534 1267 734 1312 implendae
761 1267 877 1313 gratia
900 1267 1057 1302 alienare
1079 1266 1279 1311 peculiares

192 1317 211 1348 2
260 1323 422 1349 nummos
445 1315 576 1358 potest.
624 1312 661 1347 Si
684 1312 755 1348 duo
781 1312 874 1348 servi
902 1311 1100 1348 rationibus
1130 1310 1278 1347 redditis

191 1358 294 1395 liberi
317 1367 396 1394 esse
418 1357 508 1394 iussi
530 1357 663 1393 fuerint
687 1361 723 1393 et
746 1358 940 1403 separatim
970 1356 1129 1393 rationes
1159 1366 1278 1402 gesse-

191 1404 280 1445 rint,
311 1413 384 1438 non
412 1402 518 1439 dubie
542 1402 737 1449 separatim
761 1413 904 1449 quoque
928 1402 1130 1439 condicioni
1152 1411 1280 1448 parere

191 1447 589 1536 fss‘ifflffizssffleri}
605 1448 1280 1539 ffi‘zzpi‘ssffisssffiffi‘ezefisszssffi

191 1540 243 1575 rio
268 1539 360 1575 alter
383 1538 556 1575 cessando
581 1539 729 1575 alterius
752 1539 954 1575 libertatem
985 1519 1164 1584 impe’diet.
1213 1548 1280 1573 nec

191 1584 370 1620 videbitur
398 1584 560 1620 condicio
590 1584 628 1619 in
657 1584 805 1620 alterius
836 1594 992 1630 persona
1014 1583 1179 1637 impleta,
1211 1582 1281 1618 nisi

192 1629 238 1674 id,
262 1629 359 1675 quod
383 1629 649 1675 computatione
672 1629 852 1665 rationum
868 1629 993 1665 habita
1008 1629 1184 1674 rehquum
1202 1627 1280 1663 fue-

192 1678 211 1710 3
259 1675 319 1718 rIt,
344 1679 408 1710 aut
431 1679 580 1720 uterque
604 1679 668 1710 aut
692 1676 783 1711 alter
805 1678 920 1711 totuin
945 1673 1099 1710 solverit.
1140 1673 1209 1719 Qui
1230 1674 1282 1708 ita

192 1721 305 1756 liber⁰
335 1719 456 1756 iussus
487 1724 543 1756 est
575 1721 616 1756 ‘si
647 1720 819 1756 iuraverit
846 1731 885 1757 se
910 1719 1124 1765 Capitolium
1155 1729 1280 1755 ascen-

193 1765 351 1808 ‘surum’,
385 1765 573 1802 confestim
605 1768 646 1801 ut
667 1766 854 1808 iuraverit,
885 1766 1043 1811 quamvis
1068 1765 1118 1800 Ca
1142 1764 1282 1801 itolium

193 1815 213 1846 4
261 1821 334 1847 11011
364 1811 586 1855 ascenderit,
617 1811 710 1847 liber
738 1811 816 1847 erit.
872 1810 1003 1847 Servus
1034 1811 1120 1846 here
1147 1810 1175 1846 's
1206 1819 1282 1845 rem

191 1856 304 1902 ipsius
327 1855 469 1892 heredis
493 1856 580 1892 dare
601 1856 723 1893 iussus
747 1860 783 1893 et
806 1856 896 1892 liber
918 1866 997 1892 esse
1015 1855 1063 1891 ad
1079 1855 1283 1892 libertatem

192 1900 1281 1983 {affigitqffiefflsoessffi‘ffiufflssfflgssffl§323

192 1992 372 2037 scriptura
397 1991 553 2028 ‘Stichus
578 2003 659 2027 cum
683 1993 751 2028 erit
774 1993 972 2028 aniiorum'¹
996 1991 1161 2037 triginta,
1193 1991 1283 2027 liber

195 2041 297 2073 ‘esto.
345 2037 489 2073 Stichus
514 2037 544 2073 si
567 2037 688 2073 decem
712 2047 785 2073 non
808 2037 965 2080 dederit,
997 2036 1089 2072 liber
1117 2047 1163 2072 ne
1191 2035 1281 2073 esto’

193 2083 287 2118 hanc
311 2082 380 2117 vim
403 2082 512 2117 habet
537 2082 692 2118 ‘Stichus
723 2083 753 2118 si
782 2082 905 2120 decem
928 2082 1066 2119 dederit
1088 2085 1125 2118 et
1148 2082 1195 2118 ad
1218 2092 1281 2117 an-

193 2131 270 2163 ‘nos
286 2127 433 2180 triginta
450 2128 662 2173 pervenerit,
687 2128 777 2163 liber
799 2127 909 2164 esto’:
934 2137 1088 2173 namque
1104 2127 1282 2173 ademptio

193 2173 368 2209 libertatis
393 2173 446 2208 vel
470 2172 579 2217 legati
601 2173 668 2208 sub
694 2172 905 2209 condicione
927 2172 1027 2209 facta
1049 2172 1177 2218 incipit
1197 2183 1282 2208 con-

194 2217 340 2253 trariam
365 2217 610 2271 condicionem
631 2218 750 2263 legato
775 2218 830 2254 vel
852 2218 1028 2261 libertati,
1062 2228 1154 2264 quae
1182 2217 1284 2264 prius

194 2264 280 2299 data
303 2266 391 2306 erat,
416 2273 589 2299 iniecisse.

244 2306 320 2346 14·
341 2309 523 2344 Afferes
540 2307 664 2344 Kfflvs
680 2308 771 2344 libro
792 2313 923 2355 quarto
944 2308 1163 2355 diqestorum
1201 2307 1283 2343 Ser-

194 2364 276 2398 vus,
309 2353 370 2399 qui
398 2356 612 2390 testamento
636 2352 788 2397 domini,
821 2363 904 2390 cum
927 2353 1050 2390 decem
1073 2353 1198 2389 heredi
1222 2352 1283 2389 de-

194 2399 316 2441 disset,
341 2398 432 2452 liber
455 2409 534 2451 esse
548 2398 668 2434 iussus
685 2402 773 2441 erat,
797 2398 919 2435 heredi
935 2398 1134 2435 mercedem
1149 2397 1285 2434 referre

194 2444 684 2533 ‘’aa‘'fitssffltcsstssss’t?
698 2444 1283 2526 „gawffbffffisssffi‘ffieffiz

195 2501 239 2571 Se
263 2545 306 2570 ea
328 2544 368 2571 re
391 2535 538 2571 consule
564 2538 657 2570 atur.
695 2535 882 2581 respondit
904 2545 977 2572 non
999 2534 1110 2571 videri
1133 2534 1285 2571 liberum

194 2589 291 2617 esse:
323 2590 396 2615 non
427 2580 521 2615 enim
551 2590 618 2626 pro
646 2579 829 2623 libertate,
863 2580 927 2617 sed
957 2591 1023 2626 pro
1055 2580 1174 2626 operis
1205 2590 1285 2616 eam

195 2625 384 2671 pecuniam
415 2625 556 2661 dedisse
587 2635 654 2661 nec
767 2626 774 2632 “
827 2625 874 2662 ob
912 2636 990 2662 eam
1024 2636 1100 2662 rem
1133 2625 1285 2662 liberum

195 2680 292 2713 esse,
325 2680 432 2716 quam
465 2670 495 2707 si
518 2670 669 2706 fundum
692 2681 715 2706 a
763 2671 882 2707 omino
907 2670 1137 2707 conduxisset
1159 2674 1196 2707 et
1243 2681 1283 2707 ro

201 2720 213 2751 1
264 2716 386 2751 fructu
408 2715 511 2751 fundi
532 2715 722 2762 pecuniam
745 2715 912 2752 dedisset.
962 2715 1091 2752 Servus
1116 2727 1198 2753 cum
1246 2726 1283 2753 e-

195 2760 273 2796 redi
296 2771 472 2796 annorum
495 2765 632 2807 septem
654 2771 783 2807 operas
807 2760 974 2805 dedisset,
997 2761 1089 2797 liber
1111 2771 1191 2798 esse
1209 2762 1284 2798 ius-

197 2816 258 2842 sus
283 2809 377 2841 erat:
402 2806 433 2842 is
457 2816 581 2843 servus
604 2806 747 2852 fugerat
771 2810 808 2843 et
825 2817 959 2843 annum
977 2807 1015 2842 in
1032 2806 1118 2852 fuga
1135 2806 1283 2844 fecerat.

197 2851 1286 2942 fiffiffi‘iinffipfffgffiffiff’eiffliffloniffiff

197 2951 309 3022 ssuare
332 2941 401 2977 nisi
423 2941 571 2977 totidem
594 2942 681 2985 dies,
705 2946 795 2988 quot
882 2943 889 2950 “
911 2946 977 2986 set,
1001 2942 1180 2987 servisset,
1212 2954 1285 2980 nou

212 2997 275 3023 ore
297 2986 458 3023 liberum.
505 2986 568 3023 sed
599 2991 635 3022 et
665 2987 696 3023 si
725 2988 778 3024 ita
800 2988 973 3034 scriptum
996 2992 1107 3033 esset,
1137 2992 1178 3024 ut
1208 2992 1286 3025 tum

198 3032 289 3068 liber
317 3034 430 3075 esset,
462 3042 544 3068 cum
571 3037 708 3078 septem
738 3032 843 3070 annis
874 3033 1059 3076 servisset,
1088 3034 1284 3087 potuisse*

198 3077 348 3113 liberum
371 3086 461 3120 esse,
485 3076 518 3113 si
539 3081 610 3113 tem
637 3088 680 3114 us
703 3078 810 3124 fugae
831 3088 997 3115 reversus
1019 3082 1198 3115 servisset.

249 3120 298 3160 15
329 3123 556 3159 Arme-Alvos
586 3122 614 3158 li
634 3134 677 3158 ro
707 3134 803 3159 nono
835 3125 1086 3170 quaestionum
1137 3124 1284 3161 Mortuo

199 3167 329 3205 herede
351 3167 383 3203 si
406 3167 595 3204 statuliber
616 3167 886 3221 locupletiorem
917 3168 1152 3206 hereditatem
1182 3173 1286 3206 tanta

199 3213 361 3294 fllecunia,
385 3216 556 3259 quantam
579 3211 666 3249 dare
687 3217 736 3249 sit
757 3214 890 3257 iussus,
913 3213 1049 3258 fecerit,
1073 3214 1182 3251 veluti
1205 3225 1283 3251 cre-

236 3258 375 3295 toribus
389 3257 558 3295 solvendo
567 3284 577 3301 ,
594 3257 730 3294 cibaria
745 3257 900 3295 familiae
912 3258 1050 3296 dando:
1068 3259 1190 3296 statim
1203 3269 1286 3297 eum

204 3307 217 3339 ι
266 3303 314 3339 ad
344 3303 545 3339 libertatem
577 3313 655 3339 esse
686 3308 872 3340 venturum
901 3304 1124 3341 existimavit.
1171 3305 1287 3343 Heres

201 3359 282 3384 cum
305 3348 553 3385 statuliberum
577 3348 700 3385 decem
724 3348 810 3384 dare
832 3349 968 3385 iussum
991 3349 1169 3393 venderet,
1199 3361 1285 3387 con-

201 3393 375 3430 dicionem
404 3393 648 3440 pronuntiavit
678 3397 714 3429 et
744 3394 927 3429 traditioni
959 3395 1071 3440 legem
1103 3395 1211 3438 dixit,
1245 3399 1286 3432 ut

200 3439 267 3475 sibi
299 3438 419 3485 potius
450 3450 558 3484 quam
589 3438 742 3484 emptori
775 3439 899 3475 eadem
934 3439 1057 3476 decem
1092 3440 1284 3477 darentur:

199 3484 458 3531 quaerebatur,
488 3484 561 3521 utri
590 3494 713 3521 eorum
740 3484 929 3521 statuliber
951 3484 1141 3531 pecuniam
1165 3485 1283 3524 dando

200 3607 240 3642 11)
265 3601 442 3635 wanoh*
520 3603 564 3640 11)
588 3599 1008 3643 αάωςκῖῦΑομμθη

202 3653 257 3679 tur
272 3646 321 3679 F*
377 3651 419 3686 (⁴)
444 3644 701 3688 applicantur-F
764 3646 807 3685 (ι)
831 3642 1026 3687 [1111111-1111111Ἴ
1076 3598 1286 3685 ‹wenge-¹1²1:-

203 3699 244 3730 ri)
270 3690 461 3724 annon-ut?
548 3692 593 3727 (s)
619 3690 719 3728 (11151
736 3689 811 3721 ecl.
827 3695 864 3722 ss
880 3692 897 3727 ς
912 3689 972 3722 sla.
988 3695 1007 3721 e.
1111 3692 1154 3726 (9)
1178 3691 1285 3722 seins.

205 3737 374 3771 [zucker-n
428 3738 483 3778 (θ’)
499 3735 660 3779 potuisset
672 3736 705 3768 h·
757 3739 815 3777 uo)
830 3733 1044 3768 libem-etl?

1256 101 1343 150 532
1559 93 1609 147 Mi

1098 3740 1153 3777 111)
1169 3736 1247 3769 dota
1261 3735 1296 3770 l?
1315 3722 1324 3780 Ι

1500 0 1571 92 ’ἢ

2016 116 2077 147 DE
2107 116 2422 149 STATULIBEMS

1343 226 1546 262 libertatem
1562 231 1849 271 consequeretur.
1885 225 2071 270 respondit
2093 226 2214 262 heredi
2236 236 2317 262 eum
2339 226 2426 262 dai-e

1345 270 1485 306 debere.
1533 270 1598 307 sed
1620 275 1656 307 et
1678 271 1708 307 si
1731 271 1838 307 talem
1861 270 1973 315 legem
1998 271 2162 315 dixisset,
2192 275 2232 306 ut
2255 276 2424 307 extraneo

1344 315 1451 351 alicui
1483 315 1671 351 statuliber
1701 316 1889 361 pecuniam
1919 315 2037 359 daret,
2074 326 2132 352 res
2159 316 2260 352 ondit
2291 319 2328 352 et
2356 316 2426 352 hoc

1346 370 1433 396 casu
1458 361 1725 396 conventionem
1746 361 1864 396 valere
1916 361 2000 406 quia
2032 361 2078 396 he
2186 360 2323 397 videtui·
2354 361 2425 397 sol·

1347 415 1425 440 vere
1487 406 1523 441 ui
1546 405 1727 441 voluntate
1751 406 1827 442 eius
1851 387 1910 441 alii
1934 406 2049 442 solvit.

1395 432 1445 488 16
1484 459 1670 503 ‘amanus
1689 451 1780 487 libro
1802 456 1931 497 quarto
1954 451 2165 498 reqularum
2211 450 2427 487 Statulibera

1347 496 1431 541 quid
1457 495 1519 531 uid
1542 499 1691 541 peperit,
1715 495 1784 531 hoc
1807 506 1946 532 servum
1969 496 2110 533 heredis
2135 499 2200 532 est.

1396 506 1456 578 1⁸?
1470 540 1675 593 Neaigrws
1695 541 1786 592 libro
1805 542 1909 577 tertio
1928 542 2216 578 membranarum
2251 540 2290 576 Si
2307 540 2428 577 decem

1345 585 1469 622 heredi
1498 585 1671 629 dedisset,
1704 595 1824 622 iussus
1849 589 1905 622 est
1926 587 2015 622 liber
2039 596 2134 623 esse:
2167 586 2290 622 decem
2319 586 2429 621 habet

1346 634 1383 667 et
1404 630 1614 666 tantundem
1639 630 1780 667 domino
1805 631 1930 667 debet:
1961 631 2077 668 dando
2100 632 2189 668 baec
2212 630 2335 668 decem
2356 641 2429 667 non

1346 676 1569 714 liberabitur.
1604 686 1687 711 nam
1703 675 1799 721 quod
1814 676 2024 713 statulibero
2043 687 2087 713 ex
2101 677 2242 722 peculio
2261 686 2327 712 suo
2344 676 2429 711 dare

1347 721 1543 767 explendae
1567 720 1786 757 condicionis
1807 731 1917 757 causa
1936 732 2145 758 concessum
2162 727 2228 764 est,
2252 722 2303 757 ita
2319 722 2428 756 inter·

1347 767 1483 812 pretari
1514 766 1701 810 debemus,
1733 770 1774 802 ut
1802 777 1876 803 non
1903 767 2012 803 etiam
2041 778 2085 803 ex
2117 777 2159 803 eo
2192 767 2278 803 dare
2303 766 2429 812 possit,

1348 812 1443 857 quod
1467 816 1569 847 extra
1591 811 1770 857 peculium
1794 814 1859 847 est.
1894 821 1961 848 noc
1980 822 2036 848 me
2054 812 2224 858 praeterit
2242 812 2308 848 hos
2327 822 2429 847 num-

1347 867 1423 893 mos
1447 857 1647 903 peculiares
1665 867 1772 903 posse
1791 856 1874 899 dici,
1898 857 2069 902 quamvis,
2092 857 2125 893 si
2142 857 2227 893 nihil
2245 860 2432 903 praeterea

1348 912 1472 938 servus
1503 902 1655 946 habeat,
1692 902 1872 948 peculium
1906 902 2043 937 nullum
2072 902 2129 938 sit.
2181 902 2244 938 sed
2276 901 2432 938 dubitari

1347 958 1420 983 non
1449 951 1610 993 oportet,
1646 950 1731 1000 quin
1762 948 1852 983 haec
1883 957 1982 983 mens
2012 947 2120 984 fuerit
2149 947 2186 983 id
2216 947 2430 983 constituen-

1347 993 1455 1036 tium,
1485 997 1526 1028 ut
1557 1003 1661 1038 quasi
1689 1003 1733 1029 ex
1761 993 1975 1038 patrimonio
2005 1003 2070 1029 suo
2095 992 2202 1028 dandi
2225 1003 2267 1028 eo
2291 993 2433 1028 nomine

1347 1048 1449 1074 servo
1470 1042 1630 1084 potestas
1649 1041 1753 1082 esset,
1778 1038 1862 1083 quia
1883 1037 1921 1073 id
1943 1038 2094 1074 maxime
2117 1038 2195 1074 sine
2216 1038 2346 1073 iniuria
2370 1037 2432 1074 do·

1348 1083 1524 1119 minorum
1549 1083 1697 1119 concedi
1720 1083 1919 1119 videbatur.
1955 1083 2052 1129 quod
2074 1083 2106 1119 si
2129 1083 2224 1119 ultra
2246 1083 2325 1128 quis
2348 1093 2431 1128 pro-

1346 1128 1546 1174 gredietur,
1575 1139 1648 1164 non
1670 1129 1820 1164 multum
1844 1128 1977 1172 aberit,
2006 1129 2092 1174 quin
2116 1129 2223 1164 etiam
2245 1138 2307 1164 eos
2330 1138 2432 1163 num-

1347 1185 1443 1218 mos,
1476 1184 1566 1219 quos
1595 1173 1738 1210 domino
1771 1174 2008 1219 subripuerit,
2043 1174 2161 1209 dando
2187 1174 2434 1209 statuliber-um

1348 1219 1552 1256 condicioni
1574 1218 1843 1255 satisfacturum
1866 1219 2055 1255 existimet.

1398 1261 1447 1303 18
1475 1265 1632 1300 laurus
1652 1265 1743 1301 libro
1767 1265 1950 1311 singulari
1979 1264 2023 1300 cle
2052 1264 2276 1300 libertatibus
2304 1264 2434 1299 dandis

1349 1310 1387 1346 Si
1409 1310 1562 1346 triennio
1588 1310 1681 1346 dena
1704 1309 1791 1345 dare
1814 1309 1934 1346 iussus
1963 1310 2078 1355 primo
2105 1319 2199 1345 anno
2223 1309 2346 1354 viginti
2370 1319 2434 1354 op·

1348 1356 1485 1399 tulerit,
1517 1366 1590 1391 non
1621 1355 1820 1400 accipiente
1848 1355 1978 1391 herede
2007 1365 2081 1391 non
2112 1357 2232 1390 statim
2254 1355 2347 1390 liber
2369 1359 2434 1398 est,

1348 1402 1432 1447 quia
1455 1405 1492 1437 et
1515 1400 1546 1436 si
1569 1401 1768 1446 accepisset
1789 1400 1905 1443 heres,
1929 1400 2087 1436 nondum
2110 1400 2200 1436 liber
2223 1404 2318 1436 esset
2331 1401 2369 1434 ¹⁰.
2403 1445 2407 1447 ,

1400 1444 1449 1484 19
1481 1446 1675 1482 ΠιΡιΔΝσε
1696 1446 1786 1482 libro
1812 1452 1942 1492 quarto
1966 1446 2103 1482 decimo
2127 1446 2176 1481 ad
2198 1446 2350 1481 edictum
2398 1443 2436 1479 si

1349 1501 1472 1528 servus
1503 1491 1595 1527 liber
1626 1501 1704 1527 esse
1729 1491 1849 1527 iussus
1873 1491 1919 1526 sit
1942 1495 1977 1527 et
1999 1491 2154 1536 legatum
2178 1490 2212 1527 ei
2234 1490 2373 1534 datum,
2405 1490 2436 1526 si

1348 1536 1443 1574 filius
1468 1542 1637 1583 quartum
1661 1537 1838 1572 decimum
1861 1547 1993 1572 annum
2018 1536 2257 1582 compleverit,
2282 1541 2319 1572 et
2342 1536 2436 1571 fliius

1350 1587 1433 1618 ante
1458 1581 1668 1618 decesserit:
1693 1582 1841 1618 libertas
1858 1581 1980 1617 favore
1998 1585 2175 1627 competet
2191 1581 2248 1617 die
2265 1582 2435 1623 veniente,

1349 1627 1457 1672 legati
1481 1632 1600 1663 autem
1624 1627 1787 1664 condicio
1810 1626 1941 1663 deficit.

1396 1671 1449 1711 20
1481 1673 1536 1708 Pi
1544 1681 1640 1708 σιυε
1668 1672 1760 1708 libro
1789 1678 1895 1708 seoeto
1926 1672 2062 1708 decimo
2092 1672 2142 1708 ad
2163 1672 2348 1707 Plautium
2399 1671 2438 1708 Si

1350 1718 1531 1764 peculium
1555 1728 1657 1754 servo
1680 1717 1838 1763 legatum
1860 1717 1926 1759 sit,
1983 1717 2020 1752 ui
2043 1718 2163 1754 iussus
2187 1722 2243 1753 est
2266 1717 2328 1753 alii
2351 1717 2438 1753 dare

1351 1764 1474 1800 decem
1504 1766 1543 1799 et
1571 1762 1624 1799 sic
1654 1763 1747 1799 liber
1776 1772 1870 1806 esse,
1903 1766 1940 1798 et
1995 1772 2074 1798 eres
2105 1773 2185 1799 eum
2214 1763 2439 1808 prohibuerit

1351 1808 1455 1853 dare,
1486 1808 1616 1845 deinde
1645 1808 1884 1844 manumissus
1913 1807 2093 1854 peculium
2123 1813 2224 1853 petat
2253 1818 2298 1844 ex
2330 1818 2438 1844 causa

1351 1854 1470 1899 legati,
1495 1864 1544 1890 an
1565 1864 1631 1900 per
1653 1853 1727 1890 doli
1749 1853 1997 1900 exceptionem
2020 1863 2099 1889 eain
2122 1863 2306 1896 summam,
2332 1864 2437 1899 quam

1352 1900 1501 1936 daturus
1525 1903 1639 1942 esset,
1664 1898 1841 1936 deducere
1864 1899 1968 1935 heres
1991 1899 2126 1944 possit,
2159 1903 2199 1935 ut
2220 1899 2290 1944 ipsi
2312 1899 2437 1945 prosit,

1351 1956 1424 1981 non
1452 1945 1690 1987 manumisso,
1724 1943 1820 1990 quod
1850 1955 1894 1980 ea
1924 1944 2077 1991 pecunia
2106 1944 2230 1980 datan
2263 1955 2335 1980 non
2359 1946 2438 1980 est?

1352 2001 1399 2026 an
1428 2001 1512 2026 vero
1541 1990 1707 2036 indignus
1740 1990 1787 2025 sit
1818 1991 1941 2032 heres,
1975 1989 2037 2035 qui
2068 1993 2194 2025 contra
2221 1990 2438 2025 voluntatem

1352 2035 1513 2072 defuncti
1535 2035 1638 2077 fecit,
1662 2045 1742 2072 eam
1765 2035 1954 2080 pecuniam
1977 2035 2134 2070 lucrari?
2172 2038 2208 2071 et
2232 2045 2312 2070 cum
2337 2045 2438 2071 servo

1351 2081 1441 2117 nihil
1463 2081 1560 2118 absit
1581 2083 1619 2117 et
1640 2080 1788 2117 libertas
1811 2081 1845 2116 ei
1869 2080 2048 2126 competit,
2072 2080 2284 2117 invidiosum
2304 2084 2359 2117 est
2375 2081 2437 2116 he-

1355 2131 1370 2161 1
1420 2126 1542 2163 redem
1564 2126 1738 2161 fraudari.
1785 2125 1842 2162 De
1864 2126 1925 2162 illo
1949 2125 2150 2171 quaeritur,
2183 2126 2214 2162 si
2235 2126 2352 2170 ¹invito
2375 2126 2437 2161 he-

1352 2171 1437 2208 rede
1461 2171 1522 2207 det
1545 2175 1609 2207 aut
1631 2171 1822 2214 nesciente,
1847 2181 1894 2207 an
1912 2170 2024 2207 faciat
2038 2181 2201 2207 nummos
2219 2171 2436 2217 accipientis.

1353 2221 1389 2253 et
1410 2217 1571 2252 Iulianus
1595 2227 1677 2252 vere
1705 2216 1883 2253 existimat
1914 2227 1959 2252 ex
1987 2217 2058 2252 hac
2089 2226 2200 2253 causa
2231 2227 2439 2253 concessam

1353 2262 1464 2298 videri
1487 2262 1706 2298 statuliberis
1731 2261 1982 2298 alienationem
2006 2273 2230 2298 nummorum
2254 2262 2360 2298 etiam
2383 2262 2438 2298 in-

1353 2308 1424 2344 vito
1448 2308 1579 2343 herede
1602 2311 1639 2343 et
1660 2307 1741 2343 ideo
1765 2307 1885 2344 facere
1909 2318 1970 2343 eos
2001 2307 2209 2352 accipientis
2238 2307 2436 2354 pecuniam.

1354 2357 1373 2388 2
1422 2352 1526 2398 Quod
1563 2353 1595 2390 si
1630 2352 1753 2389 heredi
1788 2353 1874 2389 dare
1906 2353 2028 2391 iussus
2057 2358 2113 2389 est
2144 2352 2265 2389 decem
2297 2357 2333 2389 et
2361 2363 2439 2389 eam

1352 2409 1526 2435 summam
1550 2398 1654 2435 heres
1679 2398 1809 2434 debeat
1832 2408 1951 2434 servo:
1977 2400 2007 2435 si
2030 2399 2115 2435 velit
2137 2408 2260 2436 servus
2277 2409 2357 2435 eam
2375 2409 2438 2444 pe-

1353 2449 1372 2480 3
1421 2444 1564 2481 cuniam
1594 2453 1843 2489 compensare,
1882 2444 1951 2480 erit
1978 2445 2079 2481 liber.
2133 2446 2188 2490 Is,
2227 2444 2287 2483 cui
2316 2454 2439 2480 servus

1399 2489 1542 2526 cuniam
1571 2489 1658 2526 dare
1687 2490 1807 2526 iussus
1838 2495 1894 2526 est
1922 2494 1963 2526 ut
1984 2490 2075 2527 liber
2097 2497 2192 2529 esset
2205 2494 2244 2535 ¹2,
2274 2490 2437 2527 decessit.

1379 2535 1524 2579 abinus,
1556 2535 1587 2571 si
1618 2535 1741 2571 decem
1769 2536 1955 2573 habuisset
1983 2541 2131 2582 parata,
2169 2537 2319 2575 liberum
2349 2537 2439 2580 fore,

1353 2581 1438 2627 quia
1459 2591 1532 2616 non
1555 2584 1669 2617 staret
1690 2591 1756 2628 per
1779 2590 1871 2624 eum,
1895 2591 1966 2628 quo
1990 2582 2107 2619 minus
2131 2582 2245 2620 daret.
2280 2583 2439 2620 Iulianus

1353 2631 1473 2662 autem
1501 2626 1553 2662 ait
1584 2626 1706 2663 favore
1735 2626 1912 2663 libertatis
1943 2628 2139 2664 constituto
2169 2628 2247 2666 iure
2274 2630 2371 2665 hunc
2394 2627 2440 2664 ad

1352 2672 1553 2707 libertatem
1583 2676 1853 2718 perventurum,
1886 2672 2025 2708 etiamsi
2052 2678 2179 2719 postea
2202 2675 2335 2711 habere
2359 2685 2438 2711 coe·

1352 2717 1446 2763 perit
1469 2717 1603 2753 decem.
1639 2717 1729 2754 adeo
1753 2723 1872 2753 autem
1896 2718 2091 2755 constituto
2105 2719 2225 2772 potius
2239 2720 2318 2757 iure
2333 2731 2440 2774 quam

1354 2773 1398 2798 cx
1430 2765 1642 2800 testamento
1673 2762 1719 2799 ad
1748 2763 1950 2799 libertatem
1975 2768 2153 2809 pervenit,
2185 2769 2241 2809 ut,
2271 2766 2303 2803 si
2326 2765 2440 2802 eidem

1353 2812 1391 2844 et
1419 2807 1576 2853 legatum
1607 2808 1672 2850 sit,
1708 2814 1849 2845 mortuo
1881 2819 1924 2845 eo
1954 2808 2013 2844 cui
2042 2810 2128 2845 dare
2157 2810 2278 2847 iussus
2309 2815 2364 2847 est
2393 2811 2441 2848 ad

1352 2853 1554 2890 libertatem
1578 2853 1718 2899 quidem
1742 2854 1943 2900 perveniet,
1975 2865 2048 2890 non
2080 2859 2198 2890 autem
2226 2860 2263 2892 et
2284 2856 2440 2902 legatum

1352 2898 1543 2935 habiturus
1573 2902 1646 2935 est:
1686 2899 1795 2952 idque
1825 2903 1862 2935 et
1889 2899 2050 2936 Iulianus
2078 2904 2201 2946 putat,
2235 2905 2274 2937 ut
2302 2901 2341 2937 111
2372 2902 2439 2938 11οο

1354 2943 1482 2980 ceteris
1505 2943 1686 2990 legatariis
1710 2945 1832 2981 similis
1856 2944 1914 2981 sit.
1962 2945 2102 2981 diversa
2131 2955 2243 2982 causa
2271 2951 2327 2983 est
2350 2947 2438 2990 eius,

1353 2999 1458 3035 quem
1481 2989 1584 3025 lieres
1607 2989 1776 3034 prohibet
1799 2989 2001 3026 condicioni
2021 3000 2166 3036 parere:
2197 2991 2255 3027 liic
2279 2992 2372 3028 enim
2395 3002 2439 3028 ex

1354 3037 1376 3070 4
1421 3038 1634 3070 testamento
1659 3035 1705 3069 ad
1729 3034 1931 3071 libertatem
1998 3035 2124 3071 rvenit.
2164 3036 2296 3073 Heredi
2319 3042 2438 3074 autem

1353 3079 1489 3115 iussum
1522 3080 1609 3115 dare
1639 3080 1746 3115 etiam
1777 3080 1917 3117 heredis
1972 3080 2068 3117 eredi
2099 3080 2185 3117 dare
2208 3092 2315 3127 posse
2338 3082 2439 3119 divus

1353 3124 1557 3161 Hadrianus
1581 3125 1782 3177 rescripsit:
1807 3129 1844 3161 et
1867 3125 1899 3161 si
1920 3125 1991 3161 hoc
2012 3125 2125 3162 sensit
2147 3131 2309 3169 testator,
2333 3127 2439 3164 etiam

1353 3173 1373 3205 5
1422 3170 1461 3204 in
1488 3169 1659 3214 legatario
1690 3170 1785 3206 idem
1815 3170 2004 3207 dicendum
2034 3174 2099 3206 est.
2148 3171 2329 3217 Quaedam
2353 3183 2438 3209 con·

1354 3215 1511 3267 diciones
1534 3219 1665 3250 natura
1689 3215 1744 3251 sui
1760 3226 1834 3268 ‚nec
1883 3220 2009 3252 ossunt
2031 3216 2167 3269 eodem·
2186 3221 2346 3271 tempore
2372 3218 2438 3253 ini·

1351 3259 1564 3342 1ὲῖιὶ1ἰῇ
1589 3260 2189 3352 issfflmmompemusswi‘usfflpt'ss'?
2210 3261 2439 3355 «1ῗὲἒοῖῗέ

1354 3360 1484 3396 operae
1507 3360 1572 3395 per
1595 3350 1754 3396 singulos
1778 3350 1854 3387 dies
1877 3350 2018 3387 dantur.
2070 3352 2214 3397 ¹³igitui·
2244 3357 2281 3388 et
2309 3353 2341 3390 si
2363 3353 2439 3390 sin-

1352 3395 1455 3441 gulos
1479 3405 1607 3431 aureos
1631 3395 1692 3431 det
1715 3395 1913 3439 statuliber,
1938 3400 2059 3441 potest
2081 3396 2151 3433 dici
2173 3406 2255 3433 eum
2274 3397 2438 3443 implesse

1353 3440 1608 3492 condicionem.
1663 3441 1734 3477 alia
1770 3451 1882 3477 causa
1919 3446 1975 3477 est
2011 3452 2219 3487 operarum,
2259 3443 2343 3489 quia
2370 3444 2439 3479 hae

1353 3494 1555 3522 necessario
1586 3486 1747 3532 singulae
1776 3485 1934 3523 edendae
1963 3491 2059 3523 sunt.
2113 3486 2178 3523 sed
2207 3491 2244 3524 et
2272 3487 2305 3525 si
2332 3488 2438 3526 lieres

1356 3600 1416 3640 (1²)
1441 3601 1475 3633 ot
1486 3597 1571 3633 liber
1582 3608 1650 3633 ene
1663 3598 1714 3632 F·
1809 3600 1867 3641 (18)
1893 3599 1977 3634 talia
1984 3602 2063 3645 sor·
2075 3602 2260 3646 i'nuaepom:
2279 3599 2364 3634 aliae
2377 3602 2438 3635 etei

1354 3647 1492 3687 possunt
1511 3654 1578 3677 uno
1596 3648 1742 3687 tompore
1761 3642 1904 3687 impleri,
1928 3648 2038 3679 tamen
2055 3645 2156 3679 etiam
2175 3648 2332 3690 temporis
2352 3646 2438 3679 divi-

1354 3689 1480 3721 sionem
1498 3691 1681 3731 rccipiunt:
1702 3693 1785 3733 puta
1794 3699 1908 3723 servus
1924 3690 2037 3724 docem
2051 3701 2169 3725 aureis·
2181 3692 2259 3725 dare
2269 3693 2378 3725 iussus
2389 3694 2438 3726 eut

1355 3737 1388 3767 et
1398 3733 1484 3768 liber
1496 3746 1563 3769 eeu
