2528 3918
98 134 153 165 ΕΤ
180 131 462 165 HYPOTHECIS

97 243 292 280 theom-iam
338 242 376 278 Si
406 241 436 278 is
467 241 528 288 qui
556 240 654 276 bona
683 239 735 276 rei
765 238 933 292 publicae
962 239 1041 276 iure
1072 238 1183 275 admi-

96 289 226 325 nistrat
247 291 407 324 mutuam
425 285 613 334 pecuniam
632 295 698 332 pro
718 295 762 321 ea
780 285 945 331 accipiat,
970 289 1091 331 potest
1108 294 1185 322 rem

100 339 113 370 1
164 334 239 371 eius
263 333 430 379 obligare.
478 331 517 367 Si
541 326 741 377 α’ντιχρησις
763 330 862 366 facta
890 330 939 366 sit
969 334 1005 367 et
1033 331 1071 367 in
1101 330 1184 366 fun·

97 380 180 416 dum
203 382 267 415 aut
289 379 326 414 in
349 377 454 414 aedes
478 376 605 423 aliquis
627 376 830 419 inducatur,
856 385 897 412 eo
921 386 1034 422 usque
1056 376 1186 412 retinet

96 425 356 471 possessionem
378 422 535 469 pignoris
558 421 657 465 loco,
683 421 797 457 donec
819 421 870 456 illi
891 422 1045 467 pecunia
1069 422 1183 457 solva-

95 475 164 513 tur,
191 480 271 506 cum
293 469 331 504 in
352 477 480 503 usuras
503 467 643 503 fructus
667 467 843 512 percipiat
866 469 930 502 aut
947 466 1099 503 locando
1122 469 1185 502 aut

95 516 171 561 ipse
182 512 407 561 percipiendo
427 511 711 558 habitandoquez
731 512 853 557 itaque
873 512 904 547 si
924 512 1082 548 amiserit
1125 522 1182 548 os-

97 563 116 596 2
163 559 366 601 sessionem,
383 557 475 593 solet
493 557 531 592 in
549 557 686 592 factum
702 557 844 593 actione
862 557 925 592 uti.
974 557 1067 593 Usus
1101 567 1182 593 ruc-

95 609 154 641 tus
178 615 224 640 an
248 603 362 651 possit
391 603 530 648 pignori
559 603 824 649 hypothecaeve
853 602 949 646 dari,
984 603 1183 648 quaesitum

96 653 160 694 est,
185 649 257 686 sive
280 648 443 685 dominus
466 648 695 694 proprietatis
719 648 923 684 convenerit
946 648 1018 684 sive
1041 648 1099 683 ille
1123 648 1184 694 qui

96 695 209 731 solum
242 705 347 730 usum
381 693 537 728 fructum
573 693 691 729 habet.
740 697 776 728 et
808 693 933 728 scribit
963 693 1183 739 Papinianus

96 741 184 776 libro
215 739 402 775 undecimo
434 748 687 784 responsorum
717 738 889 774 tuendum
914 739 1124 774 creditorem
1148 742 1184 773 et

95 787 125 822 si
154 785 238 822 velit
270 795 351 821 cum
381 783 556 820 creditore
584 784 844 845 proprietarius
869 794 972 829 agere
998 787 1081 820 ‘non
1105 794 1183 820 esse

96 831 139 867 ‘ei
161 830 217 867 ius
240 830 294 866 uti
316 829 387 865 frui
410 829 518 864 invito
543 839 582 865 se
596 856 605 872 ,
638 829 702 864 tali
734 830 942 875 exceptione
975 840 1055 865 eum
1078 839 1181 875 prae-

95 881 152 913 tor
185 876 361 912 tuebitur:
398 875 442 910 ‘si
475 885 549 910 non
582 875 676 910 inter
707 875 917 910 creditorem
952 878 987 910 et
1023 885 1102 910 eum
1137 874 1183 910 ad

96 925 210 968 ‘quem
232 931 320 957 usus
343 920 482 956 fructus
505 920 660 965 pertinet
680 920 895 963 convenerit,
919 923 960 955 ut
979 930 1066 956 usus
1085 919 1181 955 fruc-

96 971 164 1003 ‘tus
188 965 327 1012 pignori
345 966 420 1001 sit':
445 975 529 1001 nam
553 968 589 1001 et
613 975 693 1001 cum
718 968 913 1011 emptorem
934 975 1021 1001 usus
1045 965 1182 1000 fructus

95 1015 216 1048 tuetur
238 1014 403 1058 praetor,
429 1021 494 1047 cur
515 1021 589 1046 non
613 1014 649 1046 et
672 1011 884 1046 creditorem
905 1011 1090 1046 tuebitur?
1123 1020 1181 1046 ea-

95 1061 114 1093 3
162 1057 242 1093 dem
272 1056 413 1092 ratione
444 1059 480 1092 et
504 1055 655 1092 debitori
678 1056 853 1092 obicietur
877 1057 1051 1102 exceptio.
1098 1056 1183 1092 Iura

94 1102 320 1149 praediorum
340 1102 558 1137 urbanorum
578 1101 716 1147 pignori
736 1101 814 1137 dari
834 1112 906 1138 non
925 1104 1096 1147 possunt:
1118 1101 1180 1147 igi-

94 1152 153 1183 tur
176 1158 242 1184 nec
267 1147 454 1184 convenire
479 1151 629 1192 possunt
642 1148 664 1190 ¹,
688 1150 729 1182 ut
752 1148 974 1193 hypothecae
997 1147 1079 1182 sint.

144 1191 193 1230 12
218 1192 378 1229 PAULUs
407 1192 497 1229 libro
530 1193 757 1239 sexaqesz'mo
790 1195 916 1229 octavo
948 1192 998 1228 ad
1028 1192 1179 1228 edictum

95 1239 164 1275 Sed
188 1249 234 1274 an
257 1238 334 1274 viae
352 1238 490 1273 itineris
510 1242 612 1273 actus
634 1248 656 1272 a
680 1248 749 1273 uae
771 1238 899 1274 ductus
919 1238 1076 1283 pignoris
1096 1248 1180 1273 con-

95 1284 211 1320 ventio
243 1284 361 1319 locum
393 1283 525 1318 habeat
554 1283 657 1319 viden
683 1294 743 1318 um
776 1293 854 1318 esse
877 1283 1095 1329 Pomponius
1119 1283 1180 1325 ait,

94 1333 134 1365 ut
157 1329 238 1364 talis
261 1328 380 1374 pactio
404 1327 487 1371 fiat,
511 1331 570 1372 ut,
592 1328 766 1409 (quamdiu
789 1328 943 1374 pecunia
966 1329 1085 1364 soluta
1108 1338 1181 1363 non

95 1375 158 1419 sit,
191 1375 241 1410 eis
273 1374 499 1409 servitutibus
532 1384 589 1409 cre
614 1374 685 1409 itor
715 1377 839 1409 utatur
870 1373 1019 1417 (scilicet
1041 1373 1072 1409 si
1094 1373 1179 1409 vici-

95 1431 179 1456 num
201 1419 352 1455 fundum
374 1419 519 1463 habeat)
545 1423 600 1463 et,
626 1419 656 1455 si
679 1419 773 1455 intra
797 1419 889 1454 diem
913 1422 1049 1455 certum
1071 1428 1180 1465 pecu-

95 1466 154 1501 nia
166 1465 284 1501 soluta
294 1475 366 1500 non
385 1465 442 1507 sit,
462 1464 613 1500 vendere
633 1475 694 1500 eas
711 1465 825 1501 vicino
847 1465 973 1500 liceat:
995 1474 1087 1510 quae
1100 1474 1180 1500 sen-

95 1511 206 1548 tentia
249 1513 369 1556 ropter
385 1510 572 1546 utilitatem
586 1510 871 1546 contrahentium
883 1510 1102 1546 admittenda
1115 1513 1179 1545 est.

136 1555 192 1596 ¹13
259 1565 454 1592 ARCIANUS
474 1555 563 1592 libro
584 1556 767 1602 se‘nqulari
783 1556 833 1591 ad
848 1555 1048 1602 formulam
1068 1554 1180 1603 hypo-

96 1601 290 1639 thecariam
323 1600 452 1646 .Grege
475 1601 511 1646 pi
561 1601 614 1636 ori
638 1601 792 1646 obligato
818 1611 910 1646 quae
939 1603 1067 1653 postea
1097 1611 1179 1636 nas-

96 1651 225 1684 cuntur
247 1649 431 1682 tenentur:
466 1656 504 1682 se
561 1650 596 1681 et
619 1646 649 1681 si
672 1646 850 1692 prioribus
875 1646 1052 1692 capltibus
1077 1645 1180 1682 dece-

96 1693 261 1729 dentibus
285 1695 382 1727 totus
414 1702 499 1736 grex
530 1691 639 1727 fuerit
668 1695 878 1735 renovatus,
936 1692 1051 1737 ignori
1081 1694 1179 1727 tene-

99 1742 112 1773 1
160 1738 268 1773 bitur.
317 1737 511 1773 Statuliber
535 1747 675 1783 quoque
699 1737 777 1772 dari
796 1737 909 1783 hypot
935 1746 1020 1772 ecae
1038 1736 1180 1783 poterit,

95 1786 115 1818 2
161 1783 245 1819 licet
269 1782 477 1818 condicione
498 1782 690 1818 exsistente
709 1786 898 1818 evanescat
917 1782 1056 1828 pignus.
1093 1781 1182 1817 Cum

94 1829 232 1875 pignori
255 1838 329 1863 rem
352 1828 572 1873 pigneratam
595 1827 710 1873 accipi
733 1837 838 1873 posse
868 1827 1059 1873 placuerit,
1093 1838 1180 1873 qua-

95 1878 198 1910 tenus
220 1877 373 1919 utraque
396 1873 550 1918 pecunia
573 1873 722 1909 debetur
739 1873 867 1919 pignus
888 1872 1045 1908 secundo
1067 1873 1180 1908 credi-

95 1920 165 1956 tori
198 1922 340 1955 tenetur
374 1923 409 1953 et
443 1922 518 1953 tam
551 1918 712 1963 exceptio
749 1928 855 1963 quam
891 1918 983 1953 actio
1020 1918 1116 1954 utilis
1150 1918 1181 1953 ei

95 1964 213 2000 danda
237 1968 308 2000 est:
342 1963 437 2009 quod
460 1964 490 1999 si
514 1963 676 1999 dominus
702 1963 844 1999 solverit
893 1963 1073 2007 ecuniam,
1105 1964 1180 2016 pig-

95 1974 1181 2091 'gssssdssssssffinffissfflr'soffissorss‘ssiesiofflssaffifflmfflffl

96 2101 213 2136 danda
236 2100 282 2136 sit
306 2110 353 2135 an
375 2110 466 2136 non:
500 2100 586 2145 quid
619 2100 730 2142 enim,
763 2100 794 2135 si
824 2109 881 2135 res
906 2099 1024 2135 soluta
1046 2098 1180 2135 fuerit?

96 2150 130 2182 et
163 2156 286 2182 verum
321 2148 393 2188 est,
439 2145 533 2191 quod
568 2145 786 2190 Pomponius
822 2145 912 2180 libro
948 2145 1098 2197 septimo
1135 2144 1181 2180 ad

95 2192 247 2228 edictum
271 2190 412 2233 scribit,
437 2191 468 2226 si
491 2190 632 2236 quidem
655 2190 844 2236 pecuniam
867 2189 972 2226 debet
994 2200 1045 2233 is,
1079 2190 1180 2226 cuius

94 2247 222 2273 nomen
245 2235 383 2282 pignori
406 2235 528 2271 datum
553 2238 624 2279 est,
650 2239 777 2271 exacta
801 2246 843 2271 ea
867 2235 1101 2271 creditorem²
1125 2245 1179 2271 se-

96 2293 176 2318 cum
197 2285 448 2328 pensaturum:
482 2281 512 2316 si
542 2291 625 2316 vero
659 2291 789 2326 corpus
812 2281 843 2317 is
867 2280 1028 2316 debuerit
1051 2284 1086 2315 et
1109 2281 1180 2316 sol-

95 2328 201 2370 verit,
235 2326 391 2372 pignoris
422 2326 501 2362 loco
534 2326 694 2361 futurum
726 2326 823 2371 apud
847 2325 1042 2362 secundum
1067 2326 1179 2362 credi-

95 2376 114 2408 3
160 2376 284 2408 torem.
332 2371 382 2407 Et
399 2372 437 2407 in
457 2371 710 2417 superficiariis
730 2371 883 2417 legitime
896 2371 1090 2408 consistere
1103 2382 1179 2407 cre-

95 2418 186 2454 ditor
219 2421 339 2463 potest
372 2417 541 2453 adversus
574 2417 765 2462 quemlibet
806 2427 1066 2462 possessorem,
1108 2417 1180 2452 sive

94 2466 232 2499 tantum
255 2466 401 2508 pactum
426 2466 638 2498 conventum
656 2462 700 2498 de
721 2462 923 2508 hypotheca
941 2462 1179 2505 intervenerit,

95 2509 166 2545 sive
190 2508 296 2544 etiam
319 2508 498 2554 possessio
522 2507 655 2543 tradita
678 2507 796 2550 fuerit,
822 2507 949 2543 deinde
973 2507 1103 2543 amissa
1122 2508 1178 2543 sit.

96 2557 115 2589 4
161 2553 312 2589 Etiamsi
336 2553 491 2589 creditor
512 2553 708 2588 iudicatum
732 2553 927 2588 debitorem
949 2552 1091 2596 fecerit,
1115 2553 1179 2599 hy-

120 2599 248 2634 otheca
270 2601 391 2634 manet
414 2598 579 2643 obligata,
605 2598 689 2643 quia
712 2607 796 2633 suas
820 2597 1047 2634 condiciones
1071 2598 1181 2633 habet

94 2610 348 2697 Hypothecaria
372 2644 464 2679 actio
477 2669 487 2686 ,
519 2643 556 2678 id
581 2643 658 2678 est⁸
681 2643 712 2678 si
735 2643 852 2679 soluta
873 2646 927 2678 est
944 2643 1098 2688 pecunia
1117 2646 1181 2679 aut

95 2689 317 2725 satisfactum
342 2692 415 2732 est,
440 2689 568 2734 quibus
593 2689 816 2724 cessantibus
839 2691 948 2723 tenet.
986 2692 1022 2723 et
1045 2689 1076 2724 si
1100 2699 1180 2724 cum

96 2734 279 2770 defensore
291 2734 328 2769 in
340 2744 529 2779 personam
542 2743 656 2779 egero,
676 2733 760 2769 licet
770 2733 800 2769 is
813 2733 899 2769 mihi
911 2733 1134 2769 satisdederit
1147 2738 1182 2770 et

97 2779 282 2815 damnatus
302 2779 359 2822 sit,
376 2789 488 2825 aeque
508 2779 710 2825 hypotheca
729 2782 849 2814 manet
868 2778 1036 2823 obligata.
1069 2779 1180 2815 multo

97 2825 204 2870 magis
221 2835 302 2877 ergo
320 2824 351 2859 si
368 2825 406 2859 in
424 2834 614 2877 personam
635 2828 755 2860 actum
774 2824 820 2860 sit
839 2824 912 2860 sive
932 2834 1012 2859 cum
1032 2835 1092 2860 reo
1109 2824 1182 2860 sive

99 2880 175 2905 cum
192 2869 399 2905 fideiussore
408 2879 480 2906 sive
498 2880 577 2905 cum
592 2870 681 2904 utris
707 2879 752 2904 ue
769 2880 834 2915 pro
852 2873 966 2915 parte,
986 2869 1069 2905 licet
1081 2870 1180 2904 dam-

100 2914 170 2950 nati
190 2915 272 2957 sint,
292 2914 494 2959 hypotheca
513 2918 633 2950 manet
654 2916 699 2950 ob
715 2915 809 2960 ’gata
829 2925 895 2950 nec
914 2924 978 2960 per
996 2915 1066 2950 hoc
1085 2915 1180 2950 vide-

94 2964 150 2996 tur
162 2959 382 2995 satisfactum
396 2959 570 3003 creditori,
593 2960 688 3005 quod
708 2960 816 2995 habet
834 2959 980 2995 iudicati
992 2960 1178 2996 actionem.

98 3009 116 3042 5
163 3004 201 3042 Si
232 3007 298 3040 sub
333 3004 541 3041 condicione
571 3004 680 3040 debiti
703 3005 845 3041 nomine
867 3005 1023 3050 obligata
1047 3005 1094 3040 sit
1115 3005 1179 3051 hy-

96 3050 266 3095 potheca,
300 3050 488 3085 dicendum
520 3053 574 3085 est
606 3053 689 3086 ante
721 3050 965 3086 condicionem
988 3061 1061 3086 non
1084 3054 1181 3086 recte

98 3095 170 3139 agi,
203 3106 283 3131 cum
314 3095 402 3130 nihil
431 3095 573 3130 interim
603 3095 793 3131 debeatur:
826 3095 889 3130 sed
913 3095 944 3131 si
967 3096 1032 3131 sub
1058 3096 1179 3132 condi-

99 3140 197 3176 cione
228 3140 337 3176 debiti
368 3140 529 3176 condicio
560 3140 714 3184 venerit,
745 3150 869 3176 rursus
901 3150 1006 3185 agere
1036 3141 1178 3186 poterit.

99 3184 160 3219 sed
181 3185 212 3220 si
234 3195 402 3231 praesens
426 3185 472 3220 sit
493 3185 660 3228 debitum,
684 3186 707 3220 h
758 3185 886 3221 otheca
903 3196 986 3222 vero
1007 3186 1073 3222 sub
1094 3197 1179 3222 con·

99 3227 252 3273 dicione,
286 3234 321 3266 et
355 3234 482 3275 agatur
516 3233 601 3266 ante
637 3241 704 3266 con
730 3230 880 3266 icionem
912 3231 1179 3276 hypothecaria,

99 3284 218 3310 verum
242 3275 381 3320 quidem
406 3278 460 3310 est
481 3275 669 3321 pecuniam
700 3275 852 3311 solutam
884 3286 956 3311 non
987 3286 1084 3319 esse,
1117 3277 1180 3312 sed

100 3318 228 3370 auferri
261 3320 498 3366 hypothecam
531 3320 691 3365 iniquum
726 3324 798 3356 est:
841 3321 990 3366 ideoque
1032 3322 1179 3357 arbitrio

98 3363 222 3400 iudicis
253 3365 435 3400 cautiones
458 3365 738 3411 interponendae
760 3369 844 3401 sunt
867 3366 909 3400 ‘si
932 3365 1093 3402 condicio
1119 3377 1179 3402 ex-

100 3408 239 3444 ‘stiterit
259 3420 326 3445 nec
349 3409 502 3455 pecunia
525 3411 693 3453 solvatur,
717 3410 856 3445 restitui
878 3411 1125 3456 hypothecam,
1150 3412 1180 3447 si

101 3454 120 3488 6
166 3454 215 3489 ‘in
244 3464 360 3490 rerum
389 3458 518 3490 natura
540 3455 610 3491 sit.'
656 3455 809 3500 Propter
831 3465 960 3491 usuras
985 3466 1126 3502 quoque
1150 3457 1180 3492 si

100 3496 253 3548 obligata
275 3499 322 3534 sit
343 3499 564 3544 hypotheca,
588 3510 719 3536 usurae
742 3500 830 3536 solvi
854 3500 1002 3536 debent:
1027 3501 1120 3536 idem
1144 3505 1180 3537 et

99 3551 136 3577 m
156 3553 272 3588 poena
294 3544 462 3580 dicemus.

102 3652 141 3691 (¹)
152 3655 335 3687 'conveniri
347 3667 409 3688 scr.
424 3656 578 3698 (possunt
591 3657 666 3698 del.)

104 3695 255 3733 Huschke
345 3699 389 3741 (3)
413 3699 509 3733 finita
520 3703 571 3733 est
582 3702 641 3735 ins.

103 3749 166 3780 que
175 3754 236 3776 scr.

849 3659 893 3699 (2)
918 3658 1101 3690 secundum
1114 3659 1173 3691 ins.

747 3703 790 3745 (4)
815 3704 849 3735 et
861 3713 899 3735 ea
911 3704 1008 3744 quae]
1023 3702 1175 3735 simulat-

1176 113 1254 161 261

358 3744 402 3784 (⁶)
426 3754 489 3777 usu
501 3744 626 3786 fructa]
639 3746 804 3779 fructibus
818 3747 969 3790 Krueqer
982 3757 990 3765 ·
1002 3749 1061 3780 sed
1066 3749 1176 3790 potius
1222 3771 1224 3774 -

2201 120 2336 163 XX1

1304 237 1354 277 14
1386 239 1581 277 ΠιΡῙΑΝυε
1600 240 1692 277 libro
1715 241 1980 288 septuaqestmo
2001 242 2105 278 tertio
2123 241 2174 278 ad
2190 241 2343 279 edictum

1254 285 1462 331 Quaesitum
1486 290 1550 329 est,
1575 286 1606 322 si
1629 286 1787 322 nondum
1811 286 1887 323 dies
1908 287 2089 333 pensionis
2110 288 2217 331 venit,
2242 298 2288 323 an
2310 292 2344 324 et

1253 331 1369 367 medio
1401 334 1563 378 tempore
1593 331 1761 377 persequi
1792 331 1942 377 pignora
1975 333 2250 381 permittendum
2286 334 2342 369 sit.

1254 379 1289 412 et
1311 379 1399 422 puto
1424 377 1578 413 dandam
1625 376 1757 422 ignoris
1775 378 2072 423 persecutionem,
2097 379 2181 425 quia
2197 379 2344 415 interest

1256 425 1271 457 1
1320 431 1418 458 mea:
1452 426 1488 458 et
1517 422 1570 458 ita
1599 388 1726 458 gelsus
1759 422 1894 457 scribit.
1942 423 2001 458 Ex
2035 424 2164 470 quibus
2200 425 2343 460 casibus

1253 467 1428 547 nattssralis
1453 467 1622 513 obligatio
1648 467 1832 511 consistit,
1856 467 1983 513 pignus
2007 479 2234 514 perseverare
2258 481 2342 507 con·

1253 512 1326 548 stiti
1346 540 1353 548 .

1302 556 1351 595 15
1381 557 1504 594 GAIUs
1524 557 1615 594 libro
1639 557 1822 604 sinqulari
1839 557 1884 593 de
1902 558 2066 604 formula
2082 558 2343 607 hypothecaria

1252 603 1302 638 Et
1325 613 1418 649 quae
1440 603 1599 639 nondum
1622 607 1726 646 sunt,
1750 602 1875 638 futura
1898 607 2018 639 tamen
2042 610 2144 648 sunt,
2168 606 2342 652 hypothe-

1253 658 1316 684 cae
1340 648 1418 684 dari
1441 652 1611 694 possunt,
1642 652 1685 684 ut
1706 647 1847 684 fructus
1870 648 2086 694 pendentes,
2118 655 2244 695 partus
2279 662 2342 686 an-

1253 694 1367 737 cillae,
1390 693 1486 729 fetus
1509 703 1680 739 pecorum
1704 697 1740 729 et
1763 704 1806 729 ea
1830 695 1946 739 quae⁴
1969 699 2168 730 nascuntur
2188 696 2258 731 sint
2278 697 2342 743 hy-

1278 739 1428 775 othecae
1441 739 1616 785 obligata:
1641 739 1749 785 idque
1769 739 1982 775 servandum
2003 743 2067 783 est,
2089 741 2161 776 sive
2181 741 2343 778 dominus

1268 784 1355 819 undi
1379 785 1583 820 convenerit
1606 788 1670 821 aut
1693 784 1737 820 de
1759 795 1828 820 usu
1852 784 1999 820 fructu⁵
2022 788 2086 821 aut
2109 785 2154 822 de
2176 786 2231 822 his
2253 797 2344 832 quae

1252 832 1451 866 nascuntur
1483 829 1556 865 sive
1587 830 1637 873 is,
1670 830 1731 875 qui
1762 841 1867 866 usum
1897 829 2054 866 fructum
2084 831 2213 874 habet,
2250 833 2343 868 sicut

1254 878 1270 910 1
1319 874 1478 910 Iulianus
1503 875 1637 910 scribit.
1687 875 1790 920 Quod
1810 875 1939 911 dicitur
1959 876 2171 912 creditorem
2191 878 2344 923 probare

1252 919 1392 963 debere,
1414 931 1495 956 cum
1518 920 1762 963 conveniebat,
1781 931 1856 956 rem
1874 921 1911 956 in
1923 921 2026 957 bonis
2039 921 2209 958 debitoris
2221 922 2342 966 fuisse,

1252 965 1298 1001 ad
1322 975 1400 1001 eam
1425 966 1694 1002 conventionem
1717 966 1880 1012 pertinet,
1907 976 1998 1011 quae
2021 967 2225 1012 specialiter
2244 967 2344 1004 facta

1252 1014 1316 1054 est,
1341 1021 1413 1046 non
1438 1011 1484 1046 ad
1507 1011 1615 1054 illam,
1640 1021 1732 1057 quae
1756 1012 1902 1047 cottidie
1924 1011 2033 1048 inseri
2057 1013 2148 1048 solet
2168 1014 2342 1049 cautioni-

1250 1057 1336 1099 bus,
1371 1060 1413 1092 ut
1446 1056 1648 1102 specialiter
1680 1057 1788 1092 rebus
1819 1057 2043 1103 hypothecae
2076 1058 2219 1094 nomine
2251 1058 2343 1094 datis

1252 1105 1372 1137 cetera
1404 1102 1510 1137 etiam
1539 1102 1637 1138 bona
1669 1105 1861 1138 teneantur
1895 1102 2084 1147 debitoris,
2121 1114 2213 1149 quae
2247 1115 2342 1139 nunc

1250 1147 1361 1182 habet
1384 1150 1420 1183 et
1452 1157 1544 1193 quae
1574 1151 1703 1193 postea
1734 1147 1960 1200 adquisierit,
1995 1148 2143 1201 perinde
2175 1152 2283 1195 atque
2314 1150 2344 1185 si

1251 1195 1270 1227 2
1318 1192 1522 1238 specialiter
1556 1193 1625 1228 hae
1660 1203 1717 1228 res
1751 1192 1904 1228 fu1ssent
1937 1193 2125 1239 obhgatae.
2183 1194 2252 1239 Qui
2286 1205 2344 1231 res

1251 1248 1335 1274 suas
1367 1238 1438 1273 iam
1462 1238 1696 1284 obligaverint
1722 1242 1757 1274 et
1780 1238 1840 1274 alii
1864 1238 2021 1274 secundo
2046 1239 2206 1285 obligant
2231 1240 2343 1276 credi-

1250 1284 1330 1324 tori,
1355 1287 1396 1318 ut
1416 1283 1586 1329 effugiant
1603 1284 1812 1329 periculum,
1838 1284 1934 1330 quod
1953 1284 2068 1320 solent
2088 1286 2164 1330 pati
2184 1286 2244 1331 qui
2265 1296 2343 1321 sae-

1251 1329 1331 1374 pius
1356 1329 1499 1364 easdem
1521 1339 1578 1365 res
1603 1329 1780 1374 obligant,
1829 1329 2011 1365 raedicere
2034 1330 2151 1366 solent
2174 1331 2234 1366 alii
2258 1331 2345 1366 nulli

1250 1384 1325 1409 rem
1350 1375 1542 1420 obligatam
1565 1385 1644 1411 esse
1668 1385 1775 1420 quam
1814 1378 1891 1410 orte
1913 1374 2026 1411 Lucio
2052 1375 2159 1418 Titio,
2183 1380 2225 1411 ut
2247 1376 2285 1411 in
2308 1376 2344 1411 id

1251 1419 1346 1465 quod
1380 1420 1520 1455 excedit
1550 1420 1705 1465 priorem
1736 1420 1987 1465 obligationem
2018 1431 2075 1456 res
2106 1421 2152 1456 sit
2176 1421 2342 1467 obligata,

1251 1468 1291 1500 ut
1315 1465 1362 1500 sit
1384 1465 1523 1511 pignori
1546 1466 1812 1512 hypothecaeve
1834 1465 1872 1501 id
1905 1466 2000 1511 quod
2030 1466 2143 1512 pluris
2176 1470 2248 1502 est:
2281 1471 2344 1502 aut

1251 1510 1422 1554 solidum,
1456 1521 1538 1546 cum
1568 1511 1683 1557 primo
1716 1510 1835 1546 debito
1867 1511 2021 1547 liberata
2051 1522 2108 1548 res
2132 1511 2252 1548 fuerit.
2301 1513 2344 1548 de

1251 1566 1319 1602 quo
1343 1556 1532 1592 videndum
1557 1560 1630 1600 est,
1663 1559 1784 1592 utrum
1806 1556 1876 1592 hoc
1900 1556 1952 1592 ita
1976 1567 2014 1592 se
2037 1557 2190 1600 habeat,
2222 1559 2253 1593 si
2285 1559 2343 1592 et⁶

1251 1601 1449 1645 conveniat,
1475 1611 1522 1637 an
1546 1604 1582 1637 et
1604 1602 1634 1637 si
1658 1601 1864 1647 simpliciter
1888 1602 2092 1638 convenerit
2115 1602 2160 1639 de
2183 1613 2224 1639 eo
2247 1603 2342 1649 quod

1251 1646 1390 1682 excedit
1421 1650 1463 1682 ut
1485 1647 1532 1682 sit
1554 1647 1806 1694 hypothecae?
1841 1650 1876 1683 et
1900 1647 2014 1683 solida
2036 1657 2093 1684 res
2117 1648 2233 1684 inesse
2257 1659 2337 1685 con-

1249 1692 1406 1728 ventioni
1428 1692 1587 1736 videtur,
1620 1703 1702 1728 cum
1734 1702 1756 1727 a
1786 1692 1900 1738 primo
1926 1692 2102 1730 creditore
2125 1693 2234 1729 fuerit
2255 1694 2342 1730 libe-

1249 1741 1340 1818 Eata,
1366 1748 1412 1772 an
1437 1738 1554 1773 adhuc
1578 1739 1689 1783 pars?
1720 1738 1784 1774 sed
1802 1738 1890 1773 illud
1912 1738 2023 1784 magis
2044 1742 2108 1782 est,
2130 1739 2225 1785 quod
2244 1739 2342 1785 prius

1274 1793 1415 1818 numus.

1299 1826 1350 1866 16
1375 1827 1612 1865 MARoJANUs
1628 1828 1720 1864 libro
1741 1828 1926 1875 sinqulari
1942 1828 1993 1864 ad
2009 1828 2208 1875 formulam
2229 1828 2337 1876 hypo-

1251 1873 1449 1910 thecariam
1496 1873 1534 1909 Si
1557 1873 1689 1909 fundus
1722 1874 1946 1920 hypothecae
1979 1873 2084 1910 datus
2117 1874 2181 1918 sit,
2215 1875 2343 1911 deinde

1254 1922 1267 1954 1
1319 1919 1494 1955 alluvione
1525 1919 1639 1955 maior
1661 1918 1780 1955 factus
1805 1922 1876 1962 est,
1909 1922 2006 1954 totus
2030 1919 2257 1965 obligabitur.
2306 1920 2343 1956 Si

1251 1964 1432 2000 nesciente
1456 1964 1597 2001 domino
1622 1974 1678 2000 res
1699 1964 1775 2000 eius
1795 1965 2017 2011 hypothecae
2031 1964 2116 2000 data
2137 1965 2194 2008 sit,
2217 1965 2343 2002 deinde

1250 2013 1377 2062 postea
1409 2009 1571 2046 dominus
1603 2013 1720 2045 ratum
1750 2010 1934 2053 habuerit,
1968 2009 2156 2046 dicendum
2189 2014 2243 2047 est
2273 2012 2343 2048 hoc

1249 2056 1409 2101 ipsum⁷,
1442 2055 1538 2101 quod
1561 2059 1680 2091 ratum
1703 2056 1830 2098 habet,
1863 2055 2017 2092 voluisse
2048 2066 2127 2091 eum
2159 2059 2254 2093 retro
2285 2067 2341 2092 re-

1252 2111 1395 2136 currere
1412 2101 1702 2136 ratihabitionem
1721 2101 1768 2136 ad
1788 2101 1877 2136 illud
1894 2103 2046 2146 tempus,
2072 2111 2143 2146 quo
2166 2102 2340 2137 convenit.

1249 2147 1415 2182 voluntas
1440 2149 1558 2181 autem
1580 2146 1656 2182 fere
1680 2156 1802 2182 eorum
1827 2147 1967 2182 demum
1991 2147 2201 2190 servabitur,
2227 2147 2287 2192 qui
2307 2151 2343 2182 et

1251 2194 1271 2227 2
1318 2191 1458 2237 pignori
1493 2191 1579 2226 dare
1612 2195 1775 2236 possunt.
1835 2191 1874 2227 Si
1907 2201 1964 2227 res
1998 2191 2222 2238 hypothecae
2258 2192 2343 2228 data

1248 2241 1376 2283 postea
1400 2240 1538 2272 mutata
1561 2236 1680 2278 fuerit,
1707 2247 1821 2281 aeque
1844 2237 2100 2283 hypothecaria
2125 2237 2218 2273 actio
2245 2248 2340 2272 com-

1248 2281 2080 2364 323‘5‘231311025,{zieessffzthtssffisssas‘
2099 2282 2341 2363 &iititefssssftig

1250 2375 1269 2409 3
1317 2373 1397 2408 loco
1421 2372 1526 2415 dato,
1559 2372 1686 2408 deinde
1709 2372 1818 2408 vineis
1841 2372 1878 2407 in
1903 2382 1944 2407 eo
1969 2372 2106 2417 positis.
2154 2372 2196 2407 In
2227 2373 2339 2407 vindi-

1250 2418 1392 2454 catione
1415 2417 1572 2463 pignoris
1605 2417 1805 2463 quaeritur,
1838 2427 1884 2452 an
1915 2428 2008 2460 rem,
2041 2417 2084 2453 de
2116 2428 2187 2462 qua
2221 2422 2340 2453 actum

1250 2467 1344 2516 est„
1382 2463 1540 2499 ossideat
1568 2463 1599 2499 is
1633 2474 1713 2498 cum
1744 2473 1813 2515 quo
1846 2465 1967 2515 actum
1998 2466 2062 2498 est.
2098 2473 2180 2515 nam
2214 2463 2244 2497 si
2268 2473 2340 2498 non

1249 2519 1346 2590 {313¹
1361 2507 2340 2599 {ggeff‘gidggssofgssesgffiggffeffgss?pgggffgffgtgossgg

1249 2602 1313 2635 aut
1343 2609 1419 2634 rem
1448 2599 1633 2642 restituat,
1671 2608 1784 2644 aeque
1816 2597 2052 2633 absolvendus
2086 2601 2157 2633 est:
2195 2598 2226 2633 si
2255 2608 2338 2634 vero

1248 2647 1414 2680 neutrum
1437 2644 1565 2680 horum
1588 2643 1710 2686 faciat,
1735 2642 1982 2679 condemnatio
2007 2646 2185 2688 sequetur.
2223 2643 2285 2679 sed
2309 2644 2340 2679 si

1248 2690 1332 2726 velit
1362 2690 1550 2725 restituere
1581 2699 1648 2724 nec
1678 2689 1793 2733 possit
1826 2688 1931 2731 (forte
1961 2687 2058 2733 quod
2081 2698 2137 2723 res
2169 2688 2273 2724 abest
2304 2693 2340 2724 et

1247 2735 1352 2780 longe
1376 2737 1431 2770 est
1452 2735 1508 2770 vel
1530 2734 1568 2769 in
1591 2734 1806 2780 provinciis),
1832 2733 1922 2768 solet
1946 2732 2170 2769 cautionibus
2195 2744 2252 2769 res
2278 2744 2337 2769 ex-

1248 2780 1392 2826 plicari:
1426 2790 1509 2815 nam
1533 2779 1564 2814 si
1589 2782 1730 2814 caveret
1751 2789 1800 2814 se
1831 2778 2096 2822 restituturum,
2129 2779 2336 2815 absolvitur.

1249 2826 1305 2861 sin
1328 2835 1411 2860 vero
1438 2824 1519 2860 dolo
1544 2824 1686 2870 quidem
1710 2824 1814 2859 desiit
1837 2823 2035 2868 possidere,
2061 2834 2198 2859 summa
2222 2828 2338 2860 autem

1248 2881 1317 2915 ope
1340 2870 1439 2905 nisus
1463 2880 1535 2906 non
1559 2870 1673 2914 possit
1691 2879 1766 2904 rem
1785 2869 1900 2914 ipsam
1920 2868 2117 2912 restituere,
2141 2870 2233 2905 tanti
2252 2880 2337 2905 con-

1249 2915 1491 2958 demnabitur,
1516 2914 1641 2959 quanti
1663 2917 1764 2950 actor
1786 2915 1824 2949 in
1846 2914 1943 2949 litem
1965 2914 2151 2957 iuraverit,
2186 2914 2280 2950 sicut
2301 2915 2337 2950 in

1250 2960 1375 2996 ceteris
1400 2960 1437 2995 in
1460 2970 1535 2995 rem
1559 2959 1780 2995 actionibus:
1805 2969 1887 2994 nam
1911 2959 1942 2994 si
1965 2959 2057 2994 tanti
2081 2959 2337 2996 condemnatus

1249 3009 1352 3048 esset,
1378 3008 1550 3050 quantum
1569 3004 1767 3047 deberetur,
1793 3004 1877 3049 quid
1895 3004 2064 3049 proderat
2080 3005 2118 3040 in
2135 3015 2209 3040 rem
2230 3005 2336 3048 actio,

1250 3061 1331 3086 cum
1366 3054 1402 3085 et
1434 3050 1472 3084 in
1506 3059 1695 3095 personam
1733 3049 1869 3095 agendo
1904 3049 1998 3084 idem
2035 3051 2337 3094 consequeretur?

1249 3099 1270 3131 4
1315 3095 1499 3130 Interdum
1523 3095 1628 3130 etiam
1651 3094 1696 3129 de
1713 3094 1890 3130 fructibus
1913 3095 2078 3130 arbitrari
2096 3095 2202 3130 debet
2218 3095 2335 3138 iudex,

1247 3144 1299 3183 ut,
1325 3150 1368 3176 ex
1392 3151 1461 3185 quo
1481 3140 1524 3175 lis
1542 3139 1712 3175 inchoata
1731 3140 1788 3182 sit,
1813 3150 1856 3175 ex
1877 3150 1918 3175 eo
1938 3143 2097 3192 tempore
2116 3140 2222 3175 etiam
2239 3139 2335 3175 fruc-

1247 3186 1343 3221 tibus
1368 3185 1589 3221 condemnet.
1624 3184 1708 3230 quid
1731 3185 1825 3220 enim
1848 3184 1878 3220 si
1901 3184 2046 3220 minoris
2070 3185 2116 3220 sit
2139 3185 2335 3229 praedium,

1249 3241 1354 3277 quam
1374 3230 1547 3266 debetur?
1578 3240 1659 3264 nam
1679 3229 1723 3265 de
1742 3229 2033 3265 antecedentibus
2052 3229 2230 3265 fructibus
2250 3229 2335 3264 nihil

1248 3279 1367 3322 potest
1415 3275 1639 3317 ronuntiare,
1673 3275 1741 3310 nisi
1765 3278 1906 3311 exstent
1929 3275 1989 3309 et⁸
2012 3284 2068 3310 res
2092 3285 2167 3310 non
2190 3274 2332 3309 sufficit.

1248 3325 1268 3356 5
1317 3321 1384 3356 Cre
1412 3320 1480 3355 'tor
1509 3320 1747 3366 hypothecam
1778 3320 1844 3355 sibi
1875 3330 1940 3365 per
1963 3320 2173 3355 sententiam
2197 3318 2333 3352 adiudi-

1249 3369 1366 3402 catam
1390 3365 1684 3410 quemadmodum
1707 3365 1893 3400 habiturus
1926 3364 1989 3407 sit,
2022 3364 2220 3409 quaeritur:
2253 3373 2335 3397 nam

1249 3411 1440 3446 dominium
1465 3410 1539 3446 eius
1562 3410 1744 3446 vindicare
1766 3420 1839 3445 non
1862 3413 1990 3455 potest.
2029 3409 2092 3444 sed
2114 3408 2333 3454 hypotheca-

1247 3456 1302 3491 ria
1324 3465 1428 3500 agere
1450 3458 1581 3500 potest,
1605 3458 1642 3491 et
1662 3455 1692 3491 si
1712 3455 1873 3500 exceptio
1894 3454 2069 3489 obicietur
2088 3463 2110 3488 a
2129 3462 2335 3497 possessore

1247 3501 1322 3536 rei⁹
1344 3500 1540 3544 iudicatae,
1571 3500 1735 3546 replicet:
1762 3501 1804 3535 ‘si
1835 3499 2029 3535 secundum
2061 3507 2117 3532 me
2139 3497 2334 3532 iudicatum

1248 3548 1269 3581 6
1316 3548 1400 3580 ‘non
1431 3546 1507 3582 est’.
1555 3545 1594 3582 Si
1618 3545 1729 3591 pluris
1754 3545 2006 3581 condemnatus
2030 3542 2076 3578 sit
2099 3541 2239 3577 debitor
2261 3551 2333 3577 non

1248 3660 1304 3691 aut
1324 3658 1364 3689 de
1378 3668 1408 3689 u.
1423 3657 1446 3691 f.
1467 3660 1527 3691 aut
1547 3658 1577 3690 d.
1590 3659 1622 3690 h.
1637 3668 1668 3699 q.
1690 3658 1877 3689 nascuntur
1889 3655 1952 3688 del.
2137 3654 2182 3695 (Β)
2209 3653 2258 3685 ita
2269 3665 2333 3690 scr.

1248 3703 1291 3744 (7)
1317 3702 1393 3745 ipso
1405 3715 1458 3735 scr
1560 3704 1607 3744 (8)
1632 3706 1665 3735 et
1678 3702 1740 3735 del.
1757 3700 1806 3734 F²
1897 3702 1940 3740 (9)
1966 3709 2001 3730 re
2016 3698 2048 3731 F'
