2528 3918
203 111 345 156 V3.4

202 234 289 271 dicis
313 232 476 269 cautione
500 230 553 266 vel
584 228 817 266 satisdatione
839 229 931 266 victo
954 228 1104 273 mederi,
1138 239 1219 265 cum
1243 231 1278 265 et

201 290 257 316 res
281 279 379 314 salva
410 277 477 313 sit¹
513 277 546 313 ei
582 276 644 327 qui
678 275 718 310 in
766 275 992 312 exsecutione
1023 274 1159 310 tardior
1181 274 1277 310 venit

201 326 368 361 adversus
392 323 543 368 priorem
567 323 748 356 victorem.

247 368 299 408 58
333 368 534 404 Seuerou
570 365 660 401 libro
696 364 799 400 tertio
832 365 1050 412 diqeslorum
1106 363 1219 400 Filius
1257 374 1279 399 a

199 420 301 461 patre
326 413 568 457 emancipatus
592 409 785 446 secundum
810 409 1051 446 condicionem
1075 409 1279 445 testamenti

201 460 322 496 matris
335 458 422 494 adiit
443 456 684 498 hereditatem,
709 465 815 500 quam
829 459 940 500 pater,
965 458 1154 499 antequam
1168 454 1278 489 filium

200 504 449 548 emanciparet,
474 501 633 546 possedit
650 500 860 545 fructusque
873 510 915 535 ex
936 509 978 535 ea
996 498 1154 544 possedit
1166 500 1191 541 ²,
1217 499 1279 535 sed

201 549 440 595 erogationem
463 547 500 582 in
522 546 692 582 honorem
715 544 778 580 filii
803 556 882 580 cum
907 548 1001 580 esset
1024 547 1168 579 senator
1191 543 1279 579 fecit

199 606 242 631 ex
265 605 319 630 ea.
356 592 554 639 quaesitum
578 595 650 633 est,
683 600 763 627 cum
794 593 941 635 paratus
972 589 1019 623 sit
1048 592 1151 634 pater
1174 589 1277 625 resti-

198 644 298 675 tuere
321 638 552 674 hereditatem
575 636 699 672 habita
721 635 859 670 ratione
878 645 1001 670 eorum
1023 644 1114 679 quae
1137 634 1174 670 in
1197 644 1278 669 eum

199 684 371 730 erogavit,
407 693 453 718 an
488 682 581 717 filius
613 681 721 717 nihilo
754 680 867 715 minus
898 689 1127 724 perseverans
1158 682 1279 724 petere

198 729 427 765 hereditatem
452 727 523 763 doli
554 727 637 762 mali
669 725 876 770 exceptione
908 724 1119 759 summoveri
1177 724 1274 760 ossit.

198 774 385 828 respondi,
426 773 491 809 etsi
531 783 603 808 non
635 771 874 816 exciperetur,
907 769 993 804 satis
1025 779 1089 814 per
1120 779 1140 805 ο
1158 769 1276 804 ficium

198 820 324 856 iudicis
348 818 496 855 consuli.

677 906 790 947 11112.

355 978 395 1011 SI
420 977 532 1010 PARS
558 973 865 1008 HEREDITATIS
891 969 1118 1005 PETATUR.

245 1044 264 1083 1
299 1043 493 1082 Uzmws
521 1042 610 1078 libro
642 1040 790 1087 ᾳτιίνιτο4
822 1039 873 1075 ad
904 1039 1057 1075 edictum
1102 1035 1192 1071 Post
1215 1045 1274 1070 ac-

197 1091 344 1133 tionem,
377 1099 482 1135 quam
513 1086 699 1133 proposuit
722 1089 866 1131 praetor
889 1085 921 1119 ei
944 1084 1004 1130 qui
1028 1081 1074 1118 ad
1098 1091 1136 1117 se
1161 1081 1275 1134 solum

196 1136 424 1172 hereditatem
456 1133 632 1179 pertinere
666 1130 865 1172 contendit,
898 1137 1123 1179 consequens⁸
1149 1125 1218 1161 fuit
1241 1129 1276 1178 et

201 1184 213 1216 l
264 1181 296 1216 ei
326 1188 525 1225 proponere
556 1178 616 1222 qui
649 1180 787 1221 partem
817 1174 1021 1226 hereditatis
1053 1174 1152 1225 petit.
1208 1170 1276 1215 Qui

195 1225 427 1262 hereditatem
458 1224 510 1259 vel
542 1225 679 1268 partem
703 1220 909 1256 hereditatis
933 1222 1039 1264 petit,
1071 1227 1100 1252 is
1134 1226 1207 1252 non
1231 1226 1274 1251 ex

196 1282 237 1307 eo
273 1271 418 1306 metitur
452 1268 547 1314 quod
583 1276 768 1312 possessor
799 1264 1005 1316 occupavit,
1038 1262 1102 1299 sed
1132 1271 1176 1296 ex
1208 1271 1273 1296 suo

195 1317 288 1352 iure:
330 1319 365 1351 et
394 1314 472 1349 ideo
512 1313 584 1348 sive
623 1322 667 1347 ex
698 1321 779 1347 asse
811 1311 914 1345 heres
958 1313 1022 1351 s1t,
1059 1311 1174 1359 totam
1212 1306 1273 1341 he-

195 1361 380 1397 reditatem
409 1358 620 1400 vindicabit,
652 1357 734 1392 licet
764 1359 804 1391 ιιι
835 1366 943 1391 unam
974 1364 1047 1389 rem
1080 1350 1274 1404 possideas,

195 1407 267 1442 sive
300 1416 343 1441 ex
400 1408 485 1446 arte,
543 1407 666 1444 artem,
703 1402 787 1437 licet
823 1404 862 1436 tu
897 1404 1009 1435 totam
1043 1397 1274 1450 heredltatem

195 1455 214 1487 2
262 1451 359 1496 possi
386 1460 456 1485 eas.
548 1448 609 1483 uin
644 1448 748 1482 immo
796 1446 825 1482 si
870 1445 939 1481 duo
972 1443 1187 1494 possideant·
1213 1442 1273 1476 he-

194 1496 378 1533 reditatem
412 1498 448 1530 et
482 1493 551 1528 duo
584 1493 673 1535 sint,
707 1491 767 1537 qui
799 1490 845 1527 ad
875 1501 914 1526 se
944 1493 1066 1536 partes
1097 1491 1274 1540 pertinere

195 1542 332 1583 dicant,
365 1551 435 1575 non
468 1538 594 1583 singuli
618 1548 640 1572 a
671 1536 815 1582 singulis
854 1539 976 1582 petere
1009 1536 1166 1569 contenti
1197 1541 1276 1566 esse

194 1587 340 1628 debent,
372 1588 460 1630 puta
491 1584 625 1629 primus
657 1592 679 1617 a
710 1582 822 1627 primo
853 1581 908 1616 vel
941 1578 1119 1615 secundus
1157 1587 1180 1612 a
1217 1586 1272 1612 se-

194 1631 329 1673 cundo,
370 1629 432 1665 sed
470 1629 573 1663 ambo
614 1637 636 1662 a
674 1627 787 1672 primo
831 1630 867 1662 et
907 1625 1010 1660 ambo
1042 1633 1064 1658 a
1096 1621 1272 1674 secundo:

193 1687 236 1712 ne
262 1686 306 1712 ue
325 1675 418 1710 enim
438 1674 529 1708 alter
547 1672 661 1718 primi,
686 1672 775 1706 alter
787 1670 934 1706 secundi
946 1672 1083 1714 partem
1103 1666 1273 1713 possldet,

193 1732 230 1757 se
279 1721 382 1756 ambo
407 1719 591 1763 utriusque
623 1728 687 1762 pro
713 1716 854 1752 herede.
892 1719 928 1750 et
959 1715 989 1750 si
1021 1722 1207 1764 possessor
1240 1715 1275 1746 et

189 1767 323 1817 petitor
365 1764 571 1809 possideant
613 1761 864 1803 hereditatem,
909 1770 989 1795 cum
1013 1767 1275 1811 ‚unusqulsque

193 1822 313 1847 eorum
351 1813 490 1855 partem
534 1807 713 1843 dimidiam
750 1806 956 1842 hereditatis
993 1804 1060 1839 srbi
1095 1803 1238 1838 adserat
1249 1802 1273 1844 δ,

192 1857 340 1892 invicem
375 1857 495 1899 petere
529 1853 727 1894 debebunt,
763 1855 803 1886 ιιι
838 1854 958 1896 partes
994 1859 1111 1884 rerum
1148 1856 1273 1882 conse-

193 1905 366 1948 quantur:
400 1902 464 1934 aut
494 1898 525 1934 si
556 1897 831 1934 controversiam
864 1896 1027 1947 sibinon
1050 1893 1190 1929 faciunt
1212 1893 1273 1944 he-

192 1946 365 1987 reditatis,
398 1944 552 1980 familiae
577 1942 806 1979 erciscundae
831 1951 873 1977 ex
900 1951 980 1976 erm
1005 1949 1064 1974 eos
1085 1937 1273 1984 oportebit.

194 1995 214 2028 3
261 1991 298 2027 Si
317 2000 380 2036 ego
404 2000 447 2026 ex
467 1992 569 2034 parte
587 1998 643 2023 me
655 1988 769 2023 dicam
789 1953 965 2029 heredem,
990 1985 1137 2020 coheres
1157 1986 1275 2018 autem

192 2047 290 2072 meus
314 2035 496 2081 possideat
518 2034 749 2069 hereditatem
774 2043 853 2067 cum
878 2034 1065 2072 extraneo,
1099 2039 1179 2064 cum
1202 2038 1275 2063 non

193 2082 272 2124 plus
298 2082 444 2117 coheres
468 2079 616 2114 haberet
639 2089 705 2114 sua
727 2082 838 2123 parte,
864 2081 982 2112 utrum
1007 2086 1029 2110 a
1053 2074 1130 2110 solo
1155 2076 1273 2125 extra-

194 2137 260 2163 neo
285 2137 331 2162 an
354 2135 435 2161 vero
461 2128 496 2160 et
519 2134 542 2159 a
566 2123 737 2160 coherede
761 2123 925 2159 deberem
949 2124 1072 2175 petere
1095 2118 1272 2154 heredita-

192 2176 274 2214 tem,
299 2171 489 2217 quaeritur.
528 2172 563 2205 et
585 2170 743 2214 Pegasus
767 2169 882 2204 fertur
905 2166 1126 2203 emstimasse
1150 2174 1172 2199 a
1195 2163 1270 2216 solo

193 2221 360 2253 extraneo
381 2226 436 2251 me
454 2219 576 2260 petere
589 2214 716 2250 debere
730 2223 879 2259 eumque
899 2213 1147 2264 restituturum
1169 2208 1270 2254 qu1d-

193 2262 277 2308 quid
301 2261 476 2307 possidet,
510 2263 545 2294 et
567 2259 730 2295 fortassis
754 2259 823 2295 hoc
847 2258 966 2294 officio
991 2257 1117 2293 iudicis
1143 2255 1272 2292 debeat

192 2307 285 2343 fieri:
319 2310 474 2342 ceterum
497 2305 588 2340 ratio
612 2305 719 2348 facit,
742 2308 784 2340 ut
806 2315 829 2339 a
852 2303 992 2339 duobus
1015 2306 1135 2348 petam
1167 2301 1268 2336 here-

192 2353 355 2395 ditatem,
386 2352 456 2387 hoc
480 2355 535 2386 est
558 2354 594 2386 et
616 2361 639 2385 a
662 2349 834 2395 coherede
857 2359 954 2392 meo,
989 2352 1024 2384 et
1046 2348 1104 2383 ille
1128 2355 1270 2392 quoque

191 2398 256 2433 diri
281 2402 319 2432 at
342 2397 518 2432 actionem
541 2395 710 2431 adversus
735 2398 895 2430 exterum
918 2403 1178 2440 possessorem:
1204 2389 1267 2427 sed

190 2446 211 2478 4
289 2442 385 2487 egasi
408 2441 584 2477 sententia
606 2441 726 2476 utilior
749 2444 813 2475 est.
860 2440 950 2475 Item
973 2438 1014 2482 si,
1041 2448 1122 2474 cum
1146 2446 1201 2490 me
1225 2446 1268 2489 ex

191 2492 293 2534 parte
317 2486 459 2522 dimidia
482 2486 646 2521 heredem
670 2485 840 2527 dicerem,
874 2485 1037 2520 trientem
1060 2483 1268 2519 hereditatis

190 2532 425 2578 possiderem,
451 2531 576 2567 deinde
598 2531 778 2566 residuum
802 2533 999 2566 sextantem
1023 2528 1126 2564 velim
1150 2537 1268 2573 perse·

191 2578 261 2624 qui,
287 2577 437 2622 qualiter
455 2587 557 2622 agam
575 2576 766 2612 videamus.
793 2579 828 2611 et
839 2575 960 2610 Labeo
981 2574 1104 2626 scribit
1122 2572 1270 2626 utique⁶

192 2627 327 2667 partem
358 2622 536 2657 dimidiam
568 2631 623 2656 me
654 2625 775 2666 petere
805 2620 936 2656 debere
967 2630 989 2655 a
1019 2619 1183 2665 singulis:
1218 2627 1269 2653 sic

192 2668 266 2702 fieri
289 2671 330 2702 ut
353 2677 375 2702 a
405 2668 457 2702 sin
483 2667 549 2702 ulis
581 2670 779 2702 sextantem
811 2675 1029 2711 consequar,
1062 2668 1098 2699 et
1128 2663 1267 2699 habebo

192 2713 348 2747 bessem:
382 2722 450 2756 quo
499 2722 619 2747 verum
643 2715 748 2757 puto:
782 2711 845 2746 sed
868 2711 945 2756 ipse
969 2710 1117 2746 tenebor
1140 2708 1187 2744 ad
1209 2718 1265 2744 re-

192 2757 409 2792 stitutionem
432 2757 603 2792 sextantis
629 2767 671 2792 ex
694 2757 821 2792 triente
841 2766 944 2802 quem
963 2754 1199 2800 possidebam.
1233 2756 1269 2789 et

192 2802 269 2837 ideo
294 2801 412 2837 officio
443 2801 567 2836 iudicis
599 2802 747 2837 invicem
779 2801 1019 2846 compensatio
1053 2799 1119 2835 erit
1142 2798 1267 2834 admit-

192 2847 300 2882 tenda
324 2846 398 2881 eius
423 2846 518 2891 quod
541 2846 704 2891 possideo
756 2847 786 2882 si
817 2846 910 2882 forte
934 2845 1127 2882 coheredes
1151 2845 1223 2880 sint
1246 2853 1269 2879 a

191 2894 211 2927 5
259 2891 385 2937 quibus
418 2891 646 2926 hereditatem
677 2895 770 2936 peto.
826 2890 1009 2926 Interdum
1064 2893 1185 2926 raetor
1214 2889 1267 2924 in-

192 2940 311 2972 certae
343 2936 454 2981 partis
486 2936 691 2971 hereditatis
723 2936 929 2981 petitionem
952 2936 1036 2971 indu
1049 2939 1109 2981 get
1131 2934 1267 2970 idoneis

192 2982 309 3017 causis
333 2981 662 3016 intervenientibus:
697 2986 738 3016 ut
767 2985 856 3027 puta
887 2985 941 3017 est
964 2980 1122 3017 defuncti
1145 2979 1266 3015 fratris

191 3026 296 3068 filius,
315 3029 399 3061 sunt
418 3029 454 3061 et
465 3036 593 3061 uxores
607 3026 852 3062 defunctorum
871 3026 1024 3062 fratrum
1036 3029 1265 3071 praegnates:

191 3081 297 3117 quam
308 3074 446 3116 partem
458 3069 578 3105 fratris
600 3071 691 3106 tilius
705 3071 909 3107 hereditatis
922 3070 1076 3107 vindicet
1094 3071 1267 3106 incertum

191 3119 257 3159 est,
278 3115 361 3161 quia
381 3118 469 3168 quot
487 3114 636 3150 edantur
648 3115 797 3151 fratrum
810 3116 989 3152 defuncti⁷
1014 3115 1076 3151 filii
1093 3115 1268 3151 incertum

191 3165 256 3197 est.
294 3160 541 3206 aequissimum
571 3160 675 3205 igitur
706 3164 760 3196 est
788 3161 945 3197 incertae
977 3160 1090 3207 partis
1112 3159 1267 3196 vindica-

191 3206 322 3242 tionem
345 3205 378 3241 ei
398 3204 553 3241 concedi.
579 3215 650 3240 non
670 3205 839 3241 audenter
858 3207 980 3252 itaque
993 3205 1130 3242 dicetur
1141 3206 1165 3248 ⁸,
1189 3204 1268 3240 uhi-

192 3260 342 3297 cumque
365 3250 490 3285 merito
522 3249 600 3294 quis
633 3250 787 3286 incertus
813 3255 866 3287 est
897 3262 1003 3296 quam
1026 3255 1164 3297 partem
1189 3249 1264 3285 vin-

191 3295 296 3339 dicet,
320 3295 449 3331 debere
467 3294 500 3330 ei
518 3294 673 3329 incertae
693 3296 803 3340 partis
816 3296 1087 3332 vindicationem
1107 3294 1265 3331 concedi.

237 3338 263 3379 2
290 3340 401 3378 Gaias
423 3339 514 3375 libro
537 3343 641 3375 sexto
666 3340 715 3375 ad
736 3341 889 3376 edictum
906 3340 1131 3387 provinciale
1166 3339 1204 3375 Si
1225 3349 1268 3374 ex

190 3385 370 3433 pluribus,
395 3384 441 3421 ad
464 3394 553 3430 quos
577 3383 700 3419 eadem
724 3384 898 3420 hereditas
923 3386 1092 3431 pertinet,
1147 3385 1266 3421 uidam

190 3431 359 3474 adierint,
384 3428 526 3476 quidam
550 3428 667 3464 adhuc
691 3428 902 3465 deliberent:
936 3441 996 3467 eos
1021 3431 1081 3477 qui
1105 3441 1126 3466 a
1153 3429 1265 3472 ierint,

191 3546 397 3631 (¹)(3158E1'2d
450 3595 488 3629 5,-
505 3587 588 3622 Sab.
601 3591 617 3618 6
673 3591 712 3628 9,·
730 3587 814 3630 Ραρ.
829 3592 878 3621 lo.
889 3607 929 3612 —
941 3588 1089 3630 Busan,
1101 3594 1130 3631 2,
1146 3594 1157 3621 1
1219 3593 1267 3623 10.

193 3636 239 3676 (4)
265 3633 394 3667 decimo
404 3632 555 3667 ins-Hal.
668 3632 713 3673 (5)
739 3632 959 3666 adserantF¹
1055 3635 1103 3678 (o)
1127 3635 1175 3668 sic
1184 3635 1271 3675 dett,

194 3677 485 3768 &figegffiffim
534 3678 580 3719 (7)
605 3676 881 3710 desunctorumS
1015 3679 1061 3720 (8)
1086 3678 1269 3712 diciturF¹

475 3543 522 3586 (2)
547 3542 708 3586 possedit]
718 3542 870 3586 percepit
879 3542 908 3575 S

556 3724 625 3765 (ιο)
650 3721 725 3755 ideo
734 3722 795 3756 del.
807 3722 980 3756 Breuem„-
996 3730 1122 3757 autecr.
1132 3725 1274 3766 possunt
1341 3724 1411 3766 (lo)
1435 3723 1591 3765 portione
1600 3735 1663 3758 scr.

1291 105 1346 153 88
1992 123 2030 154 s1
2059 122 2168 154 raas
2197 123 2298 154 nna.
2330 125 2426 156 Pn'r.

1350 229 1381 265 si
1404 231 1530 274 petant
1553 229 1803 275 hereditatem,
1835 242 1907 268 non
1938 232 2107 269 maiorem
2163 236 2274 269 artem
2306 238 2425 280 petere

1350 274 1488 327 debere,
1514 285 1620 328 quam
1639 275 1795 328 habituri
1819 280 1938 313 essent
1961 278 2086 314 ceteris
2108 288 2130 313 a
2156 279 2338 314 euntibus:
2364 290 2428 315 nec

1350 328 1400 354 eis
1424 319 1599 364 proderit,
1631 329 1662 356 si
1694 322 1803 357 ceteri
1826 332 1899 358 non
1922 322 2084 358 adierint.
2122 333 2195 359 non
2218 323 2428 360 adeuntibus

1350 367 1467 399 autem
1492 365 1618 400 ceteris
1642 369 1811 410 poterunt
1834 371 1920 403 tunc
1944 371 2064 413 partes
2089 377 2211 404 eorum
2234 373 2373 414 petere,
2398 370 2429 405 si

1349 408 1453 444 modo
1477 409 1524 444 ad
1548 419 1607 445 eos
1631 411 1858 455 pertinerent.

1395 451 1419 491 3
1432 454 1447 475 ⁹
1470 454 1525 489 ΡΑ
1534 464 1578 490 σι
1585 463 1629 490 vs
1645 455 1735 491 libro
1754 458 1903 504 septimo
1916 457 2051 494 decimo
2064 458 2114 494 ad
2124 458 2307 494 Plautium
2354 459 2428 494 An-

1350 498 1438 544 tiqui
1470 499 1581 551 libero
1613 501 1727 536 ventri
1758 501 1809 537 ita
1838 507 2115 548 prospexerunt,
2148 507 2190 539 ut
2219 503 2257 538 in
2288 507 2428 556 tempus

1350 544 1530 596 nascendi·
1553 544 1673 580 omnia
1707 544 1739 581 ei
1772 546 1851 581 iura
1885 547 2022 600 integra
2059 552 2298 584 reservarent:
2334 552 2431 584 sicut

1349 592 1498 634 apparet
1520 600 1557 624 111
1580 590 1656 625 iure
1676 590 1936 636 hereditatium,
1961 604 1998 628 ιιι
2017 594 2145 639 quibus
2167 593 2226 639 qui
2246 596 2329 638 post
2349 603 2429 629 eum

1348 633 1496 679 gradum
1520 638 1604 670 sunt
1627 634 1868 687 adgnationis,
1901 648 1970 683 quo
2005 642 2060 673 est
2082 638 2118 673 id
2141 638 2236 684 quod
2266 638 2303 673 in
2327 642 2429 674 utero

1350 682 1421 721 est,
1454 689 1525 714 non
1549 679 1802 724 admittuntur,
1835 682 1920 716 dum
1944 682 2119 718 incertum
2141 687 2215 726 est,
2248 693 2295 718 an
2329 684 2428 719 nasci

1349 723 1471 768 possit.
1507 724 1568 760 ubi
1598 728 1717 760 autem
1748 726 1871 762 eodem
1902 727 2015 779 gradu
2046 731 2130 763 sunt
2161 728 2269 764 ceteri
2300 739 2370 774 quo
2395 732 2431 764 et

1350 772 1488 811 venter,
1521 772 1607 805 tunc
1637 780 1729 815 quae
1760 772 1876 823 portio
1910 783 1947 807 m
1981 782 2153 818 suspenso
2186 783 2264 809 esse
2287 774 2428 816 debeat,

1348 814 1575 867 quaesierunt
1597 814 1688 858 ideo,
1713 826 1797 861 qula
1821 827 1891 852 non
1916 821 2082 862 poterant
2105 818 2196 854 scire
2243 822 2308 854 uot
2331 819 2429 854 nasci

1349 862 1517 904 possunt:
1556 859 1637 896 ideo
1677 870 1760 895 nam
1773 862 1801 882 ¹⁰
1835 861 1946 896 multa
1979 862 2024 897 de
2054 862 2217 898 huiusmo
2245 863 2251 871 '
2285 873 2324 899 re
2357 867 2429 898 tam

1347 904 1445 939 varia
1469 908 1504 939 et
1527 903 1748 940 incredibilia
1773 906 2016 950 creduntur¹¹,
2040 911 2081 942 ιιι
2103 907 2233 944 fabulis
2259 908 2428 943 adnume-

1347 952 1479 984 rentur.
1515 959 1596 984 nam
1620 950 1787 986 traditum
1812 955 1866 986 est
1890 955 1926 986 et
1949 956 2119 997 quattuor
2136 953 2270 998 pariter
2293 953 2430 999 puellas

1348 1004 1370 1028 a
1394 998 1508 1030 matre
1533 994 1684 1030 familias
1708 999 1812 1031 natas
1837 1006 1933 1032 esse:
1967 998 2124 1043 alioquin
2157 998 2335 1034 tradidere
2357 1008 2429 1034 non

1348 1039 1441 1074 leves
1473 1043 1638 1075 auctores
1671 1040 1856 1086 quinquies
1888 1045 2081 1087 quaternos
2095 1043 2122 1064 ¹²
2156 1043 2294 1078 enixam
2325 1043 2428 1079 Pelo-

1348 1084 1514 1137 ponensi,
1541 1085 1672 1121 multas
1695 1086 1847 1132 Aegypti
1870 1098 1941 1123 uno
1966 1091 2067 1123 utero
2092 1092 2270 1133 septenos.
2307 1088 2369 1124 sed
2393 1092 2429 1124 et

1348 1133 1559 1175 tregeminos
1584 1134 1767 1167 senatores
1789 1132 1924 1167 cinctos
1944 1132 2136 1168 vidimus¹³
2159 1133 2341 1169 Horatios.
2367 1133 2428 1169 sed

1349 1178 1384 1210 et
1417 1175 1561 1210 Laelius
1596 1175 1720 1211 scribit
1761 1186 1800 1211 se
1841 1176 1968 1213 vidisse
2002 1178 2038 1212 in
2073 1177 2212 1213 Palatio
2247 1179 2428 1214 mulierem

1347 1219 1512 1263 liberam,
1546 1230 1637 1265 quae
1668 1221 1713 1256 ab
1745 1221 1962 1257 Alexandria
1992 1223 2167 1268 perducta
2192 1227 2264 1266 est,
2290 1227 2331 1258 ut
2352 1223 2425 1258 Ha-

1347 1265 1471 1301 driano
1496 1265 1761 1309 ostenderetur,
1787 1277 1866 1302 cum
1890 1267 2045 1312 quinque
2068 1268 2205 1310 liberis,
2231 1278 2275 1303 ex
2322 1269 2426 1304 uibus

1347 1313 1515 1355 quattuor
1549 1311 1672 1346 eodem
1709 1314 1867 1357 tempore
1898 1313 2019 1355 enixa,
2063 1313 2195 1359 inquit,
2233 1313 2308 1349 dice
2335 1317 2426 1355 atur,

1346 1355 1506 1400 quintum
1531 1359 1613 1401 post
1637 1356 1727 1391 diem
1753 1357 2097 1402 quadragensimum.
2135 1358 2219 1404 quid
2244 1362 2298 1394 est
2321 1369 2359 1394 er
2382 1359 2429 1394 οἳ

1346 1400 1622 1445 prudentissime
1660 1401 1746 1437 iuris
1790 1406 1954 1438 auctores
1989 1403 2215 1439 medietatem
2251 1413 2345 1448 quan
2372 1414 2427 1439 am

1346 1446 1460 1481 secuti
1496 1450 1590 1488 sunt,
1625 1449 1666 1481 ut
1700 1447 1798 1492 quod
1828 1446 1905 1483 fieri
1936 1458 2008 1483 non
2042 1459 2163 1484 rarum
2177 1449 2203 1469 ¹⁴
2239 1448 2427 1484 admodum

1346 1494 1474 1542 potest,
1498 1491 1731 1535 intuerentur,
1756 1492 1793 1526 id
1819 1497 1872 1527 est
1895 1493 1977 1538 quia
2003 1492 2078 1528 fieri
2102 1497 2261 1539 poterat,
2293 1497 2334 1528 ut
2357 1498 2426 1529 tre·

1342 1536 1473 1580 gemmi
1498 1543 1747 1579 nascerentur,
1780 1541 1943 1582 quartam
1974 1542 2112 1583 partem
2144 1549 2184 1574 su
2213 1539 2326 1574 erstiti
2355 1539 2427 1574 filio

1345 1580 1624 1625 adsignaverint:
1649 1580 1693 1615 τὸ
1718 1582 1786 1628 γὰρ
1813 1578 1911 1622 ἅπαξ
1934 1581 1955 1625 ἢ
1979 1582 2039 1625 δίς,
2066 1587 2107 1618 ιιι
2126 1583 2177 1619 ait
2188 1549 2426 1629 ¹3I'heophras-

1345 1628 1422 1668 tus,
1453 1629 1746 1672 παραβαίνουσιν
1777 1626 1815 1661 οἱ
1845 1628 2098 1672 νομοθέταιῐῦ.
2138 1628 2290 1674 ideoque
2325 1633 2360 1664 et
2395 1629 2425 1665 si

1344 1681 1454 1705 unum
1485 1671 1646 1716 paritura
1677 1671 1742 1714 sit,
1775 1682 1847 1707 non
1880 1682 1922 1708 ex
1954 1677 2057 1718 parte
2088 1673 2250 1717 dimidia,
2287 1674 2350 1710 sed
2383 1684 2426 1710 ex

1344 1719 1473 1761 quarta
1495 1716 1635 1751 interim
1660 1716 1763 1752 heres
1787 1717 1872 1752 erit:

1390 1759 1422 1797 4.
1449 1760 1642 1796 ULPJANUS
1662 1761 1753 1797 libro
1777 1763 1904 1815 quinto
1929 1762 2063 1800 decimo
2087 1763 2138 1799 ad
2158 1763 2310 1800 edictum
2344 1767 2380 1800 et
2397 1764 2427 1800 si

1345 1805 1532 1858 pauciores
1556 1805 1690 1841 fuerint
1712 1809 1806 1850 nati,
1830 1807 2010 1844 residuum
2034 1809 2066 1844 ei
2089 1819 2154 1855 pro
2179 1813 2262 1844 rata
2284 1809 2425 1845 adcres-

1344 1861 1436 1893 cere,
1460 1861 1491 1886 ει
1514 1851 1634 1896 plures
1659 1861 1765 1897 quam
1791 1856 1874 1896 tres,
1900 1853 2104 1889 decrescere
2128 1853 2171 1889 de
2194 1864 2238 1890 ea
2257 1859 2359 1900 parte
2383 1864 2425 1889 ex

1344 1906 1415 1941 qua
1438 1896 1539 1932 heres
1563 1896 1681 1932 factus
1707 1901 1770 1933 est.

1391 1940 1415 1978 5
1441 1941 1497 1976 ΡΑ
1506 1951 1550 1977 Ul.
1558 1951 1602 1977 vs
1623 1942 1712 1978 libro
1732 1943 1882 1990 septimo
1902 1942 2038 1979 decimo
2052 1942 2102 1979 ad
2112 1942 2296 1979 Plautium
2331 1943 2421 1979 Illud

1344 1986 1528 2023 sciendum
1547 1990 1612 2030 est,
1637 1987 1667 2022 si
1679 1988 1805 2023 mulier
1817 1998 2016 2034 praegnans
2038 1999 2109 2024 non
2129 1989 2184 2031 sit,
2207 1988 2426 2024 existimetur

1343 2036 1462 2068 autem
1487 2042 1687 2077 praegnans
1712 2043 1808 2076 esse,
1840 2034 1980 2069 interim
2011 2033 2121 2069 filium
2152 2033 2316 2070 heredem
2349 2043 2426 2070 esse

1344 2087 1388 2113 ex
1412 2087 1503 2120 asse,
1529 2088 1741 2123 quamquam
1766 2079 1905 2124 ignoret
1928 2088 1966 2114 se
1990 2089 2034 2115 ex
2050 2088 2130 2114 asse
2146 2079 2310 2115 heredem
2335 2089 2422 2115 esse.

1349 2126 1363 2157 l
1411 2122 1510 2158 Idem
1534 2126 1589 2158 est
1611 2123 1648 2158 in
1673 2127 1863 2166 extraneo,
1895 2124 1926 2160 si
1950 2134 1994 2160 ex
2018 2127 2115 2160 certa
2138 2124 2300 2170 portione
2323 2124 2425 2160 heres

1343 2167 1527 2204 institutus
1552 2168 1616 2210 sit,
1649 2177 1694 2203 ex
1726 2169 1862 2214 reliqua
1886 2169 2051 2215 postumi.
2112 2169 2183 2205 uod
2207 2169 2237 2205 si
2259 2169 2352 2205 forte
2374 2170 2426 2205 ita

1342 2213 1516 2248 institutio
1540 2212 1640 2248 facta
1664 2216 1734 2249 est:
1768 2217 2020 2266 ‘quotcumque
2049 2214 2096 2249 mi
2124 2214 2132 2222 '
2165 2214 2241 2250 nati
2264 2218 2367 2250 erunt
2391 2218 2426 2249 et

1343 2257 1488 2293 ‘Lucius
1513 2257 1628 2293 Titius
1651 2269 1716 2303 pro
1744 2258 1902 2294 virilibus
1924 2260 2151 2304 portionibus
2172 2259 2318 2295 heredes
2339 2260 2424 2294 mihi

1342 2302 1483 2345 ‘sunto’,
1516 2303 1662 2338 habebit
1693 2303 1982 2347 haesitationem,
2023 2304 2194 2349 numquid
2225 2304 2323 2340 adire
2353 2314 2424 2340 non

1341 2349 1466 2393 possit,
1491 2351 1598 2393 atque
1622 2348 1681 2393 qui
1704 2348 1740 2383 in
1765 2352 1976 2384 testamento
2004 2349 2203 2395 portionem
2228 2359 2329 2385 suam
2362 2360 2423 2385 ne-

1341 2395 1417 2429 scit.
1443 2393 1506 2429 sed
1515 2394 1635 2428 utilius
1646 2397 1700 2429 est
1712 2404 1818 2439 posse
1827 2404 1906 2429 eum
1919 2394 2015 2429 adire
2024 2394 2084 2440 qui
2091 2394 2206 2430 nescit
2213 2395 2424 2440 portionem,

1339 2439 1370 2474 si
1394 2443 1522 2481 cetera,
1547 2448 1639 2484 quae
1663 2449 1683 2474 o
1711 2442 1804 2475 ortet
1826 2448 1906 2474 eum
1931 2439 2031 2482 scire,
2057 2450 2129 2475 non
2154 2439 2163 2447 '
2212 2443 2299 2475 oret.

1385 2482 1409 2522 6
1441 2484 1637 2520 ΠιΡΙΑΝυε
1657 2483 1684 2519 li
1707 2495 1748 2520 ro
1772 2488 1877 2520 sexto
1902 2485 2113 2531 opinionum
2187 2485 2292 2528 orori,
2317 2495 2421 2531 quam

1339 2529 1550 2566 coheredem
1582 2528 1752 2564 fratribus
1784 2532 1954 2574 quattuor
1985 2529 2023 2564 in
2055 2529 2159 2566 bonis
2190 2530 2313 2566 matris
2345 2540 2423 2566 esse

1338 2574 1487 2620 placuit,
1513 2573 1638 2619 quinta
1661 2574 1775 2619 portio
1800 2585 1865 2620 pro
1889 2574 2114 2619 portionibus
2127 2576 2154 2597 ¹⁶
2178 2585 2269 2620 quae
2293 2575 2338 2610 ad
2362 2585 2422 2610 eos

1339 2620 1511 2700 Her-tinuit
1535 2618 1648 2660 cedet,
1673 2619 1723 2654 ita
1746 2623 1787 2654 ut
1810 2619 1936 2664 singuli
1958 2619 1996 2655 in
2022 2623 2160 2665 quarta,
2193 2630 2298 2666 quam
2322 2624 2421 2655 ante·

1365 2675 1407 2700 ac
1440 2665 1571 2700 habere
1602 2664 1858 2707 credebantur,
1899 2675 1971 2700 non
2010 2665 2162 2710 amplius
2201 2665 2232 2700 ei
2263 2665 2420 2711 quintam

1343 2714 1356 2744 1
1407 2709 1604 2746 conferant.
1663 2709 1853 2754 Sumptus,
1894 2709 1953 2753 qui
1983 2715 2132 2755 propter
2165 2719 2277 2746 onera
2312 2710 2421 2746 totius

1339 2752 1545 2790 hereditatis
1561 2754 1645 2790 iusti
1657 2755 1684 2776 ¹⁷
1707 2754 1808 2798 fiunt,
1833 2755 1876 2798 ei,
1901 2754 1961 2800 qui
1977 2755 2118 2800 patroni
2132 2754 2210 2791 iure
2224 2755 2420 2801 portionem

1340 2800 1492 2843 evicerit,
1516 2810 1581 2845 pro
1604 2803 1685 2835 rata
1709 2803 1967 2845 computentur.

1385 2843 1409 2882 7
1435 2844 1461 2880 I
1463 2854 1627 2881 amaros
1646 2845 1736 2881 libro
1761 2848 1885 2880 octavo
1909 2844 2127 2891 diqestorum
2175 2844 2258 2881 Non
2289 2855 2417 2891 possua

1339 2901 1417 2926 mus
1450 2889 1619 2934 consequi
1656 2899 1721 2935 per
1758 2889 1964 2925 hereditatis
2003 2890 2212 2935 petitionem
2249 2890 2285 2925 id
2324 2890 2418 2936 quod

1339 2935 1495 2971 familiae
1507 2935 1738 2971 erciscundae
1751 2933 1879 2970 iudicio
1906 2935 2174 2988 consequimur,
2205 2938 2247 2971 ut
2277 2945 2300 2971 a
2323 2946 2418 2971 com-

1340 2980 1505 3016 munione
1528 2980 1771 3022 discedamus,
1805 2989 1885 3014 eum
1917 2979 1964 3015 ad
1995 2980 2153 3016 officium
2185 2980 2309 3016 iudicis
2332 2981 2418 3016 nihil

1340 3025 1490 3078 amplius
1521 3024 1715 3070 pertineat,
1747 3034 1853 3069 quam
1884 3027 1925 3059 ut
1954 3029 2091 3070 partem
2123 3025 2328 3062 hereditatis
2351 3036 2416 3072 pro

1340 3070 1489 3105 indiviso
1515 3069 1652 3105 restitui
1675 3068 1760 3104 mihi
1783 3069 1915 3105 iubeat.

1385 3111 1409 3153 8
1441 3114 1550 3150 Imm
1574 3114 1666 3151 libro
1698 3113 2000 3161 quadraqense‘mo
2040 3117 2165 3150 octavo
2198 3114 2416 3162 diqestorum

1340 3158 1616 3196 Permittendum
1641 3159 1707 3195 erit
1755 3159 1926 3195 ossessori
1949 3159 2156 3195 hereditatis
2179 3163 2316 3205 partem
2340 3160 2415 3206 qui·

1337 3205 1416 3240 dem
1447 3203 1653 3241 hereditatis
1685 3170 1891 3246 offendere,
1923 3207 2025 3249 parte
2056 3214 2138 3239 vero
2173 3204 2317 3248 cedere,
2349 3215 2416 3241 nec

1336 3250 1428 3286 enim
1460 3249 1625 3295 prohibet
1655 3249 1702 3285 ali
1726 3258 1806 3284 uem
1839 3251 1951 3284 totam
1974 3248 2205 3285 hereditatem
2235 3249 2417 3295 possidere

1337 3299 1373 3331 et
1386 3296 1413 3317 ¹⁸
1436 3298 1573 3341 partem
1597 3294 1688 3330 scire
1703 3260 1889 3329 (dimidiam
1906 3293 1952 3329 ad
1975 3303 2013 3329 se
2028 3293 2217 3339 pertinere,
2242 3294 2286 3330 de
2301 3295 2415 3330 altera

1336 3343 1438 3386 parte
1462 3339 1738 3376 controversiam
1762 3349 1834 3375 non
1856 3338 1985 3374 facere.

1382 3382 1408 3423 9
1433 3384 1489 3421 ΡΑ
1497 3394 1593 3421 vsvs
1619 3385 1710 3422 libro
1736 3384 1839 3420 tertio
1862 3384 2099 3430 epitomen-um
2123 3382 2252 3430 Alfeni
2297 3383 2416 3431 diqes-

1338 3433 1454 3466 torum
1504 3429 1591 3465 Cum
1623 3429 1724 3465 multi
1754 3427 1900 3465 heredes
1930 3427 2083 3464 instituti
2115 3431 2249 3472 essent,
2284 3438 2329 3464 ex
2358 3428 2413 3464 his

1338 3543 1416 3576 inde
1426 3554 1434 3575 ε
1444 3553 1521 3576 nam

1339 3590 1405 3630 (12)
1431 3588 1610 3631 quinquies
1619 3586 1812 3632 quaternos]
1823 3587 1944 3630 quinos
1953 3590 2071 3629 quater
2079 3587 2211 3620 Fabrot.
2268 3587 2337 3628 (1³)
2362 3585 2412 3619 vi·

1339 3633 1453 3667 demus
1469 3634 1615 3667 Breuem.
1739 3635 1807 3676 (1⁴)
1833 3642 1909 3665 raro
1919 3633 1994 3666 dete.
2118 3632 2186 3673 (15)
2211 3631 2318 3665 idest.-
2335 3640 2411 3663 nam

1340 3677 1429 3721 quod
1445 3677 1546 3711 semel
1562 3677 1615 3711 vel
1630 3676 1682 3711 bis
1700 3677 1823 3711 sactum
1840 3679 1900 3717 est,
1926 3678 2139 3720 praetereunt
2162 3675 2273 3718 legum
2289 3675 2412 3708 latores

1756 3723 1824 3765 (Π)
1848 3722 1936 3755 iuste
1944 3733 2007 3756 ser.
2099 3722 2168 3765 (18)
2193 3723 2228 3753 et
2235 3717 2298 3753 del.

1591 3545 1621 3585 (ι
1633 3544 1659 3582 1)
1686 3542 1864 3576 traduntur
1873 3542 1947 3576 dete.
1957 3541 2010 3575 vel
2016 3541 2169 3574 feruntur
2178 3541 2410 3586 Bynkershoek
