2528 3918
202 108 330 150 VII1

201 230 363 275 piantur,
396 227 479 262 licet
509 226 554 259 ab
580 225 649 259 alio
674 229 770 259 terra
793 231 1021 270 separentur,
1054 224 1163 268 magis
1205 233 1286 267 pro·

227 273 368 308 rietario
394 270 651 306 condictionem
684 274 901 314 competere,
933 268 1131 303 fructuario
1169 274 1288 302 autem

202 286 287 353 furti
319 317 511 354 actionem,
544 314 711 358 quoniam
742 314 904 348 interfuit
935 313 1010 348 eius
1040 313 1178 347 fructus
1217 323 1288 347 non

203 373 280 398 esse
303 361 451 396 ablatos.
499 358 692 393 Marcellus
715 362 835 393 autem
857 362 1017 393 movetur
1040 368 1094 398 eo,
1118 354 1212 402 quod
1227 382 1236 398 ,
1260 357 1289 391 si

202 411 326 452 postea
349 405 488 439 fructus
512 404 599 438 istos
624 407 751 438 nactus
773 402 883 438 fuerit
901 402 1131 444 fructuarius,
1155 401 1287 436 fortas-

203 453 250 487 sis
275 450 362 485 fiant
385 450 478 484 eius:
502 458 584 482 nam
608 448 638 482 si
661 447 772 490 fiunt,
797 458 868 492 qua
891 447 1028 482 ratione
1051 447 1121 481 hoc
1145 446 1289 480 evenit?

203 496 268 532 nisi
302 505 362 535 ea,
395 497 435 527 ut
457 493 597 528 interim
621 492 747 528 fierent
770 491 1011 537 proprietarii,
1044 502 1126 526 mox
1160 489 1288 536 adpre-

202 540 300 575 hensi
323 537 512 573 fructuarii
536 537 737 572 efficientur
752 539 773 579 ¹,
806 537 965 581 exemplo
997 536 1048 570 rei
1072 536 1138 571 sub
1164 535 1288 570 condi-

203 586 303 620 cione
336 583 494 627 legatae,
530 592 621 627 quae
655 582 795 617 interim
830 581 968 616 heredis
1005 585 1076 623 est,
1114 580 1288 615 existente

202 634 320 664 autem
352 627 560 662 condicione
592 626 639 661 ad
670 626 880 671 legatarium
913 626 1051 660 transit.
1087 635 1208 660 verum
1236 628 1289 660 est

202 674 293 709 enim
319 672 578 707 condictionem
603 676 803 716 competere
826 670 1078 716 proprietario:
1112 680 1191 704 cum
1224 680 1288 704 au-

202 726 271 753 tem
302 718 339 752 in
370 716 539 762 pendenti
571 721 625 752 est
655 716 847 751 dominium
880 719 933 756 (ut
955 716 1031 759 ipse
1054 714 1212 749 Iulianus
1240 715 1290 748 ait

202 765 237 798 in
268 763 345 797 fetu
377 762 437 807 qui
469 761 701 796 summittitur
731 765 767 796 et
797 762 833 795 in
858 771 899 796 eo
924 760 1019 804 quod
1043 770 1167 795 servus
1190 759 1288 794 fruc-

202 808 338 842 tuarius
362 817 427 851 per
449 806 674 841 traditionem
697 806 838 850 accepit
860 805 1019 840 nondum
1043 804 1183 849 quidem
1206 814 1288 849 pre-

202 854 249 887 tio
275 852 403 893 soluto,
428 851 491 886 sed
513 855 632 886 tamen
656 851 701 886 ab
727 861 768 886 eo
793 849 1003 891 satisfacto),
1028 849 1216 884 dicendum
1236 853 1290 883 est

203 897 462 932 condictionem
485 896 640 941 pendere
663 896 846 940 magisque
868 895 906 929 in
929 894 1099 940 pendenti
1123 904 1201 929 esse
1225 894 1287 928 do-

203 942 347 976 minium
358 942 382 976 ².

251 984 299 1023 13
326 985 435 1021 low
450 985 542 1021 libro
562 990 688 1021 octavo
709 984 845 1020 decimo
865 983 916 1018 ad
926 982 1100 1019 Sabinum
1135 983 1174 1019 Si
1186 983 1288 1019 cuius

202 1032 252 1066 rei
276 1041 361 1066 usus
386 1030 526 1065 fructus
550 1030 687 1075 legatus
712 1030 797 1071 erit,
831 1029 994 1064 dominus
1026 1032 1145 1073 potest
1176 1028 1215 1063 in
1247 1038 1288 1063 ea

202 1086 241 1111 re
261 1075 530 1111 satisdationem
549 1075 762 1117 desiderare,
787 1078 829 1109 ut
848 1074 967 1108 officio
988 1073 1114 1109 iudicis
1125 1073 1195 1109 hoc
1206 1073 1288 1108 fiat:

202 1131 284 1156 nam
308 1120 412 1155 sicuti
436 1119 541 1155 debet
564 1119 783 1155 fructuarius
807 1118 859 1153 uti
882 1118 972 1159 frui,
996 1119 1048 1153 ita
1071 1122 1107 1154 et
1129 1128 1195 1163 pro
1221 1119 1288 1153 rie-

202 1166 285 1201 tatis
311 1165 473 1200 dominus
494 1175 641 1200 securus
661 1175 739 1200 esse
759 1164 865 1198 debet
884 1163 928 1198 de
947 1163 1175 1208 proprietate.
1226 1173 1289 1199 aec

202 1217 319 1245 autem
352 1210 398 1244 ad
429 1220 568 1245 omnem
599 1220 703 1244 usum
735 1208 892 1244 fructum
923 1209 1098 1253 pertinere
1129 1208 1289 1243 Iulianus

202 1256 290 1291 libro
327 1255 530 1300 trigensimo
562 1259 690 1290 octavo
722 1254 937 1299 digestorum
968 1253 1109 1298 probat.
1149 1253 1180 1288 si
1203 1264 1289 1289 usus

202 1300 340 1335 fructus
363 1300 500 1345 legatus
525 1299 581 1341 sit,
606 1310 678 1334 non
701 1299 801 1344 prius
826 1298 980 1333 dandam
1003 1298 1180 1333 actionem
1203 1309 1288 1333 usu-

202 1345 420 1387 fructuario,
453 1355 559 1389 quam
592 1343 817 1379 satisdederit
848 1354 886 1378 se
917 1343 1002 1378 boni
1025 1343 1089 1378 viri
1112 1343 1290 1378 arbitratu

202 1401 349 1425 usurum
378 1389 612 1424 fruiturum³:
645 1388 707 1424 sed
730 1392 764 1422 et
790 1388 819 1422 si
836 1388 954 1433 plures
987 1388 1075 1430 sint,
1106 1398 1129 1423 a
1161 1388 1290 1434 quibus

202 1446 287 1470 usus
312 1435 451 1470 fructus
482 1434 626 1469 relictus
658 1437 728 1475 est,
762 1433 907 1477 singulis
939 1433 1106 1468 satisdari
1137 1437 1288 1478 oportet.

207 1485 216 1514 1
270 1480 357 1515 Cum
381 1480 487 1524 igitur
511 1479 555 1514 de
578 1489 647 1514 usu
669 1479 791 1513 fructu
815 1478 942 1523 agitur,
967 1488 1039 1513 non
1059 1478 1175 1513 solum
1194 1477 1290 1523 quod

202 1525 337 1560 factum
361 1529 415 1560 est
438 1524 643 1566 arbitratur,
668 1523 730 1558 sed
755 1523 860 1558 etiam
883 1523 921 1557 in
938 1522 1101 1558 futurum
1122 1522 1290 1568 quemad·

204 1573 222 1605 2
270 1570 414 1604 modum
433 1569 486 1604 uti
505 1569 577 1603 frui
590 1568 705 1603 debet.
742 1568 797 1603 De
809 1567 1008 1612 praeteritis
1021 1571 1140 1602 autem
1152 1567 1290 1603 damnis

201 1614 419 1650 fructuarius
454 1614 562 1648 etiam
593 1614 668 1658 lege
691 1613 835 1657 Aquilia
866 1616 1006 1647 tenetur
1037 1617 1073 1647 et
1101 1612 1289 1648 interdicto

204 1659 298 1705 quod
322 1660 354 1694 vi
378 1663 440 1694 aut
465 1659 574 1700 clam,
599 1663 639 1693 ut
662 1658 822 1692 Iulianus
846 1657 914 1692 ait:
947 1668 1031 1692 nam
1053 1656 1290 1692 fructuarium

203 1714 342 1750 quoque
371 1704 484 1739 teneri
513 1704 568 1738 his
600 1703 799 1738 actionibus
833 1713 899 1737 nec
929 1713 1002 1737 non
1032 1702 1120 1737 furti
1153 1707 1289 1737 certum

203 1754 267 1791 est,
292 1749 385 1784 sicut
407 1749 599 1794 quemlibet
621 1748 740 1790 alium,
766 1748 826 1792 qui
849 1747 886 1782 in
909 1747 1026 1782 aliena
1047 1757 1087 1781 re
1110 1747 1181 1782 tale
1205 1747 1290 1792 quid

203 1794 425 1829 commiserit.
462 1793 614 1838 denique
639 1792 834 1835 consultus,
860 1792 954 1837 quo⁴
979 1792 1114 1827 bonum
1135 1792 1205 1827 fuit
1228 1802 1288 1827 ac-

202 1840 333 1874 tionem
355 1838 514 1891 polliceri
537 1842 749 1883 praetorem,
774 1848 855 1872 cum
875 1841 1054 1882 competat
1071 1836 1158 1881 legis
1176 1837 1288 1882 Aqui-

202 1885 269 1919 liae
293 1887 401 1926 actio,
425 1883 628 1928 respondit,
654 1882 738 1927 quia
762 1886 845 1917 sunt
869 1892 995 1924 casus,
1020 1882 1149 1934 quibus
1174 1885 1290 1917 cessat

203 1929 365 1973 Aquiliae
388 1930 500 1970 actio,
534 1928 612 1963 ideo
637 1927 790 1963 iudicem
814 1927 909 1969 dari,
941 1930 982 1962 ut
1014 1937 1089 1962 eius
1113 1926 1290 1962 arbitratu

203 1978 340 2008 utatur:
366 1984 448 2008 nam
473 1973 532 2018 qui
556 1983 680 2017 agrum
702 1983 774 2007 non
796 1971 1004 2017 proscindit,
1028 1972 1089 2016 qui
1108 1972 1196 2007 vites
1217 1982 1290 2007 non

204 2018 368 2061 subserit,
392 2019 475 2052 item
495 2028 668 2063 aquarum
690 2017 818 2052 ductus
840 2017 1026 2061 conrumpi
1044 2017 1189 2061 patitur,
1213 2016 1246 2051 le
1271 2026 1289 2051 e

203 2063 346 2108 Aquilia
377 2074 448 2098 non
479 2067 631 2098 tenetur.
670 2062 793 2097 eadem
826 2066 861 2096 et
890 2062 927 2096 in
959 2062 1106 2097 usuario
1139 2061 1240 2097 dicen
1268 2071 1290 2096 a

205 2112 223 2143 3
271 2112 365 2143 sunt.
414 2107 484 2143 Sed
514 2108 544 2143 si
575 2108 668 2142 inter
697 2107 788 2142 duos
819 2106 1036 2142 fructuarios
1068 2106 1115 2142 sit
1147 2110 1288 2142 contro-

202 2153 334 2195 versia,
367 2153 549 2187 Iulianus⁵
572 2153 662 2188 libro
695 2152 898 2197 trigensimo
922 2155 1048 2187 octavo
1075 2151 1290 2196 digestorum

204 2198 327 2233 scribit
359 2208 401 2232 ae
426 2198 610 2233 uissimum
641 2207 718 2233 esse
750 2197 853 2241 quasi
887 2196 1065 2232 communi
1096 2195 1286 2232 dividundo

202 2243 371 2278 iudicium
402 2209 479 2277 dari
511 2243 565 2277 vel
597 2242 826 2287 stipulatione
856 2241 948 2276 inter
981 2251 1021 2277 se
1056 2250 1118 2276 eos
1154 2251 1288 2284 cavere,

203 2288 356 2333 qualiter
374 2287 558 2322 fruantur:
585 2298 649 2322 cur
669 2287 772 2328 enim,
795 2286 910 2332 inquit
929 2285 1100 2328 Iulianus,
1125 2285 1172 2320 ad
1190 2296 1290 2320 arma

205 2337 239 2368 et
251 2333 363 2367 rixam
374 2332 568 2377 procedere
580 2332 738 2377 patiatur
755 2336 911 2376 praetor,
937 2341 1026 2376 quos
1046 2334 1166 2375 potest
1184 2331 1288 2365 iuris-

204 2377 358 2412 dictione
393 2388 461 2413 sua
494 2376 734 2422 componere?
778 2386 884 2421 quam
919 2375 1130 2411 sententiam
1165 2374 1289 2411 Celsus

204 2432 344 2467 quoque
374 2422 465 2458 libro
500 2421 692 2457 vicensimo
726 2421 941 2466 digestorum
972 2420 1121 2466 probat,
1158 2424 1193 2455 et
1225 2431 1287 2465 ego

204 2470 224 2502 4
271 2471 357 2511 puto
381 2477 511 2502 veram.
549 2466 784 2502 Fructuarius
809 2476 953 2501 causam
976 2465 1203 2511 proprietatis
1228 2465 1288 2500 de-

204 2512 368 2547 teriorem
391 2512 510 2547 facere
533 2522 606 2547 non
637 2511 762 2554 debet,
796 2510 976 2546 meliorem
1007 2510 1127 2546 facere
1157 2514 1286 2555 potest.

206 2560 240 2591 et
263 2561 326 2591 aut
348 2557 451 2591 fundi
475 2561 528 2591 est
551 2566 636 2591 usus
659 2555 799 2591 fructus
822 2555 978 2600 legatus,
1011 2559 1047 2590 et
1079 2565 1152 2590 non
1183 2554 1290 2590 debet

208 2612 322 2645 neque
345 2602 491 2636 arbores
521 2601 711 2646 frugiferas
745 2600 908 2636 excidere
938 2610 1054 2645 neque
1087 2600 1206 2635 villam
1238 2599 1288 2634 di-

206 2656 307 2680 ruere
330 2657 395 2680 nec
421 2647 608 2691 quicquam
631 2645 751 2681 facere
775 2645 812 2680 in
834 2645 1026 2690 perniciem
1048 2655 1114 2690 pro
1140 2645 1287 2680 rietatis.

208 2694 243 2725 et
266 2691 296 2725 si
319 2690 410 2725 forte
434 2691 696 2736 voluptarium⁶
718 2691 788 2725 fuit
810 2689 1015 2735 praedium,
1045 2690 1099 2724 vir
1138 2690 1213 2724 aria
1235 2690 1289 2725 vel

206 2735 419 2779 gestationes
442 2736 495 2770 vel
520 2735 822 2771 deambulationes
846 2735 1033 2770 arboribus
1056 2734 1289 2770 infructuosis

208 2790 339 2824 opacas
363 2784 468 2824 atque
493 2791 657 2816 amoenas
681 2780 829 2823 habens,
853 2790 926 2815 non
949 2779 1093 2815 debebit
1115 2779 1254 2815 deicere
1263 2781 1288 2820 ⁷,

208 2830 248 2858 ut
270 2823 362 2859 forte
383 2825 505 2859 hortos
530 2825 689 2860 olitorios
711 2825 823 2860 faciat
844 2824 899 2861 vel
930 2824 1028 2860 aliud
1058 2824 1162 2870 quid,
1218 2824 1291 2859 uod

208 2872 228 2903 5
276 2868 321 2903 ad
344 2869 495 2903 reditum
520 2874 667 2914 spectat.
705 2870 791 2905 Inde
815 2874 869 2905 est
892 2869 1103 2921 quaesitum,
1128 2879 1176 2904 an
1213 2869 1288 2914 api-

208 2912 341 2948 dicinas
366 2914 420 2964 vel
444 2915 668 2950 cretifodinas
699 2915 752 2949 vel
783 2914 1049 2950 harenifodinas
1080 2914 1156 2959 ipse
1189 2914 1289 2949 insti-

208 2963 309 2993 tuere
325 2963 456 3009 possit:
480 2964 514 2992 et
533 2970 594 3003 ego
615 2963 702 3004 puto
725 2959 830 2994 etiam
850 2960 862 2994 i
888 2970 966 2994 sum
977 2959 1162 2994 instituere
1173 2969 1289 3004 posse,

208 3003 238 3038 si
261 3012 332 3039 non
356 3013 430 3054 agri
454 3007 589 3047 partem
613 3004 850 3039 necessariam
899 3005 956 3039 uic
976 3004 1028 3039 rei
1049 3007 1290 3048 occupaturus

208 3051 274 3083 est.
310 3047 460 3092 proinde
490 3058 597 3082 venas
629 3059 769 3093 quoque
800 3049 1071 3094 lapidicinarum
1102 3052 1138 3084 et
1167 3048 1289 3083 huius-

209 3091 303 3127 modi
326 3092 547 3126 metallorum
579 3093 754 3137 inquirere
785 3094 933 3138 poterit:
968 3103 1048 3138 ergo
1082 3097 1117 3128 et
1147 3093 1224 3128 auri
1256 3097 1291 3127 et

209 3136 345 3182 argenti
378 3140 412 3171 et
436 3137 590 3181 sulpuris
615 3141 649 3171 et
672 3138 763 3172 aeris
788 3143 823 3172 et
846 3138 930 3173 ferri
954 3142 989 3173 et
1013 3141 1211 3173 ceterorum
1234 3137 1289 3172 fo-

209 3181 311 3217 dinas
329 3181 385 3216 vel
404 3190 493 3226 quas
514 3186 617 3225 pater
632 3182 784 3217 familias
804 3183 957 3218 instituit
977 3192 1141 3218 exercere
1185 3182 1291 3217 oterit

207 3225 262 3262 vel
284 3225 362 3272 ipse
384 3225 586 3266 instituere,
620 3226 649 3260 si
681 3227 764 3260 nihil
798 3227 1035 3271 agriculturae
1065 3237 1155 3262 noce
1180 3227 1218 3262 it.
1255 3230 1291 3262 et

209 3271 240 3306 si
262 3269 355 3306 forte
376 3269 414 3305 in
437 3269 506 3305 hoc
530 3270 625 3314 quod
647 3271 799 3305 instituit
831 3272 910 3323 plus
941 3272 1076 3307 reditus
1107 3272 1155 3307 sit
1208 3281 1290 3306 uam

209 3316 245 3350 in
267 3315 378 3350 vineis
401 3314 456 3350 vel
479 3314 634 3349 arbustis
659 3316 710 3348 vel
735 3315 869 3351 olivetis
894 3327 984 3361 quae
1006 3316 1162 3358 fuerunt,
1202 3316 1290 3351 orsi-

208 3365 271 3395 tan
295 3359 400 3395 etiam
423 3359 512 3394 haec
537 3358 673 3394 deicere
696 3360 843 3410 poterit,
869 3362 898 3395 si
923 3361 1064 3413 quidem
1089 3361 1121 3396 ei
1143 3361 1288 3405 permit-

210 3408 231 3440 6
277 3404 365 3440 titur
388 3404 571 3439 meliorare
591 3408 856 3455 proprietatem.
905 3406 941 3439 Si
973 3411 1090 3440 tamen
1123 3415 1214 3450 quae
1237 3405 1290 3440 in-

209 3449 325 3485 stituit
358 3448 644 3484 usufructuanus
679 3453 742 3482 aut
776 3449 911 3483 caelum
947 3455 1177 3494 corrumpant
1218 3450 1292 3494 agri

211 3563 252 3605 (ι)
277 3562 466 3595 efficiantur
478 3561 559 3595 Hal.
652 3566 706 3601 (a
721 3562 895 3603 magisque
911 3562 945 3593 in
959 3573 993 3604 p.
1009 3573 1078 3594 esse
1091 3563 1289 3603 dominium]

212 3607 276 3639 tale
288 3607 371 3649 quid
378 3609 486 3640 subest
494 3620 506 3640 .·
518 3606 690 3648 magisque
702 3606 795 3647 sequi
809 3606 896 3647 quod
910 3606 944 3637 in
955 3607 1114 3648 pendenti
1126 3611 1177 3640 est
1185 3607 1288 3639 domi-

210 3652 304 3683 nium
451 3652 494 3693 (³)
520 3651 711 3684 Priscianus
728 3652 776 3689 10,
790 3658 818 3689 2,
832 3658 880 3683 13:
895 3650 1060 3692 Ulpianus
1074 3652 1114 3685 ad
1129 3652 1288 3684 Sabinum

209 3695 357 3728 {uturum
380 3695 580 3728 ‘fruiturum’
592 3694 699 3732 dixit,
719 3705 785 3727 non
807 3694 1023 3726 ‘sructurum’.
1054 3698 1094 3738 ej:
1109 3697 1154 3729 D.
1170 3698 1199 3735 7,
1216 3704 1243 3735 9,
1257 3704 1289 3730 12

1303 99 1358 146 98

1358 228 1421 258 aut
1454 234 1488 258 m
1559 234 1619 259 um
1651 229 1862 269 apparatum
1897 225 1968 260 sint
1999 225 2244 261 desideratura
2275 226 2444 271 opificum

1357 268 1451 319 forte
1473 278 1513 303 ve
1548 268 1761 313 legulorum,
1795 280 1886 314 quae
1917 280 1989 305 non
2019 275 2139 315 potest
2162 271 2337 306 sustinere
2359 282 2443 317 pro-

1357 313 1557 357 prietarius,
1582 323 1653 348 non
1676 313 1851 349 videbitur
1874 314 1938 350 viri
1962 315 2044 350 boni
2070 314 2245 350 arbitratu
2268 315 2357 351 frui:
2382 316 2446 353 sed

1358 368 1424 392 nec
1448 357 1648 393 aedificium
1672 358 1812 404 quidem
1835 359 2034 404 positurum
2054 359 2092 394 in
2110 358 2233 402 fundo,
2258 360 2326 395 nisi
2348 361 2446 406 quod

1359 405 1376 435 'a
1426 401 1473 436 ad
1493 401 1650 437 fructum
1674 404 1771 448 perci
1796 403 1939 439 iendum
1963 404 2202 439 necessarium
2226 404 2281 440 sit.
2326 404 2396 441 Sed
2415 406 2446 442 si

1359 446 1499 482 aedium
1512 457 1599 482 usus
1610 446 1749 483 fructus
1782 452 1905 493 egatus
1926 449 1982 490 sit,
2006 448 2125 484 Nerva
2142 448 2235 484 filius
2257 453 2292 484 et
2311 449 2446 486 lumina

1357 491 1545 527 immittere
1569 501 1650 527 eum
1672 503 1778 537 posse
1802 494 1869 528 ait:
1903 493 1966 528 sed
1998 498 2034 528 et
2066 493 2202 529 colores
2227 498 2263 529 et
2285 495 2444 539 picturas

1359 540 1395 570 et
1417 546 1595 572 marmora
1652 537 1757 572 oterit
1789 543 1826 573 et
1855 538 1968 582 sigilla
1999 544 2035 573 et
2065 538 2095 573 si
2126 538 2211 583 quid
2242 538 2289 573 ad
2320 539 2446 576 domus

1359 585 1534 616 ornatum.
1571 547 1650 616 sed11
1655 592 1771 627 neque
1794 582 1931 617 diaetas
1951 584 2204 619 transformare
2223 584 2277 619 vel
2297 584 2445 620 coniun-

1357 635 1440 670 gere
1460 630 1523 660 aut
1543 636 1710 671 separare
1729 627 1761 662 ei
1779 627 2014 671 permittetur,
2033 628 2088 663 vel
2108 628 2225 663 aditus
2245 629 2447 673 posticasve

1358 671 1538 713 vertere⁸‚
1574 671 1630 706 vel
1668 672 1805 724 refugia
1840 672 1997 716 aperire,
2041 672 2094 707 vel
2130 673 2260 708 atrium
2295 677 2446 717 mutare,

1358 715 1413 750 vel
1435 714 1604 750 virdiaria
1634 715 1680 751 ad
1713 717 1821 751 ahum
1853 717 1995 752 modum
2027 722 2250 752 convertere:
2284 718 2447 754 excolere

1359 760 1451 795 enim
1482 760 1577 805 quod
1607 760 1741 796 invenit
1769 765 1889 806 potest
1919 761 2091 806 qualitate
2122 762 2262 797 aedium
2285 774 2357 798 non
2379 763 2445 798 im-

1358 808 1507 840 mutata.
1543 805 1627 840 item
1649 805 1769 841 Nerva
1793 816 1892 848 eum,
1927 806 1986 841 cui
2017 806 2156 842 aedium
2187 817 2273 842 usus
2304 807 2445 845 fructus

1358 850 1495 894 legatus
1519 849 1583 892 sit,
1607 850 1715 886 altius
1738 850 1863 886 tollere
1886 861 1958 886 non
1981 861 2106 895 posse,
2131 852 2288 896 quamvis
2312 852 2447 888 lumina

1358 905 1431 930 non
1454 894 1709 938 obscurentur,
1734 895 1818 941 quia
1839 899 1975 931 tectum
1997 896 2109 941 magis
2131 896 2315 931 turbatur:
2351 897 2447 949 quod

1358 939 1481 975 Labeo
1517 939 1626 975 etiam
1660 939 1699 975 in
1732 940 1962 985 proprietatis
1997 940 2137 976 domino
2172 941 2305 976 scribit.
2352 941 2446 977 idem

1359 986 1379 1019 8
1425 983 1545 1020 Nerva
1568 995 1635 1020 nec
1658 984 1845 1021 obstruere
1868 995 1949 1020 eum
1970 995 2087 1037 posse.
2135 986 2225 1021 Item
2256 987 2286 1022 si
2319 986 2444 1022 domus

1358 1039 1445 1064 usus
1471 1028 1612 1065 fructus
1635 1028 1773 1074 legatus
1798 1030 1861 1072 sit,
1892 1030 2074 1065 meritoria
2102 1030 2175 1066 illic
2204 1031 2325 1066 facere
2347 1031 2446 1067 fruc-

1358 1073 1496 1109 tuarius
1520 1084 1594 1110 non
1617 1074 1723 1110 debet
1745 1085 1811 1110 nec
1833 1085 1899 1121 per
1920 1075 2090 1110 cenacula
2109 1074 2263 1111 dividere
2282 1076 2445 1112 domum:

1360 1119 1487 1164 atquin
1510 1118 1630 1155 locare
1652 1123 1790 1164 potest,
1815 1118 1879 1155 sed
1902 1120 2079 1172 oportebit
2101 1121 2203 1165 quasi
2227 1120 2370 1156 domum
2391 1121 2445 1156 lo-

1360 1174 1453 1199 care.
1489 1173 1556 1199 nec
1579 1163 1759 1200 balineum
1781 1164 1833 1199 ibi
1861 1164 2066 1200 faciendum
2097 1169 2162 1201 est.
2199 1165 2295 1210 quod
2325 1170 2444 1201 autem

1360 1208 1446 1244 dicit
1468 1209 1649 1244 meritoria
1671 1219 1744 1244 non
1774 1208 1954 1245 facturum
1984 1209 2036 1245 ita
2067 1210 2191 1255 accipe
2221 1220 2312 1256 quae
2342 1211 2445 1256 volgo

1359 1253 1561 1289 deversoria
1582 1253 1639 1289 vel
1660 1253 1832 1289 fullonica
1854 1255 2047 1299 appellant.
2084 1265 2148 1307 ego
2173 1255 2333 1300 quidem,
2358 1259 2394 1291 et
2416 1256 2447 1291 si

1359 1298 1539 1334 balineum
1559 1299 1607 1334 sit
1623 1299 1661 1333 in
1682 1299 1786 1334 domo
1805 1299 1929 1334 usibus
1951 1299 2136 1335 dominicis
2155 1300 2297 1335 solitum
2317 1310 2448 1336 vacare

1358 1344 1396 1378 in
1414 1343 1539 1379 intima
1557 1347 1661 1389 parte
1681 1343 1806 1379 domus
1826 1344 1882 1379 vel
1901 1344 1993 1379 inter
2012 1343 2148 1380 diaetas
2169 1355 2348 1387 amoenas,
2373 1356 2446 1381 non

1358 1393 1456 1424 recte
1479 1399 1546 1424 nec
1570 1399 1614 1424 ex
1637 1389 1721 1424 boni
1744 1389 1809 1423 viri
1832 1389 2009 1424 arbitratu
2031 1388 2230 1432 facturum,
2261 1390 2293 1425 si
2323 1390 2360 1425 id
2392 1390 2444 1425 lo—

1360 1444 1442 1469 care
1467 1434 1641 1478 coeperit,
1665 1438 1706 1469 ut
1727 1433 1870 1478 publice
1893 1434 2006 1476 lavet,
2038 1445 2110 1469 non
2134 1435 2244 1479 magis
2277 1445 2384 1480 quam
2415 1435 2446 1470 si

1360 1478 1503 1513 domum
1534 1478 1581 1513 ad
1613 1479 1804 1514 stationem
1834 1479 2070 1514 iumentorum
2104 1479 2289 1522 locaverit,
2322 1483 2386 1514 aut
2416 1480 2447 1515 si

1360 1523 1540 1558 stabulum
1564 1523 1659 1568 quod
1683 1528 1760 1558 erat
1784 1523 1909 1559 domus
1932 1524 2095 1559 iumentis
2121 1530 2156 1559 et
2180 1524 2360 1560 carruchis
2385 1535 2445 1559 va-

1361 1578 1459 1610 cans,
1508 1568 1632 1603 istrino
1656 1568 1837 1610 locaverit,

1407 1611 1459 1649 14
1515 1622 1643 1648 Ασιυε
1671 1612 1761 1648 libro
1794 1614 1898 1648 tertio
1930 1613 1980 1648 ad
2002 1612 2174 1649 Sabinum
2220 1613 2304 1650 licet
2335 1614 2447 1649 multo

1358 1658 1502 1693 minus⁹
1526 1668 1570 1693 ex
1593 1667 1637 1693 ea
1659 1668 1698 1692 re
1720 1657 1878 1693 fructum
1894 1659 1922 1679 ¹⁰
1943 1658 2126 1703 percipiat.

1408 1701 1458 1740 15
1491 1701 1685 1738 ULPIANUS
1716 1702 1807 1738 libro
1842 1707 1967 1738 octavo
2010 1703 2146 1739 decimo
2188 1703 2239 1738 ad
2271 1703 2444 1740 Sabinum

1360 1747 1430 1783 Sed
1454 1747 1484 1783 si
1508 1746 1593 1792 quid
1614 1746 1905 1790 inaedificaverit,
1929 1752 2056 1792 postea
2079 1758 2159 1783 eum
2182 1758 2297 1793 neque
2320 1748 2447 1784 tollere

1358 1793 1427 1828 hoc
1451 1802 1567 1837 neque
1589 1792 1734 1837 refigere
1757 1802 1883 1837 posse:
1916 1792 2027 1827 refixa
2057 1793 2163 1838 plane
2193 1803 2299 1838 posse
2332 1793 2444 1828 vindi-

1362 1841 1376 1872 1
1427 1847 1521 1872 care.
1568 1836 1830 1882 Mancipiorum
1854 1847 1995 1882 quoque
2017 1848 2103 1873 usus
2125 1837 2265 1873 fructus
2279 1839 2305 1859 ¹¹
2328 1837 2446 1883 legato

1358 1893 1431 1918 non
1455 1882 1562 1917 debet
1584 1882 1703 1924 abuti,
1736 1882 1799 1917 sed
1830 1882 2024 1917 secundum
2058 1882 2300 1918 condicionem
2324 1893 2446 1918 eorum

1358 1928 1429 1962 uti:
1453 1938 1536 1962 nam
1560 1926 1591 1962 si
1612 1927 1796 1962 librarium
1815 1937 1878 1962 rus
1898 1927 2017 1962 mittat
2037 1931 2072 1962 et
2091 1927 2234 1973 qualum
2253 1932 2289 1963 et
2312 1927 2445 1963 calcem

1358 1977 1504 2018 portare
1529 1976 1652 2016 cogat,
1676 1971 1883 2008 histrionem
1907 1972 2141 2007 balniatorem
2162 1972 2292 2016 faciat,
2322 1973 2377 2008 vel
2401 1973 2447 2008 de

1359 2017 1569 2063 symphonia
1591 2017 1792 2059 atriensem,
1816 2017 1871 2052 vel
1894 2017 1938 2052 de
1987 2017 2140 2052 alaestra
2163 2017 2402 2053 stercorandis
2418 2018 2447 2039 ¹²

1359 2065 1379 2097 2
1425 2062 1564 2097 latrinis
1575 2065 1785 2107 praeponat,
1798 2062 1943 2097 abutivi
1970 2062 2086 2097 ebitur
2097 2062 2324 2107 proprietate.
2362 2062 2444 2098 Suf-

1358 2107 1518 2142 ficienter
1541 2110 1663 2142 autem
1686 2107 1782 2142 alere
1806 2110 1841 2142 et
1861 2107 1990 2142 vestire
2013 2107 2118 2142 debet
2138 2107 2332 2142 secundum
2350 2107 2443 2143 ordi-

1359 2155 1379 2187 3
1426 2162 1507 2187 nem
1540 2154 1576 2186 et
1611 2151 1816 2196 dignitatem
1839 2152 2108 2197 mancipiorum.
2154 2152 2205 2187 Et
2237 2152 2447 2197 generaliter

1357 2196 1482 2232 Labeo
1515 2197 1567 2231 ait
1597 2197 1634 2231 in
1669 2196 1832 2231 omnibus
1855 2197 1962 2232 rebus
1986 2197 2175 2232 mobilibus
2198 2197 2342 2232 modum
2365 2208 2445 2232 eum

1358 2246 1478 2277 tenere
1502 2241 1640 2283 debere,
1665 2251 1711 2276 ne
1734 2251 1800 2276 sua
1820 2241 1964 2276 feritate
1982 2241 2038 2276 vel
2056 2241 2202 2276 saevitia
2221 2252 2264 2278 ea
2285 2252 2444 2277 corrum—

1359 2290 1380 2327 4
1426 2290 1507 2331 pat:
1529 2285 1686 2331 alioquin
1700 2285 1806 2321 etiam
1817 2285 1893 2330 lege
1903 2286 2047 2331 Aquilia
2059 2296 2139 2321 eum
2152 2286 2343 2322 conveniri.
2391 2286 2442 2321 Et

1359 2331 1389 2366 si
1411 2331 1703 2367 vestimentorum
1726 2341 1812 2366 usus
1835 2330 1976 2366 fructus
1999 2331 2012 2365 l
2057 2334 2136 2366 atus
2160 2331 2207 2366 sit
2226 2341 2299 2366 non
2317 2331 2379 2374 sic,
2404 2335 2446 2366 ut

1359 2375 1567 2421 quantitatis
1590 2385 1677 2410 usus
1700 2375 1839 2410 fructus
1863 2341 2224 2420 legeturffiicendum
2248 2379 2302 2411 est
2319 2376 2371 2411 ita
2390 2376 2444 2411 uti

1359 2432 1439 2456 eum
1459 2420 1600 2463 debere,
1624 2430 1670 2455 ne
1689 2420 1878 2455 abutatur:
1903 2430 1969 2455 nec
1987 2424 2105 2455 tamen
2125 2420 2336 2463 locaturum,
2351 2421 2446 2466 quia

1358 2469 1377 2500 5
1425 2465 1479 2501 vir
1501 2465 1617 2501 bonus
1641 2465 1693 2500 ita
1715 2475 1787 2500 non
1811 2469 1981 2500 uteretur.
2030 2465 2185 2501 Proinde
2217 2465 2282 2500 etsi
2305 2466 2441 2501 scaeni-

1358 2521 1422 2546 cae
1443 2510 1551 2546 vestis
1575 2520 1661 2545 usus
1684 2509 1823 2545 fructus
1847 2510 1982 2555 legetur
2003 2510 2058 2545 vel
2081 2509 2196 2545 aulaei
2218 2510 2273 2545 vel
2296 2510 2443 2546 alterius

1358 2558 1565 2600 apparatus,
1590 2555 1677 2590 alibi
1700 2565 1807 2600 quam
1830 2555 1867 2589 in
1891 2564 2023 2590 scaena
2046 2565 2118 2590 non
2142 2558 2272 2590 utetur.
2310 2554 2372 2590 sed
2396 2565 2443 2589 an

1359 2605 1394 2635 et
1417 2601 1537 2635 locare
1560 2600 1693 2645 possit,
1726 2599 1916 2635 videndum
1940 2604 2013 2635 est:
2047 2603 2083 2634 et
2112 2604 2199 2645 puto
2231 2600 2443 2642 locaturum,

1359 2650 1394 2680 et
1415 2645 1499 2680 licet
1521 2648 1673 2680 testator
1696 2645 1938 2687 commodare,
1970 2655 2043 2680 non
2076 2644 2196 2680 locare
2225 2644 2335 2679 fuerit
2359 2644 2442 2679 soli-

1335 2694 1435 2736 ¹tus,
1459 2693 1580 2725 tamen
1602 2690 1719 2734 ipsum
1741 2689 1976 2724 fructuarium
2008 2689 2206 2725 locaturum
2238 2694 2311 2724 tam
2342 2699 2442 2724 scae-

1359 2739 1378 2771 6
1425 2735 1543 2770 nicam
1567 2745 1673 2780 quam
1703 2734 1888 2769 funebrem
1918 2738 2062 2769 vestem.
2109 2733 2342 2778 Proprietatis
2376 2733 2439 2769 do-

1358 2779 1473 2815 minus
1497 2790 1569 2815 non
1592 2779 1736 2815 debebit
1758 2778 1927 2824 impedire
1949 2778 2185 2814 fructuarium
2203 2779 2254 2813 ita
2273 2783 2443 2824 utentem,

1359 2835 1403 2860 ne
1423 2824 1629 2860 deteriorem
1652 2824 1726 2860 eius
1746 2823 1989 2859 condicionem
2008 2823 2130 2858 faciat.
2167 2823 2211 2858 de
2231 2823 2442 2876 quibusdam

1358 2869 1464 2914 plane
1488 2869 1684 2911 dubitatur,
1709 2869 1739 2904 si
1763 2879 1842 2904 eum
1865 2868 1918 2903 uti
1940 2868 2137 2912 prohibeat,
2163 2879 2210 2903 an
2232 2878 2309 2903 iure
2327 2867 2364 2903 id
2384 2868 2440 2903 fa-

1360 2914 1449 2949 ciat:
1483 2917 1524 2949 ut
1555 2918 1643 2959 puta
1667 2913 1796 2955 doleis,
1830 2913 1860 2948 si
1882 2912 1975 2948 forte
1998 2912 2099 2947 fundi
2122 2923 2209 2948 usus
2231 2913 2371 2948 fructus
2394 2913 2442 2947 sit

1357 2959 1390 2994 le
1414 2963 1506 3001 atus,
1531 2963 1567 2994 et
1588 2962 1718 3011 putant
1741 2957 1894 3003 quidam,
1920 2958 1984 2992 etsi
2010 2957 2152 2993 defossa
2176 2958 2257 3000 sint,
2281 2957 2334 2992 uti
2357 2968 2441 3002 pro-

1358 2970 1569 3039 hibendum:
1594 3003 1687 3038 idem
1711 3007 1746 3038 et
1767 3003 1810 3054 in·
1828 3002 1927 3038 seriis
1953 3008 1989 3054 et
2011 3003 2048 3037 in
2071 3013 2140 3047 cup
2167 3003 2256 3054 is·et
2278 3002 2315 3037 in
2339 3002 2439 3037 cadis

1358 3053 1394 3084 et
1417 3048 1597 3093 amphoris
1620 3051 1768 3093 putant:
1801 3047 1892 3082 idem
1917 3051 1952 3081 et
1974 3058 2011 3081 in
2035 3058 2144 3092 specu
2159 3047 2298 3089 aribus,
2323 3047 2354 3082 si
2377 3047 2439 3082 do-

1358 3103 1436 3128 mus
1460 3103 1546 3128 usus
1568 3092 1709 3128 fructus
1728 3092 1875 3136 legetur.
1911 3092 1975 3127 sed
1995 3102 2058 3136 ego
2078 3096 2176 3137 puto,
2202 3092 2269 3127 nisi
2289 3091 2335 3127 sit
2354 3102 2440 3126 con-

1358 3137 1469 3173 traria
1491 3137 1665 3179 voluntas,
1690 3137 1797 3172 etiam
1819 3136 2089 3172 instrumentum
2113 3136 2215 3171 fundi
2236 3136 2291 3172 vel
2315 3136 2441 3171 domus

1359 3186 1378 3217 ’1
1427 3182 1610 3218 contineri.
1658 3181 1727 3217 Sed
1746 3191 1812 3216 nec
1834 3181 2037 3216 servitutem
2047 3181 2227 3226 imponere
2248 3180 2358 3216 fundo
2375 3190 2439 3224 po·

1355 3230 1426 3263 test
1436 3226 1691 3272 proprietarius
1714 3235 1780 3261 nec
1804 3226 1966 3261 amittere
1997 3226 2217 3261 servitutem:
2253 3225 2440 3270 adquirere

1382 3272 1466 3308 lane
1488 3271 1693 3307 servitutem
1717 3281 1797 3307 eum
1827 3280 1932 3316 posse
1965 3270 2070 3305 etiam
2099 3270 2209 3305 invito
2241 3269 2439 3305 fructuario

1358 3283 1517 3352 fulianus
1552 3316 1705 3369 scripsit.
1754 3315 1880 3361 quibus
1925 3317 2181 3359 consequenter
2219 3314 2440 3350 fructuarius

1359 3360 1499 3406 quidem
1523 3361 1709 3406 adquirere
1730 3359 1841 3395 fundo
1865 3359 2068 3395 servitutem
2091 3369 2163 3395 non
2186 3363 2322 3405 potest,
2354 3358 2437 3394 reti·

1358 3415 1444 3440 nere
1475 3409 1593 3440 autem
1624 3408 1759 3451 potest:
1796 3409 1832 3440 et
1861 3404 1892 3439 si
1922 3403 2016 3439 forte
2046 3403 2177 3438 fuerint
2212 3414 2283 3439 non
2319 3406 2440 3438 utente

1359 3449 1555 3485 fructuario
1592 3450 1762 3491 amissae,
1797 3449 1866 3484 hoc
1900 3458 2040 3493 quoque
2073 3448 2215 3483 nomine
2249 3447 2436 3483 tenebitur.

1361 3564 1403 3600 (4)
1427 3563 1475 3595 εἰσ
1487 3563 1522 3595 F
1527 3562 1537 3582 ¹
1551 3574 1619 3595 cum
1631 3562 1706 3604 BS,
1720 3560 1810 3604 quod
1820 3559 1903 3594 F’S

1359 3606 1489 3648 luptate
1502 3606 1548 3639 F'¹
1653 3608 1696 3648 (τ)
1721 3606 1868 3640 deiecere
1882 3604 1915 3637 F
2015 3607 2059 3647 (8)
2084 3606 2131 3639 sic
2142 3605 2177 3638 F
2184 3605 2193 3625 ¹
2205 3618 2274 3638 cum
2287 3604 2333 3643 B,
2347 3615 2436 3636 erer-

1360 3655 1428 3683 tere
1441 3651 1494 3683 F²
1615 3653 1660 3693 (9)
1684 3651 1808 3692 minus]
1821 3650 1902 3682 licet
1914 3650 1965 3683 F*
2089 3652 2148 3690 (ιο)
2173 3650 2341 3682 fruetuum
2355 3648 2431 3682 Hal

1359 3699 1412 3735 (ιι)
1439 3706 1500 3728 usu
1513 3695 1625 3729 fructu
1639 3695 1668 3729 S
1759 3698 1816 3735 (12)
1841 3694 2106 3727 destercorandis
2118 3694 2272 3728 Breuem.

1993 3563 2035 3598 (5)
2060 3559 2213 3594 idemF¹
2312 3562 2356 3599 (ο)
2381 3570 2437 3591 vo—

2269 118 2332 150 na
2360 119 2442 152 usn
2473 0 2528 159 a}

2517 162 2528 190 ,1

2514 207 2528 230 ὑ

2519 291 2528 322 i

2519 379 2528 405 S
