2528 3918
93 136 154 165 DE
170 133 364 165 SENATUS
380 133 614 165 CONSULTO
629 132 956 165 MACEDoNiANO

93 248 105 279 1
157 244 281 289 ‘patris
316 245 429 278 morte
463 241 561 276 fieri?
608 241 647 276 Si
676 240 849 286 pendeat,
880 252 927 276 an
958 242 1006 278 sit
1034 241 1072 277 111
1094 245 1175 287 pot-

90 292 204 324 estate
234 289 346 331 filius,
378 291 419 322 ut
447 290 537 331 puta
567 286 735 331 quoniam
764 291 904 331 patrem
935 287 1033 333 apud
1053 288 1176 323 hostes

89 335 215 376 habet,
248 334 286 368 in
308 331 477 378 pendenti
501 334 572 374 est,
604 341 650 366 an
673 331 711 366 in
735 335 880 366 senatus
905 333 1108 368 consultum
1131 333 1177 368 sit

91 379 331 414 commissum:
356 386 437 412 nain
461 375 491 411 si
513 376 701 412 recciderit
723 377 760 412 in
779 380 1005 421 potestatem,
1030 380 1176 413 senatus

90 424 252 459 consulto
274 423 375 458 locus
400 424 472 463 est,
505 421 695 464 siminus,
729 426 864 457 cessat:
896 423 1038 457 interim
1069 423 1176 467 igitur

88 472 108 504 2
156 466 361 512 deneganda
385 470 440 501 est
463 467 569 511 actio.
618 466 721 502 Certe
746 467 777 502 si
799 467 992 512 adrogatus
1015 472 1176 502 mutuam

87 512 272 559 pecuniam
297 511 486 555 acceperit,
512 511 639 547 deinde
663 512 710 547 sit
732 512 929 553 restitutus,
954 515 995 547 ut
1018 512 1173 548 emanci-

86 561 242 603 paretur,
267 561 412 592 senatus
438 557 639 591 consultum
662 557 780 593 locum
803 557 968 592 habebit:
993 557 1062 592 fuit
1082 558 1175 592 enim

87 607 106 638 3
152 602 246 637 1111113
277 601 442 636 familias.
490 602 532 636 In
555 602 628 636 filio
652 601 806 637 familias
830 602 918 637 nihil
942 602 1095 647 dignitas
1118 602 1173 637 fa-

87 647 154 689 cit,
197 657 266 691 quo
303 647 418 681 minus
455 650 600 682 senatus
636 647 839 682 consultum
873 647 1174 683 Macedonianum

86 693 203 728 locum
232 692 382 727 habeat:
416 702 499 726 nain
530 692 668 727 etiamsi
700 692 825 727 consul
855 692 902 727 sit
931 693 987 728 vel
1020 692 1173 728 cuiusvis

86 737 276 782 dignitatis,
302 740 447 772 senatus
472 737 635 772 consulto
659 737 762 772 locus
786 740 858 773 est·⁴
883 737 952 773 nisi
974 737 1068 773 forte
1093 748 1172 773 cas-

84 787 203 818 trense
225 782 403 828 peculium
425 782 574 817 habeat:
609 786 696 818 tunc
729 782 820 818 enim
852 786 998 818 senatus
1031 783 1172 818 consul-

84 831 160 863 tum
186 827 342 863 cessabit

130 870 155 909 2
179 872 287 908 IDEM
305 872 396 908 libro
419 873 673 919 sexaqensimo
698 874 828 918 quarto
852 873 903 908 ad
924 873 1078 909 edictum
1113 884 1172 908 us-

85 928 152 970 que
176 917 222 952 ad
245 918 480 962 quantitatem
504 918 695 953 castrensis
719 918 860 962 peculii,
887 929 968 953 cum
987 917 1051 952 filii
1068 918 1172 953 fami-

85 963 148 998 has
171 963 209 998 in
233 963 407 998 castrensi
429 963 570 1008 peculio
594 964 671 998 vice
694 966 837 1008 patrum
856 963 1071 998 familiarum
1089 962 1171 998 fun-

83 1011 222 1052 gantur.

129 1051 153 1090 3
178 1053 286 1088 IDEM
304 1053 394 1090 libro
418 1054 608 1090 vicensimo
631 1064 727 1089 nono
751 1053 802 1089 ad
822 1053 976 1089 edictum
1023 1053 1062 1089 Si
1093 1053 1171 1099 quis

83 1102 221 1144 patrem
251 1098 404 1134 familias
438 1109 516 1134 esse
548 1097 697 1134 credidit
727 1110 800 1135 non
830 1109 923 1134 vana
946 1099 1172 1144 simplicitate

84 1144 253 1189 deceptus
277 1154 343 1179 nec
366 1144 453 1179 iuris
476 1144 489 1179 i
537 1144 686 1183 orantia,
711 1144 775 1179 sed
798 1144 882 1188 quia
905 1145 1049 1190 publice
1068 1148 1173 1189 pater

82 1189 235 1224 familias
256 1189 434 1234 plerisque
452 1189 486 1224 vi
512 1189 650 1231 ebatur,
675 1188 727 1225 sic
750 1189 888 1234 agebat,
912 1189 964 1225 sic
985 1190 1170 1225 contrahe-

83 1234 156 1276 bat,
181 1234 232 1270 sic
255 1235 461 1270 muneribus
484 1234 711 1279 fungebatur,
736 1235 891 1270 cessabit
914 1239 1060 1270 senatus
1085 1245 1170 1270 con-

88 1282 100 1313 1
151 1279 293 1314 sultum.
341 1279 443 1316 Unde
475 1280 634 1314 Iulianus
669 1279 759 1315 libro
797 1279 1006 1315 duodecimo
1041 1280 1080 1315 in
1116 1289 1169 1321 00,

84 1324 143 1368 (1111
166 1325 352 1369 vectigalia
377 1324 554 1360 conducta
577 1325 745 1367 habebat,
769 1325 894 1360 scribit
918 1329 967 1365 (et
988 1329 1042 1360 est
1062 1335 1171 1369 saepe

84 1372 102 1404 2
151 1370 395 1413 constitutum)
421 1380 562 1405 cessare
585 1374 731 1405 senatus
756 1371 968 1406 consultum.
1016 1370 1171 1405 Proinde

83 1418 119 1449 et
140 1415 176 1449 in
201 1425 260 1456 eo,
309 1416 346 1449 ui
369 1415 461 1450 scire
484 1426 557 1450 non
580 1415 716 1460 potuit,
748 1425 796 1450 an
819 1415 913 1450 filius
935 1415 1088 1450 familias
1113 1415 1169 1457 sit,

81 1460 240 1495 Iulianus
270 1460 295 1494 li
321 1470 360 1495 ro
393 1460 598 1495 duodecimo
633 1470 774 1495 cessare
798 1465 943 1496 senatus
969 1461 1168 1496 consultum

83 1506 151 1546 ait,
188 1509 229 1539 ut
262 1509 350 1550 puta
380 1505 418 1540 in
448 1505 584 1550 pupillo
615 1505 671 1541 vel
701 1506 838 1541 minore
869 1507 991 1551 viginti
1015 1506 1171 1551 quinque

83 1551 195 1585 annis.
234 1550 356 1585 sedin
379 1551 531 1593 minore,
565 1561 676 1586 causa
709 1551 851 1596 cognita
883 1555 919 1586 et
950 1562 972 1586 a
1004 1556 1170 1596 praetore

83 1595 378 1631 succurrendum:
411 1596 448 1630 in
481 1596 615 1641 pupillo
649 1599 769 1631 autem
801 1597 907 1631 etiam
938 1596 1009 1631 alia
1032 1596 1171 1631 ratione

83 1641 204 1675 debuit
224 1640 341 1676 dicere
362 1651 502 1676 cessare
521 1645 667 1676 senatus
688 1642 901 1684 consultum,
927 1642 1023 1687 quod
1046 1645 1171 1676 mutua

82 1686 233 1731 pecunia
264 1697 336 1721 non
368 1686 427 1728 fit,
483 1697 566 1721 uam
597 1686 673 1722 sine
703 1687 831 1722 tutoris
867 1688 1081 1723 auctoritate
1103 1698 1169 1732 pu-

82 1731 186 1775 pillus
220 1730 300 1783 datu
334 1697 629 1783 quemadmodum
660 1731 737 1776 ipse
769 1732 856 1768 dicit
885 1733 1044 1767 Iulianus
1078 1732 1169 1767 libro

82 1776 303 1817 duodecimo,
328 1786 358 1811 si
381 1775 474 1811 filius
497 1776 649 1812 familias
675 1777 875 1820 crediderit,
900 1788 1042 1813 cessare
1065 1788 1169 1812 sena-

82 1825 139 1859 tus
160 1822 370 1863 consultum,
396 1821 491 1867 quod
514 1826 639 1857 mutua
661 1822 814 1867 pecunia
837 1834 909 1859 non
932 1823 984 1865 fit,
1009 1823 1169 1868 quamvis

83 1866 228 1901 liberam
258 1866 389 1911 peculii
419 1867 761 1903 administrationem
792 1868 938 1903 habuit:
972 1879 1045 1903 non
1077 1868 1169 1903 enim

85 1911 229 1955 perdere
254 1912 285 1946 ei
309 1911 487 1956 peculium
509 1916 613 1958 pater
636 1913 819 1955 concedit,
844 1924 926 1948 cum
949 1913 1081 1958 peculii
1105 1913 1168 1948 ad-

85 1956 374 1992 ministrationem
395 1958 586 2010 permittit:
611 1961 646 1993 et
667 1958 748 1994 ideo
772 1958 1046 1994 vindicationem
1066 1969 1168 1993 num-

82 2004 101 2036 3
148 2013 286 2037 morum
309 2004 427 2047 patn¹
453 2013 639 2048 superesse
663 2003 723 2038 ait.
771 2004 806 2039 Is
840 2008 960 2039 autem
990 2004 1088 2040 solus
1113 2013 1168 2038 se-

83 2050 187 2082 natus
213 2048 415 2083 consultum
439 2048 597 2090 offendit,
622 2049 683 2093 qui
705 2052 866 2084 mutuam
888 2049 1078 2095 pecuniam
1095 2048 1168 2084 filio

84 2091 232 2128 familias
257 2092 363 2135 dedit,
387 2103 460 2128 non
507 2093 544 2128 ui
567 2094 655 2129 alias
679 2095 878 2137 contraxit,
901 2098 990 2140 puta
1012 2093 1170 2130 vendidit

80 2136 211 2173 locavit
233 2138 289 2172 vel
312 2138 380 2173 alio
395 2139 410 2159 2
432 2149 489 2173 mo
518 2149 538 2174 0
564 2139 759 2174 contraxit:
791 2149 875 2174 nam
906 2140 1081 2185 pecuniae
1105 2139 1168 2174 da-

80 2182 129 2218 tio
164 2182 367 2227 perniciosa
400 2184 609 2228 parentibus
645 2195 769 2220 eorum
801 2185 878 2220 visa
910 2188 974 2220 est.
1020 2188 1056 2220 et
1086 2184 1167 2220 ideo

82 2227 148 2262 etsi
170 2228 206 2262 in
231 2228 402 2263 creditum
427 2229 521 2263 abii³
543 2229 616 2264 filio
639 2229 793 2265 familias
816 2230 872 2265 vel
896 2240 940 2266 ex
964 2240 1075 2265 causa
1096 2239 1167 2264 em-

80 2273 211 2317 ptionis
234 2273 290 2308 vel
313 2283 357 2308 ex
380 2273 450 2309 alio
476 2278 682 2317 contractu,
713 2275 750 2310 in
782 2286 852 2320 quo
884 2275 1073 2321 pecuniam
1096 2285 1169 2310 non

81 2318 279 2360 numeravi,
317 2318 383 2353 etsi
416 2319 607 2364 stipulatus
643 2320 729 2356 sim:
771 2320 856 2356 licet
898 2321 1055 2366 coeperit
1091 2330 1169 2355 esse

80 2367 204 2398 mutua
226 2363 390 2415 pecunia,
414 2367 534 2400 tamen
557 2365 641 2410 quia
663 2366 837 2410 pecuniae
855 2366 1054 2401 numeratio
1073 2366 1167 2401 n0n⁴¹

82 2412 272 2450 concurrit,
293 2412 410 2444 cessat
430 2414 574 2445 senatus
595 2411 808 2446 consultum.
842 2411 938 2456 quod
955 2411 1008 2446 ita
1027 2410 1168 2446 demum

82 2453 147 2488 erit
171 2453 379 2496 dicendum,
404 2454 434 2489 si
458 2466 529 2491 non
552 2455 652 2492 fraus
677 2460 823 2492 senatus
847 2457 1011 2492 consulto
1036 2456 1082 2491 sit
1106 2466 1167 2491 co-

81 2499 213 2547 g‘rtata,
247 2509 287 2536 ut
323 2501 407 2555 qui⁵
440 2501 585 2538 credere
620 2512 692 2537 non
723 2502 841 2583 gotuit
872 2501 983 2547 magis
1020 2501 1052 2536 ei
1082 2511 1167 2536 ven-

35 2551 39 2556 ’
82 2547 223 2589 deretss,
256 2550 297 2582 ut
326 2547 385 2582 ille
416 2548 469 2582 rei
498 2547 652 2592 pretium
675 2547 723 2582 ha
750 2550 824 2582 eret
846 2547 884 2582 in
907 2546 1020 2582 mutui
1043 2546 1166 2581 vicem.

81 2595 102 2626 4
149 2592 186 2627 Si
210 2602 231 2626 a
254 2592 325 2627 filio
349 2591 501 2627 familias
526 2592 717 2638 stipulatus
741 2592 807 2627 sim
831 2596 866 2627 et
887 2592 983 2637 patri
1013 2591 1168 2626 familias

81 2637 176 2672 facto
202 2637 421 2680 crediderim,
446 2638 518 2673 sive
537 2638 654 2682 capite
674 2637 875 2673 deminutus
896 2638 943 2672 sit
962 2637 1035 2672 sive
1054 2640 1168 2672 morte

80 2682 193 2762 patris
228 2682 284 2717 vel
318 2682 406 2717 alias
442 2683 497 2718 sui
530 2683 616 2718 iuris
652 2682 729 2718 sine
765 2683 892 2728 capitis
928 2682 1168 2717 deminutione

97 2727 188 2762 uerit
212 2727 370 2770 effectus,
397 2727 502 2763 debet
525 2728 595 2763 dici
618 2738 760 2764 cessare
783 2731 929 2763 senatus
954 2727 1166 2768 consultum,

81 2773 164 2817 quia
187 2775 311 2807 mutua
333 2773 404 2807 iam
454 2772 522 2808 atri
543 2772 697 2808 familias
722 2773 808 2808 data
832 2776 905 2808 est:

126 2816 152 2854 4
177 2817 379 2853 SCAEVOLA
398 2817 426 2853 li
447 2829 489 2853 ro
501 2818 659 2854 seeundo
671 2819 921 2864 quaestionum
968 2817 1052 2862 quia
1072 2817 1167 2862 quod

82 2863 182 2907 vulgo
209 2862 339 2897 dicitur
361 2862 434 2898 filio
457 2862 611 2898 familias
636 2863 733 2899 credi
755 2874 828 2899 non
859 2863 986 2905 licere,
1018 2872 1090 2897 non
1122 2862 1168 2896 ad

82 2908 189 2943 verba
212 2907 438 2943 referendum
462 2912 527 2951 est,
552 2908 615 2943 sed
639 2908 686 2943 ad
708 2908 1000 2944 numerationem.

127 2950 151 2989 5
176 2952 335 2988 was
361 2953 452 2989 libro
484 2955 588 2989 tertio
613 2955 862 2999 quaestionum
908 2953 1005 2997 Ergo
1038 2952 1096 2987 hic
1131 2955 1168 2987 et

82 2998 117 3032 in
140 2998 291 3033 solidum
315 2998 552 3041 damnabitur,
577 3009 649 3034 non
667 2999 705 3034 in
723 2998 763 3045 id
781 2998 877 3043 quod
896 2998 1017 3033 facere
1036 3000 1164 3042 potest.

128 3041 153 3080 6
183 3042 385 3078 SCAEVOLA
421 3044 512 3079 libro
545 3043 703 3080 secundo
738 3044 986 3089 quaestionum
1035 3043 1167 3077 Contra

84 3089 188 3123 etiam
212 3092 309 3123 recte
339 3088 510 3131 dicitur⁷‚
543 3089 573 3124 si
606 3099 628 3124 a
658 3092 762 3134 patre
791 3088 944 3124 familias
975 3088 1167 3132 stipulatus

83 3133 149 3176 sis,
183 3133 308 3168 credas
339 3137 466 3179 postea
487 3134 560 3169 filio
591 3133 744 3169 familias
775 3133 894 3176 facto,
927 3136 1071 3168 senatus
1102 3143 1166 3177 po-

82 3181 247 3213 testatem
275 3178 527 3222 exercendam,
560 3179 643 3224 quia
674 3179 815 3224 expleta
838 3182 893 3214 est
923 3178 1167 3214 numeratione

84 3224 284 3259 substantia
308 3224 543 3268 obligationis.

129 3267 153 3305 7
185 3268 381 3305 mmm
400 3269 491 3305 libro
515 3270 681 3305 vicesimo
705 3280 800 3304 nono
822 3268 872 3304 ad
889 3268 1043 3304 edictum
1078 3268 1167 3302 Item

85 3313 114 3347 si
135 3313 229 3349 filius
251 3313 404 3350 familias
435 3314 666 3357 fideiusserit,
690 3314 858 3349 Neratius
881 3314 972 3349 libro
995 3313 1108 3358 primo
1134 3315 1170 3347 et

85 3359 239 3394 secundo
270 3369 524 3404 responsorum
548 3369 688 3395 cessare
712 3362 856 3394 senatus
881 3359 1082 3395 consultum
1106 3357 1166 3392 ait.

84 3402 175 3438 idem
200 3403 324 3439 Celsus
347 3404 438 3439 libro
463 3408 603 3449 quarto.
640 3404 703 3440 sed
725 3404 884 3439 Iulianus
908 3404 1028 3442 adicit.
1054 3403 1083 3438 si
1108 3413 1167 3437 co-

84 3447 139 3482 lor
161 3449 344 3494 quaesitus
366 3449 430 3492 sit,
463 3453 503 3484 ut
526 3449 619 3485 fflius
642 3449 814 3492 familias,
840 3449 901 3494 qui
923 3452 1084 3483 mutuam
1109 3457 1167 3482 ac-

87 3497 254 3538 cepturus
278 3497 366 3536 erat,
389 3494 597 3529 fideiuberet
619 3495 688 3530 alio
712 3505 774 3530 reo
799 3494 902 3536 dato,
926 3493 1089 3528 fraudem
1113 3502 1167 3527 se-

86 3541 192 3574 natus
216 3539 380 3575 consulto
410 3539 545 3574 factam
575 3549 705 3575 nocere
736 3543 772 3574 et
803 3539 956 3573 dandam
988 3538 1167 3582 exceptio-

87 3653 128 3693 (1)
153 3652 259 3694 patris
272 3651 307 3684 F
390 3652 433 3692 (2)
459 3652 552 3684 aliF

89 3697 303 3729 metationem
316 3697 350 3729 F
414 3698 455 3737 (5)
471 3697 527 3729 cui
545 3697 673 3730 lansius

89 3744 183 3773 cetur
195 3742 228 3773 F
232 3741 247 3761 ²
350 3743 392 3782 (8)
417 3746 553 3773 mutuae
565 3742 600 3774 F

645 3654 688 3694 (3)
714 3652 786 3684 abit
798 3653 832 3685 F
929 3653 971 3692 (4)
996 3653 1045 3684 sic
1055 3651 1092 3690 S,
1106 3661 1167 3682 nu-

743 3699 786 3738 (6)
808 3697 949 3729 vendere
960 3695 995 3727 F
1059 3695 1167 3737 (7)(11-

693 3743 737 3783 (9)
762 3741 928 3774 fructibus
942 3741 1005 3773 del.
1017 3741 1170 3783 Krueqer

1172 117 1251 166 193

2154 123 2336 167 ΧῙΠΙ6

1245 253 1325 278 110111
1348 247 1422 278 tam
1445 242 1518 278 filio
1542 242 1695 279 familias
1720 254 1825 289 quam
1848 254 1922 287 reo,
1947 245 2115 291 quoniam
2138 249 2175 281 et
2194 245 2336 281 fideius-

1248 291 1263 322 1
1313 288 1387 323 sori
1409 287 1472 323 filii
1496 288 1715 323 subvenitur.
1764 290 1861 324 Idem
1892 290 1961 332 ait,
1995 291 2026 326 si
2057 290 2146 326 duos
2170 300 2252 326 reos
2275 301 2336 326 ac-

1245 343 1286 368 ce
1314 343 1374 368 ero
1397 333 1509 368 filium
1532 332 1687 368 familias
1712 337 1748 368 et
1771 334 1922 378 Titium,
1956 346 2035 371 cum
2069 336 2117 371 ad
2146 335 2258 371 filium
2281 336 2336 371 fa-

1244 389 1291 412 mi
1308 378 1359 413 'as
1391 381 1486 413 esset
1519 382 1735 422 perventura
1766 381 1937 423 pecunia,
1973 380 2052 417 ideo
2088 384 2208 417 autem
2237 392 2337 417 reum

1245 423 1379 458 Titium
1409 423 1628 468 acceperim,
1659 433 1706 458 ne
1761 424 1840 459 uasi
1863 425 2052 461 fideiussor
2075 426 2206 462 auxilio
2231 436 2336 462 sena-

1243 471 1303 503 tus
1327 468 1481 504 consulti
1505 471 1675 511 uteretur,
1699 479 1724 503 u
1767 478 1822 503 em
1845 479 1924 505 esse
1945 471 2190 516 exceptionem
2211 471 2336 506 adver-

1245 516 1264 548 2
1313 524 1373 548 sus
1407 513 1571 548 fraudem
1608 513 1774 548 dandam.
1823 513 1885 548 Set
1920 519 1956 550 et
1988 516 2019 550 si
2052 516 2147 552 filius
2181 515 2336 552 familias

1243 561 1347 604 patre
1377 568 1442 594 suo
1476 559 1631 603 relegato
1655 558 1712 593 vel
1734 558 1839 603 longo
1863 563 2024 604 tempore
2047 561 2195 597 absente
2219 561 2337 597 dotem

1242 614 1308 648 pro
1333 603 1406 638 filia
1429 604 1633 649 promiserit
1656 607 1691 638 et
1713 613 1788 638 rem
1811 604 1924 649 patris
1947 605 2086 649 pignori
2108 606 2254 649 dederit,
2279 617 2336 642 se-

1243 653 1350 683 natus
1372 649 1574 684 consultum
1594 648 1760 684 cessabit.
1796 649 1910 694 patris
1930 652 2048 685 tamen
2066 661 2123 686 res
2143 662 2216 687 non
2236 655 2335 687 tene-

1242 694 1357 728 bitur:
1390 694 1497 739 plane
1527 694 1558 729 si
1588 694 1684 739 patri
1706 694 1809 728 heres
1833 694 2008 729 exstiterit
2030 695 2125 731 filius
2149 700 2185 731 et
2234 696 2242 704 '
2293 707 2335 732 us

1243 742 1263 773 3
1309 742 1557 791 persequatur,
1579 739 1787 784 exceptione
1807 738 1878 774 doli
1891 741 2181 777 summovebitur.
2258 742 2336 777 utui

1243 783 1424 819 dationem
1459 795 1532 819 non
1567 784 1683 819 solum
1725 788 1934 819 numeratae
1975 786 2168 830 pecuniae,
2211 796 2335 822 verum

1243 828 1411 871 omnium,
1436 839 1529 874 quae
1552 830 1702 864 1111111111Β
1726 828 1803 864 dari
1825 833 1988 874 possunt,
2014 840 2061 865 an
2085 832 2246 883 accipere
2271 832 2332 867 de-

1242 874 1412 916 beamus,
1445 874 1647 910 videndum.
1684 874 1748 909 sed
1770 875 1881 910 verba
1903 874 2068 910 videntur
2091 876 2176 910 1111111
2199 876 2246 911 ad
2268 888 2334 912 nu-

1242 922 1415 954 meratam
1434 919 1624 964 pecuniam
1642 919 1786 955 referri:
1812 920 1864 954 ait
1884 919 1977 955 enim
1997 924 2142 956 senatus
2162 924 2335 956 ‘mutuam

1242 964 1443 1010 ‘pecuniam
1468 964 1645 1000 dedisset'.
1683 965 1746 1000 sed
1765 964 1796 1000 si
1814 964 1915 1000 fraus
1937 965 1984 1000 sit
2003 970 2149 1001 senatus
2171 967 2333 1002 consulto

1242 1010 1421 1052 adhibita,
1463 1013 1554 1054 puta
1586 1009 1766 1045 frumento
1799 1010 1855 1045 vel
1889 1010 1971 1045 vino
2006 1011 2063 1046 vel
2096 1011 2174 1046 oleo
2210 1015 2334 1046 mutuo

1242 1055 1346 1097 dato,
1378 1058 1421 1090 ut
1450 1055 1506 1090 his
1539 1054 1721 1090 distractis
1752 1054 1957 1090 fructibus⁹
1979 1058 2140 1091 uteretur
2170 1058 2334 1101 pecunia,

1241 1103 1262 1135 4
1308 1100 1589 1135 subveniendum
1613 1104 1667 1135 est
1690 1100 1762 1135 filio
1786 1099 1950 1136 familias.
1998 1100 2037 1136 Si
2067 1100 2161 1136 filius
2184 1102 2221 1136 in
2245 1102 2333 1136 alte-

1240 1145 1315 1180 rius
1339 1149 1417 1180 erat
1438 1148 1628 1190 potestate,
1655 1157 1736 1181 cum
1759 1149 1886 1180 mutua
1911 1145 2076 1189 daretur,
2102 1157 2197 1182 nunc
2220 1147 2257 1181 in
2281 1147 2333 1181 al-

1240 1191 1363 1233 terius,
1387 1201 1488 1226 mens
1511 1195 1656 1226 senatus
1678 1191 1832 1226 consulti
1850 1201 1923 1226 non
1943 1195 2078 1226 cessat:
2105 1192 2248 1227 dabitur
2267 1192 2334 1227 ita-

1241 1239 1259 1270 5
1309 1247 1377 1281 que
1402 1236 1574 1281 exceptio.
1623 1236 1695 1272 Sed
1718 1239 1754 1271 et
1777 1236 1808 1271 si
1830 1236 1925 1281 patri
1949 1236 2024 1271 eius
2044 1247 2116 1271 non
2136 1247 2244 1279 mors,
2270 1237 2333 1272 sed

1241 1281 1312 1316 alia
1336 1291 1446 1316 causa
1467 1281 1634 1317 inciderit
1656 1292 1726 1327 quo
1751 1282 1869 1316 minus
1893 1281 1940 1317 sit
1961 1281 1999 1316 in
2024 1282 2185 1325 civitate,
2210 1282 2331 1317 dicen-

1240 1330 1261 1361 6
1308 1326 1393 1362 (111111
1416 1330 1562 1362 senatus
1588 1327 1751 1362 consulto
1776 1327 1895 1362 locum
1915 1337 2004 1362 esse.
2051 1326 2135 1362 Non
2155 1327 2271 1363 solum
2291 1327 2334 1370 ei,

1240 1371 1302 1417 qui
1324 1376 1484 1407 mutuam
1507 1371 1674 1415 dedisset,
1699 1371 1763 1407 sed
1786 1376 1822 1407 et
1841 1372 2109 1408 successoribus
2130 1372 2205 1408 eius
2227 1373 2334 1408 dene-

1241 1421 1258 1451 7
1307 1417 1427 1462 ganda
1451 1420 1506 1453 est
1528 1418 1634 1453 actio.
1682 1417 1838 1452 Proinde
1864 1421 1900 1453 et
1922 1417 1953 1452 si
1977 1417 2067 1452 alius
2091 1421 2252 1453 mutuam
2273 1417 2334 1452 de-

1240 1462 1310 1504 dit,
1343 1462 1433 1498 alius
1458 1462 1651 1507 stipulatus
1676 1466 1749 1505 est,
1781 1462 1926 1497 dabitur
1957 1462 2127 1498 adversus
2160 1473 2241 1498 eum
2273 1473 2333 1498 ex-

1240 1508 1377 1552 ceptio,
1410 1508 1496 1543 licet
1518 1508 1576 1543 hic
1600 1518 1673 1543 non
1697 1507 1842 1543 dederit.
1876 1507 1940 1543 sed
1963 1511 1999 1543 et
2022 1507 2053 1543 si
2076 1508 2249 1544 alteruter
2272 1518 2331 1543 eo-

1238 1564 1318 1588 rum
1340 1553 1515 1598 ignoravit
1536 1553 1574 1588 in
1605 1553 1719 1598 patris
1752 1563 1831 1588 esse
1858 1556 2058 1605 potestate,
2091 1554 2247 1589 severius
2278 1553 2331 1588 di-

1241 1598 1392 1634 cendum
1423 1602 1479 1634 est
1508 1598 1649 1643 utrique
1679 1608 1819 1634 nocere.
1855 1598 1950 1633 idem
1974 1602 2028 1633 est
2059 1602 2095 1634 et
2124 1599 2162 1633 in
2193 1598 2333 1634 duobus

1241 1646 1260 1678 8
1306 1643 1376 1678 reis
1390 1645 1418 1664 ¹⁰
1441 1643 1647 1689 stipulandi.
1695 1644 1785 1679 Item
1809 1643 1840 1678 si
1864 1643 1953 1679 duos
1976 1642 2070 1678 filios
2092 1643 2245 1679 familias
2270 1653 2330 1679 ac-

1240 1698 1368 1734 cepero
1402 1699 1505 1731 reos,
1549 1688 1613 1724 sed
1649 1689 1801 1723 alterum
1835 1688 1961 1734 putavi
1994 1692 2134 1734 patrem
2167 1688 2333 1731 familias,

1239 1734 1418 1777 intererit,
1443 1734 1490 1769 ad
1513 1744 1618 1779 quem
1640 1734 1794 1779 pecunia
1816 1734 1988 1778 pervenit,
2013 1737 2064 1776 ut,
2089 1734 2120 1770 si
2142 1744 2223 1769 eum
2247 1733 2334 1769 scivi

1239 1779 1353 1815 filium
1374 1778 1529 1814 familias
1554 1779 1600 1814 ad
1623 1790 1728 1824 quem
1750 1779 1911 1824 pervenit
1933 1779 2096 1824 pecunia,
2122 1779 2332 1824 exceptione

1241 1834 1483 1867 summovear,
1515 1824 1547 1859 si
1569 1824 1617 1859 ad
1640 1835 1722 1860 eum
1745 1834 1850 1869 quem
1871 1824 2049 1869 ignorem,
2081 1835 2154 1860 non
2178 1834 2331 1859 summo-

1241 1873 1261 1904 9
1308 1880 1402 1905 vear.
1440 1869 1520 1904 Sive
1540 1873 1659 1905 autem
1679 1869 1745 1905 sub
1756 1869 1875 1904 usuris
1887 1873 2013 1904 mutua
2025 1869 2110 1904 data
2123 1873 2208 1905 sunt
2220 1870 2246 1890 ¹¹
2260 1869 2333 1904 sive

1243 1917 1283 1950 10
1331 1915 1407 1950 sine
1422 1915 1551 1957 usuris,
1570 1915 1617 1950 ad
1635 1918 1780 1950 senatus
1798 1915 2002 1950 consultum
2014 1918 2164 1960 spectat.
2202 1914 2331 1959 Quam-

1240 1970 1348 2040 3uam
1372 1963 1492 1995 autem
1515 1971 1588 1995 non
1612 1959 1769 1995 declaret
1799 1963 1965 2002 senatus,
1998 1960 2056 1995 cui
2088 1960 2330 2012 exceptionem

1265 2008 1319 2048 et,
1351 2008 1472 2041 tamen
1504 2005 1688 2041 sciendum
1713 2008 1768 2040 est
1791 2008 1827 2040 et
1848 2004 2017 2040 heredem
2047 2004 2130 2047 filii,
2164 2015 2195 2040 si
2229 2008 2329 2050 patei·

1238 2049 1391 2086 familias
1415 2050 1627 2092 decesserit,
1659 2054 1697 2085 et
1718 2054 1858 2095 patrem
1882 2050 1976 2093 eius,
2009 2050 2039 2085 si
2062 2050 2155 2086 filius
2178 2049 2328 2087 familias

1243 2099 1281 2130 11
1332 2095 1535 2138 decesserit,
1547 2096 1756 2141 exceptione
1768 2095 1820 2130 uti
1832 2106 1950 2140 posse.
1998 2095 2181 2131 Interdum
2193 2098 2324 2130 tamen·

1240 2140 1308 2176 etsi
1330 2144 1477 2176 senatus
1503 2141 1666 2176 consulto
1690 2141 1791 2176 locus
1816 2141 1873 2183 sit,
1896 2144 2017 2176 tamen
2039 2140 2078 2175 in
2098 2140 2206 2175 alium
2225 2139 2326 2175 datui

1239 2185 1352 2228 actio,
1385 2190 1427 2221 ut
1457 2189 1546 2231 puta
1576 2186 1671 2221 filius
1695 2185 1849 2221 familias
1872 2185 2015 2221 institor
2038 2189 2199 2221 mutuam
2221 2195 2330 2230 pecu-

1239 2231 1335 2266 niam
1367 2241 1452 2266 acce
1478 2231 1525 2266 it:
1558 2231 1683 2266 scribit
1706 2231 1799 2266 enim
1822 2230 1982 2266 Iulianus
2004 2231 2097 2266 libro
2122 2230 2330 2265 duodecimo

1238 2276 1356 2321 ipsum
1380 2277 1442 2322 qui
1469 2286 1524 2311 em
1549 2277 1748 2312 institorem
1772 2276 1983 2321 exceptione
2006 2279 2152 2311 senatus
2177 2275 2330 2311 consulti

1239 2332 1399 2364 usurum,
1424 2322 1454 2357 si
1478 2321 1722 2364 conveniatur,
1747 2321 1812 2356 sed
1834 2321 2049 2356 institoriam
2068 2321 2246 2356 actionem
2265 2319 2328 2355 ad-

1239 2377 1362 2402 versus
1395 2377 1473 2402 eum
1505 2367 1566 2412 qui
1595 2366 1806 2412 praeposuit
1840 2369 2052 2411 competere.
2101 2375 2329 2411 quamquam,

1236 2412 1370 2457 inquit,
1402 2412 1434 2447 si
1463 2412 1541 2457 ipse
1571 2416 1676 2457 pater
1706 2422 1788 2447 eum
1818 2411 2087 2457 praeposuisset
2110 2411 2219 2445 merci
2242 2420 2330 2445 suae

1236 2457 1292 2492 vel
1315 2457 1532 2502 peculiarem
1556 2467 1721 2493 exercere
1746 2467 1875 2502 passus
1900 2460 2011 2498 esset,
2046 2458 2203 2491 cessaret
2225 2465 2328 2490 sena-

1237 2506 1297 2537 tus
1322 2503 1544 2545 consultum,
1570 2503 1738 2547 quoniam
1761 2502 1874 2547 patris
1897 2502 2081 2536 voluntate
2106 2503 2329 2536 contractum

1236 2547 1431 2583 videretur:
1457 2558 1541 2582 nam
1565 2548 1595 2583 si
1619 2548 1687 2583 scit
1713 2557 1794 2582 eum
1821 2546 2004 2592 negotiari,
2031 2546 2137 2581 etiam
2159 2545 2229 2581 hoc
2246 2555 2328 2590 per-

1236 2592 1375 2628 misisse
1409 2592 1566 2636 videtur,
1600 2593 1630 2628 si
1660 2603 1733 2627 non
1756 2591 1963 2627 nominatim
1986 2590 2170 2636 prohibuit
2191 2600 2328 2625 merces

1240 2640 1280 2672 12
1327 2637 1491 2683 accipere
1502 2638 1541 2673 ¹2.
1588 2637 1743 2673 Proinde
1767 2637 1797 2672 si
1820 2636 2001 2681 acceperit
2023 2636 2212 2682 pecuniam
2236 2638 2272 2670 et
2290 2635 2328 2670 in

1235 2693 1312 2718 rem
1345 2683 1459 2728 patris
1489 2683 1613 2725 vertit,
1647 2685 1766 2717 cessat
1796 2685 1942 2717 senatus
1975 2681 2194 2717 consultum:
2232 2680 2328 2732 patri

1237 2728 1340 2770 enim,
1365 2738 1438 2763 non
1462 2728 1530 2763 sibi
1562 2727 1745 2772 accipit¹³.
1782 2727 1845 2762 sed
1869 2730 1904 2762 01
1927 2726 1957 2762 31
1981 2727 2027 2762 ab
2052 2726 2152 2761 initio
2177 2736 2251 2761 non
2274 2736 2327 2761 sic

1236 2774 1394 2818 accepit,
1425 2783 1550 2808 verum
1580 2776 1708 2818 postea
1736 2772 1774 2807 in
1796 2782 1868 2807 rem
1892 2771 2005 2817 patris
2028 2772 2153 2814 vertit,
2186 2780 2327 2806 cessare

1236 2822 1382 2853 senatus
1408 2818 1607 2853 consultum
1629 2818 1719 2852 libro
1745 2817 1952 2852 duodecimo
1978 2817 2194 2862 digestorum
2216 2816 2326 2851 Iulia-

1236 2874 1304 2898 nus
1328 2864 1379 2897 ait
1401 2863 1746 2907 intellegendumque
1770 2862 1815 2897 ab
1839 2862 1941 2898 initio
1967 2862 2019 2897 sic
2050 2861 2253 2907 accepisse,
2284 2864 2326 2895 ut

1235 2908 1273 2943 in
1295 2918 1370 2943 rem
1389 2912 1553 2943 verteret.
1590 2918 1663 2942 non
1681 2911 1802 2943 tamen
1820 2907 1969 2942 vertisse
1986 2907 2174 2949 videbitur,
2199 2906 2229 2941 si
2247 2916 2325 2940 11111-

1236 2957 1336 2988 tuam
1359 2953 1548 2998 pecuniam
1572 2956 1758 2997 acceptam
1780 2952 1876 2997 patri
1898 2952 1936 2987 in
1984 2951 2143 2997 roprium
2167 2951 2325 2987 debitum

1237 2998 1341 3034 solvit
1364 3001 1400 3033 et
1422 2997 1515 3040 ideo,
1540 2997 1571 3032 si
1593 3001 1697 3043 pater
1719 2997 1904 3042 ignoravit,
1929 3008 1951 3032 a
1978 2998 2049 3033 huc
2072 3000 2217 3032 senatus
2239 3006 2324 3031 con-

1239 3045 1279 3078 13
1327 3043 1420 3078 311110
1444 3042 1545 3078 100113
1570 3043 1648 3078 erit.
1696 3042 1801 3086 Quod
1832 3042 1962 3078 dicitur
1991 3042 2028 3077 in
2062 3053 2122 3084 eo,
2155 3041 2215 3087 qui
2247 3044 2323 3075 stu-

1236 3088 1374 3123 diorum
1398 3098 1508 3123 causa
1531 3088 1660 3123 absens
1684 3091 1847 3122 mutuum
1871 3091 2078 3133 acceperat,
2103 3096 2244 3122 cessare
2268 3095 2323 3120 se-

1235 3137 1342 3168 natus
1367 3133 1580 3175 consultum,
1604 3133 1657 3167 ita
1675 3132 1794 3168 locum
1814 3132 1934 3175 habet,
1959 3133 1990 3168 si
2007 3132 2228 3178 probabilem
2247 3140 2322 3164 mo-

1236 3178 1320 3213 dum
1343 3178 1381 3212 in
1404 3181 1528 3212 mutua
1551 3188 1624 3212 non
1648 3178 1819 3220 excessit,
1852 3181 1948 3213 certe
1973 3188 2051 3213 eam
2098 3176 2321 3216 uantitatem,

1239 3226 1281 3258 14
1327 3233 1434 3268 quam
1456 3226 1559 3267 pater
1583 3222 1721 3258 solebat
1744 3223 2024 3258 subministrare.
2099 3222 2112 3256 i
2142 3221 2235 3255 filius
2260 3229 2320 3254 ac-

1237 3268 1332 3313 cepit
1354 3271 1514 3302 mutuam
1538 3268 1745 3319 pecuniam,
1777 3271 1819 3303 ut
1851 3278 1931 3303 eum
1962 3268 2147 3308 liberaret,
2181 3265 2259 3309 qui,
2291 3263 2321 3298 si

1236 3316 1391 3358 peteret,
1417 3316 1626 3357 exceptione
1649 3323 1721 3348 non
1745 3317 2043 3354 summoveretur,
2066 3314 2210 3346 senatus
2235 3319 2320 3359 con-

1240 3361 1279 3392 15
1328 3357 1411 3392 sulti
1447 3357 1601 3392 cessabit
1636 3358 1808 3403 exceptio.
1866 3358 1946 3393 Hoc
1981 3357 2130 3401 amplius
2167 3353 2320 3405 cessabit

1236 3406 1381 3437 senatus
1406 3402 1618 3445 consultum,
1644 3403 1674 3438 si
1697 3408 1800 3448 pater
1823 3403 1958 3439 solvere
1977 3401 2095 3446 coepit
2113 3399 2207 3444 quod
2226 3397 2319 3448 1111113

1235 3447 1388 3482 familias
1419 3450 1581 3482 mutuum
1612 3448 1821 3494 sumpserit,
1856 3447 1957 3494 quasi
1996 3451 2113 3481 ratum
2142 3443 2317 3493 habuerit.

1240 3495 1279 3526 16
1326 3492 1365 3526 Si
1395 3495 1498 3536 pater
1527 3491 1681 3528 familias
1711 3493 1831 3529 factus
1863 3492 2007 3529 solverit
2036 3494 2173 3535 partem
2197 3487 2317 3527 debiti,

1238 3536 1391 3572 cessabit
1403 3540 1547 3573 senatus
1561 3538 1763 3573 consultum
1774 3548 1841 3574 nec
1853 3538 2007 3573 solutum
2018 3538 2176 3579 repetere
2187 3534 2316 3578 potest.

1239 3652 1297 3690 (io)
1324 3650 1372 3682 rei
1384 3651 1419 3682 F
1869 3652 1927 3690 (12)
1952 3659 2076 3681 merces
2089 3647 2240 3688 accipere
2253 3645 2315 3678 del.

1239 3697 1297 3736 (13)
1324 3695 1456 3737 accepit
1466 3694 1520 3728 F²

1527 3653 1583 3693 (11)
1609 3652 1655 3683 sit
1668 3652 1742 3684 edd.

2003 3793 2045 3826 25
