2528 3918
127 159 180 190 ET
210 158 319 190 USUC
325 158 560 191 APIONIBUS

126 269 230 306 aedes
261 280 304 306 ex
338 269 479 305 duabus
510 269 618 305 rebus
643 270 828 310 constant,
862 277 906 302 ex
929 267 1005 303 solo
1031 271 1068 303 et
1091 276 1216 312 super-

126 316 221 358 licie,
260 319 297 351 et
336 314 547 350 universitas
587 323 710 350 earum
746 313 1009 357 possessionem
1046 312 1217 356 temporis

128 365 142 395 1
190 360 423 396 immobilium
460 370 578 395 rerum
618 358 775 394 omnium
813 362 927 393 11111161
940 360 962 393 ¹.
1019 358 1057 393 Si
1098 361 1218 392 autem

125 405 291 440 columna
314 405 429 441 evicta
452 404 579 448 fuerit,
602 407 691 448 puto
716 406 752 438 te
776 413 821 437 ex
845 406 965 447 empto
991 413 1072 438 cum
1095 402 1217 438 vendi-

125 456 201 486 tore
225 454 322 486 recte
346 454 511 485 acturum
535 450 595 484 et²
627 459 669 484 eo
701 458 831 493 genere
854 458 930 483 rem
955 448 1091 482 salvam
1115 446 1216 482 habi-

125 499 144 530 2
191 499 324 530 turum.
372 495 410 530 Si
433 498 553 530 autem
576 493 744 529 demolita
768 492 894 528 domus
920 497 984 535 est,
1010 503 1055 528 ex
1079 493 1217 537 integro

124 551 180 576 res
213 541 360 576 mobiles
391 539 628 584 possidendae
661 542 762 581 sunt,
789 542 829 572 ut
851 542 1028 582 tempore,
1061 537 1157 583 quod
1180 537 1218 572 in

125 586 343 631 usucapione
368 595 487 619 rerum
510 583 694 620 mobilium
719 583 952 618 constitutum
978 587 1052 626 est,
1086 593 1217 618 usuca-

125 631 278 675 piantur.
326 634 362 665 et
393 641 464 665 non
493 630 619 674 potes³
649 632 748 664 recte
777 628 831 662 uti
860 638 902 664 eo
933 632 1113 673 tempore,
1147 638 1217 672 quo

126 677 160 710 in
192 675 354 710 aedificio
386 674 551 710 fuerunt:
587 685 670 709 nam
701 673 1002 719 quemadmodum
1035 683 1096 709 eas
1122 673 1218 708 solas

125 726 160 756 et
199 725 384 765 separatas
421 720 467 754 ab
508 719 669 755 aedificio
709 729 782 753 non
816 719 1027 763 possedisti,
1068 717 1120 753 sic
1152 728 1218 752 nec

125 776 233 810 penes
269 769 305 800 te
342 765 501 810 singulae
539 768 602 799 aut
632 767 820 809 separatae
845 764 995 799 fuerunt
1026 766 1063 798 et
1088 763 1217 798 cohae-

126 811 285 846 rentibus
325 810 381 845 his
419 811 456 845 in
495 809 676 853 aedificio,
715 809 887 853 depositis
927 809 1089 850 aedibus,
1127 818 1219 852 quae

124 857 193 892 hoc
212 866 353 900 quoque
373 855 491 900 ipsum
512 855 724 891 continent⁴.
761 865 877 898 neque
901 854 995 889 6111111
1019 853 1131 899 recipi
1154 864 1217 898 po-

126 905 205 943 test,
231 905 271 935 ut
284 900 406 936 eadem
430 911 487 936 res
513 904 548 936 et
571 904 612 935 ut
635 910 693 936 res
717 899 785 935 soli
810 904 846 934 et
870 903 1054 945 tamquam
1077 899 1218 934 mobilis

126 946 172 981 sit
194 956 374 990 possessa.

171 989 225 1027 24
250 990 480 1026 POMPONIUS
498 990 589 1025 libro
610 990 802 1025 vicensimo
827 993 959 1042 quarto
978 990 1028 1025 ad
1047 988 1217 1032 Quintum

126 1035 284 1072 Mucium
331 1035 402 1071 Ubi
432 1036 492 1070 lex
520 1035 657 1070 inhibet
689 1045 964 1079 usucapionem,
996 1035 1092 1070 bona
1128 1034 1217 1069 fides

128 1085 142 1116 1
192 1080 391 1126 possidenti
429 1080 517 1115 nihil
551 1080 710 1125 prodest.
759 1080 944 1115 Interdum
975 1080 1115 1115 etiamsi
1145 1090 1219 1115 non

127 1126 236 1162 fuerit
258 1126 428 1161 inchoata
451 1125 622 1170 usucapio
648 1136 670 1160 a
694 1125 881 1169 defuncto,
906 1125 1072 1169 procedit
1096 1124 1219 1160 heredi

126 1172 218 1207 eius:
243 1172 354 1206 veluti
377 1171 407 1206 si
427 1171 561 1214 vitium,
588 1171 682 1214 quod
701 1171 869 1211 obstabat
892 1181 965 1205 non
983 1181 1027 1205 ex
1050 1180 1216 1215 persona,

125 1217 188 1252 sed
211 1227 256 1252 ex
278 1227 328 1260 re,
353 1220 542 1262 purgatum
566 1216 694 1258 fuerit,
720 1220 759 1251 ut
783 1219 872 1260 puta
896 1215 927 1250 si
954 1215 1033 1251 fisci
1057 1226 1115 1251 res
1140 1225 1218 1251 esse

126 1261 268 1297 desierit
292 1265 355 1296 aut
379 1261 511 1296 furtiva
535 1265 598 1296 aut
621 1261 655 1295 vi
678 1271 856 1305 possessa.

171 1305 223 1343 25
256 1306 468 1342 memvs
502 1305 682 1342 Remws
716 1306 807 1341 libro
843 1306 967 1352 primo
1006 1305 1217 1352 reqularum

126 1352 208 1387 Sine
232 1352 459 1396 possessione
482 1351 656 1396 usucapio
682 1351 887 1396 contingere
911 1361 985 1386 non
1009 1353 1139 1395 potest.

171 1394 224 1434 26
256 1396 452 1432 mmm
486 1397 578 1432 libro
614 1397 805 1432 vicensimo
834 1407 930 1431 nono
962 1395 1011 1430 ad
1043 1395 1218 1431 Sabinum

125 1442 328 1487 Numquam
360 1440 568 1486 superficies
602 1442 678 1476 sine
711 1441 788 1477 solo
822 1441 902 1486 capi
924 1441 1033 1485 longo
1058 1445 1219 1486 tempore

150 1491 254 1523 otest.

125 1499 147 1533 p
171 1530 222 1569 27
260 1531 366 1566 IDEM
408 1532 498 1567 libro
539 1532 747 1578 triqense'mo
781 1532 905 1577 primo
951 1531 1001 1566 ad
1044 1530 1218 1567 Sabinum

126 1577 249 1613 Celsus
279 1577 371 1612 libro
403 1576 609 1621 trigensimo
641 1580 769 1621 quarto
801 1586 924 1612 errare
955 1586 1017 1611 eos
1049 1577 1121 1618 ait,
1157 1577 1219 1621 qui

125 1623 379 1664 existimarent,
405 1622 504 1657 cuius
529 1622 581 1656 rei
605 1623 755 1667 quisque
779 1622 875 1657 bona
900 1621 971 1656 fide
996 1621 1148 1666 adeptus
1174 1622 1220 1657 sit

124 1668 405 1713 possessionem,
436 1678 502 1711 pro
532 1678 597 1702 suo
622 1677 821 1711 usucapere
860 1677 940 1702 eum
970 1669 1100 1711 posse⁵
1131 1667 1220 1702 nihil

125 1713 269 1755 referre,
294 1712 419 1748 emerit
442 1722 507 1747 nec
531 1723 586 1755 ne,
612 1712 784 1747 donatum
808 1712 854 1747 sit
878 1722 944 1747 nec
969 1723 1032 1754 ne,
1058 1712 1090 1748 si
1112 1712 1219 1748 modo

125 1762 283 1803 emptum
312 1758 368 1792 vel
398 1757 569 1792 donatum
592 1756 661 1792 sibi
684 1757 955 1800 existimaverit,
987 1757 1072 1802 quia
1103 1768 1219 1802 neque

125 1814 190 1848 pro
222 1803 339 1847 legato
372 1813 488 1856 neque
489 1813 583 1882 ιι810
619 1802 900 1849 (1011310,ηθᾳι16
932 1813 998 1847 pro
1025 1802 1109 1838 dote
1133 1814 1218 1838 usu-

126 1848 229 1893 capio
254 1849 383 1889 valeat,
409 1859 440 1883 51
463 1859 488 1882 11
540 1858 561 1881 3
586 1847 749 1889 donatio,
775 1847 876 1882 nulla
899 1846 980 1889 dos,
1006 1848 1144 1882 nullum
1168 1849 1218 1883 le-

125 1899 245 1938 gatum
269 1894 325 1928 sit.
374 1893 468 1928 idem
502 1897 537 1928 et
559 1894 596 1927 in
625 1892 697 1927 litis
721 1892 969 1928 aestimatione
993 1893 1130 1938 placet,
1167 1896 1218 1935 ut,

126 1939 194 1974 nisi
216 1949 298 1974 vere
322 1938 401 1983 quis
424 1938 496 1973 litis
521 1937 804 1973 aestimationem
830 1938 996 1980 subierit,
1021 1948 1220 1983 usucapere

126 1994 198 2019 11011
222 1984 345 2028 possit.

172 2026 224 2066 28
250 2029 480 2064 POMPONIUS
509 2028 600 2063 libro
624 2028 775 2074 septimo
801 2027 938 2063 decimo
971 2027 1021 2062 ad
1043 2027 1219 2064 Sabinum

127 2075 165 2109 Si
188 2085 289 2110 servo
314 2073 441 2109 furiosi
471 2074 525 2109 vel
549 2073 697 2108 infantis
721 2083 779 2108 res
804 2073 939 2108 tradita
964 2073 1029 2116 sit,
1063 2084 1132 2109 usu
1155 2084 1221 2118 per

126 2131 206 2155 eum
229 2130 291 2155 eas
316 2129 489 2164 personas
514 2128 643 2163 capere
666 2128 774 2163 posse
799 2121 951 2153 constat.

173 2162 226 2202 29
262 2164 367 2199 IDEM
406 2164 497 2200 libro
537 2165 728 2199 vicensimo
764 2164 923 2198 secundo
963 2163 1013 2198 ad
1045 2162 1219 2199 Sabinum

128 2210 217 2246 Cum
242 2210 339 2245 solus
362 2210 466 2244 heres
492 2219 624 2251 essem,
657 2208 898 2244 existimarem
929 2212 1048 2243 autem
1071 2212 1107 2244 te
1131 2219 1218 2253 quo-

127 2266 196 2300 que
228 2265 293 2300 pro
324 2258 427 2299 parte
458 2254 624 2289 heredem
655 2264 751 2296 esse,
788 2264 846 2289 res
882 2253 1117 2289 hereditarias
1153 2264 1218 2298 pro

128 2304 229 2345 parte
259 2300 325 2335 tibi
350 2299 491 2335 tradidi.
539 2299 688 2344 propius
720 2302 790 2341 est,
824 2302 866 2334 ut
894 2310 964 2335 usu
997 2309 1056 2334 eas
1091 2309 1220 2344 capere

127 2356 200 2380 non
222 2345 351 2390 possis,
377 2345 461 2389 quia
484 2355 550 2380 nec
575 2355 640 2389 pro
665 2343 796 2379 herede
816 2344 968 2389 usucapi
986 2348 1106 2388 potest
1124 2345 1220 2389 quod

128 2391 173 2426 ab
204 2390 335 2426 herede
363 2400 570 2435 possessum
600 2393 655 2425 est
686 2399 800 2434 neque
833 2390 941 2424 aliam
974 2389 1084 2424 ullam
1108 2390 1220 2425 habes

129 2446 274 2471 causam
292 2435 509 2480 possidendi.
545 2435 597 2469 ita
620 2438 740 2470 tamen
763 2435 833 2470 hoc
858 2445 980 2470 verum
1005 2438 1069 2478 est,
1094 2435 1125 2470 si
1149 2446 1221 2470 non

129 2492 172 2516 ex
200 2481 445 2516 transactione
473 2480 511 2515 id
539 2479 676 2515 factum
699 2480 818 2514 fuerit.
868 2480 962 2515 idem
987 2480 1153 2522 dicimus,
1190 2480 1221 2515 si

128 2530 168 2561 tu
191 2536 334 2571 quoque
358 2525 538 2561 existimes
562 2529 598 2560 te
622 2525 788 2560 heredem
813 2535 910 2560 esse:
942 2535 1026 2560 nam
1049 2525 1108 2560 1116
1132 2536 1220 2570 quo-

129 2582 196 2617 que
219 2571 398 2616 possessio
423 2571 496 2606 veri
519 2570 659 2606 heredis
685 2571 844 2606 obstabit
867 2571 945 2606 tibi.

174 2615 226 2654 30
259 2616 367 2651 IDEM
399 2616 491 2652 libro
528 2616 737 2661 triqensimo
773 2615 823 2650 ad
855 2615 1029 2651 Sabinum
1085 2616 1221 2652 Rerum

130 2662 284 2697 mixtura
313 2661 414 2696 facta
445 2671 493 2696 an
524 2661 782 2705 usucapionem
807 2661 980 2706 cuiusque
1003 2662 1221 2706 praeceden-

132 2713 200 2742 tem
228 2707 474 2750 interrumpit,
505 2705 701 2751 quaeritur.
748 2705 818 2740 tria
842 2710 961 2741 autem
983 2717 1114 2751 genera
1138 2711 1222 2742 sunt

129 2762 339 2797 corporum,
375 2763 505 2793 unum,
542 2750 638 2795 quod
674 2750 878 2785 continetur
913 2762 985 2787 uno
1022 2752 1151 2796 spiritu
1186 2755 1221 2787 et

130 2797 268 2832 Graece
291 2795 502 2840 ἡνωμένονθ
525 2799 686 2839 vocatur,
715 2800 757 2830 ut
780 2796 886 2831 homo
910 2796 1047 2840 tignum
1070 2797 1162 2842 lapis
1186 2802 1222 2832 et

129 2842 276 2878 similia:
313 2841 481 2883 alterum,
545 2840 618 2875 uod
647 2851 693 2876 ex
725 2841 1032 2885 contingentibus,
1064 2842 1134 2877 hoc
1167 2846 1221 2877 est

130 2887 291 2932 pluribus
315 2887 407 2922 inter
427 2897 466 2922 se
486 2896 528 2921 co
556 2886 762 2921 acrentibus
785 2890 938 2930 constat,
964 2886 1059 2931 quod
1084 2900 1218 2931 συνημ-

130 2933 258 2975 μένονΊ
288 2936 453 2974 vocatur,
486 2935 527 2966 ut
550 2930 754 2966 aedificium
778 2932 878 2967 navis
903 2932 1115 2967 armarium:
1148 2936 1218 2967 ter-

130 2978 232 3019 tium,
258 2977 355 3021 quod
379 2987 423 3012 ex
447 2976 664 3011 distantibus
690 2980 848 3019 constat,
874 2981 913 3011 ut
939 2987 1092 3022 corpora
1115 2977 1220 3022 plura

131 3023 225 3058 non⁸
250 3022 379 3065 soluta,
405 3022 467 3057 sed
490 3021 553 3056 uni
577 3021 712 3055 nomini
736 3022 910 3064 subiecta,
934 3023 1044 3057 veluti
1063 3023 1218 3066 populus

129 3067 219 3112 legio
243 3078 340 3112 grex.
388 3067 543 3112 primum
565 3076 678 3110 genus
702 3067 947 3111 115116311101169
977 3068 1219 3112 quaestionem

136 3116 147 3147 l
198 3123 270 3148 non
300 3112 428 3156 habet,
462 3111 659 3147 secundum
690 3116 726 3146 et
753 3112 899 3146 tertium
928 3113 1048 3148 habet.
1096 3113 1219 3148 Labeo

130 3157 229 3193 libris
255 3157 489 3202 epistularum
503 3159 530 3177 ¹⁰
554 3157 623 3199 ait,
657 3156 688 3191 si
711 3156 759 3198 is,
791 3157 849 3191 cui
873 3157 919 3192 ad
942 3158 1143 3202 tegularum
1165 3158 1220 3193 vel

132 3202 377 3238 columnarum
413 3202 671 3246 usucapionem
708 3201 830 3236 decem
865 3202 941 3237 dies
979 3206 1219 3247 superessent,

130 3247 168 3282 in
191 3247 392 3282 aedificium
416 3258 476 3283 eas
502 3246 724 3288 coniecisset,
753 3246 862 3282 nihilo
887 3248 1004 3284 minus
1030 3258 1110 3282 eum
1134 3259 1219 3282 usu-

132 3296 338 3338 capturum,
378 3292 408 3327 si
439 3292 641 3327 aedificium
673 3291 902 3336 possedisset.
952 3293 1037 3338 quid
1067 3303 1150 3338 ergo
1182 3293 1220 3327 in

132 3338 203 3378 his,
236 3347 328 3390 quae
358 3348 430 3372 non
455 3337 598 3382 quidem
622 3336 851 3380 implicantur
873 3337 979 3373 rebus
1004 3338 1122 3380 soli¹¹,
1156 3338 1220 3373 sed

134 3382 278 3418 mobilia
301 3386 530 3427 permanent,
554 3386 596 3417 ut
618 3381 656 3416 in
680 3381 787 3416 anulo
811 3384 972 3426 gemma?
1003 3383 1041 3418 in
1065 3394 1135 3428 quo
1159 3393 1217 3418 ve-

133 3498 172 3536 (ι)
199 3497 280 3530 talia
297 3503 517 3539 expectamus.-
541 3498 582 3527 ut
593 3496 715 3537 potius,
736 3505 811 3527 cum
824 3495 919 3527 aedes
931 3506 970 3528 ex
983 3495 1110 3528 duabus
1122 3496 1220 3529 rebus

133 3544 302 3582 constant,
327 3551 365 3573 ex
384 3540 455 3573 solo
475 3542 508 3572 et
525 3541 719 3582 superficie,
744 3540 942 3573 universitas
962 3551 1075 3573 earum
1094 3552 1219 3583 posses-

133 3586 225 3618 sione
237 3586 394 3628 temporis
405 3584 629 3618 immobilium
640 3596 752 3618 reruni
765 3585 935 3617 dominum
946 3588 1053 3618 mutet
1110 3587 1152 3629 (2)
1180 3596 1219 3618 ex

136 3633 193 3663 ins.
210 3630 259 3663 F²
335 3632 376 3671 (3)
400 3632 509 3672 potest
522 3630 558 3662 F
625 3632 667 3671 (4)
692 3641 768 3662 nam
782 3630 1057 3671 quemadmodum
1069 3641 1121 3663 eas
1134 3630 1219 3663 solas

135 3678 168 3707 et
187 3677 353 3718 separatas
372 3675 413 3707 ab
433 3674 585 3707 aedificio
603 3685 671 3707 non
691 3675 864 3718 possedisti
882 3675 947 3707 nisi
960 3675 1116 3717 depositis
1128 3676 1217 3708 aedi-

136 3721 212 3761 bus,
236 3730 320 3761 quae
340 3720 403 3752 hoc
423 3729 556 3761 quoque
577 3719 685 3761 ipsum
704 3720 894 3760 continent,
918 3721 964 3752 sic
985 3731 1045 3752 nec
1066 3731 1166 3763 penes
1185 3723 1217 3753 te

135 3764 285 3806 singulae
306 3767 364 3796 aut
382 3767 549 3807 separatae
570 3764 708 3796 fuerunt
729 3764 981 3798 cohaerentibus
1000 3765 1053 3798 his
1071 3766 1108 3797 in
1126 3766 1216 3799 aedi-

1205 140 1289 189 659

2121 145 2367 187 ΧΧΧΧ13

1286 277 1366 302 111111
1397 268 1452 302 est
1483 268 1519 301 et
1548 276 1675 300 aurum
1700 268 1735 301 et
1758 277 1928 311 gemmam
1952 267 2129 312 possideri
2152 272 2189 303 et
2211 266 2372 312 usucapi,

1287 315 1307 347 2
1356 323 1437 347 cum
1467 314 1658 356 utrumque
1688 315 1832 346 maneat
1863 313 2050 356 integrum.
2098 312 2153 348 De
2183 313 2290 348 tertio
2313 323 2373 356 ge-

1287 368 1371 392 nere
1397 366 1587 409 corporum
1611 355 1799 391 videndum
1823 362 1886 392 est.
1936 369 2007 392 non
2037 362 2156 393 autem
2184 368 2270 402 grex
2295 357 2372 393 uni-

1286 413 1410 437 versus
1435 413 1487 437 516
1512 401 1653 446 capitur
1677 412 1744 436 usu
1768 402 1943 446 quomodo
1966 403 2125 447 singulae
2144 413 2212 445 res,
2237 413 2303 438 nec
2323 403 2374 438 sic

1288 446 1464 492 quomodo
1491 447 1735 482 cohaerentes.
1772 447 1858 490 quid
1881 458 1962 491 ergo
1987 449 2066 483 est?
2098 449 2166 484 etsi
2185 458 2228 483 ea
2245 452 2375 483 natura

1287 493 1363 528 eius
1396 496 1469 534 est,
1508 496 1549 527 ut
1584 491 1842 527 adiectionibus
1879 503 2068 536 corporum
2103 497 2264 535 maneat,
2303 503 2375 528 non

1286 537 1372 573 item
1385 538 1413 559 ¹²
1443 541 1565 572 tamen
1595 536 1751 571 universi
1773 536 1888 580 gregis
1913 537 1986 571 ulla
2009 542 2064 572 est
2087 538 2279 583 usucapio,
2312 538 2374 573 sed

1289 582 1510 627 singulorum
1542 582 1747 617 animalium
1777 582 1883 617 sicuti
1911 583 2110 626 possessio,
2144 584 2194 618 ita
2223 587 2259 618 et
2289 594 2374 618 usu-

1288 627 1403 672 capio.
1451 639 1517 663 nec
1549 628 1579 663 si
1611 627 1696 672 quid
1728 630 1884 671 emptum
1916 627 2113 662 immixtum
2146 628 2255 663 fuerit
2278 628 2375 673 gregi

1287 672 1441 717 angendi
1465 673 1541 708 eius
1565 673 1692 718 gratia,
1717 672 1851 707 idcirco
1876 673 2109 716 possessionis
2131 684 2240 708 causa
2259 676 2374 708 muta-

1288 718 1403 761 bitur,
1428 722 1486 760 ut,
1511 718 1542 752 si
1565 718 1723 763 reliquus
1737 718 1764 739 ¹³
1786 728 1874 761 grex
1898 716 2044 751 dominii
2066 718 2134 753 mei
2158 719 2221 760 sit,
2251 720 2276 739 ¹⁴
2287 719 2375 753 haec

1289 773 1429 808 quoque
1459 764 1551 807 ovis,
1585 763 1648 798 sed
1679 763 1840 807 singulae
1871 773 1974 797 suam
2007 773 2151 797 causam
2182 764 2375 804 habebunt,

1287 808 1339 843 ita
1363 812 1413 851 ut,
1439 809 1470 843 si
1493 819 1585 853 quae
1608 808 1762 843 furtivae
1787 811 1903 850 erunt,
1933 807 2004 842 sint
2029 808 2169 852 quidem
2193 819 2237 843 ex
2259 819 2375 853 grege,

1287 864 1359 888 non
1382 857 1503 888 tamen
1526 854 1796 898 usucapiantur.

1334 896 1384 936 31
1410 899 1465 933 ΡΑ
1474 901 1598 934 ULUS¹⁵
1622 899 1712 934 libro
1734 898 1942 943 triyensz'mo
1963 898 2118 933 secundo
2140 898 2187 932 ad
2204 897 2376 933 Sabinum

1287 944 1492 989 Numquam
1529 944 1565 978 in
1605 943 1887 988 usucapionibus
1924 942 2012 977 iuris
2048 953 2145 977 error
2180 943 2377 987 possessori

1287 990 1450 1034 prodest:
1484 993 1521 1024 et
1543 989 1624 1024 ideo
1648 988 1825 1024 Proculus
1850 988 1918 1031 ait,
1953 987 1983 1023 si
2011 998 2076 1032 per
2100 998 2255 1022 errorem
2278 988 2377 1023 initio

1287 1034 1500 1069 venditionis
1531 1037 1629 1069 tutor
1659 1033 1796 1086 pupillo
1829 1036 1956 1068 auctor
1987 1032 2105 1068 factus
2139 1033 2185 1068 sit
2212 1033 2267 1067 vel
2297 1037 2378 1077 post

1288 1080 1431 1125 longum
1455 1084 1595 1124 tempus
1619 1079 1830 1114 venditionis
1854 1081 2042 1123 peractum
2057 1079 2094 1121 ¹⁶,
2128 1078 2278 1122 usucapi
2307 1088 2379 1113 non

1293 1129 1304 1159 1
1357 1135 1475 1170 posse,
1501 1125 1585 1170 quia
1608 1125 1696 1160 iuris
1721 1135 1822 1160 error
1841 1128 1905 1159 est.
1942 1123 1985 1158 In
2002 1123 2285 1168 usucapionibus
2304 1134 2378 1158 mo-

1289 1173 1308 1204 2
1357 1170 1482 1206 bilium
1501 1170 1710 1205 continuum
1730 1173 1872 1213 tempus
1890 1171 2111 1203 numeratur.
2147 1168 2277 1203 Servus
2298 1168 2380 1203 licet

1287 1215 1325 1250 in
1342 1216 1511 1251 libertate
1530 1219 1700 1257 moretur,
1726 1215 1814 1250 nihil
1830 1214 1991 1259 possidet
2009 1224 2075 1248 nec
2095 1224 2160 1258 per
2180 1223 2260 1248 eum
2278 1213 2378 1248 alius.

1289 1261 1413 1305 atquin
1438 1262 1468 1296 si
1491 1261 1634 1295 nomine
1659 1260 1827 1302 alicuius,
1854 1259 1937 1294 dum
1962 1259 1997 1293 in
2022 1259 2187 1294 libertate
2210 1262 2379 1299 moratur,

1290 1311 1418 1341 nactus
1438 1306 1547 1341 fuerit
1564 1306 1838 1350 possessionem,
1864 1304 2030 1349 adquiret
2049 1303 2093 1345 ei,
2120 1303 2220 1338 cuius
2240 1303 2380 1338 nomine

1291 1355 1309 1386 3
1357 1355 1486 1387 nactus
1510 1351 1631 1386 fuerit.
1681 1351 1719 1386 Si
1743 1361 1865 1386 servus
1889 1360 1989 1384 meus
2013 1349 2069 1384 vel
2092 1348 2186 1383 filius
2210 1348 2381 1393 peculiari

1288 1396 1340 1431 vel
1377 1397 1482 1431 etiam
1513 1407 1591 1432 meo
1623 1396 1765 1431 nomine
1797 1395 1882 1441 quid
1912 1398 2027 1438 tenet,
2060 1397 2101 1429 ut
2125 1404 2193 1445 ego·
2213 1403 2278 1437 per
2301 1404 2380 1428 eum

1287 1442 1456 1486 ignorans
1480 1441 1686 1487 possideam
1708 1442 1764 1477 vel
1789 1442 1896 1477 etiam
1912 1441 2140 1486 usucapiam:
2166 1450 2196 1475 Sl
2214 1439 2243 1475 is
2263 1438 2382 1473 furere

1289 1487 1456 1532 coeperit,
1483 1487 1596 1523 donec
1620 1486 1659 1521 in
1679 1486 1802 1522 eadem
1820 1497 1931 1522 causa
1952 1497 2010 1522 res
2030 1485 2151 1528 fuerit,
2175 1485 2380 1531 intellegen-

1290 1532 1375 1567 dum
1399 1536 1454 1567 est
1478 1536 1513 1567 et
1536 1532 1801 1577 possessionem
1825 1531 1923 1576 apud
1946 1542 2002 1567 me
2025 1541 2210 1567 remanere
2237 1535 2273 1567 et
2295 1541 2380 1566 usu-

1291 1578 1476 1622 capionem
1508 1578 1719 1622 procedere,
1759 1577 1866 1613 sicuti
1900 1587 1965 1622 per
1997 1576 2211 1612 dormientes
2241 1587 2381 1621 quoque

1291 1633 1351 1658 eos
1384 1623 1478 1658 idem
1507 1623 1612 1658 nobis
1645 1622 1878 1667 contingeret.
1926 1622 2090 1667 idemque
2122 1622 2160 1656 in
2190 1621 2317 1657 colono
2346 1626 2382 1656 et

1289 1671 1310 1702 4
1356 1668 1543 1713 inquilino,
1568 1678 1634 1713 per
1658 1679 1747 1713 quos
1771 1667 2008 1712 possidemus,
2034 1667 2223 1703 dicendum
2243 1671 2308 1702 est.
2345 1666 2382 1701 Si

1289 1712 1322 1748 vi
1354 1718 1417 1748 aut
1447 1714 1539 1748 clam
1571 1716 1635 1748 aut
1663 1713 1827 1758 precario
1858 1712 2121 1758 possessionem
2150 1715 2278 1747 nactus
2327 1712 2381 1746 uis

1316 1762 1417 1793 ostea
1441 1758 1559 1794 furere
1584 1759 1759 1803 coeperit,
1791 1761 1828 1793 et
1857 1758 2038 1803 possessio
2064 1761 2100 1793 et
2123 1768 2235 1793 causa
2257 1767 2301 1793 ea
2326 1767 2381 1792 em

1289 1770 1395 1838 311131
1419 1803 1463 1839 de
1486 1804 1567 1846 hoc,
1593 1803 1690 1848 quod
1713 1804 1875 1849 precario
1897 1803 2055 1839 furiosus
2074 1803 2234 1847 habet¹⁷,
2261 1812 2380 1847 quem-

1289 1849 1480 1884 admodum
1518 1849 1709 1884 interdicto
1752 1859 1893 1894 quoque
1934 1848 1988 1884 uti
2027 1848 2220 1893 possidetis
2256 1847 2382 1882 furiosi

1289 1895 1431 1929 nomine
1463 1897 1561 1929 recte
1594 1894 1797 1939 experimur
1821 1893 1941 1929 eius¹⁸
1968 1893 2206 1939 possessionis
2229 1893 2380 1934 nomine,

1290 1950 1395 1984 quam
1414 1943 1498 1975 ante
1516 1940 1675 1975 furorem
1692 1950 1758 1984 per
1777 1949 1815 1975 se
1835 1939 1890 1975 vel
1908 1943 1991 1984 post
2010 1938 2169 1974 furorem
2189 1948 2255 1983 per
2274 1938 2382 1973 alium

1290 1987 1308 2018 5
1357 1988 1487 2020 11361115
1513 1990 1577 2020 est.
1625 1984 1791 2020 Vacuum
1819 1988 1980 2029 tempus,
2011 1984 2108 2029 quod
2137 1988 2220 2019 ante
2251 1983 2382 2018 aditam

1288 2030 1524 2065 hereditatem
1547 2030 1603 2065 vel
1627 2034 1711 2075 post
1732 2030 1867 2065 aditam
1885 2030 2098 2073 intercessit,
2124 2029 2171 2064 ad
2190 2028 2381 2073 usucapio-

1290 2078 1310 2110 6
1358 2085 1439 2110 116111
1471 2075 1594 2111 heredi
1627 2075 1801 2120 procedit.
1853 2075 1891 2110 Si
1921 2075 2112 2110 defunctus
2144 2074 2247 2117 emit,
2279 2074 2381 2108 heres

1290 2123 1409 2155 autem
1444 2124 1551 2166 putat
1586 2131 1667 2155 eum
1707 2131 1752 2156 ex
1789 2120 1992 2156 donationis
2025 2130 2137 2155 causa
2167 2118 2380 2165 possedisse,

1289 2176 1358 2200 usu
1382 2176 1463 2200 eum
1489 2170 1678 2210 capturum
1700 2165 1862 2201 Iulianus
1886 2165 1948 2200 ait.

1336 2208 1390 2247 32
1416 2211 1647 2246 POMPONIUS
1674 2211 1765 2247 libro
1790 2211 1998 2257 triqensimo
2022 2210 2179 2246 secundo
2208 2209 2258 2245 ad
2279 2208 2382 2244 Sabi-

1290 2267 1373 2290 num
1423 2256 1461 2292 Si
1492 2257 1552 2291 fur
1582 2267 1657 2292 rem
1685 2256 1855 2291 furtivam
1887 2266 1909 2291 a
1940 2255 2083 2291 domino
2109 2254 2235 2290 emerit
2259 2258 2294 2289 et
2342 2264 2381 2289 ro

1289 2301 1425 2336 tradita
1455 2302 1640 2344 habuerit,
1674 2302 1811 2337 desinet
1840 2311 1918 2336 eam
1947 2311 2014 2346 pro
2045 2300 2177 2336 furtiva
2200 2300 2298 2345 possi
2324 2309 2382 2334 ere

1294 2350 1307 2380 1
1359 2351 1394 2381 et
1416 2347 1564 2392 incipiet
1594 2357 1660 2391 pro
1685 2358 1751 2383 suo
1775 2346 1969 2392 possidere.
2018 2345 2056 2381 Si
2089 2345 2168 2391 quis
2200 2345 2254 2387 id,
2287 2344 2382 2389 quod

1290 2392 1467 2436 possidet,
1501 2403 1573 2427 non
1603 2395 1709 2437 putat
1737 2392 1807 2428 sibi
1835 2401 1900 2436 per
1923 2392 2018 2436 leges
2042 2391 2149 2426 licere
2172 2399 2380 2435 usucapere,

1291 2437 1478 2472 dicendum
1511 2442 1583 2480 est,
1617 2437 1756 2472 etiamsi
1787 2441 1899 2480 erret,
1936 2447 2008 2471 non
2037 2436 2232 2481 procedere
2262 2439 2381 2470 tamen

1291 2482 1366 2517 eius
1399 2483 1672 2527 usucapionem,
1706 2483 1761 2517 vel
1792 2483 1875 2527 quia
1904 2492 1977 2517 non
2008 2482 2104 2517 bona
2127 2481 2197 2516 fide
2220 2481 2382 2515 videatur

1289 2527 1474 2572 possidere
1497 2528 1552 2562 vel
1577 2528 1661 2572 quia
1683 2528 1721 2562 in
1743 2527 1821 2562 iure
1846 2527 1979 2562 erranti
2003 2537 2075 2562 non
2100 2526 2271 2572 procedat
2294 2536 2380 2560 usu-

1291 2577 1310 2607 2
1359 2573 1474 2617 capio.
1523 2573 1701 2609 Incertam
1732 2577 1872 2617 partem
1900 2571 2084 2617 possidere
2115 2582 2217 2607 nemo
2242 2573 2378 2617 potest:

1289 2618 1369 2653 ideo
1402 2617 1432 2653 si
1462 2618 1583 2663 plures
1615 2618 1686 2653 sint
1709 2618 1746 2652 in
1769 2617 1901 2660 fundo,
1934 2618 1994 2662 qui
2026 2617 2207 2661 ignorent,
2237 2619 2380 2661 quotam

1290 2664 1439 2708 quisque
1462 2667 1601 2708 partem
1621 2663 1815 2708 possideat,
1841 2663 2016 2698 neminem
2037 2672 2160 2697 eorum
2179 2671 2276 2696 mera
2295 2671 2378 2705 sup-

1289 2709 1419 2743 tilitate
1443 2709 1628 2753 possidere
1651 2709 1775 2744 Labeo
1800 2708 1935 2743 scribit.

1336 2751 1388 2791 33
1415 2753 1609 2789 IULIANUS
1623 2754 1713 2789 libro
1739 2753 2045 2799 quadraqensimo
2071 2756 2202 2797 quarto
2227 2751 2379 2797 digesto·

1289 2809 1369 2833 rum
1421 2799 1503 2834 Non
1534 2799 1650 2834 solum
1679 2799 1795 2834 bonae
1825 2797 1909 2833 fidei
1933 2801 2127 2842 emptores,
2159 2796 2222 2832 sed
2246 2800 2282 2831 et
2306 2806 2378 2831 om-

1291 2854 1365 2886 nes,
1392 2844 1452 2888 qui
1477 2844 1663 2887 possident
1685 2854 1730 2879 ex
1749 2853 1792 2879 ea
1810 2853 1931 2886 causa,
1957 2853 2063 2888 quam
2084 2841 2257 2886 usucapio
2279 2839 2380 2892 sequi

1289 2889 1391 2932 solet,
1416 2893 1559 2934 partum
1584 2889 1734 2924 ancillae
1757 2888 1910 2923 furtivae
1933 2899 2001 2923 usu
2025 2898 2127 2922 suum
2152 2886 2298 2927 faciunt,
2323 2884 2377 2919 1d-

1290 2944 1358 2978 que
1382 2935 1521 2969 ratione
1552 2935 1640 2969 iuris
1663 2933 1906 2969 introductum
1931 2933 2102 2968 arbitror:
2135 2942 2217 2966 nam
2241 2941 2284 2965 ex
2308 2940 2378 2974 qua

1290 2990 1400 3014 causa
1436 2979 1514 3024 quis
1549 2979 1714 3014 ancillam
1745 2982 1977 3022 usucaperet,
2013 2978 2082 3012 nisi
2112 2977 2169 3011 lex
2193 2975 2376 3010 duodecim

1289 3024 1493 3059 tabularum
1517 3025 1571 3059 vel
1594 3023 1717 3058 Atinia
1741 3024 1919 3065 obstaret,
1956 3033 2000 3058 ex
2024 3033 2067 3057 ea
2100 3031 2209 3057 causa
2232 3029 2376 3070 necesse

1290 3073 1343 3103 est
1366 3073 1509 3114 partum
1532 3069 1701 3113 usucapi,
1737 3069 1769 3104 si
1792 3069 1888 3113 apud
1919 3078 2000 3103 eum
2026 3070 2218 3110 conceptus
2244 3068 2279 3099 et
2302 3063 2374 3098 edi-

1288 3118 1347 3149 tus
1384 3124 1425 3149 eo
1460 3117 1621 3159 tempore
1656 3113 1775 3155 fuerit,
1813 3124 1883 3158 quo
1919 3114 2084 3147 furtivam
2122 3120 2199 3145 esse
2227 3111 2374 3160 matrem

1295 3163 1305 3192 l
1357 3159 1432 3194 eius
1462 3159 1661 3203 ignorabat.
1710 3158 1814 3203 Quod
1850 3158 1953 3202 vulgo
1991 3155 2225 3201 respondetur
2260 3163 2375 3205 ipsum

1289 3204 1356 3239 sibi
1390 3214 1535 3238 causam
1566 3203 1804 3248 possessionis
1829 3207 1967 3238 mutare
1991 3212 2062 3236 non
2086 3209 2209 3244 posse,
2245 3201 2374 3232 totiens

1289 3260 1409 3284 verum
1440 3252 1513 3291 est,
1550 3249 1713 3293 quotiens
1754 3248 1834 3293 quis
1866 3248 1973 3283 sciret
2011 3257 2048 3280 se
2078 3246 2172 3279 bona
2202 3242 2271 3293 fide
2302 3252 2374 3276 non

1288 3294 1471 3346 possidere
1495 3297 1531 3328 et
1553 3294 1645 3328 lucri
1667 3293 1822 3329 faciendi
1848 3302 1958 3327 causa
1980 3290 2151 3334 inciperet
2173 3286 2371 3338 possidere:

1287 3339 1393 3383 idque
1423 3349 1488 3384 per
1518 3339 1608 3373 11366
1639 3339 1786 3384 probari
1816 3348 1933 3382 posse.
1981 3336 2010 3370 si
2040 3334 2116 3378 quis
2147 3335 2269 3384 emerit
2291 3330 2372 3365 fun-

1291 3384 1375 3419 dum
1405 3383 1521 3419 sciens
1554 3385 1598 3419 ab
1632 3394 1692 3427 eo,
1727 3384 1828 3419 cuius
1861 3393 1932 3417 non
1957 3383 2049 3421 erat,
2081 3377 2276 3422 posmdebxt
2306 3386 2372 3420 pro

2269 3492 2312 3527 (6)
2338 3488 2374 3520 id

1290 3496 1365 3528 ficio
1377 3509 1440 3529 scr.
1523 3497 1565 3537 (5)
1590 3506 1651 3539 pro
1664 3506 1724 3528 suo
1736 3504 1916 3535 usucapere
1929 3502 2003 3524 eum
2014 3500 2108 3533 posse
2122 3491 2182 3522 del.

1292 3549 1355 3574 est.-
1380 3541 1578 3573 continuum
1659 3543 1701 3581 (τ)
1728 3542 1840 3573 idest:
1866 3537 2080 3569 coniunctum
2157 3535 2201 3574 (8)
2227 3532 2370 3583 non-detl.

1291 3587 1446 3629 Bernays
1518 3588 1564 3627 (9)
1589 3584 1801 3627 usucapione]
1816 3583 1952 3614 huiusce
1965 3580 2053 3630 modi
2066 3592 2127 3612 scr.
2193 3582 2253 3619 (10)
2277 3576 2373 3609 hbns

1288 3632 1508 3673 posteriorum
1520 3644 1582 3664 scr.
1670 3633 1723 3670 (11)
1748 3628 1826 3661 solis
1838 3628 1871 3659 F
1951 3627 2007 3666 (12)
2032 3624 2118 3656 idem
2132 3624 2166 3656 F
2238 3624 2295 3663 (13)
2320 3632 2371 3654 re-

1288 3675 1391 3716 liquis
1412 3677 1445 3708 F
1561 3678 1618 3717 (14)
1642 3676 1686 3707 sit
1705 3677 1766 3706 ins.
1892 3673 1949 3711 (15)
1975 3669 2179 3711 Pomponius
2200 3667 2370 3709 Schultiny

1289 3722 1350 3762 (16)
1373 3722 1481 3753 factus
1492 3722 1537 3753 sit
1548 3724 1622 3763 post
1635 3723 1762 3761 tempus
1775 3716 1966 3749 venditione
1977 3716 2109 3757 peracta
2122 3726 2182 3746 scr.
2247 3714 2306 3753 (1¹1)
2332 3711 2371 3743 de

1287 3766 1349 3798 hoc
1363 3766 1451 3807 quod
1462 3766 1612 3809 precario
1625 3765 1768 3797 furiosus
1780 3761 1879 3795 habet
1894 3761 2062 3794 abundant
2116 3758 2180 3801 (18)
2199 3757 2270 3790 eius
2283 3757 2330 3790 bis
2342 3756 2376 3788 F

2035 3814 2099 3848 83*
