2528 3918
70 124 222 156 '1‘1'1'11121

94 237 121 279 β
166 237 192 269 Β
226 232 285 269 Ad
307 233 419 277 legem
443 228 652 266 Falcidiam.
679 229 681 231 ’

94 292 117 326 y
167 283 194 314 R
229 278 267 314 Si
284 277 341 314 cui
355 276 447 323 plus,
473 285 579 322 quam
598 284 665 320 per
678 273 791 319 legem
809 273 1005 310 Falcidiam
1021 273 1156 311 liceret.

274 323 430 368 legatum
454 330 533 357 esse
556 318 704 355 dicetur.

101 436 257 492 Incipit
285 449 340 480 ex
369 433 519 478 ordine
546 434 656 477 liber
677 433 949 489 trigensimus
971 436 1128 477 sextus.

97 530 120 549 ιι
167 518 193 550 Β
227 513 454 567 Αᾱρθῐιαὲιιε
479 511 681 548 consultum
701 510 967 547 Trebellianum
991 513 1027 546 et
1043 510 1156 555 Pega-

94 608 121 650 β
166 608 192 640 Β
227 569 477 648 ριὲἓὲἓωάίθε
499 602 697 648 legatorum
726 600 783 637 vel
806 601 1158 637 fideicommissorum

94 709 117 743 y
166 698 192 730 R
226 648 503 738 uffi‘iggag‘tomm
533 702 598 729 seu
628 691 979 728 fideicommissorum
1014 701 1153 728 servan-

275 739 401 775 dorum
424 748 536 774 causa
559 741 738 774 caveatur.

97 783 119 820 δ
164 789 191 821 Β
225 784 275 821 Ut
303 784 342 820 in
371 783 633 830 possessionem
663 783 862 829 legatorum
894 783 949 819 vel
978 782 1161 818 fideicom-

276 830 466 865 missorum
489 839 599 864 causa
622 838 701 864 esse
724 828 842 864 liceat.

74 899 260 955 Explicit
303 897 358 941 de
395 897 549 952 legatis
593 901 635 940 et
671 896 1009 941 fideicommissis
1050 898 1163 942 liber

73 956 290 1012 septimus,
322 967 376 998 ex
406 954 555 1020 ordine
584 953 844 1008 digestorum
875 955 984 997 liber
1004 955 1162 1009 trigen-

456 1023 587 1053 slmus
616 1015 776 1054 sextus.

73 1146 227 1202 Incipit
257 1146 312 1190 de
339 1146 548 1189 bonorum
577 1144 918 1200 possessionibus
946 1143 1060 1190 liber
1080 1147 1163 1203 pri-

100 1217 205 1256 mus,
237 1215 294 1246 ex
314 1202 463 1246 ordine
484 1202 594 1245 liber
618 1202 890 1257 trigensimus
912 1203 1132 1258 septimus.

96 1295 119 1314 α
165 1284 193 1316 Β
226 1280 283 1315 De
305 1280 481 1316 bonorum
504 1278 804 1325 possessionibus.

93 1330 121 1371 β
164 1330 192 1362 Β
227 1325 266 1361 Si
287 1325 433 1361 tabulae
456 1324 662 1361 testamenti
685 1325 870 1361 extabunt.

94 1385 115 1419 γ
165 1375 192 1407 Β
226 1371 281 1407 De
305 1371 481 1407 bonorum
503 1370 729 1415 possessione
753 1370 889 1407 furioso
913 1370 1045 1406 infanti
1063 1374 1162 1407 muto

275 1416 383 1452 surdo
409 1426 518 1452 caeco
543 1415 758 1461 conpetenti.

225 1461 280 1497 De
302 1462 478 1497 bonorum
501 1460 729 1507 possessione
754 1465 882 1497 contra
903 1461 1061 1498 tabulas.

225 1507 281 1543 De
303 1507 430 1552 legatis
461 1506 687 1552 praestandis
717 1511 844 1543 contra
871 1507 1016 1544 tabulas
1049 1509 1161 1544 bono-

274 1563 354 1588 rum
376 1551 603 1597 possessione
625 1552 750 1597 petita.

222 1597 279 1633 De
302 1597 493 1633 collatione
515 1597 700 1634 bonorum.

222 1643 278 1679 De
302 1643 494 1679 collatione
517 1641 621 1678 dotis.

225 1688 280 1723 De
303 1687 558 1733 coniungendis
583 1698 664 1723 cum
684 1688 909 1733 emancipato
930 1689 1051 1725 liberis
1074 1689 1162 1725 eius.

226 1733 290 1813 De3²
303 1738 426 1787 ventre
448 1734 487 1768 in
509 1733 773 1778 possessionem
796 1734 969 1771 mittendo
997 1739 1033 1770 et
1057 1745 1161 1770 cura-

291 1789 352 1814 ore
375 1788 464 1815 eius.

227 1823 282 1859 De
307 1823 556 1860 Carboniano¹
581 1823 710 1860 edicto.

226 1868 282 1904 De
305 1869 482 1904 bonorum
504 1869 730 1914 possessione
754 1870 954 1906 secundum
977 1870 1132 1906 tabulas.

86 1917 143 1958 ⁸13.
227 1913 264 1948 Si
288 1924 310 1949 a
333 1917 480 1959 parente
504 1914 584 1959 quis
607 1915 848 1951 manumissus
872 1917 928 1951 sit.

86 1973 122 2037 a}
166 1963 195 2039 ἓ
227 1958 284 2039 ΒΞ
301 1959 476 2040 ῂοῐέοτιιηέ
493 1959 720 2039 ροεῗθεζίοῐιθ
737 1970 783 1995 ex
798 1964 1011 1997 testamento
1027 1961 1161 1996 militis.

87 2018 98 2038 ι
306 2015 364 2040 rur
407 2015 454 2050 pa
471 2015 561 2040 rona
577 2015 620 2040 us
647 2032 655 2039 .

76 2073 263 2129 Explicit
305 2086 359 2117 ex
400 2073 548 2117 ordine
591 2072 853 2128 digestorum
890 2074 1163 2130 trigensimus

508 2130 728 2185 septimus.

165 1466 192 1497 R

164 1511 192 1543 R

162 1601 189 1633 R

162 1647 189 1679 R

164 1692 190 1723 R

166 1737 192 1769 R

167 1827 194 1859 R

166 1872 193 1904 R

165 1918 192 1949 R

77 2266 229 2321 Incipit
248 2265 358 2309 liber
378 2265 650 2320 trigensimus
668 2269 855 2319 octavus,
883 2265 937 2309 de
955 2266 1163 2309 bonorum

317 2321 660 2377 possessionibus
690 2322 916 2366 secundus.

168 2403 195 2435 R
228 2399 283 2435 De
307 2398 424 2444 operis
447 2398 668 2435 libertorum.

169 2449 195 2480 R
231 2444 285 2480 De
308 2444 410 2480 bonis
434 2443 564 2480 liberti.

169 2493 195 2525 R
230 2489 444 2542 Delibertis
467 2489 687 2535 municipum
715 2493 752 2525 et
775 2489 926 2526 aliarum
950 2490 1161 2526 universita-

167 2584 193 2615 Β
227 2539 537 2632 Deugldlsignandis
560 2580 707 2616 libertis.

165 2629 191 2660 R
226 2625 264 2660 Si
287 2625 372 2670 quid
394 2635 432 2660 m
454 2624 618 2661 fraudem
640 2625 784 2670 patroni
807 2624 942 2660 factum
966 2625 1024 2661 sit.

165 2674 190 2705 R
225 2669 263 2705 Si
285 2669 431 2723 tabulae
461 2671 667 2706 testamenti
695 2670 814 2705 nullae
842 2671 1035 2714 extabunt,
1067 2670 1162 2706 unde

170 2764 196 2796 s
228 2715 509 2804 nnffleissgffimi.

168 2810 194 2841 R
228 2805 330 2841 Unde
353 2804 506 2850 cognati.

168 2854 194 2886 R
229 2850 283 2886 De
306 2850 528 2886 successorio
553 2850 681 2886 edicto.

171 2899 195 2931 R
230 2895 284 2931 De
308 2894 477 2940 gradibus
499 2899 536 2931 et
556 2896 734 2931 adfinibus
752 2899 788 2930 et
805 2894 1007 2930 nominibus
1025 2904 1161 2931 eorum.

169 2944 195 2976 R
229 2940 332 2976 Unde
355 2940 407 2975 vir
430 2945 467 2976 et
490 2951 591 2976 uxor.

168 2989 192 3020 R
227 2985 283 3021 De
305 2989 554 3020 veteranorum
578 2988 615 3021 et
637 2985 786 3022 militum
811 2985 1049 3021 successione.

89 3045 124 3109 c}
169 3034 196 3111 ἓ
260 3030 364 3110 itiibus
386 3031 682 3111 {ionbcompetitzu
675 3031 851 3066 bonorum
875 3031 1064 3111 Ῑίἳῗεθῗξίο.

89 3089 99 3108 ι
277 3085 456 3165 Ρέἔεθεξξὲ
480 3086 642 3157 ἓὲωεξὲιοε,
684 3086 744 3112 sve
779 3086 889 3112 consu
933 3086 951 3111 s
1011 3086 1161 3111 oncrum

89 3178 120 3198 ιε
171 3169 197 3201 Β
230 3165 317 3210 Quis
340 3165 428 3202 ordo
452 3165 489 3201 in
511 3166 688 3202 bonorum
710 3165 997 3212 possessionibus
1022 3165 1136 3201 detur.

88 2762 128 3029 &iv-gaza*
98 2578 120 2706 ”meo
96 2413 123 2537 Qua

75 3301 116 3342 (ι)
140 3300 328 3334 carbonario
347 3301 381 3334 F
468 3302 511 3342 (2)
538 3301 661 3337 titulum
681 3303 736 3344 37,
756 3309 788 3336 15
809 3301 850 3336 de
870 3301 1023 3344 obsequis
1041 3311 1161 3344 paren-

76 3345 164 3378 tibus
184 3348 218 3379 et
236 3346 386 3388 patronis
403 3346 610 3389 praestandis
635 3359 693 3380 suo
725 3347 794 3380 loco
821 3348 927 3381 omisit
950 3347 985 3380 F
985 3359 996 3379 .-
1029 3348 1162 3380 eundem

74 3398 149 3433 post
171 3392 226 3433 38,
249 3398 282 3425 14
306 3393 441 3425 inseruit
464 3398 495 3425 et
517 3404 663 3425 numeros
687 3393 742 3433 38,
762 3399 861 3426 14...17
886 3392 924 3424 in
948 3399 1050 3426 16...1s
1076 3404 1159 3425 com-

76 3436 210 3469 mutavit
229 3435 280 3470 F²
417 3437 461 3478 (3)
486 3436 703 3470 universitate
725 3437 759 3470 F
891 3438 933 3478 (4)
960 3438 1070 3470 debuit
1094 3448 1161 3470 esse

1125 103 1250 146 vnn

2166 116 2313 165 'rivum

1238 239 1272 262 ac
1322 230 1350 263 R
1384 226 1440 262 De
1463 225 1538 262 suis
1561 228 1598 262 et
1619 226 1784 271 legitimis
1807 226 2007 264 heredibus.

1238 273 1278 314 ιζ
1323 277 1350 308 Β
1384 271 1618 352 Adtiasgssgltus
1648 273 1849 308 consultum
1874 273 2134 310 Tertullianum
2164 275 2201 309 et
2224 271 2315 308 Orfl-

1227 386 1470 442 'Explicitus
1513 389 1578 429 est
1620 385 1729 429 liber
1772 399 1826 428 ex
1869 388 2017 431 ordine
2058 388 2314 443 digestorum

1231 444 1503 498 trigensimus
1533 446 1729 496 octav-us,
1770 442 1824 486 de
1853 444 2057 488 bonorum
2088 443 2317 500 possessio-

1586 499 1713 542 nibus
1743 500 1967 543 secundus.

1230 634 1387 689 Incipit
1424 647 1477 677 ex
1517 633 1666 678 ordine
1709 634 1819 677 liber
1856 634 2129 689 trigensimus
2167 647 2318 678 nonus.

1255 727 1278 746 a
1325 717 1352 748 R
1388 712 1443 748 De
1468 711 1587 758 operis
1611 711 1693 747 novi
1716 711 1949 748 nuntiatione.

1385 758 1441 794 De
1465 758 1594 810 damno
1625 757 1758 793 infecto
1791 761 1828 793 et
1857 757 2136 803 proiectionibus
2172 760 2207 793 et
2237 767 2318 801 sug-

1423 803 1627 894 egrzilqliidaiset
1643 858 1758 893 aquae
1781 847 1923 893 pluviae
1946 847 2133 883 arcendae.

1423 904 1442 929 e
1490 893 1665 929 ublicanis
1689 898 1724 928 et
1747 894 1980 938 vectigalibus
2005 897 2041 929 et
2065 892 2272 930 commissis.

1422 949 1441 974 e
1490 938 1729 974 onationibus.

1252 762 1279 803 β

1252 862 1279 928 ἴς

1255 953 1273 973 8

1254 997 1270 1021 s
1385 984 1440 1020 De
1464 984 1588 1019 mortis
1614 994 1724 1019 causa
1748 983 2011 1020 donationibus.

1324 763 1350 793 R

1325 848 1420 884 RD

1324 893 1419 929 RD

1324 939 1418 974 RD

1323 989 1350 1020 R

1231 1053 1418 1110 Explicit
1457 1053 1568 1097 liber
1605 1066 1660 1119 ex
1699 1053 1849 1096 ordine
1879 1053 2136 1108 digestorum
2167 1053 2320 1107 trigen-

1624 1123 1755 1154 simus
1785 1123 1936 1153 nonus.

1289 1246 1444 1302 Incipit
1474 1259 1528 1290 ex
1558 1245 1708 1290 ordine
1737 1246 1847 1289 liber
1877 1244 2272 1300 quadragensimus.

1387 1324 1444 1360 De
1467 1323 1817 1359 manumissionibus.

1387 1370 1443 1405 De
1466 1369 1693 1405 manumissis
1718 1369 1884 1405 vindicta.

1386 1415 1443 1450 De
1466 1414 1815 1457 manumissioni-bus,
1840 1424 1932 1459 quae
1957 1414 2065 1450 servis
2099 1412 2146 1448 ad
2176 1412 2321 1448 univer-

1434 1460 1602 1496 sitatem³
1625 1460 1887 1505 pertinentibus
1910 1460 2154 1505 imponuntur.

1386 1505 1442 1541 De
1465 1505 1690 1542 manumissis
1715 1509 1940 1541 testamento.

1383 1551 1439 1586 De
1462 1551 1795 1587 fideicommissariis
1820 1550 2059 1586 libertatibus.

1383 1596 1439 1632 De
1463 1596 1566 1632 adem
1592 1597 1690 1632 tione
1713 1597 1901 1632 libertatis.

1383 1642 1438 1677 De
1462 1646 1559 1677 statu
1588 1641 1694 1677 beris.

1386 1687 1454 1731 Qui
1485 1687 1563 1723 sine
1593 1687 1869 1723 manumissione
1898 1686 1944 1721 ad
1973 1686 2174 1722 libertatem
2199 1694 2322 1730 perve-

1435 1732 1549 1767 niunt.

1388 1778 1458 1822 Qui
1481 1781 1518 1813 et
1542 1787 1564 1812 a
1587 1777 1713 1822 quibus
1738 1776 1945 1812 manumissi
1969 1776 2071 1812 liberi
2099 1787 2171 1811 non
2194 1776 2310 1811 fiunt⁴

1257 1838 1269 1857 ι
1388 1823 1446 1858 Ad
1468 1823 1582 1868 legem
1606 1822 1744 1857 Aeliam
1769 1821 1926 1857 Sentiarn
1937 1822 1963 1857 ⁴.

1246 1883 1258 1902 ι
1389 1869 1444 1904 De
1468 1869 1546 1904 iure
1569 1878 1757 1903 aureorum
1782 1867 1981 1902 anulorum.

1245 1917 1283 1958 ιβ
1387 1914 1442 1949 De
1466 1913 1648 1949 natalibus
1672 1912 1913 1948 restituendis.

1245 1973 1280 2002 ιγ
1388 1959 1444 1994 De
1467 1958 1609 1995 liberali
1633 1968 1753 1993 causa.

1245 2003 1281 2039 ιδ
1389 2004 1526 2048 Quibus
1550 2003 1598 2039 ad
1619 2003 1821 2039 libertatem
1850 2003 2073 2048 proclamare
2100 2013 2173 2038 non
2204 2002 2320 2038 liceat.

1245 2064 1276 2084 ιε
1327 2053 1355 2085 Β
1389 2050 1427 2085 Si
1450 2049 1625 2094 ingenuus
1651 2059 1729 2096 esse
1752 2048 1904 2084 dicatur.

1246 2108 1275 2131 cs
1326 2099 1354 2131 Β
1389 2095 1444 2131 Ne
1468 2095 1513 2131 de
1537 2098 1635 2131 statu
1659 2092 1910 2130 defunctorum
1933 2097 2018 2139 post
2041 2093 2322 2140 quinquennium

1437 2144 1644 2186 quaeratur.

1245 2186 1281 2227 ιζ
1326 2190 1353 2221 Β
1386 2185 1444 2222 De
1468 2186 1664 2222 collusione
1687 2184 1895 2229 detegenda.

1232 2254 1422 2310 Explicit
1450 2255 1559 2298 liber
1589 2267 1640 2297 ex
1671 2253 1821 2319 ordine
1852 2252 2112 2308 digestorum
2143 2253 2320 2307 quadra-

1661 2323 1892 2365 genslmus.

1257 1339 1279 1359 α

1253 1373 1279 1415 β

1253 1429 1275 1463 7

1256 1505 1278 1540 ὃ

1254 1565 1271 1586 ε

1253 1610 1268 1633 c

1255 1643 1275 1684 ζ

1253 1701 1275 1731 η

1254 1778 1287 1812 θ’

1261 1882 1283 1902 α

1326 1329 1352 1360 R

1325 1375 1352 1405 R

1325 1420 1352 1451 R

1324 1510 1351 1541 R

1322 1556 1349 1587 R

1322 1601 1349 1632 R

1321 1647 1347 1677 R

1322 1692 1349 1723 R

1326 1782 1353 1813 R

1327 1828 1353 1859 R

1328 1873 1354 1904 R

1324 1918 1351 1949 R

1325 1963 1352 1994 R

1327 2008 1355 2040 R

1300 2447 1456 2503 Incipit
1485 2459 1539 2490 ex
1570 2445 1718 2489 ordine
1745 2445 1857 2512 liber
1885 2444 2264 2500 quadragensimus

1691 2515 1864 2558 pnmus.

1256 2595 1279 2614 a
1326 2584 1353 2616 Β
1388 2580 1444 2615 De
1468 2579 1685 2624 adquirendo
1710 2589 1828 2614 rerum
1852 2578 2018 2615 dominio.

1253 2630 1279 2670 β
1325 2630 1351 2661 Β
1387 2626 1442 2660 De
1465 2625 1686 2670 adquirenda
1709 2625 1763 2659 vel
1786 2624 2006 2659 amittenda⁵
2028 2623 2265 2670 possessione.

1252 2684 1275 2718 γ
1325 2675 1352 2706 Β
1387 2671 1443 2706 De
1466 2669 1759 2715 usurpationibus
1784 2679 1848 2704 seu
1872 2668 2166 2715 usucapionibus.

1255 2715 1277 2751 ὃ
1322 2720 1349 2751 Β
1382 2716 1454 2750 Pro
1480 2718 1652 2760 emptore.

1255 2775 1271 2795 a
1323 2765 1350 2796 R
1385 2761 1455 2796 Pro
1481 2760 1610 2796 herede
1635 2763 1670 2795 et
1692 2770 1758 2806 pro
1782 2769 2000 2805 possessore.

1253 2819 1269 2842 c
1323 2810 1350 2841 R
1383 2805 1455 2841 Pro
1481 2805 1625 2841 dona-to.

1256 2851 1276 2892 ζ
1325 2855 1352 2886 Β
1386 2851 1457 2886 Pro
1482 2850 1662 2886 derelicto.

1254 2909 1275 2939 η
1322 2900 1350 2931 Β
1384 2895 1454 2931 Pro
1479 2895 1607 2940 legato.

1252 2941 1284 2974 θ
1322 2945 1349 2976 Β
1384 2940 1454 2976 Pro
1479 2941 1573 2977 dote.

1255 3000 1267 3019 ι
1324 2990 1351 3021 Β
1386 2985 1456 3021 Pro
1481 2996 1558 3021 suo.

1243 3044 1280 3076 ιᾳ
1323 3034 1350 3065 Β
1386 3030 1595 3066 Communia
1618 3030 1661 3066 de
1685 3029 1952 3066 accessionibus
1976 3031 2242 3075 possessionum
2252 3031 2277 3066 ⁶.

1230 3098 1418 3154 Explicit
1446 3099 1555 3142 liber
1585 3112 1639 3142 ex
1668 3098 1818 3165 ordine
1847 3098 2108 3165 digestorum
2137 3099 2317 3154 quadra-

1563 3169 1778 3213 gens1mus
1806 3169 1979 3211 prunus.

1231 3301 1298 3338 Qui
1316 3324 1325 3333 .
1339 3324 1347 3333 .
1362 3324 1371 3333 .
1394 3299 1479 3332 fiunt
1502 3302 1536 3333 et
1552 3300 1595 3334 ad
1613 3300 1721 3344 legem
1741 3301 1870 3335 Aeliam
1891 3302 2039 3335 Sentium
2059 3315 2187 3336 numero
2211 3316 2223 3335 ι
2241 3304 2315 3335 sub-

1233 3347 1298 3380 lato
1390 3346 1433 3386 (5)
1457 3345 1641 3380 omittenda
1659 3346 1709 3380 ΡΞ
1799 3348 1844 3389 (6)
1870 3348 2068 3381 undecimum
2087 3349 2170 3381 hunc
2190 3348 2314 3381 titulum

1232 3403 1306 3434 zpsa
1326 3391 1453 3434 diqssta
1472 3403 1536 3424 non
1555 3392 1673 3426 habent

78 3598 152 3624 anes
176 3591 200 3627 l.
219 3592 340 3626 XXX
344 3592 394 3626 V!
416 3605 474 3626 nec
491 3594 685 3637 subscriptio
706 3606 807 3637 neque
827 3594 996 3636 inscriptio
1017 3594 1052 3627 F

76 3643 152 3679 post
175 3637 195 3669 Ι.
216 3636 336 3670 XXX
342 3637 391 3670 VI
411 3637 554 3671 feliciter
574 3640 608 3672 F

81 3688 155 3714 ame
179 3680 198 3714 l.
219 3681 340 3715 XXX
345 3681 430 3714 VIII
451 3682 588 3725 explicit
607 3682 664 3716 lib.
686 3682 799 3715 xxxvii
830 3682 951 3724 incipit
978 3692 1016 3715 ex
1041 3682 1157 3715 ordine

123 3725 190 3766 dig.
212 3724 269 3758 lib.
290 3726 417 3760 xxxviii
439 3727 471 3759 F

2251 3537 2313 3544 ——

1227 3599 1301 3625 ante
1326 3592 1347 3625 1.
1368 3590 1577 3626 XXXVIIII
1597 3592 1682 3635 expl.
1703 3592 1761 3626 lib.
1780 3594 1908 3626 xxxviii
1927 3593 2029 3634 incip.
2047 3592 2107 3624 lib.
2124 3593 2265 3625 xxxviiii
2285 3593 2317 3625 F

1229 3645 1303 3671 ante
1328 3638 1349 3670 1.
1371 3636 1501 3671 XXXX
1513 3637 1665 3702 2feliciter
1687 3638 1824 3681 explicit
1843 3638 1902 3670 lib.
1919 3638 2019 3669 xxxix
2034 3638 2068 3678 lv}
2088 3637 2209 3679 incipit
2227 3636 2313 3670 liber

1230 3692 1358 3760 antxexxli1
1370 3683 1518 3760 ῧιέίιῦ
1539 3727 1624 3770 expl.
1645 3727 1705 3761 lib.
1724 3738 1812 3760 xxxx
1835 3727 1936 3768 incip.
1957 3725 2015 3758 lib.
2035 3726 2137 3759 xxxxi
2160 3727 2238 3760 add.
2263 3725 2312 3759 F²

2008 3790 2041 3815 11
