<?xml version="1.0" encoding="UTF-8"?>
<!DOCTYPE html PUBLIC "-//W3C//DTD XHTML 1.0 Transitional//EN"
    "http://www.w3.org/TR/xhtml1/DTD/xhtml1-transitional.dtd">
<html xmlns="http://www.w3.org/1999/xhtml" xml:lang="en" lang="en">
 <head>
  <title>
</title>
<meta http-equiv="Content-Type" content="text/html;charset=utf-8" />
  <meta name='ocr-system' content='tesseract 3.04.00' />
  <meta name='ocr-capabilities' content='ocr_page ocr_carea ocr_par ocr_line ocrx_word'/>
</head>
<body>
  <div class='ocr_page' id='page_1' title='image "./corpusjuriscivil01krueuoft_0567.png"; bbox 0 0 2528 3918; ppageno 0'>
   <div class='ocr_carea' id='block_1_1' title="bbox 101 117 544 151">
    <p class='ocr_par' dir='ltr' id='par_1_1' title="bbox 101 117 544 151">
     <span class='ocr_line' id='line_1_1' title="bbox 101 117 544 151; baseline -0.002 -1"><span class='ocrx_word' id='word_1_1' title='bbox 101 121 156 151; x_wconf 84' lang='lat' dir='ltr'><strong>ET</strong></span> <span class='ocrx_word' id='word_1_2' title='bbox 185 118 368 150; x_wconf 80' lang='lat' dir='ltr'><strong>FIDEICO</strong></span> <span class='ocrx_word' id='word_1_3' title='bbox 374 117 544 149; x_wconf 81' lang='lat' dir='ltr'><strong>MMISSIS</strong></span> 
     </span>
    </p>
   </div>
   <div class='ocr_carea' id='block_1_2' title="bbox 101 229 1202 3436">
    <p class='ocr_par' dir='ltr' id='par_1_2' title="bbox 101 229 1196 1272">
     <span class='ocr_line' id='line_1_2' title="bbox 106 229 1194 275; baseline -0.002 -8"><span class='ocrx_word' id='word_1_4' title='bbox 106 232 250 274; x_wconf 74' lang='lat' dir='ltr'><strong>naver-it,</strong></span> <span class='ocrx_word' id='word_1_5' title='bbox 300 230 536 266; x_wconf 91' lang='lat' dir='ltr'><strong>uodammodo</strong></span> <span class='ocrx_word' id='word_1_6' title='bbox 566 229 643 265; x_wconf 90' lang='lat' dir='ltr'><strong>eius</strong></span> <span class='ocrx_word' id='word_1_7' title='bbox 675 240 784 265; x_wconf 89' lang='lat' dir='ltr'><strong>causa</strong></span> <span class='ocrx_word' id='word_1_8' title='bbox 812 233 942 275; x_wconf 86' lang='lat' dir='ltr'><strong>parata</strong></span> <span class='ocrx_word' id='word_1_9' title='bbox 970 230 1194 266; x_wconf 87' lang='lat' dir='ltr'><strong>videbuntur.</strong></span> 
     </span>
     <span class='ocr_line' id='line_1_3' title="bbox 104 274 1194 320; baseline -0.002 -8"><span class='ocrx_word' id='word_1_10' title='bbox 104 280 123 312; x_wconf 91' lang='lat'>2</span> <span class='ocrx_word' id='word_1_11' title='bbox 170 276 279 311; x_wconf 87' lang='lat' dir='ltr'>Proin</span> <span class='ocrx_word' id='word_1_12' title='bbox 305 286 325 311; x_wconf 92' lang='lat' dir='ltr'><strong>e</strong></span> <span class='ocrx_word' id='word_1_13' title='bbox 349 279 385 310; x_wconf 91' lang='lat' dir='ltr'><strong>et</strong></span> <span class='ocrx_word' id='word_1_14' title='bbox 409 276 440 310; x_wconf 87' lang='lat' dir='ltr'><strong>si</strong></span> <span class='ocrx_word' id='word_1_15' title='bbox 464 274 637 320; x_wconf 85' lang='lat' dir='ltr'>quaedam</span> <span class='ocrx_word' id='word_1_16' title='bbox 667 275 863 320; x_wconf 85' lang='lat' dir='ltr'><strong>promiscui</strong></span> <span class='ocrx_word' id='word_1_17' title='bbox 886 286 975 311; x_wconf 90' lang='lat' dir='ltr'><strong>usus</strong></span> <span class='ocrx_word' id='word_1_18' title='bbox 1000 276 1080 318; x_wconf 92' lang='lat' dir='ltr'><strong>sint,</strong></span> <span class='ocrx_word' id='word_1_19' title='bbox 1112 276 1194 311; x_wconf 92' lang='lat' dir='ltr'><strong>soli-</strong></span> 
     </span>
     <span class='ocr_line' id='line_1_4' title="bbox 104 320 1194 365; baseline -0.001 -8"><span class='ocrx_word' id='word_1_20' title='bbox 104 327 161 357; x_wconf 89' lang='lat' dir='ltr'><strong>tus</strong></span> <span class='ocrx_word' id='word_1_21' title='bbox 184 326 304 356; x_wconf 86' lang='lat' dir='ltr'><strong>tamen</strong></span> <span class='ocrx_word' id='word_1_22' title='bbox 326 320 437 356; x_wconf 88' lang='lat' dir='ltr'><strong>fuerit</strong></span> <span class='ocrx_word' id='word_1_23' title='bbox 460 321 506 356; x_wconf 88' lang='lat' dir='ltr'><strong>ab</strong></span> <span class='ocrx_word' id='word_1_24' title='bbox 530 330 573 356; x_wconf 93' lang='lat' dir='ltr'><strong>ea</strong></span> <span class='ocrx_word' id='word_1_25' title='bbox 604 320 707 365; x_wconf 82' lang='lat' dir='ltr'><strong>quasi</strong></span> <span class='ocrx_word' id='word_1_26' title='bbox 730 331 836 356; x_wconf 91' lang='lat' dir='ltr'><strong>usum</strong></span> <span class='ocrx_word' id='word_1_27' title='bbox 868 321 1042 364; x_wconf 87' lang='lat' dir='ltr'><strong>mutuari,</strong></span> <span class='ocrx_word' id='word_1_28' title='bbox 1075 321 1194 356; x_wconf 90' lang='lat' dir='ltr'><strong>dicen-</strong></span> 
     </span>
     <span class='ocr_line' id='line_1_5' title="bbox 104 365 1194 411; baseline -0.002 -9"><span class='ocrx_word' id='word_1_29' title='bbox 104 371 123 402; x_wconf 85' lang='lat'><strong>3</strong></span> <span class='ocrx_word' id='word_1_30' title='bbox 171 367 255 402; x_wconf 90' lang='lat' dir='ltr'><strong>dum</strong></span> <span class='ocrx_word' id='word_1_31' title='bbox 280 366 348 401; x_wconf 89' lang='lat' dir='ltr'><strong>erit</strong></span> <span class='ocrx_word' id='word_1_32' title='bbox 370 366 483 411; x_wconf 90' lang='lat' dir='ltr'><strong>ipsius</strong></span> <span class='ocrx_word' id='word_1_33' title='bbox 509 375 619 401; x_wconf 89' lang='lat' dir='ltr'><strong>causa</strong></span> <span class='ocrx_word' id='word_1_34' title='bbox 642 365 754 400; x_wconf 88' lang='lat' dir='ltr'><strong>videri</strong></span> <span class='ocrx_word' id='word_1_35' title='bbox 785 370 924 410; x_wconf 87' lang='lat' dir='ltr'><strong>parata.</strong></span> <span class='ocrx_word' id='word_1_36' title='bbox 972 367 1062 401; x_wconf 84' lang='lat' dir='ltr'>Item</span> <span class='ocrx_word' id='word_1_37' title='bbox 1084 366 1194 401; x_wconf 85' lang='lat' dir='ltr'><strong>inter-</strong></span> 
     </span>
     <span class='ocr_line' id='line_1_6' title="bbox 102 410 1194 457; baseline -0.001 -10"><span class='ocrx_word' id='word_1_38' title='bbox 102 416 167 455; x_wconf 90' lang='lat' dir='ltr'><strong>est,</strong></span> <span class='ocrx_word' id='word_1_39' title='bbox 191 412 303 457; x_wconf 89' lang='lat' dir='ltr'><strong>ipsius</strong></span> <span class='ocrx_word' id='word_1_40' title='bbox 330 421 440 446; x_wconf 85' lang='lat' dir='ltr'><strong>causa</strong></span> <span class='ocrx_word' id='word_1_41' title='bbox 455 414 582 456; x_wconf 88' lang='lat' dir='ltr'><strong>parata</strong></span> <span class='ocrx_word' id='word_1_42' title='bbox 605 410 676 446; x_wconf 88' lang='lat' dir='ltr'><strong>sint</strong></span> <span class='ocrx_word' id='word_1_43' title='bbox 692 411 726 446; x_wconf 89' lang='lat' dir='ltr'><strong>ei</strong></span> <span class='ocrx_word' id='word_1_44' title='bbox 741 411 860 455; x_wconf 86' lang='lat' dir='ltr'><strong>legata</strong></span> <span class='ocrx_word' id='word_1_45' title='bbox 882 422 929 445; x_wconf 88' lang='lat' dir='ltr'><strong>an</strong></span> <span class='ocrx_word' id='word_1_46' title='bbox 952 412 1065 456; x_wconf 88' lang='lat' dir='ltr'><strong>ipsius</strong></span> <span class='ocrx_word' id='word_1_47' title='bbox 1085 421 1194 446; x_wconf 86' lang='lat' dir='ltr'><strong>causa</strong></span> 
     </span>
     <span class='ocr_line' id='line_1_7' title="bbox 103 456 1192 502; baseline 0 -10"><span class='ocrx_word' id='word_1_48' title='bbox 103 461 238 502; x_wconf 88' lang='lat' dir='ltr'><strong>empta:</strong></span> <span class='ocrx_word' id='word_1_49' title='bbox 271 457 406 502; x_wconf 87' lang='lat' dir='ltr'><strong>paratis</strong></span> <span class='ocrx_word' id='word_1_50' title='bbox 431 456 523 491; x_wconf 91' lang='lat' dir='ltr'><strong>enim</strong></span> <span class='ocrx_word' id='word_1_51' title='bbox 549 456 667 491; x_wconf 88' lang='lat' dir='ltr'><strong>omnia</strong></span> <span class='ocrx_word' id='word_1_52' title='bbox 691 456 932 500; x_wconf 89' lang='lat' dir='ltr'><strong>continentur,</strong></span> <span class='ocrx_word' id='word_1_53' title='bbox 965 467 1055 501; x_wconf 87' lang='lat' dir='ltr'><strong>quae</strong></span> <span class='ocrx_word' id='word_1_54' title='bbox 1080 456 1192 502; x_wconf 86' lang='lat' dir='ltr'><strong>ipsius</strong></span> 
     </span>
     <span class='ocr_line' id='line_1_8' title="bbox 103 501 1193 546; baseline -0.002 -8"><span class='ocrx_word' id='word_1_55' title='bbox 103 503 227 538; x_wconf 89' lang='lat' dir='ltr'><strong>usibus</strong></span> <span class='ocrx_word' id='word_1_56' title='bbox 251 502 398 537; x_wconf 87' lang='lat' dir='ltr'><strong>fuerunt</strong></span> <span class='ocrx_word' id='word_1_57' title='bbox 422 501 610 544; x_wconf 88' lang='lat' dir='ltr'><strong>destinata,</strong></span> <span class='ocrx_word' id='word_1_58' title='bbox 644 503 786 546; x_wconf 86' lang='lat' dir='ltr'><strong>empta¹</strong></span> <span class='ocrx_word' id='word_1_59' title='bbox 814 512 898 536; x_wconf 87' lang='lat' dir='ltr'><strong>vero</strong></span> <span class='ocrx_word' id='word_1_60' title='bbox 924 513 967 537; x_wconf 90' lang='lat' dir='ltr'><strong>ea</strong></span> <span class='ocrx_word' id='word_1_61' title='bbox 988 502 1076 545; x_wconf 87' lang='lat' dir='ltr'><strong>sola,</strong></span> <span class='ocrx_word' id='word_1_62' title='bbox 1103 512 1193 546; x_wconf 88' lang='lat' dir='ltr'><strong>quae</strong></span> 
     </span>
     <span class='ocr_line' id='line_1_9' title="bbox 127 546 1192 592; baseline -0.001 -10"><span class='ocrx_word' id='word_1_63' title='bbox 127 552 250 592; x_wconf 88' lang='lat' dir='ltr'><strong>ropter</strong></span> <span class='ocrx_word' id='word_1_64' title='bbox 274 558 351 583; x_wconf 87' lang='lat' dir='ltr'><strong>eam</strong></span> <span class='ocrx_word' id='word_1_65' title='bbox 375 551 495 591; x_wconf 91' lang='lat' dir='ltr'><strong>empta</strong></span> <span class='ocrx_word' id='word_1_66' title='bbox 519 546 605 582; x_wconf 92' lang='lat' dir='ltr'><strong>fecit</strong></span> <span class='ocrx_word' id='word_1_67' title='bbox 628 546 790 582; x_wconf 89' lang='lat' dir='ltr'><strong>maritus.</strong></span> <span class='ocrx_word' id='word_1_68' title='bbox 838 547 933 582; x_wconf 91' lang='lat' dir='ltr'><strong>unde</strong></span> <span class='ocrx_word' id='word_1_69' title='bbox 947 558 1020 582; x_wconf 94' lang='lat' dir='ltr'><strong>non</strong></span> <span class='ocrx_word' id='word_1_70' title='bbox 1033 547 1192 583; x_wconf 88' lang='lat' dir='ltr'><strong>contine-</strong></span> 
     </span>
     <span class='ocr_line' id='line_1_10' title="bbox 102 560 1193 637; baseline -0.001 -9"><span class='ocrx_word' id='word_1_71' title='bbox 102 560 237 628; x_wconf 53' lang='lat' dir='ltr'><strong>buntur</strong></span> <span class='ocrx_word' id='word_1_72' title='bbox 261 603 314 628; x_wconf 91' lang='lat' dir='ltr'><strong>em</strong></span> <span class='ocrx_word' id='word_1_73' title='bbox 342 592 388 627; x_wconf 89' lang='lat' dir='ltr'><strong>tis</strong></span> <span class='ocrx_word' id='word_1_74' title='bbox 412 591 498 627; x_wconf 87' lang='lat' dir='ltr'><strong>solis</strong></span> <span class='ocrx_word' id='word_1_75' title='bbox 523 592 666 636; x_wconf 86' lang='lat' dir='ltr'><strong>legatis,</strong></span> <span class='ocrx_word' id='word_1_76' title='bbox 701 603 791 637; x_wconf 89' lang='lat' dir='ltr'><strong>quae</strong></span> <span class='ocrx_word' id='word_1_77' title='bbox 822 592 893 626; x_wconf 89' lang='lat' dir='ltr'><strong>alia</strong></span> <span class='ocrx_word' id='word_1_78' title='bbox 927 593 1065 628; x_wconf 89' lang='lat' dir='ltr'><strong>ratione</strong></span> <span class='ocrx_word' id='word_1_79' title='bbox 1090 597 1193 637; x_wconf 90' lang='lat' dir='ltr'><strong>pater</strong></span> 
     </span>
     <span class='ocr_line' id='line_1_11' title="bbox 102 637 1191 682; baseline -0.002 -9"><span class='ocrx_word' id='word_1_80' title='bbox 102 638 255 674; x_wconf 85' lang='lat' dir='ltr'><strong>familias</strong></span> <span class='ocrx_word' id='word_1_81' title='bbox 280 648 302 672; x_wconf 86' lang='lat' dir='ltr'><strong>a</strong></span> <span class='ocrx_word' id='word_1_82' title='bbox 328 637 460 682; x_wconf 89' lang='lat' dir='ltr'><strong>quisita</strong></span> <span class='ocrx_word' id='word_1_83' title='bbox 484 637 516 672; x_wconf 92' lang='lat' dir='ltr'><strong>ei</strong></span> <span class='ocrx_word' id='word_1_84' title='bbox 541 637 745 672; x_wconf 88' lang='lat' dir='ltr'><strong>destinavit:</strong></span> <span class='ocrx_word' id='word_1_85' title='bbox 772 642 924 682; x_wconf 91' lang='lat' dir='ltr'><strong>utroque</strong></span> <span class='ocrx_word' id='word_1_86' title='bbox 940 642 1059 673; x_wconf 87' lang='lat' dir='ltr'><strong>autem</strong></span> <span class='ocrx_word' id='word_1_87' title='bbox 1074 638 1191 682; x_wconf 86' lang='lat' dir='ltr'><strong>legato</strong></span> 
     </span>
     <span class='ocr_line' id='line_1_12' title="bbox 103 682 1194 727; baseline -0.003 -8"><span class='ocrx_word' id='word_1_88' title='bbox 103 684 382 719; x_wconf 89' lang='lat' dir='ltr'><strong>continebuntur</strong></span> <span class='ocrx_word' id='word_1_89' title='bbox 410 686 447 718; x_wconf 87' lang='lat' dir='ltr'><strong>et</strong></span> <span class='ocrx_word' id='word_1_90' title='bbox 479 693 570 727; x_wconf 89' lang='lat' dir='ltr'><strong>quae</strong></span> <span class='ocrx_word' id='word_1_91' title='bbox 600 682 750 718; x_wconf 88' lang='lat' dir='ltr'><strong>maritus</strong></span> <span class='ocrx_word' id='word_1_92' title='bbox 780 683 849 718; x_wconf 89' lang='lat' dir='ltr'><strong>emi</strong></span> <span class='ocrx_word' id='word_1_93' title='bbox 881 683 1112 718; x_wconf 84' lang='lat' dir='ltr'><strong>mandaverat</strong></span> <span class='ocrx_word' id='word_1_94' title='bbox 1141 682 1194 717; x_wconf 91' lang='lat' dir='ltr'><strong>vel</strong></span> 
     </span>
     <span class='ocr_line' id='line_1_13' title="bbox 103 727 1193 774; baseline -0.002 -10"><span class='ocrx_word' id='word_1_95' title='bbox 103 739 193 774; x_wconf 87' lang='lat' dir='ltr'><strong>quae</strong></span> <span class='ocrx_word' id='word_1_96' title='bbox 218 732 363 770; x_wconf 86' lang='lat' dir='ltr'><strong>emerat,</strong></span> <span class='ocrx_word' id='word_1_97' title='bbox 393 727 545 763; x_wconf 86' lang='lat' dir='ltr'><strong>necdum</strong></span> <span class='ocrx_word' id='word_1_98' title='bbox 569 732 688 763; x_wconf 90' lang='lat' dir='ltr'><strong>autem</strong></span> <span class='ocrx_word' id='word_1_99' title='bbox 712 728 745 763; x_wconf 94' lang='lat' dir='ltr'><strong>ei</strong></span> <span class='ocrx_word' id='word_1_100' title='bbox 775 728 1042 772; x_wconf 89' lang='lat' dir='ltr'><strong>adsignaverat,</strong></span> <span class='ocrx_word' id='word_1_101' title='bbox 1076 728 1193 772; x_wconf 85' lang='lat' dir='ltr'><strong>adsig-</strong></span> 
     </span>
     <span class='ocr_line' id='line_1_14' title="bbox 102 773 1193 810; baseline -0.001 -2"><span class='ocrx_word' id='word_1_102' title='bbox 102 780 119 808; x_wconf 78' lang='grc'>4</span> <span class='ocrx_word' id='word_1_103' title='bbox 170 778 321 809; x_wconf 88' lang='lat' dir='ltr'><strong>naturus</strong></span> <span class='ocrx_word' id='word_1_104' title='bbox 354 773 385 809; x_wconf 89' lang='lat' dir='ltr'><strong>si</strong></span> <span class='ocrx_word' id='word_1_105' title='bbox 417 773 564 808; x_wconf 79' lang='lat' dir='ltr'><strong>vixisset</strong></span> <span class='ocrx_word' id='word_1_106' title='bbox 574 774 598 808; x_wconf 77' lang='lat'><strong>².</strong></span> <span class='ocrx_word' id='word_1_107' title='bbox 654 773 761 808; x_wconf 87' lang='lat' dir='ltr'><strong>Parvi</strong></span> <span class='ocrx_word' id='word_1_108' title='bbox 792 777 913 808; x_wconf 90' lang='lat' dir='ltr'><strong>autem</strong></span> <span class='ocrx_word' id='word_1_109' title='bbox 942 774 1053 810; x_wconf 80' lang='lat' dir='ltr'><strong>refert</strong></span> <span class='ocrx_word' id='word_1_110' title='bbox 1089 773 1193 808; x_wconf 86' lang='lat' dir='ltr'><strong>uxori</strong></span> 
     </span>
     <span class='ocr_line' id='line_1_15' title="bbox 101 818 1195 863; baseline -0.001 -9"><span class='ocrx_word' id='word_1_111' title='bbox 101 830 147 854; x_wconf 90' lang='lat' dir='ltr'><strong>an</strong></span> <span class='ocrx_word' id='word_1_112' title='bbox 184 819 404 854; x_wconf 80' lang='lat' dir='ltr'><strong>concubinae</strong></span> <span class='ocrx_word' id='word_1_113' title='bbox 437 819 516 863; x_wconf 92' lang='lat' dir='ltr'><strong>quis</strong></span> <span class='ocrx_word' id='word_1_114' title='bbox 552 818 661 863; x_wconf 85' lang='lat' dir='ltr'><strong>leget,</strong></span> <span class='ocrx_word' id='word_1_115' title='bbox 695 829 785 863; x_wconf 93' lang='lat' dir='ltr'><strong>quae</strong></span> <span class='ocrx_word' id='word_1_116' title='bbox 817 819 893 854; x_wconf 89' lang='lat' dir='ltr'><strong>eius</strong></span> <span class='ocrx_word' id='word_1_117' title='bbox 932 829 1043 854; x_wconf 89' lang='lat' dir='ltr'><strong>causa</strong></span> <span class='ocrx_word' id='word_1_118' title='bbox 1075 822 1195 863; x_wconf 85' lang='lat' dir='ltr'><strong>empta</strong></span> 
     </span>
     <span class='ocr_line' id='line_1_16' title="bbox 102 863 1192 910; baseline -0.001 -11"><span class='ocrx_word' id='word_1_119' title='bbox 102 868 230 910; x_wconf 89' lang='lat' dir='ltr'><strong>parata</strong></span> <span class='ocrx_word' id='word_1_120' title='bbox 255 868 354 900; x_wconf 88' lang='lat' dir='ltr'><strong>sunt:</strong></span> <span class='ocrx_word' id='word_1_121' title='bbox 387 874 473 899; x_wconf 88' lang='lat' dir='ltr'><strong>sane</strong></span> <span class='ocrx_word' id='word_1_122' title='bbox 505 863 599 899; x_wconf 92' lang='lat' dir='ltr'><strong>enim</strong></span> <span class='ocrx_word' id='word_1_123' title='bbox 622 864 691 899; x_wconf 91' lang='lat' dir='ltr'><strong>nisi</strong></span> <span class='ocrx_word' id='word_1_124' title='bbox 721 864 892 908; x_wconf 84' lang='lat' dir='ltr'><strong>dignitate</strong></span> <span class='ocrx_word' id='word_1_125' title='bbox 922 865 1009 899; x_wconf 88' lang='lat' dir='ltr'><strong>nihil</strong></span> <span class='ocrx_word' id='word_1_126' title='bbox 1033 864 1192 899; x_wconf 89' lang='lat' dir='ltr'><strong>interest.</strong></span> 
     </span>
     <span class='ocr_line' id='line_1_17' title="bbox 102 909 1193 954; baseline -0.002 -9"><span class='ocrx_word' id='word_1_127' title='bbox 102 914 121 945; x_wconf 85' lang='lat'>5</span> <span class='ocrx_word' id='word_1_128' title='bbox 170 910 208 945; x_wconf 89' lang='lat' dir='ltr'><strong>Si</strong></span> <span class='ocrx_word' id='word_1_129' title='bbox 240 909 344 944; x_wconf 86' lang='lat' dir='ltr'><strong>uxori</strong></span> <span class='ocrx_word' id='word_1_130' title='bbox 376 920 522 953; x_wconf 86' lang='lat' dir='ltr'><strong>aurum,</strong></span> <span class='ocrx_word' id='word_1_131' title='bbox 556 909 652 954; x_wconf 92' lang='lat' dir='ltr'><strong>quod</strong></span> <span class='ocrx_word' id='word_1_132' title='bbox 681 909 757 945; x_wconf 91' lang='lat' dir='ltr'><strong>eius</strong></span> <span class='ocrx_word' id='word_1_133' title='bbox 792 920 902 944; x_wconf 86' lang='lat' dir='ltr'><strong>causa</strong></span> <span class='ocrx_word' id='word_1_134' title='bbox 931 914 1096 954; x_wconf 84' lang='lat' dir='ltr'><strong>paratum</strong></span> <span class='ocrx_word' id='word_1_135' title='bbox 1128 912 1193 952; x_wconf 90' lang='lat' dir='ltr'><strong>est,</strong></span> 
     </span>
     <span class='ocr_line' id='line_1_18' title="bbox 101 954 1194 1000; baseline -0.002 -10"><span class='ocrx_word' id='word_1_136' title='bbox 101 956 255 1000; x_wconf 87' lang='lat' dir='ltr'><strong>legatum</strong></span> <span class='ocrx_word' id='word_1_137' title='bbox 280 955 327 990; x_wconf 89' lang='lat' dir='ltr'><strong>sit</strong></span> <span class='ocrx_word' id='word_1_138' title='bbox 355 958 391 990; x_wconf 90' lang='lat' dir='ltr'><strong>et</strong></span> <span class='ocrx_word' id='word_1_139' title='bbox 415 958 542 999; x_wconf 90' lang='lat' dir='ltr'><strong>postea</strong></span> <span class='ocrx_word' id='word_1_140' title='bbox 572 954 618 989; x_wconf 88' lang='lat' dir='ltr'><strong>sit</strong></span> <span class='ocrx_word' id='word_1_141' title='bbox 649 954 842 990; x_wconf 90' lang='lat' dir='ltr'><strong>conflatum</strong></span> <span class='ocrx_word' id='word_1_142' title='bbox 855 982 863 995; x_wconf 91' lang='lat'><strong>,</strong></span> <span class='ocrx_word' id='word_1_143' title='bbox 894 956 1044 991; x_wconf 88' lang='lat' dir='ltr'><strong>materia</strong></span> <span class='ocrx_word' id='word_1_144' title='bbox 1075 959 1194 989; x_wconf 88' lang='lat' dir='ltr'><strong>tamen</strong></span> 
     </span>
     <span class='ocr_line' id='line_1_19' title="bbox 102 999 1193 1045; baseline -0.003 -9"><span class='ocrx_word' id='word_1_145' title='bbox 102 1005 121 1036; x_wconf 88' lang='lat'><strong>6</strong></span> <span class='ocrx_word' id='word_1_146' title='bbox 170 1004 328 1042; x_wconf 88' lang='lat' dir='ltr'><strong>maneat,</strong></span> <span class='ocrx_word' id='word_1_147' title='bbox 361 1010 404 1035; x_wconf 88' lang='lat' dir='ltr'><strong>ea</strong></span> <span class='ocrx_word' id='word_1_148' title='bbox 436 1000 469 1035; x_wconf 89' lang='lat' dir='ltr'><strong>ei</strong></span> <span class='ocrx_word' id='word_1_149' title='bbox 493 999 654 1035; x_wconf 92' lang='lat' dir='ltr'><strong>debetur.</strong></span> <span class='ocrx_word' id='word_1_150' title='bbox 712 999 783 1035; x_wconf 89' lang='lat' dir='ltr'><strong>Sed</strong></span> <span class='ocrx_word' id='word_1_151' title='bbox 818 1004 859 1035; x_wconf 92' lang='lat' dir='ltr'><strong>ut</strong></span> <span class='ocrx_word' id='word_1_152' title='bbox 887 1001 1043 1045; x_wconf 87' lang='lat' dir='ltr'><strong>legatum</strong></span> <span class='ocrx_word' id='word_1_153' title='bbox 1067 1000 1193 1042; x_wconf 88' lang='lat' dir='ltr'><strong>valeat,</strong></span> 
     </span>
     <span class='ocr_line' id='line_1_20' title="bbox 102 1045 1196 1090; baseline -0.002 -10"><span class='ocrx_word' id='word_1_154' title='bbox 102 1046 224 1081; x_wconf 90' lang='lat' dir='ltr'><strong>mortis</strong></span> <span class='ocrx_word' id='word_1_155' title='bbox 248 1050 407 1090; x_wconf 88' lang='lat' dir='ltr'><strong>tempore</strong></span> <span class='ocrx_word' id='word_1_156' title='bbox 432 1056 580 1080; x_wconf 85' lang='lat' dir='ltr'><strong>uxorem</strong></span> <span class='ocrx_word' id='word_1_157' title='bbox 604 1056 682 1080; x_wconf 90' lang='lat' dir='ltr'><strong>esse</strong></span> <span class='ocrx_word' id='word_1_158' title='bbox 707 1045 836 1081; x_wconf 90' lang='lat' dir='ltr'><strong>debere</strong></span> <span class='ocrx_word' id='word_1_159' title='bbox 849 1045 1027 1081; x_wconf 90' lang='lat' dir='ltr'><strong>Proculus</strong></span> <span class='ocrx_word' id='word_1_160' title='bbox 1051 1045 1196 1090; x_wconf 85' lang='lat' dir='ltr'><strong>scripsit</strong></span> 
     </span>
     <span class='ocr_line' id='line_1_21' title="bbox 103 1090 1195 1136; baseline -0.001 -11"><span class='ocrx_word' id='word_1_161' title='bbox 103 1096 119 1125; x_wconf 87' lang='lat'>7</span> <span class='ocrx_word' id='word_1_162' title='bbox 159 1096 195 1126; x_wconf 85' lang='lat' dir='ltr'><strong>et</strong></span> <span class='ocrx_word' id='word_1_163' title='bbox 212 1101 334 1126; x_wconf 88' lang='lat' dir='ltr'><strong>verum</strong></span> <span class='ocrx_word' id='word_1_164' title='bbox 350 1095 422 1126; x_wconf 84' lang='lat' dir='ltr'><strong>est:</strong></span> <span class='ocrx_word' id='word_1_165' title='bbox 439 1091 619 1135; x_wconf 79' lang='lat' dir='ltr'><strong>separatio</strong></span> <span class='ocrx_word' id='word_1_166' title='bbox 633 1091 727 1126; x_wconf 91' lang='lat' dir='ltr'><strong>enim</strong></span> <span class='ocrx_word' id='word_1_167' title='bbox 742 1091 903 1126; x_wconf 86' lang='lat' dir='ltr'><strong>dissolvit</strong></span> <span class='ocrx_word' id='word_1_168' title='bbox 914 1091 1081 1136; x_wconf 88' lang='lat' dir='ltr'><strong>legatum.</strong></span> <span class='ocrx_word' id='word_1_169' title='bbox 1116 1090 1195 1125; x_wconf 94' lang='lat' dir='ltr'><strong>Hoc</strong></span> 
     </span>
     <span class='ocr_line' id='line_1_22' title="bbox 102 1135 1195 1181; baseline -0.001 -10"><span class='ocrx_word' id='word_1_170' title='bbox 102 1137 255 1181; x_wconf 86' lang='lat' dir='ltr'><strong>legatum</strong></span> <span class='ocrx_word' id='word_1_171' title='bbox 279 1140 315 1171; x_wconf 91' lang='lat' dir='ltr'><strong>et</strong></span> <span class='ocrx_word' id='word_1_172' title='bbox 338 1136 411 1171; x_wconf 89' lang='lat' dir='ltr'><strong>filio</strong></span> <span class='ocrx_word' id='word_1_173' title='bbox 437 1140 472 1171; x_wconf 89' lang='lat' dir='ltr'><strong>et</strong></span> <span class='ocrx_word' id='word_1_174' title='bbox 503 1136 597 1172; x_wconf 88' lang='lat' dir='ltr'><strong>filiae</strong></span> <span class='ocrx_word' id='word_1_175' title='bbox 629 1136 783 1181; x_wconf 86' lang='lat' dir='ltr'><strong>relinqui</strong></span> <span class='ocrx_word' id='word_1_176' title='bbox 813 1141 949 1181; x_wconf 91' lang='lat' dir='ltr'><strong>potest:</strong></span> <span class='ocrx_word' id='word_1_177' title='bbox 986 1139 1088 1181; x_wconf 89' lang='lat' dir='ltr'><strong>‘quae</strong></span> <span class='ocrx_word' id='word_1_178' title='bbox 1118 1135 1195 1171; x_wconf 90' lang='lat' dir='ltr'><strong>eius</strong></span> 
     </span>
     <span class='ocr_line' id='line_1_23' title="bbox 103 1181 1194 1227; baseline -0.001 -11"><span class='ocrx_word' id='word_1_179' title='bbox 103 1182 230 1227; x_wconf 68' lang='lat' dir='ltr'><strong>‘gratia</strong></span> <span class='ocrx_word' id='word_1_180' title='bbox 254 1186 382 1226; x_wconf 83' lang='lat' dir='ltr'><strong>parata</strong></span> <span class='ocrx_word' id='word_1_181' title='bbox 413 1182 519 1223; x_wconf 89' lang='lat' dir='ltr'><strong>sunt&#39;,</strong></span> <span class='ocrx_word' id='word_1_182' title='bbox 551 1185 587 1216; x_wconf 88' lang='lat' dir='ltr'><strong>et</strong></span> <span class='ocrx_word' id='word_1_183' title='bbox 610 1192 712 1217; x_wconf 88' lang='lat' dir='ltr'><strong>servo</strong></span> <span class='ocrx_word' id='word_1_184' title='bbox 738 1192 947 1226; x_wconf 88' lang='lat' dir='ltr'><strong>servaeque:</strong></span> <span class='ocrx_word' id='word_1_185' title='bbox 973 1185 1009 1217; x_wconf 87' lang='lat' dir='ltr'><strong>et</strong></span> <span class='ocrx_word' id='word_1_186' title='bbox 1034 1181 1194 1217; x_wconf 89' lang='lat' dir='ltr'><strong>contine-</strong></span> 
     </span>
     <span class='ocr_line' id='line_1_24' title="bbox 103 1226 1055 1272; baseline -0.001 -10"><span class='ocrx_word' id='word_1_187' title='bbox 103 1229 237 1262; x_wconf 89' lang='lat' dir='ltr'><strong>buntur</strong></span> <span class='ocrx_word' id='word_1_188' title='bbox 261 1238 352 1272; x_wconf 91' lang='lat' dir='ltr'><strong>quae</strong></span> <span class='ocrx_word' id='word_1_189' title='bbox 375 1226 446 1271; x_wconf 91' lang='lat' dir='ltr'><strong>ipsi</strong></span> <span class='ocrx_word' id='word_1_190' title='bbox 469 1231 555 1262; x_wconf 91' lang='lat' dir='ltr'><strong>sunt</strong></span> <span class='ocrx_word' id='word_1_191' title='bbox 578 1226 761 1262; x_wconf 87' lang='lat' dir='ltr'><strong>adtributa</strong></span> <span class='ocrx_word' id='word_1_192' title='bbox 784 1227 840 1262; x_wconf 88' lang='lat' dir='ltr'><strong>vel</strong></span> <span class='ocrx_word' id='word_1_193' title='bbox 864 1227 1055 1262; x_wconf 88' lang='lat' dir='ltr'><strong>destinata.</strong></span> 
     </span>
    </p>

    <p class='ocr_par' dir='ltr' id='par_1_3' title="bbox 101 1271 1199 2983">
     <span class='ocr_line' id='line_1_25' title="bbox 149 1271 1195 1310; baseline -0.001 -4"><span class='ocrx_word' id='word_1_194' title='bbox 149 1272 200 1310; x_wconf 85' lang='lat'><strong>50</strong></span> <span class='ocrx_word' id='word_1_195' title='bbox 226 1272 333 1307; x_wconf 74' lang='lat' dir='ltr'><strong>IDEM</strong></span> <span class='ocrx_word' id='word_1_196' title='bbox 352 1272 444 1307; x_wconf 79' lang='lat' dir='ltr'><strong>libro</strong></span> <span class='ocrx_word' id='word_1_197' title='bbox 476 1273 642 1307; x_wconf 77' lang='lat' dir='ltr'><strong>vicesimo</strong></span> <span class='ocrx_word' id='word_1_198' title='bbox 676 1273 779 1308; x_wconf 72' lang='lat' dir='ltr'><strong>tertio</strong></span> <span class='ocrx_word' id='word_1_199' title='bbox 812 1272 862 1307; x_wconf 85' lang='lat' dir='ltr'><strong>ad</strong></span> <span class='ocrx_word' id='word_1_200' title='bbox 884 1272 1059 1308; x_wconf 76' lang='lat' dir='ltr'><strong>Sabinum</strong></span> <span class='ocrx_word' id='word_1_201' title='bbox 1107 1271 1195 1306; x_wconf 88' lang='lat' dir='ltr'><strong>Cum</strong></span> 
     </span>
     <span class='ocr_line' id='line_1_26' title="bbox 102 1317 1196 1361; baseline -0.002 -8"><span class='ocrx_word' id='word_1_202' title='bbox 102 1318 175 1353; x_wconf 86' lang='lat' dir='ltr'><strong>tilio</strong></span> <span class='ocrx_word' id='word_1_203' title='bbox 199 1318 353 1352; x_wconf 81' lang='lat' dir='ltr'><strong>familias</strong></span> <span class='ocrx_word' id='word_1_204' title='bbox 384 1317 436 1352; x_wconf 90' lang='lat' dir='ltr'><strong>ita</strong></span> <span class='ocrx_word' id='word_1_205' title='bbox 461 1318 618 1361; x_wconf 84' lang='lat' dir='ltr'><strong>legatur:</strong></span> <span class='ocrx_word' id='word_1_206' title='bbox 657 1320 750 1352; x_wconf 85' lang='lat' dir='ltr'><strong>‘cum</strong></span> <span class='ocrx_word' id='word_1_207' title='bbox 780 1318 810 1353; x_wconf 92' lang='lat' dir='ltr'><strong>is</strong></span> <span class='ocrx_word' id='word_1_208' title='bbox 843 1318 881 1352; x_wconf 89' lang='lat' dir='ltr'><strong>in</strong></span> <span class='ocrx_word' id='word_1_209' title='bbox 912 1317 1061 1352; x_wconf 90' lang='lat' dir='ltr'><strong>tutelam</strong></span> <span class='ocrx_word' id='word_1_210' title='bbox 1094 1327 1196 1352; x_wconf 90' lang='lat' dir='ltr'><strong>suam</strong></span> 
     </span>
     <span class='ocr_line' id='line_1_27' title="bbox 103 1362 1197 1408; baseline -0.002 -10"><span class='ocrx_word' id='word_1_211' title='bbox 103 1363 336 1408; x_wconf 84' lang='lat' dir='ltr'><strong>‘pervenerit’,</strong></span> <span class='ocrx_word' id='word_1_212' title='bbox 387 1362 560 1397; x_wconf 87' lang='lat' dir='ltr'><strong>ubertatis</strong></span> <span class='ocrx_word' id='word_1_213' title='bbox 585 1366 726 1407; x_wconf 91' lang='lat' dir='ltr'><strong>tempus</strong></span> <span class='ocrx_word' id='word_1_214' title='bbox 760 1363 993 1407; x_wconf 87' lang='lat' dir='ltr'><strong>significatur.</strong></span> <span class='ocrx_word' id='word_1_215' title='bbox 1051 1366 1086 1397; x_wconf 90' lang='lat' dir='ltr'><strong>et</strong></span> <span class='ocrx_word' id='word_1_216' title='bbox 1110 1371 1197 1397; x_wconf 89' lang='lat' dir='ltr'><strong>sane</strong></span> 
     </span>
     <span class='ocr_line' id='line_1_28' title="bbox 102 1373 1195 1453; baseline -0.002 -9"><span class='ocrx_word' id='word_1_217' title='bbox 102 1409 132 1444; x_wconf 89' lang='lat' dir='ltr'><strong>si</strong></span> <span class='ocrx_word' id='word_1_218' title='bbox 155 1408 329 1453; x_wconf 86' lang='lat' dir='ltr'><strong>impuberi</strong></span> <span class='ocrx_word' id='word_1_219' title='bbox 354 1373 426 1442; x_wconf 53' lang='lat' dir='ltr'><strong>Elio</strong></span> <span class='ocrx_word' id='word_1_220' title='bbox 451 1407 604 1442; x_wconf 89' lang='lat' dir='ltr'><strong>familias</strong></span> <span class='ocrx_word' id='word_1_221' title='bbox 628 1408 784 1452; x_wconf 85' lang='lat' dir='ltr'><strong>legatum</strong></span> <span class='ocrx_word' id='word_1_222' title='bbox 809 1409 866 1449; x_wconf 88' lang='lat' dir='ltr'><strong>sit,</strong></span> <span class='ocrx_word' id='word_1_223' title='bbox 890 1408 1099 1452; x_wconf 88' lang='lat' dir='ltr'><strong>plerumque</strong></span> <span class='ocrx_word' id='word_1_224' title='bbox 1115 1417 1195 1442; x_wconf 90' lang='lat' dir='ltr'><strong>sen-</strong></span> 
     </span>
     <span class='ocr_line' id='line_1_29' title="bbox 101 1452 1195 1499; baseline -0.002 -11"><span class='ocrx_word' id='word_1_225' title='bbox 101 1454 259 1488; x_wconf 89' lang='lat' dir='ltr'><strong>tiendum</strong></span> <span class='ocrx_word' id='word_1_226' title='bbox 284 1456 348 1494; x_wconf 90' lang='lat' dir='ltr'><strong>est,</strong></span> <span class='ocrx_word' id='word_1_227' title='bbox 375 1452 471 1497; x_wconf 90' lang='lat' dir='ltr'><strong>quod</strong></span> <span class='ocrx_word' id='word_1_228' title='bbox 489 1452 641 1487; x_wconf 90' lang='lat' dir='ltr'><strong>Sabinus</strong></span> <span class='ocrx_word' id='word_1_229' title='bbox 666 1453 726 1495; x_wconf 90' lang='lat' dir='ltr'><strong>ait,</strong></span> <span class='ocrx_word' id='word_1_230' title='bbox 752 1458 793 1488; x_wconf 93' lang='lat' dir='ltr'><strong>ut</strong></span> <span class='ocrx_word' id='word_1_231' title='bbox 816 1464 888 1488; x_wconf 90' lang='lat' dir='ltr'><strong>non</strong></span> <span class='ocrx_word' id='word_1_232' title='bbox 914 1457 949 1488; x_wconf 90' lang='lat' dir='ltr'><strong>et</strong></span> <span class='ocrx_word' id='word_1_233' title='bbox 964 1457 1069 1499; x_wconf 87' lang='lat' dir='ltr'><strong>pater</strong></span> <span class='ocrx_word' id='word_1_234' title='bbox 1092 1452 1195 1487; x_wconf 89' lang='lat' dir='ltr'><strong>fami-</strong></span> 
     </span>
     <span class='ocr_line' id='line_1_30' title="bbox 101 1498 1194 1543; baseline -0.001 -9"><span class='ocrx_word' id='word_1_235' title='bbox 101 1499 166 1534; x_wconf 85' lang='lat' dir='ltr'><strong>lias</strong></span> <span class='ocrx_word' id='word_1_236' title='bbox 190 1499 264 1540; x_wconf 87' lang='lat' dir='ltr'><strong>fiat,</strong></span> <span class='ocrx_word' id='word_1_237' title='bbox 291 1498 354 1532; x_wconf 91' lang='lat' dir='ltr'><strong>sed</strong></span> <span class='ocrx_word' id='word_1_238' title='bbox 378 1502 418 1532; x_wconf 89' lang='lat' dir='ltr'><strong>ut</strong></span> <span class='ocrx_word' id='word_1_239' title='bbox 441 1498 567 1543; x_wconf 87' lang='lat' dir='ltr'><strong>pubes.</strong></span> <span class='ocrx_word' id='word_1_240' title='bbox 597 1502 753 1533; x_wconf 89' lang='lat' dir='ltr'><strong>ceterum</strong></span> <span class='ocrx_word' id='word_1_241' title='bbox 778 1499 809 1534; x_wconf 91' lang='lat' dir='ltr'><strong>si</strong></span> <span class='ocrx_word' id='word_1_242' title='bbox 833 1502 967 1541; x_wconf 85' lang='lat' dir='ltr'><strong>mater,</strong></span> <span class='ocrx_word' id='word_1_243' title='bbox 1000 1508 1093 1543; x_wconf 89' lang='lat' dir='ltr'><strong>quae</strong></span> <span class='ocrx_word' id='word_1_244' title='bbox 1117 1508 1194 1533; x_wconf 89' lang='lat' dir='ltr'><strong>sus-</strong></span> 
     </span>
     <span class='ocr_line' id='line_1_31' title="bbox 101 1543 1194 1590; baseline -0.001 -11"><span class='ocrx_word' id='word_1_245' title='bbox 101 1549 243 1590; x_wconf 86' lang='lat' dir='ltr'><strong>pectam</strong></span> <span class='ocrx_word' id='word_1_246' title='bbox 267 1543 394 1578; x_wconf 88' lang='lat' dir='ltr'><strong>habuit</strong></span> <span class='ocrx_word' id='word_1_247' title='bbox 425 1543 544 1577; x_wconf 89' lang='lat' dir='ltr'><strong>mariti</strong></span> <span class='ocrx_word' id='word_1_248' title='bbox 575 1554 597 1578; x_wconf 89' lang='lat' dir='ltr'><strong>a</strong></span> <span class='ocrx_word' id='word_1_249' title='bbox 630 1555 699 1588; x_wconf 93' lang='lat' dir='ltr'><strong>quo</strong></span> <span class='ocrx_word' id='word_1_250' title='bbox 734 1544 928 1580; x_wconf 85' lang='lat' dir='ltr'><strong>divorterat</strong></span> <span class='ocrx_word' id='word_1_251' title='bbox 957 1544 1085 1586; x_wconf 89' lang='lat' dir='ltr'><strong>vitam,</strong></span> <span class='ocrx_word' id='word_1_252' title='bbox 1121 1543 1194 1578; x_wconf 80' lang='lat' dir='ltr'><strong>filio</strong></span> 
     </span>
     <span class='ocr_line' id='line_1_32' title="bbox 102 1588 1197 1634; baseline -0.002 -9"><span class='ocrx_word' id='word_1_253' title='bbox 102 1601 166 1625; x_wconf 91' lang='lat' dir='ltr'><strong>suo</strong></span> <span class='ocrx_word' id='word_1_254' title='bbox 192 1589 350 1634; x_wconf 86' lang='lat' dir='ltr'><strong>quamvis</strong></span> <span class='ocrx_word' id='word_1_255' title='bbox 374 1588 549 1633; x_wconf 89' lang='lat' dir='ltr'><strong>impuberi</strong></span> <span class='ocrx_word' id='word_1_256' title='bbox 572 1589 675 1632; x_wconf 89' lang='lat' dir='ltr'><strong>leget,</strong></span> <span class='ocrx_word' id='word_1_257' title='bbox 708 1600 780 1624; x_wconf 92' lang='lat' dir='ltr'><strong>non</strong></span> <span class='ocrx_word' id='word_1_258' title='bbox 804 1589 944 1624; x_wconf 91' lang='lat' dir='ltr'><strong>videtur</strong></span> <span class='ocrx_word' id='word_1_259' title='bbox 974 1589 1128 1624; x_wconf 88' lang='lat' dir='ltr'><strong>sensisse</strong></span> <span class='ocrx_word' id='word_1_260' title='bbox 1153 1588 1197 1623; x_wconf 91' lang='lat' dir='ltr'><strong>de</strong></span> 
     </span>
     <span class='ocr_line' id='line_1_33' title="bbox 103 1633 1195 1679; baseline -0.002 -9"><span class='ocrx_word' id='word_1_261' title='bbox 103 1646 143 1670; x_wconf 86' lang='lat' dir='ltr'><strong>eo</strong></span> <span class='ocrx_word' id='word_1_262' title='bbox 167 1639 338 1679; x_wconf 66' lang='lat' dir='ltr'><strong>tempore,</strong></span> <span class='ocrx_word' id='word_1_263' title='bbox 364 1644 433 1678; x_wconf 95' lang='lat' dir='ltr'><strong>quo</strong></span> <span class='ocrx_word' id='word_1_264' title='bbox 458 1634 571 1679; x_wconf 87' lang='lat' dir='ltr'><strong>pubes</strong></span> <span class='ocrx_word' id='word_1_265' title='bbox 597 1638 662 1676; x_wconf 90' lang='lat' dir='ltr'><strong>est,</strong></span> <span class='ocrx_word' id='word_1_266' title='bbox 697 1634 784 1669; x_wconf 89' lang='lat' dir='ltr'><strong>sed³</strong></span> <span class='ocrx_word' id='word_1_267' title='bbox 809 1645 869 1677; x_wconf 87' lang='lat' dir='ltr'><strong>eo,</strong></span> <span class='ocrx_word' id='word_1_268' title='bbox 907 1645 977 1679; x_wconf 87' lang='lat' dir='ltr'><strong>quo</strong></span> <span class='ocrx_word' id='word_1_269' title='bbox 1011 1638 1047 1670; x_wconf 85' lang='lat' dir='ltr'><strong>et</strong></span> <span class='ocrx_word' id='word_1_270' title='bbox 1080 1633 1195 1679; x_wconf 89' lang='lat' dir='ltr'><strong>pubes</strong></span> 
     </span>
     <span class='ocr_line' id='line_1_34' title="bbox 103 1679 1195 1726; baseline -0.001 -12"><span class='ocrx_word' id='word_1_271' title='bbox 103 1686 136 1714; x_wconf 86' lang='lat' dir='ltr'><strong>et</strong></span> <span class='ocrx_word' id='word_1_272' title='bbox 160 1684 262 1726; x_wconf 88' lang='lat' dir='ltr'><strong>pater</strong></span> <span class='ocrx_word' id='word_1_273' title='bbox 285 1679 436 1714; x_wconf 87' lang='lat' dir='ltr'><strong>familias</strong></span> <span class='ocrx_word' id='word_1_274' title='bbox 470 1683 524 1714; x_wconf 92' lang='lat' dir='ltr'><strong>est</strong></span> <span class='ocrx_word' id='word_1_275' title='bbox 556 1686 652 1717; x_wconf 86' lang='lat' dir='ltr'><strong>(nam</strong></span> <span class='ocrx_word' id='word_1_276' title='bbox 685 1681 741 1714; x_wconf 70' lang='lat' dir='ltr'><strong>et⁴</strong></span> <span class='ocrx_word' id='word_1_277' title='bbox 766 1680 795 1715; x_wconf 88' lang='lat' dir='ltr'><strong>si</strong></span> <span class='ocrx_word' id='word_1_278' title='bbox 828 1680 942 1725; x_wconf 91' lang='lat' dir='ltr'><strong>pubes</strong></span> <span class='ocrx_word' id='word_1_279' title='bbox 966 1679 1052 1722; x_wconf 87' lang='lat' dir='ltr'><strong>fuit,</strong></span> <span class='ocrx_word' id='word_1_280' title='bbox 1084 1679 1195 1714; x_wconf 90' lang='lat' dir='ltr'><strong>multo</strong></span> 
     </span>
     <span class='ocr_line' id='line_1_35' title="bbox 104 1724 1196 1770; baseline -0.002 -9"><span class='ocrx_word' id='word_1_281' title='bbox 104 1726 213 1770; x_wconf 84' lang='lat' dir='ltr'><strong>magis</strong></span> <span class='ocrx_word' id='word_1_282' title='bbox 238 1725 394 1760; x_wconf 87' lang='lat' dir='ltr'><strong>dicemus</strong></span> <span class='ocrx_word' id='word_1_283' title='bbox 420 1724 464 1759; x_wconf 92' lang='lat' dir='ltr'><strong>de</strong></span> <span class='ocrx_word' id='word_1_284' title='bbox 485 1728 590 1770; x_wconf 91' lang='lat' dir='ltr'><strong>patre</strong></span> <span class='ocrx_word' id='word_1_285' title='bbox 614 1724 767 1760; x_wconf 88' lang='lat' dir='ltr'><strong>familias</strong></span> <span class='ocrx_word' id='word_1_286' title='bbox 793 1736 870 1760; x_wconf 90' lang='lat' dir='ltr'><strong>eam</strong></span> <span class='ocrx_word' id='word_1_287' title='bbox 893 1725 1070 1768; x_wconf 89' lang='lat' dir='ltr'><strong>sensisse),</strong></span> <span class='ocrx_word' id='word_1_288' title='bbox 1097 1735 1140 1759; x_wconf 88' lang='lat' dir='ltr'><strong>ac</strong></span> <span class='ocrx_word' id='word_1_289' title='bbox 1165 1725 1196 1759; x_wconf 91' lang='lat' dir='ltr'><strong>si</strong></span> 
     </span>
     <span class='ocr_line' id='line_1_36' title="bbox 103 1770 1194 1816; baseline -0.002 -10"><span class='ocrx_word' id='word_1_290' title='bbox 103 1772 250 1806; x_wconf 84' lang='lat' dir='ltr'><strong>dixisset</strong></span> <span class='ocrx_word' id='word_1_291' title='bbox 283 1770 330 1804; x_wconf 88' lang='lat' dir='ltr'><strong>‘in</strong></span> <span class='ocrx_word' id='word_1_292' title='bbox 363 1780 463 1804; x_wconf 91' lang='lat' dir='ltr'><strong>suam</strong></span> <span class='ocrx_word' id='word_1_293' title='bbox 496 1770 645 1804; x_wconf 83' lang='lat' dir='ltr'><strong>tutelam</strong></span> <span class='ocrx_word' id='word_1_294' title='bbox 680 1775 716 1805; x_wconf 91' lang='lat' dir='ltr'><strong>et</strong></span> <span class='ocrx_word' id='word_1_295' title='bbox 746 1772 782 1806; x_wconf 91' lang='lat' dir='ltr'><strong>in</strong></span> <span class='ocrx_word' id='word_1_296' title='bbox 816 1781 918 1806; x_wconf 90' lang='lat' dir='ltr'><strong>suam</strong></span> <span class='ocrx_word' id='word_1_297' title='bbox 957 1770 1194 1816; x_wconf 89' lang='lat' dir='ltr'><strong>potestatem&#39;.</strong></span> 
     </span>
     <span class='ocr_line' id='line_1_37' title="bbox 108 1814 1195 1868; baseline -0.002 -17"><span class='ocrx_word' id='word_1_298' title='bbox 108 1821 118 1850; x_wconf 84' lang='lat'>1</span> <span class='ocrx_word' id='word_1_299' title='bbox 170 1815 273 1860; x_wconf 80' lang='lat' dir='ltr'><strong>Quod</strong></span> <span class='ocrx_word' id='word_1_300' title='bbox 297 1816 327 1850; x_wconf 92' lang='lat' dir='ltr'><strong>si</strong></span> <span class='ocrx_word' id='word_1_301' title='bbox 352 1816 428 1859; x_wconf 92' lang='lat' dir='ltr'><strong>quis</strong></span> <span class='ocrx_word' id='word_1_302' title='bbox 453 1815 547 1859; x_wconf 91' lang='lat' dir='ltr'><strong>patri</strong></span> <span class='ocrx_word' id='word_1_303' title='bbox 578 1814 731 1851; x_wconf 87' lang='lat' dir='ltr'><strong>familias</strong></span> <span class='ocrx_word' id='word_1_304' title='bbox 764 1816 941 1868; x_wconf 85' lang='lat' dir='ltr'><strong>impuberi</strong></span> <span class='ocrx_word' id='word_1_305' title='bbox 971 1816 1079 1860; x_wconf 87' lang='lat' dir='ltr'><strong>leget,</strong></span> <span class='ocrx_word' id='word_1_306' title='bbox 1115 1826 1195 1850; x_wconf 90' lang='lat' dir='ltr'><strong>cum</strong></span> 
     </span>
     <span class='ocr_line' id='line_1_38' title="bbox 102 1860 1196 1905; baseline -0.002 -8"><span class='ocrx_word' id='word_1_307' title='bbox 102 1872 188 1897; x_wconf 86' lang='lat' dir='ltr'><strong>suae</strong></span> <span class='ocrx_word' id='word_1_308' title='bbox 211 1861 345 1895; x_wconf 87' lang='lat' dir='ltr'><strong>tutelae</strong></span> <span class='ocrx_word' id='word_1_309' title='bbox 370 1861 427 1902; x_wconf 87' lang='lat' dir='ltr'><strong>sit,</strong></span> <span class='ocrx_word' id='word_1_310' title='bbox 453 1861 497 1895; x_wconf 90' lang='lat' dir='ltr'><strong>de</strong></span> <span class='ocrx_word' id='word_1_311' title='bbox 520 1861 709 1905; x_wconf 85' lang='lat' dir='ltr'><strong>pubertate</strong></span> <span class='ocrx_word' id='word_1_312' title='bbox 733 1865 855 1905; x_wconf 81' lang='lat' dir='ltr'><strong>sensit,</strong></span> <span class='ocrx_word' id='word_1_313' title='bbox 888 1860 1068 1896; x_wconf 90' lang='lat' dir='ltr'><strong>interdum</strong></span> <span class='ocrx_word' id='word_1_314' title='bbox 1094 1864 1129 1895; x_wconf 92' lang='lat' dir='ltr'><strong>et</strong></span> <span class='ocrx_word' id='word_1_315' title='bbox 1152 1860 1196 1895; x_wconf 91' lang='lat' dir='ltr'><strong>de</strong></span> 
     </span>
     <span class='ocr_line' id='line_1_39' title="bbox 103 1906 1193 1951; baseline -0.002 -10"><span class='ocrx_word' id='word_1_316' title='bbox 103 1906 223 1951; x_wconf 85' lang='lat' dir='ltr'><strong>viginti</strong></span> <span class='ocrx_word' id='word_1_317' title='bbox 255 1906 410 1951; x_wconf 90' lang='lat' dir='ltr'><strong>quinque</strong></span> <span class='ocrx_word' id='word_1_318' title='bbox 442 1906 563 1948; x_wconf 85' lang='lat' dir='ltr'><strong>annis,</strong></span> <span class='ocrx_word' id='word_1_319' title='bbox 605 1906 635 1941; x_wconf 91' lang='lat' dir='ltr'><strong>si</strong></span> <span class='ocrx_word' id='word_1_320' title='bbox 676 1917 774 1941; x_wconf 90' lang='lat' dir='ltr'><strong>mens</strong></span> <span class='ocrx_word' id='word_1_321' title='bbox 809 1906 975 1942; x_wconf 91' lang='lat' dir='ltr'><strong>testantis</strong></span> <span class='ocrx_word' id='word_1_322' title='bbox 1011 1909 1193 1951; x_wconf 85' lang='lat' dir='ltr'><strong>appareat.</strong></span> 
     </span>
     <span class='ocr_line' id='line_1_40' title="bbox 103 1950 1196 1996; baseline -0.001 -10"><span class='ocrx_word' id='word_1_323' title='bbox 103 1963 181 1986; x_wconf 88' lang='lat' dir='ltr'><strong>nam</strong></span> <span class='ocrx_word' id='word_1_324' title='bbox 199 1952 229 1986; x_wconf 89' lang='lat' dir='ltr'><strong>si</strong></span> <span class='ocrx_word' id='word_1_325' title='bbox 246 1951 316 1985; x_wconf 87' lang='lat' dir='ltr'><strong>iam</strong></span> <span class='ocrx_word' id='word_1_326' title='bbox 332 1952 471 1996; x_wconf 88' lang='lat' dir='ltr'><strong>puberi,</strong></span> <span class='ocrx_word' id='word_1_327' title='bbox 497 1951 625 1986; x_wconf 87' lang='lat' dir='ltr'><strong>minori</strong></span> <span class='ocrx_word' id='word_1_328' title='bbox 643 1956 763 1986; x_wconf 90' lang='lat' dir='ltr'><strong>tamen</strong></span> <span class='ocrx_word' id='word_1_329' title='bbox 779 1951 902 1996; x_wconf 86' lang='lat' dir='ltr'><strong>viginti</strong></span> <span class='ocrx_word' id='word_1_330' title='bbox 919 1952 1076 1996; x_wconf 90' lang='lat' dir='ltr'><strong>quinque</strong></span> <span class='ocrx_word' id='word_1_331' title='bbox 1093 1950 1196 1986; x_wconf 88' lang='lat' dir='ltr'><strong>annis</strong></span> 
     </span>
     <span class='ocr_line' id='line_1_41' title="bbox 103 1996 1194 2042; baseline -0.002 -10"><span class='ocrx_word' id='word_1_332' title='bbox 103 1997 240 2042; x_wconf 86' lang='lat' dir='ltr'><strong>legavit,</strong></span> <span class='ocrx_word' id='word_1_333' title='bbox 266 1996 393 2041; x_wconf 91' lang='lat' dir='ltr'><strong>procul</strong></span> <span class='ocrx_word' id='word_1_334' title='bbox 418 1996 526 2031; x_wconf 89' lang='lat' dir='ltr'><strong>dubio</strong></span> <span class='ocrx_word' id='word_1_335' title='bbox 553 1997 636 2030; x_wconf 89' lang='lat' dir='ltr'><strong>anni</strong></span> <span class='ocrx_word' id='word_1_336' title='bbox 653 1997 774 2042; x_wconf 87' lang='lat' dir='ltr'><strong>viginti</strong></span> <span class='ocrx_word' id='word_1_337' title='bbox 790 1998 944 2042; x_wconf 90' lang='lat' dir='ltr'><strong>quinque</strong></span> <span class='ocrx_word' id='word_1_338' title='bbox 962 2001 1067 2031; x_wconf 90' lang='lat' dir='ltr'><strong>erunt</strong></span> <span class='ocrx_word' id='word_1_339' title='bbox 1090 2007 1194 2041; x_wconf 88' lang='lat' dir='ltr'><strong>prae-</strong></span> 
     </span>
     <span class='ocr_line' id='line_1_42' title="bbox 104 2040 1196 2087; baseline -0.002 -10"><span class='ocrx_word' id='word_1_340' title='bbox 104 2047 122 2077; x_wconf 82' lang='lat'><strong>2</strong></span> <span class='ocrx_word' id='word_1_341' title='bbox 171 2042 299 2078; x_wconf 87' lang='lat' dir='ltr'><strong>stituti.</strong></span> <span class='ocrx_word' id='word_1_342' title='bbox 354 2040 444 2076; x_wconf 88' lang='lat' dir='ltr'><strong>Item</strong></span> <span class='ocrx_word' id='word_1_343' title='bbox 477 2042 506 2077; x_wconf 91' lang='lat' dir='ltr'><strong>si</strong></span> <span class='ocrx_word' id='word_1_344' title='bbox 538 2041 673 2077; x_wconf 87' lang='lat' dir='ltr'><strong>furioso</strong></span> <span class='ocrx_word' id='word_1_345' title='bbox 705 2043 762 2077; x_wconf 92' lang='lat' dir='ltr'><strong>vel</strong></span> <span class='ocrx_word' id='word_1_346' title='bbox 792 2042 941 2087; x_wconf 86' lang='lat' dir='ltr'><strong>prodigo</strong></span> <span class='ocrx_word' id='word_1_347' title='bbox 966 2042 1021 2077; x_wconf 91' lang='lat' dir='ltr'><strong>vel</strong></span> <span class='ocrx_word' id='word_1_348' title='bbox 1054 2042 1104 2083; x_wconf 90' lang='lat' dir='ltr'><strong>ei,</strong></span> <span class='ocrx_word' id='word_1_349' title='bbox 1139 2042 1196 2076; x_wconf 91' lang='lat' dir='ltr'><strong>cui</strong></span> 
     </span>
     <span class='ocr_line' id='line_1_43' title="bbox 103 2087 1195 2133; baseline -0.002 -10"><span class='ocrx_word' id='word_1_350' title='bbox 103 2092 247 2133; x_wconf 88' lang='lat' dir='ltr'><strong>praetor</strong></span> <span class='ocrx_word' id='word_1_351' title='bbox 271 2098 316 2122; x_wconf 84' lang='lat' dir='ltr'><strong>ex</strong></span> <span class='ocrx_word' id='word_1_352' title='bbox 341 2097 451 2122; x_wconf 87' lang='lat' dir='ltr'><strong>causa</strong></span> <span class='ocrx_word' id='word_1_353' title='bbox 484 2091 685 2122; x_wconf 85' lang='lat' dir='ltr'><strong>curatorem</strong></span> <span class='ocrx_word' id='word_1_354' title='bbox 719 2087 833 2130; x_wconf 86' lang='lat' dir='ltr'><strong>dedit,</strong></span> <span class='ocrx_word' id='word_1_355' title='bbox 865 2088 917 2122; x_wconf 86' lang='lat' dir='ltr'><strong>ita</strong></span> <span class='ocrx_word' id='word_1_356' title='bbox 949 2088 996 2123; x_wconf 89' lang='lat' dir='ltr'><strong>sit</strong></span> <span class='ocrx_word' id='word_1_357' title='bbox 1025 2088 1195 2132; x_wconf 87' lang='lat' dir='ltr'><strong>legatum,</strong></span> 
     </span>
     <span class='ocr_line' id='line_1_44' title="bbox 104 2132 1196 2178; baseline -0.001 -10"><span class='ocrx_word' id='word_1_358' title='bbox 104 2138 190 2178; x_wconf 89' lang='lat' dir='ltr'><strong>puto</strong></span> <span class='ocrx_word' id='word_1_359' title='bbox 228 2137 263 2167; x_wconf 92' lang='lat' dir='ltr'><strong>et</strong></span> <span class='ocrx_word' id='word_1_360' title='bbox 287 2132 330 2167; x_wconf 90' lang='lat' dir='ltr'><strong>de</strong></span> <span class='ocrx_word' id='word_1_361' title='bbox 354 2143 395 2167; x_wconf 91' lang='lat' dir='ltr'><strong>eo</strong></span> <span class='ocrx_word' id='word_1_362' title='bbox 430 2142 572 2168; x_wconf 88' lang='lat' dir='ltr'><strong>sensum</strong></span> <span class='ocrx_word' id='word_1_363' title='bbox 599 2143 703 2175; x_wconf 87' lang='lat' dir='ltr'><strong>casu,</strong></span> <span class='ocrx_word' id='word_1_364' title='bbox 738 2144 807 2178; x_wconf 90' lang='lat' dir='ltr'><strong>quo</strong></span> <span class='ocrx_word' id='word_1_365' title='bbox 842 2143 949 2168; x_wconf 90' lang='lat' dir='ltr'><strong>curae</strong></span> <span class='ocrx_word' id='word_1_366' title='bbox 980 2136 1016 2168; x_wconf 89' lang='lat' dir='ltr'><strong>et</strong></span> <span class='ocrx_word' id='word_1_367' title='bbox 1038 2132 1196 2168; x_wconf 79' lang='lat' dir='ltr'><strong>tutelae⁵</strong></span> 
     </span>
     <span class='ocr_line' id='line_1_45' title="bbox 104 2177 1196 2224; baseline -0.002 -10"><span class='ocrx_word' id='word_1_368' title='bbox 104 2183 123 2214; x_wconf 81' lang='lat'>3</span> <span class='ocrx_word' id='word_1_369' title='bbox 170 2179 351 2213; x_wconf 87' lang='lat' dir='ltr'><strong>liberetur.</strong></span> <span class='ocrx_word' id='word_1_370' title='bbox 398 2178 456 2212; x_wconf 84' lang='lat' dir='ltr'><strong>Ex</strong></span> <span class='ocrx_word' id='word_1_371' title='bbox 480 2178 535 2213; x_wconf 92' lang='lat' dir='ltr'><strong>his</strong></span> <span class='ocrx_word' id='word_1_372' title='bbox 553 2182 589 2213; x_wconf 92' lang='lat' dir='ltr'><strong>et</strong></span> <span class='ocrx_word' id='word_1_373' title='bbox 611 2178 815 2213; x_wconf 90' lang='lat' dir='ltr'><strong>huiusmodi</strong></span> <span class='ocrx_word' id='word_1_374' title='bbox 835 2182 987 2224; x_wconf 87' lang='lat' dir='ltr'><strong>apparet</strong></span> <span class='ocrx_word' id='word_1_375' title='bbox 1002 2177 1196 2213; x_wconf 90' lang='lat' dir='ltr'><strong>voluntatis</strong></span> 
     </span>
     <span class='ocr_line' id='line_1_46' title="bbox 127 2222 1197 2268; baseline 0 -10"><span class='ocrx_word' id='word_1_376' title='bbox 127 2224 346 2258; x_wconf 87' lang='lat' dir='ltr'><strong>uaestionem</strong></span> <span class='ocrx_word' id='word_1_377' title='bbox 371 2222 542 2258; x_wconf 86' lang='lat' dir='ltr'><strong>Sabinum</strong></span> <span class='ocrx_word' id='word_1_378' title='bbox 573 2223 864 2268; x_wconf 88' lang='lat' dir='ltr'><strong>interpretatum:</strong></span> <span class='ocrx_word' id='word_1_379' title='bbox 902 2228 937 2258; x_wconf 89' lang='lat' dir='ltr'><strong>et</strong></span> <span class='ocrx_word' id='word_1_380' title='bbox 969 2224 1093 2268; x_wconf 90' lang='lat' dir='ltr'><strong>utique</strong></span> <span class='ocrx_word' id='word_1_381' title='bbox 1124 2233 1197 2258; x_wconf 92' lang='lat' dir='ltr'><strong>non</strong></span> 
     </span>
     <span class='ocr_line' id='line_1_47' title="bbox 105 2236 1198 2314; baseline -0.002 -10"><span class='ocrx_word' id='word_1_382' title='bbox 105 2236 302 2310; x_wconf 67' lang='lat' dir='ltr'><strong>dubitaret,</strong></span> <span class='ocrx_word' id='word_1_383' title='bbox 337 2268 366 2303; x_wconf 94' lang='lat' dir='ltr'><strong>si</strong></span> <span class='ocrx_word' id='word_1_384' title='bbox 398 2268 525 2313; x_wconf 89' lang='lat' dir='ltr'><strong>puberi</strong></span> <span class='ocrx_word' id='word_1_385' title='bbox 557 2272 592 2303; x_wconf 92' lang='lat' dir='ltr'><strong>et</strong></span> <span class='ocrx_word' id='word_1_386' title='bbox 622 2270 734 2304; x_wconf 91' lang='lat' dir='ltr'><strong>multo</strong></span> <span class='ocrx_word' id='word_1_387' title='bbox 767 2270 879 2314; x_wconf 87' lang='lat' dir='ltr'><strong>magis</strong></span> <span class='ocrx_word' id='word_1_388' title='bbox 918 2269 1044 2304; x_wconf 90' lang='lat' dir='ltr'><strong>maiori</strong></span> <span class='ocrx_word' id='word_1_389' title='bbox 1075 2268 1198 2313; x_wconf 85' lang='lat' dir='ltr'><strong>viginti</strong></span> 
     </span>
     <span class='ocr_line' id='line_1_48' title="bbox 105 2313 1196 2359; baseline -0.001 -10"><span class='ocrx_word' id='word_1_390' title='bbox 105 2315 259 2359; x_wconf 90' lang='lat' dir='ltr'><strong>quinque</strong></span> <span class='ocrx_word' id='word_1_391' title='bbox 284 2313 387 2348; x_wconf 91' lang='lat' dir='ltr'><strong>annis</strong></span> <span class='ocrx_word' id='word_1_392' title='bbox 411 2314 462 2348; x_wconf 89' lang='lat' dir='ltr'><strong>ita</strong></span> <span class='ocrx_word' id='word_1_393' title='bbox 485 2314 532 2348; x_wconf 91' lang='lat' dir='ltr'><strong>sit</strong></span> <span class='ocrx_word' id='word_1_394' title='bbox 554 2314 729 2358; x_wconf 90' lang='lat' dir='ltr'><strong>legatum,</strong></span> <span class='ocrx_word' id='word_1_395' title='bbox 764 2314 808 2349; x_wconf 91' lang='lat' dir='ltr'><strong>de</strong></span> <span class='ocrx_word' id='word_1_396' title='bbox 832 2325 898 2350; x_wconf 89' lang='lat' dir='ltr'><strong>sua</strong></span> <span class='ocrx_word' id='word_1_397' title='bbox 921 2317 1101 2359; x_wconf 88' lang='lat' dir='ltr'><strong>potestate</strong></span> <span class='ocrx_word' id='word_1_398' title='bbox 1125 2318 1196 2348; x_wconf 90' lang='lat' dir='ltr'><strong>tes-</strong></span> 
     </span>
     <span class='ocr_line' id='line_1_49' title="bbox 105 2359 1199 2404; baseline -0.001 -10"><span class='ocrx_word' id='word_1_399' title='bbox 105 2364 124 2394; x_wconf 86' lang='lat'>4</span> <span class='ocrx_word' id='word_1_400' title='bbox 172 2363 325 2394; x_wconf 90' lang='lat' dir='ltr'><strong>tatorem</strong></span> <span class='ocrx_word' id='word_1_401' title='bbox 349 2359 513 2394; x_wconf 85' lang='lat' dir='ltr'><strong>sensisse.</strong></span> <span class='ocrx_word' id='word_1_402' title='bbox 562 2359 622 2395; x_wconf 89' lang='lat' dir='ltr'><strong>Sic</strong></span> <span class='ocrx_word' id='word_1_403' title='bbox 645 2364 765 2395; x_wconf 90' lang='lat' dir='ltr'><strong>autem</strong></span> <span class='ocrx_word' id='word_1_404' title='bbox 788 2360 879 2395; x_wconf 91' lang='lat' dir='ltr'><strong>haec</strong></span> <span class='ocrx_word' id='word_1_405' title='bbox 904 2360 1083 2404; x_wconf 85' lang='lat' dir='ltr'><strong>scriptura</strong></span> <span class='ocrx_word' id='word_1_406' title='bbox 1099 2359 1199 2394; x_wconf 86' lang='lat' dir='ltr'><strong>varia</strong></span> 
     </span>
     <span class='ocr_line' id='line_1_50' title="bbox 106 2404 1196 2449; baseline 0 -10"><span class='ocrx_word' id='word_1_407' title='bbox 106 2409 159 2440; x_wconf 87' lang='lat' dir='ltr'><strong>est</strong></span> <span class='ocrx_word' id='word_1_408' title='bbox 183 2409 218 2440; x_wconf 90' lang='lat' dir='ltr'><strong>et</strong></span> <span class='ocrx_word' id='word_1_409' title='bbox 241 2404 432 2439; x_wconf 90' lang='lat' dir='ltr'><strong>voluntatis</strong></span> <span class='ocrx_word' id='word_1_410' title='bbox 456 2405 567 2439; x_wconf 87' lang='lat' dir='ltr'><strong>habet</strong></span> <span class='ocrx_word' id='word_1_411' title='bbox 598 2405 860 2449; x_wconf 88' lang='lat' dir='ltr'><strong>quaestionem,</strong></span> <span class='ocrx_word' id='word_1_412' title='bbox 894 2409 935 2439; x_wconf 92' lang='lat' dir='ltr'><strong>ut</strong></span> <span class='ocrx_word' id='word_1_413' title='bbox 957 2405 1019 2439; x_wconf 89' lang='lat' dir='ltr'><strong>illa</strong></span> <span class='ocrx_word' id='word_1_414' title='bbox 1043 2415 1196 2449; x_wconf 90' lang='lat' dir='ltr'><strong>quoque,</strong></span> 
     </span>
     <span class='ocr_line' id='line_1_51' title="bbox 105 2450 1198 2495; baseline -0.001 -10"><span class='ocrx_word' id='word_1_415' title='bbox 105 2451 135 2485; x_wconf 90' lang='lat' dir='ltr'><strong>si</strong></span> <span class='ocrx_word' id='word_1_416' title='bbox 159 2450 238 2495; x_wconf 92' lang='lat' dir='ltr'><strong>quis</strong></span> <span class='ocrx_word' id='word_1_417' title='bbox 253 2450 305 2484; x_wconf 90' lang='lat' dir='ltr'><strong>ita</strong></span> <span class='ocrx_word' id='word_1_418' title='bbox 319 2450 502 2494; x_wconf 85' lang='lat' dir='ltr'><strong>scripserit</strong></span> <span class='ocrx_word' id='word_1_419' title='bbox 517 2453 610 2484; x_wconf 88' lang='lat' dir='ltr'><strong>‘cum</strong></span> <span class='ocrx_word' id='word_1_420' title='bbox 629 2451 684 2485; x_wconf 89' lang='lat' dir='ltr'><strong>sui</strong></span> <span class='ocrx_word' id='word_1_421' title='bbox 701 2451 788 2486; x_wconf 90' lang='lat' dir='ltr'><strong>iuris</strong></span> <span class='ocrx_word' id='word_1_422' title='bbox 805 2450 915 2486; x_wconf 89' lang='lat' dir='ltr'><strong>fuerit</strong></span> <span class='ocrx_word' id='word_1_423' title='bbox 934 2450 1066 2485; x_wconf 91' lang='lat' dir='ltr'><strong>factus&#39;</strong></span> <span class='ocrx_word' id='word_1_424' title='bbox 1091 2460 1173 2485; x_wconf 90' lang='lat' dir='ltr'><strong>nam</strong></span> <span class='ocrx_word' id='word_1_425' title='bbox 1185 2451 1198 2470; x_wconf 70' lang='grc' dir='ltr'><strong><em>ὃ</em></strong></span> 
     </span>
     <span class='ocr_line' id='line_1_52' title="bbox 105 2494 1197 2541; baseline -0.001 -11"><span class='ocrx_word' id='word_1_426' title='bbox 105 2496 206 2530; x_wconf 89' lang='lat' dir='ltr'><strong>aliter</strong></span> <span class='ocrx_word' id='word_1_427' title='bbox 231 2495 319 2530; x_wconf 86' lang='lat' dir='ltr'><strong>alias</strong></span> <span class='ocrx_word' id='word_1_428' title='bbox 352 2494 567 2539; x_wconf 85' lang='lat' dir='ltr'><strong>accipiatur:</strong></span> <span class='ocrx_word' id='word_1_429' title='bbox 605 2499 641 2530; x_wconf 91' lang='lat' dir='ltr'><strong>et</strong></span> <span class='ocrx_word' id='word_1_430' title='bbox 663 2496 873 2540; x_wconf 88' lang='lat' dir='ltr'><strong>plerumque</strong></span> <span class='ocrx_word' id='word_1_431' title='bbox 896 2495 1086 2541; x_wconf 89' lang='lat' dir='ltr'><strong>potestatis</strong></span> <span class='ocrx_word' id='word_1_432' title='bbox 1110 2495 1197 2530; x_wconf 93' lang='lat' dir='ltr'><strong>libe-</strong></span> 
     </span>
     <span class='ocr_line' id='line_1_53' title="bbox 105 2540 1198 2586; baseline 0.001 -11"><span class='ocrx_word' id='word_1_433' title='bbox 105 2541 279 2576; x_wconf 89' lang='lat' dir='ltr'><strong>rationem</strong></span> <span class='ocrx_word' id='word_1_434' title='bbox 292 2540 461 2582; x_wconf 88' lang='lat' dir='ltr'><strong>continet,</strong></span> <span class='ocrx_word' id='word_1_435' title='bbox 472 2540 679 2585; x_wconf 91' lang='lat' dir='ltr'><strong>plerumque</strong></span> <span class='ocrx_word' id='word_1_436' title='bbox 692 2541 917 2586; x_wconf 87' lang='lat' dir='ltr'><strong>pubertatem</strong></span> <span class='ocrx_word' id='word_1_437' title='bbox 929 2541 983 2576; x_wconf 91' lang='lat' dir='ltr'><strong>vel</strong></span> <span class='ocrx_word' id='word_1_438' title='bbox 992 2541 1198 2576; x_wconf 90' lang='lat' dir='ltr'><strong>vicesimum</strong></span> 
     </span>
     <span class='ocr_line' id='line_1_54' title="bbox 107 2585 1197 2631; baseline 0.002 -13"><span class='ocrx_word' id='word_1_439' title='bbox 107 2590 123 2617; x_wconf 69' lang='grc'>5</span> <span class='ocrx_word' id='word_1_440' title='bbox 174 2586 335 2630; x_wconf 85' lang='lat' dir='ltr'><strong>quintum</strong></span> <span class='ocrx_word' id='word_1_441' title='bbox 359 2595 503 2620; x_wconf 90' lang='lat' dir='ltr'><strong>annum.</strong></span> <span class='ocrx_word' id='word_1_442' title='bbox 550 2585 629 2630; x_wconf 85' lang='lat' dir='ltr'><strong>Ego</strong></span> <span class='ocrx_word' id='word_1_443' title='bbox 655 2586 795 2631; x_wconf 91' lang='lat' dir='ltr'><strong>quidem</strong></span> <span class='ocrx_word' id='word_1_444' title='bbox 821 2590 855 2621; x_wconf 87' lang='lat' dir='ltr'><strong>et</strong></span> <span class='ocrx_word' id='word_1_445' title='bbox 879 2586 909 2621; x_wconf 93' lang='lat' dir='ltr'><strong>si</strong></span> <span class='ocrx_word' id='word_1_446' title='bbox 933 2586 1011 2631; x_wconf 89' lang='lat' dir='ltr'><strong>quis</strong></span> <span class='ocrx_word' id='word_1_447' title='bbox 1035 2586 1106 2621; x_wconf 90' lang='lat' dir='ltr'><strong>iam</strong></span> <span class='ocrx_word' id='word_1_448' title='bbox 1130 2597 1197 2631; x_wconf 89' lang='lat' dir='ltr'><strong>pu-</strong></span> 
     </span>
     <span class='ocr_line' id='line_1_55' title="bbox 106 2630 1199 2676; baseline -0.002 -10"><span class='ocrx_word' id='word_1_449' title='bbox 106 2632 192 2673; x_wconf 88' lang='lat' dir='ltr'><strong>beri,</strong></span> <span class='ocrx_word' id='word_1_450' title='bbox 218 2630 346 2666; x_wconf 90' lang='lat' dir='ltr'><strong>minori</strong></span> <span class='ocrx_word' id='word_1_451' title='bbox 369 2634 488 2665; x_wconf 89' lang='lat' dir='ltr'><strong>tamen</strong></span> <span class='ocrx_word' id='word_1_452' title='bbox 512 2631 633 2674; x_wconf 84' lang='lat' dir='ltr'><strong>viginti</strong></span> <span class='ocrx_word' id='word_1_453' title='bbox 658 2631 813 2676; x_wconf 88' lang='lat' dir='ltr'><strong>quinque</strong></span> <span class='ocrx_word' id='word_1_454' title='bbox 834 2631 936 2666; x_wconf 89' lang='lat' dir='ltr'><strong>annis</strong></span> <span class='ocrx_word' id='word_1_455' title='bbox 954 2632 1005 2666; x_wconf 90' lang='lat' dir='ltr'><strong>sic</strong></span> <span class='ocrx_word' id='word_1_456' title='bbox 1028 2631 1199 2676; x_wconf 83' lang='lat' dir='ltr'><strong>legaverit</strong></span> 
     </span>
     <span class='ocr_line' id='line_1_56' title="bbox 107 2676 1198 2721; baseline -0.001 -10"><span class='ocrx_word' id='word_1_457' title='bbox 107 2679 199 2711; x_wconf 91' lang='lat' dir='ltr'><strong>‘cum</strong></span> <span class='ocrx_word' id='word_1_458' title='bbox 224 2676 270 2710; x_wconf 89' lang='lat' dir='ltr'><strong>ad</strong></span> <span class='ocrx_word' id='word_1_459' title='bbox 293 2676 518 2721; x_wconf 85' lang='lat' dir='ltr'><strong>pubertatem</strong></span> <span class='ocrx_word' id='word_1_460' title='bbox 537 2676 760 2720; x_wconf 86' lang='lat' dir='ltr'><strong>pervenerit&#39;,</strong></span> <span class='ocrx_word' id='word_1_461' title='bbox 785 2681 871 2721; x_wconf 92' lang='lat' dir='ltr'><strong>puto</strong></span> <span class='ocrx_word' id='word_1_462' title='bbox 890 2676 957 2711; x_wconf 85' lang='lat' dir='ltr'><strong>de⁷</strong></span> <span class='ocrx_word' id='word_1_463' title='bbox 983 2680 1100 2712; x_wconf 86' lang='lat' dir='ltr'><strong>aetate</strong></span> <span class='ocrx_word' id='word_1_464' title='bbox 1117 2687 1198 2711; x_wconf 90' lang='lat' dir='ltr'><strong>eum</strong></span> 
     </span>
     <span class='ocr_line' id='line_1_57' title="bbox 107 2721 1198 2765; baseline -0.001 -8"><span class='ocrx_word' id='word_1_465' title='bbox 107 2725 126 2757; x_wconf 84' lang='grc'><strong>6</strong></span> <span class='ocrx_word' id='word_1_466' title='bbox 165 2721 330 2764; x_wconf 89' lang='lat' dir='ltr'><strong>sensisse,</strong></span> <span class='ocrx_word' id='word_1_467' title='bbox 348 2731 439 2765; x_wconf 88' lang='lat' dir='ltr'><strong>quae</strong></span> <span class='ocrx_word' id='word_1_468' title='bbox 456 2726 555 2756; x_wconf 86' lang='lat' dir='ltr'><strong>caret</strong></span> <span class='ocrx_word' id='word_1_469' title='bbox 570 2721 606 2755; x_wconf 94' lang='lat' dir='ltr'><strong>in</strong></span> <span class='ocrx_word' id='word_1_470' title='bbox 627 2721 701 2756; x_wconf 91' lang='lat' dir='ltr'><strong>inte</strong></span> <span class='ocrx_word' id='word_1_471' title='bbox 725 2733 803 2756; x_wconf 91' lang='lat' dir='ltr'><strong>rum</strong></span> <span class='ocrx_word' id='word_1_472' title='bbox 819 2722 1055 2757; x_wconf 84' lang='lat' dir='ltr'><strong>restitutione.</strong></span> <span class='ocrx_word' id='word_1_473' title='bbox 1100 2721 1198 2756; x_wconf 88' lang='lat' dir='ltr'><strong>Idem</strong></span> 
     </span>
     <span class='ocr_line' id='line_1_58' title="bbox 107 2766 1199 2811; baseline -0.001 -9"><span class='ocrx_word' id='word_1_474' title='bbox 107 2771 143 2802; x_wconf 89' lang='lat' dir='ltr'><strong>et</strong></span> <span class='ocrx_word' id='word_1_475' title='bbox 166 2767 197 2802; x_wconf 91' lang='lat' dir='ltr'><strong>si</strong></span> <span class='ocrx_word' id='word_1_476' title='bbox 221 2766 299 2811; x_wconf 89' lang='lat' dir='ltr'><strong>quis</strong></span> <span class='ocrx_word' id='word_1_477' title='bbox 325 2770 418 2800; x_wconf 91' lang='lat' dir='ltr'><strong>‘cum</strong></span> <span class='ocrx_word' id='word_1_478' title='bbox 443 2776 529 2801; x_wconf 89' lang='lat' dir='ltr'><strong>suae</strong></span> <span class='ocrx_word' id='word_1_479' title='bbox 550 2767 678 2801; x_wconf 87' lang='lat' dir='ltr'><strong>aetatis</strong></span> <span class='ocrx_word' id='word_1_480' title='bbox 720 2768 812 2802; x_wconf 90' lang='lat' dir='ltr'><strong>uerit</strong></span> <span class='ocrx_word' id='word_1_481' title='bbox 828 2767 957 2801; x_wconf 90' lang='lat' dir='ltr'><strong>factus’</strong></span> <span class='ocrx_word' id='word_1_482' title='bbox 971 2767 993 2809; x_wconf 79' lang='lat'><strong>⁸,</strong></span> <span class='ocrx_word' id='word_1_483' title='bbox 1018 2771 1139 2801; x_wconf 90' lang='lat' dir='ltr'><strong>utrum</strong></span> <span class='ocrx_word' id='word_1_484' title='bbox 1156 2766 1199 2801; x_wconf 90' lang='lat' dir='ltr'><strong>de</strong></span> 
     </span>
     <span class='ocr_line' id='line_1_59' title="bbox 107 2811 1198 2857; baseline -0.001 -11"><span class='ocrx_word' id='word_1_485' title='bbox 107 2812 297 2857; x_wconf 90' lang='lat' dir='ltr'><strong>pubertate</strong></span> <span class='ocrx_word' id='word_1_486' title='bbox 328 2822 375 2846; x_wconf 91' lang='lat' dir='ltr'><strong>an</strong></span> <span class='ocrx_word' id='word_1_487' title='bbox 407 2811 451 2846; x_wconf 88' lang='lat' dir='ltr'><strong>de</strong></span> <span class='ocrx_word' id='word_1_488' title='bbox 482 2811 603 2856; x_wconf 82' lang='lat' dir='ltr'><strong>viginti</strong></span> <span class='ocrx_word' id='word_1_489' title='bbox 635 2812 790 2856; x_wconf 90' lang='lat' dir='ltr'><strong>quinque</strong></span> <span class='ocrx_word' id='word_1_490' title='bbox 830 2812 932 2846; x_wconf 89' lang='lat' dir='ltr'><strong>annis</strong></span> <span class='ocrx_word' id='word_1_491' title='bbox 964 2822 1108 2847; x_wconf 89' lang='lat' dir='ltr'><strong>sensum</strong></span> <span class='ocrx_word' id='word_1_492' title='bbox 1141 2812 1198 2853; x_wconf 91' lang='lat' dir='ltr'><strong>sit,</strong></span> 
     </span>
     <span class='ocr_line' id='line_1_60' title="bbox 109 2856 1199 2902; baseline 0 -11"><span class='ocrx_word' id='word_1_493' title='bbox 109 2857 283 2902; x_wconf 87' lang='lat' dir='ltr'><strong>disputari</strong></span> <span class='ocrx_word' id='word_1_494' title='bbox 316 2856 359 2892; x_wconf 90' lang='lat' dir='ltr'><strong>de</strong></span> <span class='ocrx_word' id='word_1_495' title='bbox 392 2856 575 2892; x_wconf 90' lang='lat' dir='ltr'><strong>voluntate</strong></span> <span class='ocrx_word' id='word_1_496' title='bbox 605 2861 743 2902; x_wconf 89' lang='lat' dir='ltr'><strong>potest,</strong></span> <span class='ocrx_word' id='word_1_497' title='bbox 776 2868 848 2892; x_wconf 92' lang='lat' dir='ltr'><strong>non</strong></span> <span class='ocrx_word' id='word_1_498' title='bbox 881 2857 997 2892; x_wconf 89' lang='lat' dir='ltr'><strong>minus</strong></span> <span class='ocrx_word' id='word_1_499' title='bbox 1030 2867 1137 2902; x_wconf 90' lang='lat' dir='ltr'><strong>quam</strong></span> <span class='ocrx_word' id='word_1_500' title='bbox 1171 2857 1199 2892; x_wconf 91' lang='lat' dir='ltr'><strong>si</strong></span> 
     </span>
     <span class='ocr_line' id='line_1_61' title="bbox 108 2902 1198 2947; baseline 0.001 -11"><span class='ocrx_word' id='word_1_501' title='bbox 108 2903 159 2937; x_wconf 87' lang='lat' dir='ltr'><strong>ita</strong></span> <span class='ocrx_word' id='word_1_502' title='bbox 194 2902 424 2947; x_wconf 87' lang='lat' dir='ltr'><strong>adscripserit</strong></span> <span class='ocrx_word' id='word_1_503' title='bbox 460 2906 551 2936; x_wconf 92' lang='lat' dir='ltr'><strong>‘cum</strong></span> <span class='ocrx_word' id='word_1_504' title='bbox 586 2903 702 2937; x_wconf 90' lang='lat' dir='ltr'><strong>iustae</strong></span> <span class='ocrx_word' id='word_1_505' title='bbox 739 2903 867 2938; x_wconf 89' lang='lat' dir='ltr'><strong>aetatis</strong></span> <span class='ocrx_word' id='word_1_506' title='bbox 904 2903 951 2938; x_wconf 92' lang='lat' dir='ltr'><strong>sit</strong></span> <span class='ocrx_word' id='word_1_507' title='bbox 982 2902 1111 2938; x_wconf 88' lang='lat' dir='ltr'><strong>factus&#39;</strong></span> <span class='ocrx_word' id='word_1_508' title='bbox 1145 2902 1198 2937; x_wconf 90' lang='lat' dir='ltr'><strong>vel</strong></span> 
     </span>
     <span class='ocr_line' id='line_1_62' title="bbox 109 2948 987 2983; baseline 0 -1"><span class='ocrx_word' id='word_1_509' title='bbox 109 2951 202 2982; x_wconf 81' lang='lat' dir='ltr'><strong>‘cum</strong></span> <span class='ocrx_word' id='word_1_510' title='bbox 226 2951 387 2982; x_wconf 85' lang='lat' dir='ltr'><strong>maturae</strong></span> <span class='ocrx_word' id='word_1_511' title='bbox 411 2948 549 2982; x_wconf 89' lang='lat' dir='ltr'><strong>aetatis&#39;</strong></span> <span class='ocrx_word' id='word_1_512' title='bbox 574 2948 628 2983; x_wconf 87' lang='lat' dir='ltr'><strong>vel</strong></span> <span class='ocrx_word' id='word_1_513' title='bbox 654 2951 747 2983; x_wconf 92' lang='lat' dir='ltr'><strong>‘cum</strong></span> <span class='ocrx_word' id='word_1_514' title='bbox 771 2948 987 2983; x_wconf 84' lang='lat' dir='ltr'><strong>adoleverit&#39;.</strong></span> 
     </span>
    </p>

    <p class='ocr_par' dir='ltr' id='par_1_4' title="bbox 111 2991 1200 3129">
     <span class='ocr_line' id='line_1_63' title="bbox 155 2991 1199 3037; baseline -0.002 -8"><span class='ocrx_word' id='word_1_515' title='bbox 155 2991 203 3029; x_wconf 88' lang='lat'><strong>51</strong></span> <span class='ocrx_word' id='word_1_516' title='bbox 234 2992 388 3027; x_wconf 66' lang='lat' dir='ltr'><strong>mes</strong></span> <span class='ocrx_word' id='word_1_517' title='bbox 413 2992 503 3028; x_wconf 80' lang='lat' dir='ltr'><strong>libro</strong></span> <span class='ocrx_word' id='word_1_518' title='bbox 527 2998 658 3037; x_wconf 81' lang='lat' dir='ltr'><strong>quarto</strong></span> <span class='ocrx_word' id='word_1_519' title='bbox 683 2993 732 3027; x_wconf 84' lang='lat' dir='ltr'><strong>ad</strong></span> <span class='ocrx_word' id='word_1_520' title='bbox 755 2993 928 3029; x_wconf 78' lang='lat' dir='ltr'><strong>Sabinum</strong></span> <span class='ocrx_word' id='word_1_521' title='bbox 977 2993 1014 3027; x_wconf 86' lang='lat' dir='ltr'><strong>Si</strong></span> <span class='ocrx_word' id='word_1_522' title='bbox 1027 2993 1122 3028; x_wconf 90' lang='lat' dir='ltr'><strong>filiae</strong></span> <span class='ocrx_word' id='word_1_523' title='bbox 1145 2993 1199 3027; x_wconf 91' lang='lat' dir='ltr'><strong>fa-</strong></span> 
     </span>
     <span class='ocr_line' id='line_1_64' title="bbox 111 3037 1200 3082; baseline 0.001 -10"><span class='ocrx_word' id='word_1_524' title='bbox 111 3037 224 3072; x_wconf 90' lang='lat' dir='ltr'><strong>milias</strong></span> <span class='ocrx_word' id='word_1_525' title='bbox 248 3038 298 3072; x_wconf 86' lang='lat' dir='ltr'><strong>ita</strong></span> <span class='ocrx_word' id='word_1_526' title='bbox 321 3037 475 3082; x_wconf 88' lang='lat' dir='ltr'><strong>legatum</strong></span> <span class='ocrx_word' id='word_1_527' title='bbox 499 3038 546 3073; x_wconf 92' lang='lat' dir='ltr'><strong>sit</strong></span> <span class='ocrx_word' id='word_1_528' title='bbox 571 3041 664 3073; x_wconf 89' lang='lat' dir='ltr'><strong>‘cum</strong></span> <span class='ocrx_word' id='word_1_529' title='bbox 696 3039 733 3072; x_wconf 88' lang='lat' dir='ltr'><strong>in</strong></span> <span class='ocrx_word' id='word_1_530' title='bbox 763 3038 913 3073; x_wconf 91' lang='lat' dir='ltr'><strong>tutelam</strong></span> <span class='ocrx_word' id='word_1_531' title='bbox 945 3049 1046 3073; x_wconf 88' lang='lat' dir='ltr'><strong>suam</strong></span> <span class='ocrx_word' id='word_1_532' title='bbox 1077 3048 1200 3082; x_wconf 87' lang='lat' dir='ltr'><strong>perve-</strong></span> 
     </span>
     <span class='ocr_line' id='line_1_65' title="bbox 113 3082 1160 3129; baseline 0.001 -13"><span class='ocrx_word' id='word_1_533' title='bbox 113 3083 237 3125; x_wconf 81' lang='lat' dir='ltr'><strong>‘nerit&#39;,</strong></span> <span class='ocrx_word' id='word_1_534' title='bbox 262 3087 349 3117; x_wconf 88' lang='lat' dir='ltr'><strong>tunc</strong></span> <span class='ocrx_word' id='word_1_535' title='bbox 373 3082 570 3122; x_wconf 89' lang='lat' dir='ltr'><strong>debebitur,</strong></span> <span class='ocrx_word' id='word_1_536' title='bbox 597 3094 678 3118; x_wconf 91' lang='lat' dir='ltr'><strong>cum</strong></span> <span class='ocrx_word' id='word_1_537' title='bbox 701 3084 895 3129; x_wconf 88' lang='lat' dir='ltr'><strong>viripotens</strong></span> <span class='ocrx_word' id='word_1_538' title='bbox 919 3083 1017 3119; x_wconf 88' lang='lat' dir='ltr'><strong>facta</strong></span> <span class='ocrx_word' id='word_1_539' title='bbox 1041 3083 1160 3118; x_wconf 88' lang='lat' dir='ltr'><strong>fuerit.</strong></span> 
     </span>
    </p>

    <p class='ocr_par' dir='ltr' id='par_1_5' title="bbox 114 3125 1202 3436">
     <span class='ocr_line' id='line_1_66' title="bbox 158 3125 1199 3174; baseline -0.001 -11"><span class='ocrx_word' id='word_1_540' title='bbox 158 3125 210 3163; x_wconf 82' lang='lat'><strong>52</strong></span> <span class='ocrx_word' id='word_1_541' title='bbox 243 3127 437 3163; x_wconf 75' lang='lat' dir='ltr'><em>ULPJANUS</em></span> <span class='ocrx_word' id='word_1_542' title='bbox 463 3128 553 3163; x_wconf 75' lang='lat' dir='ltr'><strong>libro</strong></span> <span class='ocrx_word' id='word_1_543' title='bbox 585 3129 750 3164; x_wconf 70' lang='lat' dir='ltr'><strong>vicesimo</strong></span> <span class='ocrx_word' id='word_1_544' title='bbox 784 3133 914 3174; x_wconf 84' lang='lat' dir='ltr'><strong>quarto</strong></span> <span class='ocrx_word' id='word_1_545' title='bbox 947 3129 997 3164; x_wconf 79' lang='lat' dir='ltr'><strong>ad</strong></span> <span class='ocrx_word' id='word_1_546' title='bbox 1025 3128 1199 3164; x_wconf 72' lang='lat' dir='ltr'><strong>Sabinum</strong></span> 
     </span>
     <span class='ocr_line' id='line_1_67' title="bbox 114 3173 1199 3217; baseline 0.002 -11"><span class='ocrx_word' id='word_1_547' title='bbox 114 3173 302 3207; x_wconf 86' lang='lat' dir='ltr'><strong>Librorum</strong></span> <span class='ocrx_word' id='word_1_548' title='bbox 326 3173 567 3217; x_wconf 88' lang='lat' dir='ltr'><strong>appellatione</strong></span> <span class='ocrx_word' id='word_1_549' title='bbox 597 3174 825 3208; x_wconf 88' lang='lat' dir='ltr'><strong>continentur</strong></span> <span class='ocrx_word' id='word_1_550' title='bbox 858 3175 977 3209; x_wconf 89' lang='lat' dir='ltr'><strong>omnia</strong></span> <span class='ocrx_word' id='word_1_551' title='bbox 1008 3174 1199 3216; x_wconf 86' lang='lat' dir='ltr'><strong>volumina,</strong></span> 
     </span>
     <span class='ocr_line' id='line_1_68' title="bbox 114 3217 1201 3264; baseline 0.004 -14"><span class='ocrx_word' id='word_1_552' title='bbox 114 3217 185 3251; x_wconf 89' lang='lat' dir='ltr'><strong>sive</strong></span> <span class='ocrx_word' id='word_1_553' title='bbox 208 3217 245 3251; x_wconf 84' lang='lat' dir='ltr'><strong>in</strong></span> <span class='ocrx_word' id='word_1_554' title='bbox 269 3218 395 3252; x_wconf 88' lang='lat' dir='ltr'><strong>charta</strong></span> <span class='ocrx_word' id='word_1_555' title='bbox 418 3218 491 3253; x_wconf 85' lang='lat' dir='ltr'><strong>sive</strong></span> <span class='ocrx_word' id='word_1_556' title='bbox 514 3218 552 3253; x_wconf 94' lang='lat' dir='ltr'><strong>in</strong></span> <span class='ocrx_word' id='word_1_557' title='bbox 576 3219 785 3254; x_wconf 85' lang='lat' dir='ltr'><strong>membrana</strong></span> <span class='ocrx_word' id='word_1_558' title='bbox 816 3219 886 3254; x_wconf 89' lang='lat' dir='ltr'><strong>sint</strong></span> <span class='ocrx_word' id='word_1_559' title='bbox 915 3221 987 3255; x_wconf 92' lang='lat' dir='ltr'><strong>sive</strong></span> <span class='ocrx_word' id='word_1_560' title='bbox 1015 3220 1053 3254; x_wconf 93' lang='lat' dir='ltr'><strong>in</strong></span> <span class='ocrx_word' id='word_1_561' title='bbox 1078 3219 1201 3264; x_wconf 92' lang='lat' dir='ltr'><strong>quavis</strong></span> 
     </span>
     <span class='ocr_line' id='line_1_69' title="bbox 114 3262 1201 3310; baseline 0.005 -16"><span class='ocrx_word' id='word_1_562' title='bbox 114 3262 184 3295; x_wconf 86' lang='lat' dir='ltr'><strong>alia</strong></span> <span class='ocrx_word' id='word_1_563' title='bbox 208 3263 372 3297; x_wconf 85' lang='lat' dir='ltr'><strong>materia:</strong></span> <span class='ocrx_word' id='word_1_564' title='bbox 398 3263 461 3298; x_wconf 93' lang='lat' dir='ltr'><strong>sed</strong></span> <span class='ocrx_word' id='word_1_565' title='bbox 486 3267 521 3298; x_wconf 88' lang='lat' dir='ltr'><strong>et</strong></span> <span class='ocrx_word' id='word_1_566' title='bbox 544 3264 575 3299; x_wconf 91' lang='lat' dir='ltr'><strong>si</strong></span> <span class='ocrx_word' id='word_1_567' title='bbox 597 3264 635 3298; x_wconf 93' lang='lat' dir='ltr'><strong>in</strong></span> <span class='ocrx_word' id='word_1_568' title='bbox 651 3265 793 3310; x_wconf 86' lang='lat' dir='ltr'><strong>philyra</strong></span> <span class='ocrx_word' id='word_1_569' title='bbox 809 3265 924 3299; x_wconf 87' lang='lat' dir='ltr'><strong>autin</strong></span> <span class='ocrx_word' id='word_1_570' title='bbox 947 3265 1024 3299; x_wconf 88' lang='lat' dir='ltr'><strong>tilia</strong></span> <span class='ocrx_word' id='word_1_571' title='bbox 1045 3269 1095 3304; x_wconf 82' lang='lat' dir='ltr'><strong>(ut</strong></span> <span class='ocrx_word' id='word_1_572' title='bbox 1111 3275 1201 3299; x_wconf 93' lang='lat' dir='ltr'><strong>non-</strong></span> 
     </span>
     <span class='ocr_line' id='line_1_70' title="bbox 116 3307 1200 3354; baseline 0.005 -14"><span class='ocrx_word' id='word_1_573' title='bbox 116 3307 201 3341; x_wconf 89' lang='lat' dir='ltr'><strong>nulli</strong></span> <span class='ocrx_word' id='word_1_574' title='bbox 227 3307 429 3349; x_wconf 76' lang='lat' dir='ltr'><strong>conficiunt›</strong></span> <span class='ocrx_word' id='word_1_575' title='bbox 455 3312 518 3343; x_wconf 87' lang='lat' dir='ltr'><strong>aut</strong></span> <span class='ocrx_word' id='word_1_576' title='bbox 540 3309 577 3344; x_wconf 92' lang='lat' dir='ltr'><strong>in</strong></span> <span class='ocrx_word' id='word_1_577' title='bbox 603 3320 672 3354; x_wconf 91' lang='lat' dir='ltr'><strong>quo</strong></span> <span class='ocrx_word' id='word_1_578' title='bbox 697 3309 766 3344; x_wconf 90' lang='lat' dir='ltr'><strong>alio</strong></span> <span class='ocrx_word' id='word_1_579' title='bbox 792 3310 907 3353; x_wconf 86' lang='lat' dir='ltr'><strong>corio,</strong></span> <span class='ocrx_word' id='word_1_580' title='bbox 939 3310 1032 3345; x_wconf 91' lang='lat' dir='ltr'><strong>idem</strong></span> <span class='ocrx_word' id='word_1_581' title='bbox 1058 3310 1124 3344; x_wconf 90' lang='lat' dir='ltr'><strong>erit</strong></span> <span class='ocrx_word' id='word_1_582' title='bbox 1148 3310 1200 3345; x_wconf 91' lang='lat' dir='ltr'><strong>di-</strong></span> 
     </span>
     <span class='ocr_line' id='line_1_71' title="bbox 116 3351 1202 3402; baseline 0.005 -17"><span class='ocrx_word' id='word_1_583' title='bbox 116 3351 294 3402; x_wconf 32' lang='lat' dir='ltr'><strong>cendum..</strong></span> <span class='ocrx_word' id='word_1_584' title='bbox 326 3353 421 3396; x_wconf 92' lang='lat' dir='ltr'><strong>quod</strong></span> <span class='ocrx_word' id='word_1_585' title='bbox 445 3353 474 3388; x_wconf 93' lang='lat' dir='ltr'><strong>si</strong></span> <span class='ocrx_word' id='word_1_586' title='bbox 497 3354 533 3388; x_wconf 90' lang='lat' dir='ltr'><strong>in</strong></span> <span class='ocrx_word' id='word_1_587' title='bbox 569 3355 751 3390; x_wconf 89' lang='lat' dir='ltr'><strong>codicibus</strong></span> <span class='ocrx_word' id='word_1_588' title='bbox 785 3355 856 3389; x_wconf 89' lang='lat' dir='ltr'><strong>sint</strong></span> <span class='ocrx_word' id='word_1_589' title='bbox 884 3355 1118 3390; x_wconf 89' lang='lat' dir='ltr'><strong>membraneis</strong></span> <span class='ocrx_word' id='word_1_590' title='bbox 1147 3356 1202 3391; x_wconf 93' lang='lat' dir='ltr'><strong>vel</strong></span> 
     </span>
     <span class='ocr_line' id='line_1_72' title="bbox 117 3397 1201 3436; baseline 0.006 -6"><span class='ocrx_word' id='word_1_591' title='bbox 117 3397 314 3432; x_wconf 83' lang='lat' dir='ltr'><strong>chartacels</strong></span> <span class='ocrx_word' id='word_1_592' title='bbox 338 3397 394 3432; x_wconf 91' lang='lat' dir='ltr'><strong>vel</strong></span> <span class='ocrx_word' id='word_1_593' title='bbox 416 3398 523 3433; x_wconf 89' lang='lat' dir='ltr'><strong>etiam</strong></span> <span class='ocrx_word' id='word_1_594' title='bbox 547 3400 685 3435; x_wconf 89' lang='lat' dir='ltr'><strong>eboreis</strong></span> <span class='ocrx_word' id='word_1_595' title='bbox 709 3400 764 3436; x_wconf 85' lang='lat' dir='ltr'><strong>vel</strong></span> <span class='ocrx_word' id='word_1_596' title='bbox 789 3400 936 3436; x_wconf 87' lang='lat' dir='ltr'><strong>alterius</strong></span> <span class='ocrx_word' id='word_1_597' title='bbox 960 3401 1130 3436; x_wconf 88' lang='lat' dir='ltr'><strong>materiae</strong></span> <span class='ocrx_word' id='word_1_598' title='bbox 1147 3401 1201 3436; x_wconf 89' lang='lat' dir='ltr'><strong>vel</strong></span> 
     </span>
    </p>
   </div>
   <div class='ocr_carea' id='block_1_3' title="bbox 1186 104 1266 151">
    <p class='ocr_par' dir='ltr' id='par_1_6' title="bbox 1186 104 1266 151">
     <span class='ocr_line' id='line_1_73' title="bbox 1186 104 1266 151; baseline 0 0"><span class='ocrx_word' id='word_1_599' title='bbox 1186 104 1266 151; x_wconf 83' lang='lat'><strong>451</strong></span> 
     </span>
    </p>
   </div>
   <div class='ocr_carea' id='block_1_4' title="bbox 1160 171 1327 176">
    <p class='ocr_par' dir='ltr' id='par_1_7' title="bbox 1160 171 1327 176">
     <span class='ocr_line' id='line_1_74' title="bbox 1160 171 1327 176; baseline 0 0"><span class='ocrx_word' id='word_1_600' title='bbox 1160 171 1327 176; x_wconf 95' lang='lat' dir='ltr'><strong> </strong></span> 
     </span>
    </p>
   </div>
   <div class='ocr_carea' id='block_1_5' title="bbox 2184 104 2354 147">
    <p class='ocr_par' dir='ltr' id='par_1_8' title="bbox 2184 104 2354 147">
     <span class='ocr_line' id='line_1_75' title="bbox 2184 104 2354 147; baseline -0.018 1"><span class='ocrx_word' id='word_1_601' title='bbox 2184 104 2354 147; x_wconf 91' lang='lat' dir='ltr'>XXXII</span> 
     </span>
    </p>
   </div>
   <div class='ocr_carea' id='block_1_6' title="bbox 1262 228 2364 3445">
    <p class='ocr_par' dir='ltr' id='par_1_9' title="bbox 1262 228 2364 2848">
     <span class='ocr_line' id='line_1_76' title="bbox 1263 228 2355 271; baseline -0.002 -6"><span class='ocrx_word' id='word_1_602' title='bbox 1263 231 1301 265; x_wconf 93' lang='lat' dir='ltr'><strong>in</strong></span> <span class='ocrx_word' id='word_1_603' title='bbox 1321 230 1450 265; x_wconf 89' lang='lat' dir='ltr'><strong>ceratis</strong></span> <span class='ocrx_word' id='word_1_604' title='bbox 1471 228 1655 270; x_wconf 87' lang='lat' dir='ltr'><strong>codicillis,</strong></span> <span class='ocrx_word' id='word_1_605' title='bbox 1671 238 1718 263; x_wconf 87' lang='lat' dir='ltr'><strong>an</strong></span> <span class='ocrx_word' id='word_1_606' title='bbox 1734 228 1943 271; x_wconf 85' lang='lat' dir='ltr'><strong>debeantur,</strong></span> <span class='ocrx_word' id='word_1_607' title='bbox 1958 228 2152 264; x_wconf 87' lang='lat' dir='ltr'><strong>videamus.</strong></span> <span class='ocrx_word' id='word_1_608' title='bbox 2193 231 2229 264; x_wconf 88' lang='lat' dir='ltr'><strong>et</strong></span> <span class='ocrx_word' id='word_1_609' title='bbox 2245 228 2355 264; x_wconf 84' lang='lat' dir='ltr'><strong>Gaius</strong></span> 
     </span>
     <span class='ocr_line' id='line_1_77' title="bbox 1265 273 2354 319; baseline -0.002 -8"><span class='ocrx_word' id='word_1_610' title='bbox 1265 275 1410 311; x_wconf 88' lang='lat' dir='ltr'><strong>Cassius</strong></span> <span class='ocrx_word' id='word_1_611' title='bbox 1444 274 1570 310; x_wconf 89' lang='lat' dir='ltr'><strong>scribit</strong></span> <span class='ocrx_word' id='word_1_612' title='bbox 1602 273 1723 309; x_wconf 89' lang='lat' dir='ltr'><strong>deberi</strong></span> <span class='ocrx_word' id='word_1_613' title='bbox 1759 278 1795 309; x_wconf 87' lang='lat' dir='ltr'><strong>et</strong></span> <span class='ocrx_word' id='word_1_614' title='bbox 1822 274 2047 310; x_wconf 88' lang='lat' dir='ltr'><strong>membranas</strong></span> <span class='ocrx_word' id='word_1_615' title='bbox 2078 273 2179 310; x_wconf 88' lang='lat' dir='ltr'><strong>libris</strong></span> <span class='ocrx_word' id='word_1_616' title='bbox 2208 273 2354 319; x_wconf 85' lang='lat' dir='ltr'><strong>legatis:</strong></span> 
     </span>
     <span class='ocr_line' id='line_1_78' title="bbox 1264 319 2356 371; baseline -0.002 -15"><span class='ocrx_word' id='word_1_617' title='bbox 1264 323 1524 365; x_wconf 86' lang='lat' dir='ltr'><strong>consequenter</strong></span> <span class='ocrx_word' id='word_1_618' title='bbox 1545 319 1655 364; x_wconf 82' lang='lat' dir='ltr'><strong>igitur</strong></span> <span class='ocrx_word' id='word_1_619' title='bbox 1679 323 1800 354; x_wconf 88' lang='lat' dir='ltr'><strong>cetera</strong></span> <span class='ocrx_word' id='word_1_620' title='bbox 1819 329 1960 371; x_wconf 84' lang='lat' dir='ltr'><strong>quoque</strong></span> <span class='ocrx_word' id='word_1_621' title='bbox 1977 319 2213 361; x_wconf 79' lang='lat' dir='ltr'><strong>debebantur,</strong></span> <span class='ocrx_word' id='word_1_622' title='bbox 2238 320 2356 355; x_wconf 90' lang='lat' dir='ltr'><strong>sinon</strong></span> 
     </span>
     <span class='ocr_line' id='line_1_79' title="bbox 1266 364 2356 401; baseline -0.002 0"><span class='ocrx_word' id='word_1_623' title='bbox 1266 370 1281 401; x_wconf 85' lang='lat'>1</span> <span class='ocrx_word' id='word_1_624' title='bbox 1333 366 1542 401; x_wconf 86' lang='lat' dir='ltr'><strong>adversetur</strong></span> <span class='ocrx_word' id='word_1_625' title='bbox 1563 364 1729 400; x_wconf 88' lang='lat' dir='ltr'><strong>voluntas</strong></span> <span class='ocrx_word' id='word_1_626' title='bbox 1744 368 1937 399; x_wconf 79' lang='lat' dir='ltr'><strong>testatoris.</strong></span> <span class='ocrx_word' id='word_1_627' title='bbox 1985 364 2023 400; x_wconf 89' lang='lat' dir='ltr'><strong>Si</strong></span> <span class='ocrx_word' id='word_1_628' title='bbox 2040 365 2097 400; x_wconf 91' lang='lat' dir='ltr'><strong>cui</strong></span> <span class='ocrx_word' id='word_1_629' title='bbox 2114 369 2256 400; x_wconf 89' lang='lat' dir='ltr'><strong>centum</strong></span> <span class='ocrx_word' id='word_1_630' title='bbox 2275 365 2356 400; x_wconf 91' lang='lat' dir='ltr'><strong>libri</strong></span> 
     </span>
     <span class='ocr_line' id='line_1_80' title="bbox 1264 409 2355 456; baseline -0.002 -10"><span class='ocrx_word' id='word_1_631' title='bbox 1264 412 1335 447; x_wconf 90' lang='lat' dir='ltr'><strong>sint</strong></span> <span class='ocrx_word' id='word_1_632' title='bbox 1359 411 1476 456; x_wconf 83' lang='lat' dir='ltr'><strong>legati,</strong></span> <span class='ocrx_word' id='word_1_633' title='bbox 1502 413 1644 446; x_wconf 90' lang='lat' dir='ltr'><strong>centum</strong></span> <span class='ocrx_word' id='word_1_634' title='bbox 1660 409 1841 445; x_wconf 91' lang='lat' dir='ltr'><strong>volumina</strong></span> <span class='ocrx_word' id='word_1_635' title='bbox 1857 410 1889 445; x_wconf 90' lang='lat' dir='ltr'><strong>ei</strong></span> <span class='ocrx_word' id='word_1_636' title='bbox 1914 410 2089 454; x_wconf 83' lang='lat' dir='ltr'><strong>dabimus,</strong></span> <span class='ocrx_word' id='word_1_637' title='bbox 2114 422 2187 446; x_wconf 89' lang='lat' dir='ltr'><strong>non</strong></span> <span class='ocrx_word' id='word_1_638' title='bbox 2202 414 2355 452; x_wconf 89' lang='lat' dir='ltr'><strong>centum,</strong></span> 
     </span>
     <span class='ocr_line' id='line_1_81' title="bbox 1264 455 2355 502; baseline -0.002 -10"><span class='ocrx_word' id='word_1_639' title='bbox 1264 468 1355 502; x_wconf 93' lang='lat' dir='ltr'><strong>quae</strong></span> <span class='ocrx_word' id='word_1_640' title='bbox 1380 458 1458 502; x_wconf 84' lang='lat' dir='ltr'><strong>quis</strong></span> <span class='ocrx_word' id='word_1_641' title='bbox 1482 456 1620 501; x_wconf 88' lang='lat' dir='ltr'><strong>ingenio</strong></span> <span class='ocrx_word' id='word_1_642' title='bbox 1639 465 1704 490; x_wconf 87' lang='lat' dir='ltr'><strong>suo</strong></span> <span class='ocrx_word' id='word_1_643' title='bbox 1725 455 1868 490; x_wconf 87' lang='lat' dir='ltr'><strong>metitus</strong></span> <span class='ocrx_word' id='word_1_644' title='bbox 1886 459 1950 497; x_wconf 88' lang='lat' dir='ltr'><strong>est,</strong></span> <span class='ocrx_word' id='word_1_645' title='bbox 1999 456 2058 490; x_wconf 78' lang='lat' dir='ltr'><strong>ui⁹</strong></span> <span class='ocrx_word' id='word_1_646' title='bbox 2080 455 2128 490; x_wconf 90' lang='lat' dir='ltr'><strong>ad</strong></span> <span class='ocrx_word' id='word_1_647' title='bbox 2143 456 2224 491; x_wconf 88' lang='lat' dir='ltr'><strong>libri</strong></span> <span class='ocrx_word' id='word_1_648' title='bbox 2242 456 2355 501; x_wconf 89' lang='lat' dir='ltr'><strong>scrip-</strong></span> 
     </span>
     <span class='ocr_line' id='line_1_82' title="bbox 1262 500 2356 546; baseline -0.001 -9"><span class='ocrx_word' id='word_1_649' title='bbox 1262 506 1380 537; x_wconf 82' lang='lat' dir='ltr'><strong>turam</strong></span> <span class='ocrx_word' id='word_1_650' title='bbox 1413 501 1639 536; x_wconf 88' lang='lat' dir='ltr'><strong>sufficerent:</strong></span> <span class='ocrx_word' id='word_1_651' title='bbox 1678 503 1719 535; x_wconf 88' lang='lat' dir='ltr'><strong>ut</strong></span> <span class='ocrx_word' id='word_1_652' title='bbox 1748 504 1838 546; x_wconf 90' lang='lat' dir='ltr'><strong>puta</strong></span> <span class='ocrx_word' id='word_1_653' title='bbox 1868 511 1949 535; x_wconf 91' lang='lat' dir='ltr'><strong>cum</strong></span> <span class='ocrx_word' id='word_1_654' title='bbox 2008 500 2130 536; x_wconf 90' lang='lat' dir='ltr'><strong>aberet</strong></span> <span class='ocrx_word' id='word_1_655' title='bbox 2161 501 2356 536; x_wconf 91' lang='lat' dir='ltr'><strong>Homerum</strong></span> 
     </span>
     <span class='ocr_line' id='line_1_83' title="bbox 1262 545 2356 590; baseline 0 -9"><span class='ocrx_word' id='word_1_656' title='bbox 1262 551 1378 582; x_wconf 87' lang='lat' dir='ltr'><strong>totum</strong></span> <span class='ocrx_word' id='word_1_657' title='bbox 1403 547 1440 581; x_wconf 90' lang='lat' dir='ltr'><strong>in</strong></span> <span class='ocrx_word' id='word_1_658' title='bbox 1464 558 1537 582; x_wconf 92' lang='lat' dir='ltr'><strong>uno</strong></span> <span class='ocrx_word' id='word_1_659' title='bbox 1561 545 1750 589; x_wconf 90' lang='lat' dir='ltr'><strong>volumine,</strong></span> <span class='ocrx_word' id='word_1_660' title='bbox 1783 556 1856 581; x_wconf 91' lang='lat' dir='ltr'><strong>non</strong></span> <span class='ocrx_word' id='word_1_661' title='bbox 1881 545 2017 590; x_wconf 88' lang='lat' dir='ltr'><strong>quadra</strong></span> <span class='ocrx_word' id='word_1_662' title='bbox 2043 546 2116 580; x_wconf 84' lang='lat' dir='ltr'><strong>&#39;nta</strong></span> <span class='ocrx_word' id='word_1_663' title='bbox 2140 550 2222 581; x_wconf 92' lang='lat' dir='ltr'><strong>octo</strong></span> <span class='ocrx_word' id='word_1_664' title='bbox 2246 546 2356 581; x_wconf 88' lang='lat' dir='ltr'><strong>libros</strong></span> 
     </span>
     <span class='ocr_line' id='line_1_84' title="bbox 1265 591 2357 637; baseline 0 -10"><span class='ocrx_word' id='word_1_665' title='bbox 1265 596 1533 637; x_wconf 89' lang='lat' dir='ltr'><strong>computamus,</strong></span> <span class='ocrx_word' id='word_1_666' title='bbox 1567 591 1630 626; x_wconf 90' lang='lat' dir='ltr'><strong>sed</strong></span> <span class='ocrx_word' id='word_1_667' title='bbox 1662 602 1773 626; x_wconf 89' lang='lat' dir='ltr'><strong>unum</strong></span> <span class='ocrx_word' id='word_1_668' title='bbox 1797 591 1943 626; x_wconf 90' lang='lat' dir='ltr'><strong>Homeri</strong></span> <span class='ocrx_word' id='word_1_669' title='bbox 1974 601 2017 625; x_wconf 92' lang='lat' dir='ltr'><strong>vo</strong></span> <span class='ocrx_word' id='word_1_670' title='bbox 2033 602 2137 626; x_wconf 91' lang='lat' dir='ltr'><strong>umen</strong></span> <span class='ocrx_word' id='word_1_671' title='bbox 2168 602 2234 636; x_wconf 90' lang='lat' dir='ltr'><strong>pro</strong></span> <span class='ocrx_word' id='word_1_672' title='bbox 2265 592 2357 627; x_wconf 91' lang='lat' dir='ltr'><strong>libro</strong></span> 
     </span>
     <span class='ocr_line' id='line_1_85' title="bbox 1265 636 2356 682; baseline -0.001 -10"><span class='ocrx_word' id='word_1_673' title='bbox 1265 642 1283 672; x_wconf 73' lang='lat'><strong>‘2</strong></span> <span class='ocrx_word' id='word_1_674' title='bbox 1333 637 1582 682; x_wconf 91' lang='lat' dir='ltr'><strong>accipiendum</strong></span> <span class='ocrx_word' id='word_1_675' title='bbox 1612 641 1676 672; x_wconf 88' lang='lat' dir='ltr'><strong>est.</strong></span> <span class='ocrx_word' id='word_1_676' title='bbox 1727 636 1765 671; x_wconf 88' lang='lat' dir='ltr'><strong>Si</strong></span> <span class='ocrx_word' id='word_1_677' title='bbox 1787 636 1935 671; x_wconf 90' lang='lat' dir='ltr'><strong>Homeri</strong></span> <span class='ocrx_word' id='word_1_678' title='bbox 1967 646 2030 671; x_wconf 92' lang='lat' dir='ltr'><strong>cor</strong></span> <span class='ocrx_word' id='word_1_679' title='bbox 2056 647 2096 670; x_wconf 91' lang='lat' dir='ltr'><strong>us</strong></span> <span class='ocrx_word' id='word_1_680' title='bbox 2128 636 2174 671; x_wconf 91' lang='lat' dir='ltr'><strong>sit</strong></span> <span class='ocrx_word' id='word_1_681' title='bbox 2202 637 2356 682; x_wconf 85' lang='lat' dir='ltr'><strong>legatum</strong></span> 
     </span>
     <span class='ocr_line' id='line_1_86' title="bbox 1264 681 2357 727; baseline -0.002 -9"><span class='ocrx_word' id='word_1_682' title='bbox 1264 688 1300 718; x_wconf 91' lang='lat' dir='ltr'><strong>et</strong></span> <span class='ocrx_word' id='word_1_683' title='bbox 1323 693 1395 718; x_wconf 91' lang='lat' dir='ltr'><strong>non</strong></span> <span class='ocrx_word' id='word_1_684' title='bbox 1419 682 1466 717; x_wconf 88' lang='lat' dir='ltr'><strong>sit</strong></span> <span class='ocrx_word' id='word_1_685' title='bbox 1489 683 1644 727; x_wconf 89' lang='lat' dir='ltr'><strong>plenum,</strong></span> <span class='ocrx_word' id='word_1_686' title='bbox 1677 686 1986 727; x_wconf 87' lang='lat' dir='ltr'><strong>quantaecumque</strong></span> <span class='ocrx_word' id='word_1_687' title='bbox 2017 692 2036 715; x_wconf 88' lang='lat' dir='ltr'><strong>r</strong></span> <span class='ocrx_word' id='word_1_688' title='bbox 2062 681 2272 726; x_wconf 84' lang='lat' dir='ltr'><strong>apsodiae¹⁰</strong></span> <span class='ocrx_word' id='word_1_689' title='bbox 2303 682 2357 716; x_wconf 91' lang='lat' dir='ltr'><strong>in-</strong></span> 
     </span>
     <span class='ocr_line' id='line_1_87' title="bbox 1265 727 2356 771; baseline -0.002 -8"><span class='ocrx_word' id='word_1_690' title='bbox 1265 732 1284 763; x_wconf 90' lang='lat'><strong>3</strong></span> <span class='ocrx_word' id='word_1_691' title='bbox 1332 728 1530 771; x_wconf 88' lang='lat' dir='ltr'><strong>veniantur,</strong></span> <span class='ocrx_word' id='word_1_692' title='bbox 1556 727 1744 762; x_wconf 85' lang='lat' dir='ltr'><strong>debentur.</strong></span> <span class='ocrx_word' id='word_1_693' title='bbox 1792 727 1911 762; x_wconf 87' lang='lat' dir='ltr'><strong>Libris</strong></span> <span class='ocrx_word' id='word_1_694' title='bbox 1936 730 2056 761; x_wconf 90' lang='lat' dir='ltr'><strong>autem</strong></span> <span class='ocrx_word' id='word_1_695' title='bbox 2080 727 2204 771; x_wconf 87' lang='lat' dir='ltr'><strong>legatis</strong></span> <span class='ocrx_word' id='word_1_696' title='bbox 2229 727 2356 762; x_wconf 86' lang='lat' dir='ltr'><strong>biblio—</strong></span> 
     </span>
     <span class='ocr_line' id='line_1_88' title="bbox 1263 771 2356 809; baseline -0.003 -1"><span class='ocrx_word' id='word_1_697' title='bbox 1263 774 1387 809; x_wconf 90' lang='lat' dir='ltr'><strong>thecas</strong></span> <span class='ocrx_word' id='word_1_698' title='bbox 1407 784 1480 808; x_wconf 92' lang='lat' dir='ltr'><strong>non</strong></span> <span class='ocrx_word' id='word_1_699' title='bbox 1499 773 1673 808; x_wconf 86' lang='lat' dir='ltr'><strong>contineri</strong></span> <span class='ocrx_word' id='word_1_700' title='bbox 1691 772 1845 807; x_wconf 88' lang='lat' dir='ltr'><strong>Sabinus</strong></span> <span class='ocrx_word' id='word_1_701' title='bbox 1863 772 2005 808; x_wconf 87' lang='lat' dir='ltr'><strong>scribit:</strong></span> <span class='ocrx_word' id='word_1_702' title='bbox 2031 771 2125 807; x_wconf 92' lang='lat' dir='ltr'><strong>idem</strong></span> <span class='ocrx_word' id='word_1_703' title='bbox 2143 777 2177 807; x_wconf 89' lang='lat' dir='ltr'><strong>et</strong></span> <span class='ocrx_word' id='word_1_704' title='bbox 2195 772 2356 808; x_wconf 87' lang='lat' dir='ltr'><strong>Cassius:</strong></span> 
     </span>
     <span class='ocr_line' id='line_1_89' title="bbox 1265 817 2357 862; baseline -0.002 -9"><span class='ocrx_word' id='word_1_705' title='bbox 1265 819 1315 854; x_wconf 90' lang='lat' dir='ltr'><strong>ait</strong></span> <span class='ocrx_word' id='word_1_706' title='bbox 1339 818 1431 853; x_wconf 91' lang='lat' dir='ltr'><strong>enim</strong></span> <span class='ocrx_word' id='word_1_707' title='bbox 1455 819 1682 853; x_wconf 86' lang='lat' dir='ltr'><strong>membranas</strong></span> <span class='ocrx_word' id='word_1_708' title='bbox 1715 828 1808 862; x_wconf 92' lang='lat' dir='ltr'><strong>quae</strong></span> <span class='ocrx_word' id='word_1_709' title='bbox 1840 817 1997 862; x_wconf 86' lang='lat' dir='ltr'><strong>scriptae</strong></span> <span class='ocrx_word' id='word_1_710' title='bbox 2028 817 2138 851; x_wconf 77' lang='lat' dir='ltr'><strong>sint¹¹</strong></span> <span class='ocrx_word' id='word_1_711' title='bbox 2173 817 2357 860; x_wconf 89' lang='lat' dir='ltr'><strong>contineri,</strong></span> 
     </span>
     <span class='ocr_line' id='line_1_90' title="bbox 1269 862 2359 908; baseline -0.002 -9"><span class='ocrx_word' id='word_1_712' title='bbox 1269 864 1432 899; x_wconf 80' lang='lat' dir='ltr'><strong>¹²deinde</strong></span> <span class='ocrx_word' id='word_1_713' title='bbox 1457 864 1588 898; x_wconf 86' lang='lat' dir='ltr'><strong>adiecit</strong></span> <span class='ocrx_word' id='word_1_714' title='bbox 1611 874 1727 908; x_wconf 88' lang='lat' dir='ltr'><strong>neque</strong></span> <span class='ocrx_word' id='word_1_715' title='bbox 1752 862 1907 898; x_wconf 82' lang='lat' dir='ltr'><strong>armaria</strong></span> <span class='ocrx_word' id='word_1_716' title='bbox 1936 873 2051 906; x_wconf 91' lang='lat' dir='ltr'><strong>neque</strong></span> <span class='ocrx_word' id='word_1_717' title='bbox 2081 862 2214 898; x_wconf 89' lang='lat' dir='ltr'><strong>scrinia</strong></span> <span class='ocrx_word' id='word_1_718' title='bbox 2244 873 2359 907; x_wconf 88' lang='lat' dir='ltr'><strong>neque</strong></span> 
     </span>
     <span class='ocr_line' id='line_1_91' title="bbox 1266 907 2358 953; baseline -0.002 -9"><span class='ocrx_word' id='word_1_719' title='bbox 1266 913 1285 944; x_wconf 82' lang='lat'>4</span> <span class='ocrx_word' id='word_1_720' title='bbox 1334 913 1464 952; x_wconf 89' lang='lat' dir='ltr'><strong>cetera,</strong></span> <span class='ocrx_word' id='word_1_721' title='bbox 1489 909 1526 943; x_wconf 92' lang='lat' dir='ltr'><strong>in</strong></span> <span class='ocrx_word' id='word_1_722' title='bbox 1550 908 1681 953; x_wconf 92' lang='lat' dir='ltr'><strong>quibus</strong></span> <span class='ocrx_word' id='word_1_723' title='bbox 1705 909 1788 943; x_wconf 89' lang='lat' dir='ltr'><strong>libri</strong></span> <span class='ocrx_word' id='word_1_724' title='bbox 1821 907 2040 951; x_wconf 84' lang='lat' dir='ltr'><strong>conduntur,</strong></span> <span class='ocrx_word' id='word_1_725' title='bbox 2074 907 2206 943; x_wconf 89' lang='lat' dir='ltr'><strong>deberi.</strong></span> <span class='ocrx_word' id='word_1_726' title='bbox 2255 907 2358 952; x_wconf 84' lang='lat' dir='ltr'><strong>Quod</strong></span> 
     </span>
     <span class='ocr_line' id='line_1_92' title="bbox 1264 953 2358 997; baseline -0.002 -8"><span class='ocrx_word' id='word_1_727' title='bbox 1264 961 1384 990; x_wconf 89' lang='lat' dir='ltr'><strong>tamen</strong></span> <span class='ocrx_word' id='word_1_728' title='bbox 1416 954 1561 989; x_wconf 88' lang='lat' dir='ltr'><strong>Cassius</strong></span> <span class='ocrx_word' id='word_1_729' title='bbox 1595 954 1639 988; x_wconf 91' lang='lat' dir='ltr'><strong>de</strong></span> <span class='ocrx_word' id='word_1_730' title='bbox 1670 954 1884 989; x_wconf 86' lang='lat' dir='ltr'><strong>membranis</strong></span> <span class='ocrx_word' id='word_1_731' title='bbox 1940 954 2013 988; x_wconf 92' lang='lat' dir='ltr'><strong>uris</strong></span> <span class='ocrx_word' id='word_1_732' title='bbox 2047 953 2208 997; x_wconf 86' lang='lat' dir='ltr'><strong>scripsit,</strong></span> <span class='ocrx_word' id='word_1_733' title='bbox 2239 964 2358 988; x_wconf 88' lang='lat' dir='ltr'><strong>verum</strong></span> 
     </span>
     <span class='ocr_line' id='line_1_93' title="bbox 1266 998 2359 1044; baseline -0.002 -9"><span class='ocrx_word' id='word_1_734' title='bbox 1266 1004 1338 1035; x_wconf 85' lang='lat' dir='ltr'><strong>est:</strong></span> <span class='ocrx_word' id='word_1_735' title='bbox 1371 1010 1454 1034; x_wconf 89' lang='lat' dir='ltr'><strong>nam</strong></span> <span class='ocrx_word' id='word_1_736' title='bbox 1487 1010 1554 1034; x_wconf 91' lang='lat' dir='ltr'><strong>nec</strong></span> <span class='ocrx_word' id='word_1_737' title='bbox 1588 1000 1736 1034; x_wconf 86' lang='lat' dir='ltr'><strong>chartae</strong></span> <span class='ocrx_word' id='word_1_738' title='bbox 1766 1009 1879 1044; x_wconf 91' lang='lat' dir='ltr'><strong>purae</strong></span> <span class='ocrx_word' id='word_1_739' title='bbox 1928 999 2080 1034; x_wconf 91' lang='lat' dir='ltr'><strong>ebentur</strong></span> <span class='ocrx_word' id='word_1_740' title='bbox 2111 998 2210 1034; x_wconf 89' lang='lat' dir='ltr'><strong>libris</strong></span> <span class='ocrx_word' id='word_1_741' title='bbox 2234 998 2359 1043; x_wconf 88' lang='lat' dir='ltr'><strong>legatis</strong></span> 
     </span>
     <span class='ocr_line' id='line_1_94' title="bbox 1264 1043 2359 1089; baseline -0.002 -9"><span class='ocrx_word' id='word_1_742' title='bbox 1264 1056 1330 1080; x_wconf 92' lang='lat' dir='ltr'><strong>nec</strong></span> <span class='ocrx_word' id='word_1_743' title='bbox 1355 1045 1489 1080; x_wconf 87' lang='lat' dir='ltr'><strong>chartis</strong></span> <span class='ocrx_word' id='word_1_744' title='bbox 1513 1045 1638 1089; x_wconf 89' lang='lat' dir='ltr'><strong>legatis</strong></span> <span class='ocrx_word' id='word_1_745' title='bbox 1662 1045 1745 1079; x_wconf 91' lang='lat' dir='ltr'><strong>libri</strong></span> <span class='ocrx_word' id='word_1_746' title='bbox 1767 1044 2005 1086; x_wconf 76' lang='lat' dir='ltr'><strong>debebantur,</strong></span> <span class='ocrx_word' id='word_1_747' title='bbox 2030 1043 2099 1079; x_wconf 87' lang='lat' dir='ltr'><strong>nisi</strong></span> <span class='ocrx_word' id='word_1_748' title='bbox 2121 1043 2214 1079; x_wconf 90' lang='lat' dir='ltr'><strong>forte</strong></span> <span class='ocrx_word' id='word_1_749' title='bbox 2239 1047 2275 1078; x_wconf 92' lang='lat' dir='ltr'><strong>et</strong></span> <span class='ocrx_word' id='word_1_750' title='bbox 2301 1043 2359 1078; x_wconf 90' lang='lat' dir='ltr'><strong>hic</strong></span> 
     </span>
     <span class='ocr_line' id='line_1_95' title="bbox 1264 1088 2360 1135; baseline -0.003 -9"><span class='ocrx_word' id='word_1_751' title='bbox 1264 1102 1330 1126; x_wconf 91' lang='lat' dir='ltr'><strong>nos</strong></span> <span class='ocrx_word' id='word_1_752' title='bbox 1345 1090 1477 1125; x_wconf 91' lang='lat' dir='ltr'><strong>urserit</strong></span> <span class='ocrx_word' id='word_1_753' title='bbox 1494 1090 1677 1126; x_wconf 90' lang='lat' dir='ltr'><strong>voluntas:</strong></span> <span class='ocrx_word' id='word_1_754' title='bbox 1703 1094 1744 1124; x_wconf 91' lang='lat' dir='ltr'><strong>ut</strong></span> <span class='ocrx_word' id='word_1_755' title='bbox 1765 1094 1855 1135; x_wconf 90' lang='lat' dir='ltr'><strong>puta</strong></span> <span class='ocrx_word' id='word_1_756' title='bbox 1879 1090 1910 1124; x_wconf 92' lang='lat' dir='ltr'><strong>si</strong></span> <span class='ocrx_word' id='word_1_757' title='bbox 1926 1089 2004 1135; x_wconf 91' lang='lat' dir='ltr'><strong>quis</strong></span> <span class='ocrx_word' id='word_1_758' title='bbox 2028 1088 2122 1124; x_wconf 89' lang='lat' dir='ltr'><strong>forte</strong></span> <span class='ocrx_word' id='word_1_759' title='bbox 2139 1089 2284 1125; x_wconf 88' lang='lat' dir='ltr'><strong>chartas</strong></span> <span class='ocrx_word' id='word_1_760' title='bbox 2308 1089 2360 1124; x_wconf 91' lang='lat' dir='ltr'><strong>sic</strong></span> 
     </span>
     <span class='ocr_line' id='line_1_96' title="bbox 1265 1134 2360 1180; baseline -0.003 -9"><span class='ocrx_word' id='word_1_761' title='bbox 1265 1136 1447 1180; x_wconf 89' lang='lat' dir='ltr'><strong>reliquerit</strong></span> <span class='ocrx_word' id='word_1_762' title='bbox 1476 1135 1633 1170; x_wconf 86' lang='lat' dir='ltr'><strong>‘chartas</strong></span> <span class='ocrx_word' id='word_1_763' title='bbox 1664 1145 1762 1171; x_wconf 91' lang='lat' dir='ltr'><strong>meas</strong></span> <span class='ocrx_word' id='word_1_764' title='bbox 1794 1135 2008 1176; x_wconf 86' lang='lat' dir='ltr'><strong>universas&#39;,</strong></span> <span class='ocrx_word' id='word_1_765' title='bbox 2048 1134 2109 1180; x_wconf 89' lang='lat' dir='ltr'><strong>qui</strong></span> <span class='ocrx_word' id='word_1_766' title='bbox 2140 1134 2228 1169; x_wconf 91' lang='lat' dir='ltr'><strong>nihil</strong></span> <span class='ocrx_word' id='word_1_767' title='bbox 2264 1134 2360 1169; x_wconf 88' lang='lat' dir='ltr'><strong>aliud</strong></span> 
     </span>
     <span class='ocr_line' id='line_1_97' title="bbox 1289 1179 2359 1225; baseline -0.002 -9"><span class='ocrx_word' id='word_1_768' title='bbox 1289 1192 1373 1216; x_wconf 89' lang='lat' dir='ltr'><strong>uam</strong></span> <span class='ocrx_word' id='word_1_769' title='bbox 1397 1181 1507 1216; x_wconf 91' lang='lat' dir='ltr'><strong>libros</strong></span> <span class='ocrx_word' id='word_1_770' title='bbox 1532 1181 1699 1225; x_wconf 89' lang='lat' dir='ltr'><strong>habebat,</strong></span> <span class='ocrx_word' id='word_1_771' title='bbox 1725 1180 1908 1216; x_wconf 92' lang='lat' dir='ltr'><strong>studiosus</strong></span> <span class='ocrx_word' id='word_1_772' title='bbox 1926 1179 2109 1215; x_wconf 85' lang='lat' dir='ltr'><strong>studioso:</strong></span> <span class='ocrx_word' id='word_1_773' title='bbox 2134 1190 2238 1215; x_wconf 92' lang='lat' dir='ltr'><strong>nemo</strong></span> <span class='ocrx_word' id='word_1_774' title='bbox 2268 1180 2359 1215; x_wconf 91' lang='lat' dir='ltr'><strong>enim</strong></span> 
     </span>
     <span class='ocr_line' id='line_1_98' title="bbox 1290 1225 2360 1271; baseline -0.002 -9"><span class='ocrx_word' id='word_1_775' title='bbox 1290 1227 1445 1262; x_wconf 90' lang='lat' dir='ltr'><strong>ubitabit</strong></span> <span class='ocrx_word' id='word_1_776' title='bbox 1467 1226 1578 1262; x_wconf 92' lang='lat' dir='ltr'><strong>libros</strong></span> <span class='ocrx_word' id='word_1_777' title='bbox 1604 1226 1743 1262; x_wconf 90' lang='lat' dir='ltr'><strong>deberi:</strong></span> <span class='ocrx_word' id='word_1_778' title='bbox 1769 1236 1853 1261; x_wconf 90' lang='lat' dir='ltr'><strong>nam</strong></span> <span class='ocrx_word' id='word_1_779' title='bbox 1874 1229 1910 1261; x_wconf 92' lang='lat' dir='ltr'><strong>et</strong></span> <span class='ocrx_word' id='word_1_780' title='bbox 1932 1226 1969 1260; x_wconf 91' lang='lat' dir='ltr'><strong>in</strong></span> <span class='ocrx_word' id='word_1_781' title='bbox 1993 1236 2062 1260; x_wconf 88' lang='lat' dir='ltr'><strong>usu</strong></span> <span class='ocrx_word' id='word_1_782' title='bbox 2075 1225 2235 1271; x_wconf 91' lang='lat' dir='ltr'><strong>plerique</strong></span> <span class='ocrx_word' id='word_1_783' title='bbox 2250 1225 2360 1260; x_wconf 88' lang='lat' dir='ltr'><strong>libros</strong></span> 
     </span>
     <span class='ocr_line' id='line_1_99' title="bbox 1267 1270 2360 1317; baseline -0.002 -10"><span class='ocrx_word' id='word_1_784' title='bbox 1267 1273 1410 1307; x_wconf 88' lang='lat' dir='ltr'><strong>chartas</strong></span> <span class='ocrx_word' id='word_1_785' title='bbox 1435 1272 1629 1317; x_wconf 88' lang='lat' dir='ltr'><strong>appellant.</strong></span> <span class='ocrx_word' id='word_1_786' title='bbox 1678 1271 1763 1316; x_wconf 91' lang='lat' dir='ltr'><strong>quid</strong></span> <span class='ocrx_word' id='word_1_787' title='bbox 1787 1282 1888 1316; x_wconf 86' lang='lat' dir='ltr'><strong>ergo,</strong></span> <span class='ocrx_word' id='word_1_788' title='bbox 1922 1272 1952 1306; x_wconf 93' lang='lat' dir='ltr'><strong>si</strong></span> <span class='ocrx_word' id='word_1_789' title='bbox 1984 1270 2062 1316; x_wconf 90' lang='lat' dir='ltr'><strong>quis</strong></span> <span class='ocrx_word' id='word_1_790' title='bbox 2095 1271 2240 1306; x_wconf 87' lang='lat' dir='ltr'><strong>chartas</strong></span> <span class='ocrx_word' id='word_1_791' title='bbox 2264 1270 2360 1315; x_wconf 89' lang='lat' dir='ltr'><strong>lega-</strong></span> 
     </span>
     <span class='ocr_line' id='line_1_100' title="bbox 1266 1316 2362 1362; baseline -0.003 -9"><span class='ocrx_word' id='word_1_792' title='bbox 1266 1318 1355 1353; x_wconf 89' lang='lat' dir='ltr'><strong>verit</strong></span> <span class='ocrx_word' id='word_1_793' title='bbox 1386 1318 1524 1362; x_wconf 82' lang='lat' dir='ltr'><strong>puras‘?</strong></span> <span class='ocrx_word' id='word_1_794' title='bbox 1564 1318 1794 1353; x_wconf 89' lang='lat' dir='ltr'><strong>membranae</strong></span> <span class='ocrx_word' id='word_1_795' title='bbox 1829 1327 1902 1352; x_wconf 91' lang='lat' dir='ltr'><strong>non</strong></span> <span class='ocrx_word' id='word_1_796' title='bbox 1934 1316 2214 1352; x_wconf 85' lang='lat' dir='ltr'><strong>continebuntur</strong></span> <span class='ocrx_word' id='word_1_797' title='bbox 2246 1326 2362 1361; x_wconf 88' lang='lat' dir='ltr'><strong>neque</strong></span> 
     </span>
     <span class='ocr_line' id='line_1_101' title="bbox 1267 1361 2362 1404; baseline -0.002 -6"><span class='ocrx_word' id='word_1_798' title='bbox 1267 1367 1406 1398; x_wconf 89' lang='lat' dir='ltr'><strong>ceterae</strong></span> <span class='ocrx_word' id='word_1_799' title='bbox 1438 1362 1485 1397; x_wconf 87' lang='lat' dir='ltr'><strong>ad</strong></span> <span class='ocrx_word' id='word_1_800' title='bbox 1514 1362 1742 1398; x_wconf 88' lang='lat' dir='ltr'><strong>scribendum</strong></span> <span class='ocrx_word' id='word_1_801' title='bbox 1779 1362 1969 1404; x_wconf 89' lang='lat' dir='ltr'><strong>materiae,</strong></span> <span class='ocrx_word' id='word_1_802' title='bbox 2007 1361 2071 1396; x_wconf 89' lang='lat' dir='ltr'><strong>sed</strong></span> <span class='ocrx_word' id='word_1_803' title='bbox 2105 1371 2172 1397; x_wconf 90' lang='lat' dir='ltr'><strong>nec</strong></span> <span class='ocrx_word' id='word_1_804' title='bbox 2204 1371 2269 1397; x_wconf 89' lang='lat' dir='ltr'><strong>coe</strong></span> <span class='ocrx_word' id='word_1_805' title='bbox 2295 1362 2362 1396; x_wconf 79' lang='lat' dir='ltr'><strong>ti¹³</strong></span> 
     </span>
     <span class='ocr_line' id='line_1_102' title="bbox 1266 1406 2361 1452; baseline -0.001 -10"><span class='ocrx_word' id='word_1_806' title='bbox 1266 1412 1284 1442; x_wconf 84' lang='lat'>5</span> <span class='ocrx_word' id='word_1_807' title='bbox 1334 1408 1444 1443; x_wconf 91' lang='lat' dir='ltr'><strong>scribi</strong></span> <span class='ocrx_word' id='word_1_808' title='bbox 1473 1408 1566 1443; x_wconf 91' lang='lat' dir='ltr'><strong>libri.</strong></span> <span class='ocrx_word' id='word_1_809' title='bbox 1623 1407 1726 1443; x_wconf 91' lang='lat' dir='ltr'><strong>Unde</strong></span> <span class='ocrx_word' id='word_1_810' title='bbox 1755 1419 1827 1443; x_wconf 91' lang='lat' dir='ltr'><strong>non</strong></span> <span class='ocrx_word' id='word_1_811' title='bbox 1859 1407 1952 1442; x_wconf 87' lang='lat' dir='ltr'><strong>male</strong></span> <span class='ocrx_word' id='word_1_812' title='bbox 1983 1406 2182 1452; x_wconf 83' lang='lat' dir='ltr'><strong>quaeritur,</strong></span> <span class='ocrx_word' id='word_1_813' title='bbox 2220 1406 2250 1442; x_wconf 92' lang='lat' dir='ltr'><strong>si</strong></span> <span class='ocrx_word' id='word_1_814' title='bbox 2293 1406 2361 1441; x_wconf 88' lang='lat' dir='ltr'><strong>ibri</strong></span> 
     </span>
     <span class='ocr_line' id='line_1_103' title="bbox 1265 1452 2363 1498; baseline -0.002 -10"><span class='ocrx_word' id='word_1_815' title='bbox 1265 1453 1373 1498; x_wconf 89' lang='lat' dir='ltr'><strong>legati</strong></span> <span class='ocrx_word' id='word_1_816' title='bbox 1397 1454 1489 1496; x_wconf 91' lang='lat' dir='ltr'><strong>sint,</strong></span> <span class='ocrx_word' id='word_1_817' title='bbox 1526 1464 1572 1488; x_wconf 84' lang='lat' dir='ltr'><strong>an</strong></span> <span class='ocrx_word' id='word_1_818' title='bbox 1604 1453 1856 1488; x_wconf 83' lang='lat' dir='ltr'><strong>contineantur</strong></span> <span class='ocrx_word' id='word_1_819' title='bbox 1887 1452 2046 1487; x_wconf 92' lang='lat' dir='ltr'><strong>nondum</strong></span> <span class='ocrx_word' id='word_1_820' title='bbox 2077 1452 2278 1497; x_wconf 88' lang='lat' dir='ltr'><strong>perscripti.</strong></span> <span class='ocrx_word' id='word_1_821' title='bbox 2326 1456 2363 1487; x_wconf 89' lang='lat' dir='ltr'><strong>et</strong></span> 
     </span>
     <span class='ocr_line' id='line_1_104' title="bbox 1265 1497 2360 1549; baseline -0.003 -15"><span class='ocrx_word' id='word_1_822' title='bbox 1265 1510 1338 1534; x_wconf 90' lang='lat' dir='ltr'><strong>non</strong></span> <span class='ocrx_word' id='word_1_823' title='bbox 1362 1502 1450 1543; x_wconf 88' lang='lat' dir='ltr'><strong>puto</strong></span> <span class='ocrx_word' id='word_1_824' title='bbox 1476 1499 1669 1541; x_wconf 88' lang='lat' dir='ltr'><strong>contineri,</strong></span> <span class='ocrx_word' id='word_1_825' title='bbox 1705 1510 1777 1534; x_wconf 88' lang='lat' dir='ltr'><strong>non</strong></span> <span class='ocrx_word' id='word_1_826' title='bbox 1801 1498 1912 1543; x_wconf 87' lang='lat' dir='ltr'><strong>magis</strong></span> <span class='ocrx_word' id='word_1_827' title='bbox 1938 1508 2045 1543; x_wconf 90' lang='lat' dir='ltr'><strong>quam</strong></span> <span class='ocrx_word' id='word_1_828' title='bbox 2068 1498 2176 1533; x_wconf 89' lang='lat' dir='ltr'><strong>vestis</strong></span> <span class='ocrx_word' id='word_1_829' title='bbox 2202 1497 2360 1549; x_wconf 90' lang='lat' dir='ltr'><strong>appella-</strong></span> 
     </span>
     <span class='ocr_line' id='line_1_105' title="bbox 1265 1542 2361 1588; baseline -0.001 -10"><span class='ocrx_word' id='word_1_830' title='bbox 1265 1545 1363 1580; x_wconf 90' lang='lat' dir='ltr'><strong>tione</strong></span> <span class='ocrx_word' id='word_1_831' title='bbox 1386 1544 1544 1579; x_wconf 91' lang='lat' dir='ltr'><strong>nondum</strong></span> <span class='ocrx_word' id='word_1_832' title='bbox 1569 1544 1714 1579; x_wconf 83' lang='lat' dir='ltr'><strong>detexta</strong></span> <span class='ocrx_word' id='word_1_833' title='bbox 1731 1544 1945 1579; x_wconf 83' lang='lat' dir='ltr'><strong>continetur.</strong></span> <span class='ocrx_word' id='word_1_834' title='bbox 1994 1542 2057 1578; x_wconf 89' lang='lat' dir='ltr'><strong>sed</strong></span> <span class='ocrx_word' id='word_1_835' title='bbox 2074 1543 2265 1588; x_wconf 82' lang='lat' dir='ltr'><strong>perscripti</strong></span> <span class='ocrx_word' id='word_1_836' title='bbox 2280 1542 2361 1577; x_wconf 90' lang='lat' dir='ltr'><strong>libri</strong></span> 
     </span>
     <span class='ocr_line' id='line_1_106' title="bbox 1265 1587 2362 1625; baseline -0.002 -1"><span class='ocrx_word' id='word_1_837' title='bbox 1265 1589 1423 1625; x_wconf 90' lang='lat' dir='ltr'><strong>nondum</strong></span> <span class='ocrx_word' id='word_1_838' title='bbox 1455 1589 1611 1624; x_wconf 89' lang='lat' dir='ltr'><strong>malleati</strong></span> <span class='ocrx_word' id='word_1_839' title='bbox 1642 1589 1698 1624; x_wconf 90' lang='lat' dir='ltr'><strong>vel</strong></span> <span class='ocrx_word' id='word_1_840' title='bbox 1730 1589 1847 1624; x_wconf 89' lang='lat' dir='ltr'><strong>ornati</strong></span> <span class='ocrx_word' id='word_1_841' title='bbox 1885 1588 2181 1624; x_wconf 89' lang='lat' dir='ltr'><strong>continebuntur:</strong></span> <span class='ocrx_word' id='word_1_842' title='bbox 2237 1587 2362 1623; x_wconf 91' lang='lat' dir='ltr'><strong>roinde</strong></span> 
     </span>
     <span class='ocr_line' id='line_1_107' title="bbox 1267 1633 2360 1679; baseline -0.002 -9"><span class='ocrx_word' id='word_1_843' title='bbox 1267 1638 1302 1670; x_wconf 90' lang='lat' dir='ltr'><strong>et</strong></span> <span class='ocrx_word' id='word_1_844' title='bbox 1325 1635 1484 1670; x_wconf 90' lang='lat' dir='ltr'><strong>nondum</strong></span> <span class='ocrx_word' id='word_1_845' title='bbox 1510 1634 1743 1679; x_wconf 89' lang='lat' dir='ltr'><strong>conglutinati</strong></span> <span class='ocrx_word' id='word_1_846' title='bbox 1766 1634 1822 1670; x_wconf 92' lang='lat' dir='ltr'><strong>vel</strong></span> <span class='ocrx_word' id='word_1_847' title='bbox 1853 1633 2031 1669; x_wconf 87' lang='lat' dir='ltr'><strong>emendati</strong></span> <span class='ocrx_word' id='word_1_848' title='bbox 2064 1633 2205 1669; x_wconf 91' lang='lat' dir='ltr'><strong>contine</strong></span> <span class='ocrx_word' id='word_1_849' title='bbox 2233 1636 2360 1668; x_wconf 89' lang='lat' dir='ltr'><strong>untur:</strong></span> 
     </span>
     <span class='ocr_line' id='line_1_108' title="bbox 1266 1678 2360 1715; baseline -0.003 0"><span class='ocrx_word' id='word_1_850' title='bbox 1266 1679 1329 1715; x_wconf 90' lang='lat' dir='ltr'><strong>sed</strong></span> <span class='ocrx_word' id='word_1_851' title='bbox 1353 1684 1389 1715; x_wconf 91' lang='lat' dir='ltr'><strong>et</strong></span> <span class='ocrx_word' id='word_1_852' title='bbox 1423 1680 1653 1715; x_wconf 87' lang='lat' dir='ltr'><strong>membranae</strong></span> <span class='ocrx_word' id='word_1_853' title='bbox 1685 1680 1844 1715; x_wconf 89' lang='lat' dir='ltr'><strong>nondum</strong></span> <span class='ocrx_word' id='word_1_854' title='bbox 1875 1682 2047 1714; x_wconf 90' lang='lat' dir='ltr'><strong>consutae</strong></span> <span class='ocrx_word' id='word_1_855' title='bbox 2071 1678 2360 1714; x_wconf 90' lang='lat' dir='ltr'><strong>continebuntur.</strong></span> 
     </span>
     <span class='ocr_line' id='line_1_109' title="bbox 1267 1723 2361 1770; baseline -0.002 -10"><span class='ocrx_word' id='word_1_856' title='bbox 1267 1730 1286 1761; x_wconf 89' lang='grc'><strong>6</strong></span> <span class='ocrx_word' id='word_1_857' title='bbox 1336 1725 1478 1761; x_wconf 90' lang='lat' dir='ltr'><strong>Chartis</strong></span> <span class='ocrx_word' id='word_1_858' title='bbox 1502 1725 1628 1769; x_wconf 86' lang='lat' dir='ltr'><strong>legatis</strong></span> <span class='ocrx_word' id='word_1_859' title='bbox 1665 1735 1780 1770; x_wconf 91' lang='lat' dir='ltr'><strong>neque</strong></span> <span class='ocrx_word' id='word_1_860' title='bbox 1813 1735 1990 1769; x_wconf 84' lang='lat' dir='ltr'><strong>papyrum</strong></span> <span class='ocrx_word' id='word_1_861' title='bbox 2014 1723 2060 1759; x_wconf 89' lang='lat' dir='ltr'><strong>ad</strong></span> <span class='ocrx_word' id='word_1_862' title='bbox 2085 1724 2229 1758; x_wconf 89' lang='lat' dir='ltr'><strong>chartas</strong></span> <span class='ocrx_word' id='word_1_863' title='bbox 2254 1733 2361 1768; x_wconf 90' lang='lat' dir='ltr'><strong>para-</strong></span> 
     </span>
     <span class='ocr_line' id='line_1_110' title="bbox 1265 1769 2356 1815; baseline -0.002 -10"><span class='ocrx_word' id='word_1_864' title='bbox 1265 1775 1342 1805; x_wconf 90' lang='lat' dir='ltr'><strong>tum</strong></span> <span class='ocrx_word' id='word_1_865' title='bbox 1368 1781 1484 1815; x_wconf 92' lang='lat' dir='ltr'><strong>neque</strong></span> <span class='ocrx_word' id='word_1_866' title='bbox 1510 1770 1658 1805; x_wconf 88' lang='lat' dir='ltr'><strong>chartae</strong></span> <span class='ocrx_word' id='word_1_867' title='bbox 1682 1770 1841 1805; x_wconf 90' lang='lat' dir='ltr'><strong>nondum</strong></span> <span class='ocrx_word' id='word_1_868' title='bbox 1865 1769 2046 1815; x_wconf 91' lang='lat' dir='ltr'><strong>perfectae</strong></span> <span class='ocrx_word' id='word_1_869' title='bbox 2071 1769 2356 1804; x_wconf 81' lang='lat' dir='ltr'><strong>continebuntur.</strong></span> 
     </span>
     <span class='ocr_line' id='line_1_111' title="bbox 1268 1814 2362 1860; baseline -0.003 -9"><span class='ocrx_word' id='word_1_870' title='bbox 1268 1820 1285 1850; x_wconf 87' lang='lat'><em>7</em></span> <span class='ocrx_word' id='word_1_871' title='bbox 1336 1815 1407 1851; x_wconf 88' lang='lat' dir='ltr'><strong>Sed</strong></span> <span class='ocrx_word' id='word_1_872' title='bbox 1439 1816 1469 1851; x_wconf 92' lang='lat' dir='ltr'><strong>si</strong></span> <span class='ocrx_word' id='word_1_873' title='bbox 1501 1815 1756 1851; x_wconf 90' lang='lat' dir='ltr'><strong>bibliothecam</strong></span> <span class='ocrx_word' id='word_1_874' title='bbox 1791 1815 1979 1860; x_wconf 88' lang='lat' dir='ltr'><strong>legaverit,</strong></span> <span class='ocrx_word' id='word_1_875' title='bbox 2017 1818 2136 1849; x_wconf 85' lang='lat' dir='ltr'><strong>utrum</strong></span> <span class='ocrx_word' id='word_1_876' title='bbox 2167 1814 2362 1849; x_wconf 85' lang='lat' dir='ltr'><strong>armarium</strong></span> 
     </span>
     <span class='ocr_line' id='line_1_112' title="bbox 1267 1859 2360 1904; baseline -0.002 -8"><span class='ocrx_word' id='word_1_877' title='bbox 1267 1862 1381 1896; x_wconf 90' lang='lat' dir='ltr'><strong>solum</strong></span> <span class='ocrx_word' id='word_1_878' title='bbox 1405 1861 1461 1896; x_wconf 91' lang='lat' dir='ltr'><strong>vel</strong></span> <span class='ocrx_word' id='word_1_879' title='bbox 1485 1861 1640 1896; x_wconf 90' lang='lat' dir='ltr'><strong>armaria</strong></span> <span class='ocrx_word' id='word_1_880' title='bbox 1672 1860 1953 1896; x_wconf 90' lang='lat' dir='ltr'><strong>continebuntur</strong></span> <span class='ocrx_word' id='word_1_881' title='bbox 1983 1870 2030 1894; x_wconf 88' lang='lat' dir='ltr'><strong>an</strong></span> <span class='ocrx_word' id='word_1_882' title='bbox 2053 1869 2136 1894; x_wconf 87' lang='lat' dir='ltr'><strong>vero</strong></span> <span class='ocrx_word' id='word_1_883' title='bbox 2160 1859 2242 1899; x_wconf 87' lang='lat' dir='ltr'><strong>libri</strong></span> <span class='ocrx_word' id='word_1_884' title='bbox 2273 1870 2360 1904; x_wconf 93' lang='lat' dir='ltr'><strong>quo-</strong></span> 
     </span>
     <span class='ocr_line' id='line_1_113' title="bbox 1266 1904 2363 1951; baseline -0.002 -10"><span class='ocrx_word' id='word_1_885' title='bbox 1266 1917 1334 1951; x_wconf 91' lang='lat' dir='ltr'><strong>que</strong></span> <span class='ocrx_word' id='word_1_886' title='bbox 1359 1907 1628 1948; x_wconf 87' lang='lat' dir='ltr'><strong>contineantur,</strong></span> <span class='ocrx_word' id='word_1_887' title='bbox 1662 1906 1858 1951; x_wconf 90' lang='lat' dir='ltr'><strong>quaeritur.</strong></span> <span class='ocrx_word' id='word_1_888' title='bbox 1908 1910 1943 1940; x_wconf 91' lang='lat' dir='ltr'><strong>et</strong></span> <span class='ocrx_word' id='word_1_889' title='bbox 1966 1905 2147 1950; x_wconf 86' lang='lat' dir='ltr'><strong>eleganter</strong></span> <span class='ocrx_word' id='word_1_890' title='bbox 2170 1904 2290 1939; x_wconf 89' lang='lat' dir='ltr'><strong>Nerva</strong></span> <span class='ocrx_word' id='word_1_891' title='bbox 2313 1904 2363 1939; x_wconf 82' lang='lat' dir='ltr'><strong>ait</strong></span> 
     </span>
     <span class='ocr_line' id='line_1_114' title="bbox 1265 1949 2362 1995; baseline -0.001 -10"><span class='ocrx_word' id='word_1_892' title='bbox 1265 1952 1438 1987; x_wconf 88' lang='lat' dir='ltr'><strong>interesse</strong></span> <span class='ocrx_word' id='word_1_893' title='bbox 1469 1952 1507 1986; x_wconf 91' lang='lat' dir='ltr'><strong>id</strong></span> <span class='ocrx_word' id='word_1_894' title='bbox 1539 1951 1635 1995; x_wconf 89' lang='lat' dir='ltr'><strong>quod</strong></span> <span class='ocrx_word' id='word_1_895' title='bbox 1666 1955 1820 1987; x_wconf 89' lang='lat' dir='ltr'><strong>testator</strong></span> <span class='ocrx_word' id='word_1_896' title='bbox 1852 1950 2019 1986; x_wconf 88' lang='lat' dir='ltr'><strong>senserit:</strong></span> <span class='ocrx_word' id='word_1_897' title='bbox 2058 1960 2141 1984; x_wconf 87' lang='lat' dir='ltr'><strong>nam</strong></span> <span class='ocrx_word' id='word_1_898' title='bbox 2173 1953 2209 1984; x_wconf 91' lang='lat' dir='ltr'><strong>et</strong></span> <span class='ocrx_word' id='word_1_899' title='bbox 2244 1949 2362 1985; x_wconf 92' lang='lat' dir='ltr'><strong>locum</strong></span> 
     </span>
     <span class='ocr_line' id='line_1_115' title="bbox 1267 1995 2363 2041; baseline -0.002 -10"><span class='ocrx_word' id='word_1_900' title='bbox 1267 1997 1461 2041; x_wconf 84' lang='lat' dir='ltr'><strong>significari</strong></span> <span class='ocrx_word' id='word_1_901' title='bbox 1483 1997 1737 2032; x_wconf 90' lang='lat' dir='ltr'><strong>bibliothecam</strong></span> <span class='ocrx_word' id='word_1_902' title='bbox 1761 2007 1803 2032; x_wconf 92' lang='lat' dir='ltr'><strong>eo</strong></span> <span class='ocrx_word' id='word_1_903' title='bbox 1818 1998 1865 2031; x_wconf 64' lang='lat'><strong>¹⁴:</strong></span> <span class='ocrx_word' id='word_1_904' title='bbox 1898 1996 1986 2031; x_wconf 91' lang='lat' dir='ltr'><strong>alias</strong></span> <span class='ocrx_word' id='word_1_905' title='bbox 2019 1995 2223 2038; x_wconf 90' lang='lat' dir='ltr'><strong>armarium,</strong></span> <span class='ocrx_word' id='word_1_906' title='bbox 2256 1995 2363 2030; x_wconf 90' lang='lat' dir='ltr'><strong>sicuti</strong></span> 
     </span>
     <span class='ocr_line' id='line_1_116' title="bbox 1267 2040 2362 2082; baseline -0.002 -5"><span class='ocrx_word' id='word_1_907' title='bbox 1267 2043 1416 2077; x_wconf 89' lang='lat' dir='ltr'><strong>dicimus</strong></span> <span class='ocrx_word' id='word_1_908' title='bbox 1451 2043 1630 2078; x_wconf 89' lang='lat' dir='ltr'><strong>‘eboream</strong></span> <span class='ocrx_word' id='word_1_909' title='bbox 1665 2042 1923 2077; x_wconf 88' lang='lat' dir='ltr'><strong>bibliothecam</strong></span> <span class='ocrx_word' id='word_1_910' title='bbox 1963 2041 2078 2076; x_wconf 89' lang='lat' dir='ltr'><strong>emit&#39;:</strong></span> <span class='ocrx_word' id='word_1_911' title='bbox 2116 2040 2205 2075; x_wconf 89' lang='lat' dir='ltr'><strong>alias</strong></span> <span class='ocrx_word' id='word_1_912' title='bbox 2240 2040 2362 2082; x_wconf 91' lang='lat' dir='ltr'><strong>libros,</strong></span> 
     </span>
     <span class='ocr_line' id='line_1_117' title="bbox 1269 2085 2362 2130; baseline -0.002 -8"><span class='ocrx_word' id='word_1_913' title='bbox 1269 2092 1312 2123; x_wconf 72' lang='grc' dir='ltr'><strong>ἴα</strong></span> <span class='ocrx_word' id='word_1_914' title='bbox 1354 2088 1460 2122; x_wconf 88' lang='lat' dir='ltr'><strong>sicuti</strong></span> <span class='ocrx_word' id='word_1_915' title='bbox 1484 2087 1635 2123; x_wconf 89' lang='lat' dir='ltr'><strong>dicimus</strong></span> <span class='ocrx_word' id='word_1_916' title='bbox 1662 2087 1929 2122; x_wconf 83' lang='lat' dir='ltr'><strong>‘bibliothecam</strong></span> <span class='ocrx_word' id='word_1_917' title='bbox 1944 2088 1972 2108; x_wconf 81' lang='lat'><strong>¹⁵</strong></span> <span class='ocrx_word' id='word_1_918' title='bbox 1986 2086 2136 2122; x_wconf 89' lang='lat' dir='ltr'><strong>emisse&#39;.</strong></span> <span class='ocrx_word' id='word_1_919' title='bbox 2178 2085 2281 2130; x_wconf 81' lang='lat' dir='ltr'><strong>Quod</strong></span> <span class='ocrx_word' id='word_1_920' title='bbox 2298 2085 2362 2130; x_wconf 83' lang='lat' dir='ltr'><strong>igi-</strong></span> 
     </span>
     <span class='ocr_line' id='line_1_118' title="bbox 1266 2131 2363 2176; baseline -0.003 -8"><span class='ocrx_word' id='word_1_921' title='bbox 1266 2134 1366 2168; x_wconf 79' lang='lat' dir='ltr'><strong>tur¹⁶</strong></span> <span class='ocrx_word' id='word_1_922' title='bbox 1391 2133 1516 2168; x_wconf 88' lang='lat' dir='ltr'><strong>scribit</strong></span> <span class='ocrx_word' id='word_1_923' title='bbox 1541 2133 1694 2168; x_wconf 89' lang='lat' dir='ltr'><strong>Sabinus</strong></span> <span class='ocrx_word' id='word_1_924' title='bbox 1718 2133 1831 2168; x_wconf 90' lang='lat' dir='ltr'><strong>libros</strong></span> <span class='ocrx_word' id='word_1_925' title='bbox 1862 2132 2116 2167; x_wconf 88' lang='lat' dir='ltr'><strong>bibliothecam</strong></span> <span class='ocrx_word' id='word_1_926' title='bbox 2148 2142 2221 2166; x_wconf 90' lang='lat' dir='ltr'><strong>non</strong></span> <span class='ocrx_word' id='word_1_927' title='bbox 2251 2131 2363 2176; x_wconf 86' lang='lat' dir='ltr'><strong>sequi,</strong></span> 
     </span>
     <span class='ocr_line' id='line_1_119' title="bbox 1266 2176 2364 2224; baseline -0.002 -11"><span class='ocrx_word' id='word_1_928' title='bbox 1266 2189 1339 2214; x_wconf 91' lang='lat' dir='ltr'><strong>non</strong></span> <span class='ocrx_word' id='word_1_929' title='bbox 1369 2189 1434 2224; x_wconf 91' lang='lat' dir='ltr'><strong>per</strong></span> <span class='ocrx_word' id='word_1_930' title='bbox 1464 2179 1583 2213; x_wconf 88' lang='lat' dir='ltr'><strong>omnia</strong></span> <span class='ocrx_word' id='word_1_931' title='bbox 1614 2188 1736 2213; x_wconf 92' lang='lat' dir='ltr'><strong>verum</strong></span> <span class='ocrx_word' id='word_1_932' title='bbox 1769 2182 1842 2213; x_wconf 87' lang='lat' dir='ltr'><strong>est:</strong></span> <span class='ocrx_word' id='word_1_933' title='bbox 1882 2188 1965 2212; x_wconf 88' lang='lat' dir='ltr'><strong>nam</strong></span> <span class='ocrx_word' id='word_1_934' title='bbox 1998 2177 2178 2212; x_wconf 90' lang='lat' dir='ltr'><strong>interdum</strong></span> <span class='ocrx_word' id='word_1_935' title='bbox 2210 2176 2364 2211; x_wconf 76' lang='lat' dir='ltr'><strong>armaria</strong></span> 
     </span>
     <span class='ocr_line' id='line_1_120' title="bbox 1267 2221 2363 2269; baseline -0.003 -10"><span class='ocrx_word' id='word_1_936' title='bbox 1267 2234 1409 2269; x_wconf 92' lang='lat' dir='ltr'><strong>quoque</strong></span> <span class='ocrx_word' id='word_1_937' title='bbox 1434 2223 1627 2267; x_wconf 88' lang='lat' dir='ltr'><strong>debentur,</strong></span> <span class='ocrx_word' id='word_1_938' title='bbox 1662 2234 1754 2268; x_wconf 86' lang='lat' dir='ltr'><strong>quae.</strong></span> <span class='ocrx_word' id='word_1_939' title='bbox 1777 2223 1938 2268; x_wconf 89' lang='lat' dir='ltr'><strong>plerique</strong></span> <span class='ocrx_word' id='word_1_940' title='bbox 1970 2222 2209 2258; x_wconf 89' lang='lat' dir='ltr'><strong>bibliothecas</strong></span> <span class='ocrx_word' id='word_1_941' title='bbox 2241 2221 2363 2267; x_wconf 91' lang='lat' dir='ltr'><strong>appel-</strong></span> 
     </span>
     <span class='ocr_line' id='line_1_121' title="bbox 1265 2267 2362 2314; baseline -0.003 -10"><span class='ocrx_word' id='word_1_942' title='bbox 1265 2269 1343 2304; x_wconf 87' lang='lat' dir='ltr'><strong>lant</strong></span> <span class='ocrx_word' id='word_1_943' title='bbox 1356 2270 1394 2303; x_wconf 75' lang='lat'><strong>¹⁶.</strong></span> <span class='ocrx_word' id='word_1_944' title='bbox 1435 2269 1543 2314; x_wconf 87' lang='lat' dir='ltr'><strong>plane</strong></span> <span class='ocrx_word' id='word_1_945' title='bbox 1560 2270 1589 2304; x_wconf 87' lang='lat' dir='ltr'><strong>si</strong></span> <span class='ocrx_word' id='word_1_946' title='bbox 1605 2269 1692 2303; x_wconf 87' lang='lat' dir='ltr'><strong>mihi</strong></span> <span class='ocrx_word' id='word_1_947' title='bbox 1708 2278 1891 2314; x_wconf 88' lang='lat' dir='ltr'><strong>proponas</strong></span> <span class='ocrx_word' id='word_1_948' title='bbox 1907 2267 2139 2303; x_wconf 89' lang='lat' dir='ltr'><strong>adhaerentia</strong></span> <span class='ocrx_word' id='word_1_949' title='bbox 2156 2277 2234 2302; x_wconf 89' lang='lat' dir='ltr'><strong>esse</strong></span> <span class='ocrx_word' id='word_1_950' title='bbox 2255 2277 2362 2302; x_wconf 91' lang='lat' dir='ltr'><strong>mem-</strong></span> 
     </span>
     <span class='ocr_line' id='line_1_122' title="bbox 1266 2313 2364 2357; baseline -0.003 -8"><span class='ocrx_word' id='word_1_951' title='bbox 1266 2315 1332 2350; x_wconf 91' lang='lat' dir='ltr'><strong>bro</strong></span> <span class='ocrx_word' id='word_1_952' title='bbox 1348 2314 1502 2349; x_wconf 90' lang='lat' dir='ltr'><strong>armaria</strong></span> <span class='ocrx_word' id='word_1_953' title='bbox 1514 2315 1568 2349; x_wconf 91' lang='lat' dir='ltr'><strong>vel</strong></span> <span class='ocrx_word' id='word_1_954' title='bbox 1585 2314 1715 2357; x_wconf 84' lang='lat' dir='ltr'><strong>adfixa,</strong></span> <span class='ocrx_word' id='word_1_955' title='bbox 1730 2314 1806 2349; x_wconf 92' lang='lat' dir='ltr'><strong>sine</strong></span> <span class='ocrx_word' id='word_1_956' title='bbox 1819 2313 1930 2349; x_wconf 92' lang='lat' dir='ltr'><strong>dubio</strong></span> <span class='ocrx_word' id='word_1_957' title='bbox 1941 2324 2013 2349; x_wconf 93' lang='lat' dir='ltr'><strong>non</strong></span> <span class='ocrx_word' id='word_1_958' title='bbox 2031 2313 2268 2354; x_wconf 89' lang='lat' dir='ltr'><strong>debebuntur,</strong></span> <span class='ocrx_word' id='word_1_959' title='bbox 2282 2323 2364 2347; x_wconf 90' lang='lat' dir='ltr'><strong>cum</strong></span> 
     </span>
     <span class='ocr_line' id='line_1_123' title="bbox 1269 2357 2362 2404; baseline -0.002 -10"><span class='ocrx_word' id='word_1_960' title='bbox 1269 2368 1286 2394; x_wconf 69' lang='grc'>5</span> <span class='ocrx_word' id='word_1_961' title='bbox 1336 2359 1490 2395; x_wconf 91' lang='lat' dir='ltr'><strong>aedificii</strong></span> <span class='ocrx_word' id='word_1_962' title='bbox 1515 2359 1632 2404; x_wconf 89' lang='lat' dir='ltr'><strong>portio</strong></span> <span class='ocrx_word' id='word_1_963' title='bbox 1650 2360 1733 2395; x_wconf 86' lang='lat' dir='ltr'><strong>sint.</strong></span> <span class='ocrx_word' id='word_1_964' title='bbox 1774 2358 1879 2403; x_wconf 81' lang='lat' dir='ltr'><strong>Quod</strong></span> <span class='ocrx_word' id='word_1_965' title='bbox 1902 2359 1941 2394; x_wconf 89' lang='lat' dir='ltr'><strong>in</strong></span> <span class='ocrx_word' id='word_1_966' title='bbox 1958 2358 2177 2395; x_wconf 88' lang='lat' dir='ltr'><strong>bibliotheca</strong></span> <span class='ocrx_word' id='word_1_967' title='bbox 2192 2357 2362 2393; x_wconf 87' lang='lat' dir='ltr'><strong>tractavi-</strong></span> 
     </span>
     <span class='ocr_line' id='line_1_124' title="bbox 1267 2402 2362 2450; baseline -0.002 -11"><span class='ocrx_word' id='word_1_968' title='bbox 1267 2416 1358 2447; x_wconf 87' lang='lat' dir='ltr'><strong>mus,</strong></span> <span class='ocrx_word' id='word_1_969' title='bbox 1390 2405 1483 2440; x_wconf 90' lang='lat' dir='ltr'><strong>idem</strong></span> <span class='ocrx_word' id='word_1_970' title='bbox 1507 2405 1727 2450; x_wconf 88' lang='lat' dir='ltr'><strong>Pomponius</strong></span> <span class='ocrx_word' id='word_1_971' title='bbox 1751 2404 1843 2440; x_wconf 91' lang='lat' dir='ltr'><strong>libro</strong></span> <span class='ocrx_word' id='word_1_972' title='bbox 1868 2408 1969 2439; x_wconf 84' lang='lat' dir='ltr'><strong>sexto</strong></span> <span class='ocrx_word' id='word_1_973' title='bbox 1994 2414 2038 2438; x_wconf 86' lang='lat' dir='ltr'><strong>ex</strong></span> <span class='ocrx_word' id='word_1_974' title='bbox 2063 2403 2197 2438; x_wconf 88' lang='lat' dir='ltr'><strong>Sabino</strong></span> <span class='ocrx_word' id='word_1_975' title='bbox 2220 2402 2257 2438; x_wconf 91' lang='lat' dir='ltr'><strong>in</strong></span> <span class='ocrx_word' id='word_1_976' title='bbox 2279 2402 2362 2438; x_wconf 90' lang='lat' dir='ltr'><strong>dac-</strong></span> 
     </span>
     <span class='ocr_line' id='line_1_125' title="bbox 1266 2448 2362 2502; baseline -0.003 -17"><span class='ocrx_word' id='word_1_977' title='bbox 1266 2450 1499 2502; x_wconf 83' lang='lat' dir='ltr'><strong>tyliotheca¹⁷</strong></span> <span class='ocrx_word' id='word_1_978' title='bbox 1523 2451 1642 2494; x_wconf 88' lang='lat' dir='ltr'><strong>legata</strong></span> <span class='ocrx_word' id='word_1_979' title='bbox 1665 2453 1817 2485; x_wconf 86' lang='lat' dir='ltr'><strong>tractat:</strong></span> <span class='ocrx_word' id='word_1_980' title='bbox 1844 2453 1879 2484; x_wconf 88' lang='lat' dir='ltr'><strong>et</strong></span> <span class='ocrx_word' id='word_1_981' title='bbox 1903 2449 1954 2484; x_wconf 91' lang='lat' dir='ltr'><strong>ait</strong></span> <span class='ocrx_word' id='word_1_982' title='bbox 1967 2448 2095 2483; x_wconf 90' lang='lat' dir='ltr'><strong>anulos</strong></span> <span class='ocrx_word' id='word_1_983' title='bbox 2120 2458 2262 2493; x_wconf 85' lang='lat' dir='ltr'><strong>quoque</strong></span> <span class='ocrx_word' id='word_1_984' title='bbox 2277 2459 2362 2483; x_wconf 89' lang='lat' dir='ltr'><strong>con-</strong></span> 
     </span>
     <span class='ocr_line' id='line_1_126' title="bbox 1266 2494 2362 2540; baseline -0.003 -10"><span class='ocrx_word' id='word_1_985' title='bbox 1266 2496 1380 2538; x_wconf 86' lang='lat' dir='ltr'><strong>tmeri,</strong></span> <span class='ocrx_word' id='word_1_986' title='bbox 1406 2506 1478 2531; x_wconf 92' lang='lat' dir='ltr'><strong>non</strong></span> <span class='ocrx_word' id='word_1_987' title='bbox 1503 2496 1618 2531; x_wconf 91' lang='lat' dir='ltr'><strong>solum</strong></span> <span class='ocrx_word' id='word_1_988' title='bbox 1641 2496 1793 2537; x_wconf 89' lang='lat' dir='ltr'><strong>thecam,</strong></span> <span class='ocrx_word' id='word_1_989' title='bbox 1825 2505 1916 2540; x_wconf 88' lang='lat' dir='ltr'><strong>quae</strong></span> <span class='ocrx_word' id='word_1_990' title='bbox 1940 2494 2128 2529; x_wconf 84' lang='lat' dir='ltr'><strong>anulorum</strong></span> <span class='ocrx_word' id='word_1_991' title='bbox 2164 2503 2276 2528; x_wconf 86' lang='lat' dir='ltr'><strong>causa</strong></span> <span class='ocrx_word' id='word_1_992' title='bbox 2298 2504 2362 2538; x_wconf 84' lang='lat' dir='ltr'><strong>pa-</strong></span> 
     </span>
     <span class='ocr_line' id='line_1_127' title="bbox 1266 2538 2361 2584; baseline -0.003 -8"><span class='ocrx_word' id='word_1_993' title='bbox 1266 2545 1347 2576; x_wconf 91' lang='lat' dir='ltr'><strong>rata</strong></span> <span class='ocrx_word' id='word_1_994' title='bbox 1370 2541 1436 2576; x_wconf 90' lang='lat' dir='ltr'><strong>sit:</strong></span> <span class='ocrx_word' id='word_1_995' title='bbox 1463 2542 1531 2576; x_wconf 91' lang='lat' dir='ltr'><strong>hoc</strong></span> <span class='ocrx_word' id='word_1_996' title='bbox 1556 2545 1676 2576; x_wconf 91' lang='lat' dir='ltr'><strong>autem</strong></span> <span class='ocrx_word' id='word_1_997' title='bbox 1702 2552 1745 2576; x_wconf 84' lang='lat' dir='ltr'><strong>ex</strong></span> <span class='ocrx_word' id='word_1_998' title='bbox 1770 2551 1811 2576; x_wconf 88' lang='lat' dir='ltr'><strong>eo</strong></span> <span class='ocrx_word' id='word_1_999' title='bbox 1846 2540 2042 2582; x_wconf 88' lang='lat' dir='ltr'><strong>coniectat,</strong></span> <span class='ocrx_word' id='word_1_1000' title='bbox 2076 2538 2172 2583; x_wconf 88' lang='lat' dir='ltr'><strong>quod</strong></span> <span class='ocrx_word' id='word_1_1001' title='bbox 2202 2538 2256 2573; x_wconf 88' lang='lat' dir='ltr'><strong>ita</strong></span> <span class='ocrx_word' id='word_1_1002' title='bbox 2278 2549 2361 2584; x_wconf 91' lang='lat' dir='ltr'><strong>pro-</strong></span> 
     </span>
     <span class='ocr_line' id='line_1_128' title="bbox 1267 2584 2363 2631; baseline -0.003 -10"><span class='ocrx_word' id='word_1_1003' title='bbox 1267 2586 1414 2631; x_wconf 90' lang='lat' dir='ltr'><strong>ponitur</strong></span> <span class='ocrx_word' id='word_1_1004' title='bbox 1439 2587 1518 2630; x_wconf 90' lang='lat' dir='ltr'><strong>quis</strong></span> <span class='ocrx_word' id='word_1_1005' title='bbox 1548 2586 1709 2631; x_wconf 87' lang='lat' dir='ltr'><strong>legasse:</strong></span> <span class='ocrx_word' id='word_1_1006' title='bbox 1744 2585 2053 2630; x_wconf 87' lang='lat' dir='ltr'><strong>‘dactyliothecam</strong></span> <span class='ocrx_word' id='word_1_1007' title='bbox 2085 2594 2201 2618; x_wconf 90' lang='lat' dir='ltr'><strong>meam</strong></span> <span class='ocrx_word' id='word_1_1008' title='bbox 2216 2585 2244 2605; x_wconf 82' lang='lat'><strong>¹⁸</strong></span> <span class='ocrx_word' id='word_1_1009' title='bbox 2276 2589 2311 2618; x_wconf 92' lang='lat' dir='ltr'><strong>et</strong></span> <span class='ocrx_word' id='word_1_1010' title='bbox 2333 2584 2363 2619; x_wconf 90' lang='lat' dir='ltr'><strong>si</strong></span> 
     </span>
     <span class='ocr_line' id='line_1_129' title="bbox 1269 2629 2362 2676; baseline -0.003 -10"><span class='ocrx_word' id='word_1_1011' title='bbox 1269 2635 1370 2676; x_wconf 83' lang='lat' dir='ltr'><strong>‘quos</strong></span> <span class='ocrx_word' id='word_1_1012' title='bbox 1394 2636 1580 2676; x_wconf 88' lang='lat' dir='ltr'><strong>praeterea</strong></span> <span class='ocrx_word' id='word_1_1013' title='bbox 1604 2632 1731 2666; x_wconf 89' lang='lat' dir='ltr'><strong>anulos</strong></span> <span class='ocrx_word' id='word_1_1014' title='bbox 1756 2631 1884 2666; x_wconf 87' lang='lat' dir='ltr'><strong>habeo&#39;</strong></span> <span class='ocrx_word' id='word_1_1015' title='bbox 1911 2634 1947 2665; x_wconf 88' lang='lat' dir='ltr'><strong>et</strong></span> <span class='ocrx_word' id='word_1_1016' title='bbox 1968 2630 2020 2664; x_wconf 89' lang='lat' dir='ltr'><strong>ita</strong></span> <span class='ocrx_word' id='word_1_1017' title='bbox 2043 2629 2250 2664; x_wconf 89' lang='lat' dir='ltr'><strong>Labeonem</strong></span> <span class='ocrx_word' id='word_1_1018' title='bbox 2274 2640 2362 2674; x_wconf 91' lang='lat' dir='ltr'><strong>quo-</strong></span> 
     </span>
     <span class='ocr_line' id='line_1_130' title="bbox 1269 2674 2364 2722; baseline -0.001 -12"><span class='ocrx_word' id='word_1_1019' title='bbox 1269 2682 1288 2711; x_wconf 73' lang='grc'><strong>9</strong></span> <span class='ocrx_word' id='word_1_1020' title='bbox 1337 2687 1405 2722; x_wconf 93' lang='lat' dir='ltr'><strong>que</strong></span> <span class='ocrx_word' id='word_1_1021' title='bbox 1429 2676 1652 2712; x_wconf 78' lang='lat' dir='ltr'><strong>existimasse</strong></span> <span class='ocrx_word' id='word_1_1022' title='bbox 1677 2677 1737 2711; x_wconf 87' lang='lat' dir='ltr'><strong>ait.</strong></span> <span class='ocrx_word' id='word_1_1023' title='bbox 1785 2676 1877 2711; x_wconf 89' lang='lat' dir='ltr'><strong>Sunt</strong></span> <span class='ocrx_word' id='word_1_1024' title='bbox 1900 2679 2019 2710; x_wconf 89' lang='lat' dir='ltr'><strong>tamen</strong></span> <span class='ocrx_word' id='word_1_1025' title='bbox 2044 2674 2238 2720; x_wconf 90' lang='lat' dir='ltr'><strong>quaedam,</strong></span> <span class='ocrx_word' id='word_1_1026' title='bbox 2272 2685 2364 2720; x_wconf 87' lang='lat' dir='ltr'><strong>quae</strong></span> 
     </span>
     <span class='ocr_line' id='line_1_131' title="bbox 1268 2719 2362 2767; baseline -0.003 -10"><span class='ocrx_word' id='word_1_1027' title='bbox 1268 2722 1470 2757; x_wconf 89' lang='lat' dir='ltr'><strong>omnimodo</strong></span> <span class='ocrx_word' id='word_1_1028' title='bbox 1486 2722 1643 2767; x_wconf 88' lang='lat' dir='ltr'><strong>legatum</strong></span> <span class='ocrx_word' id='word_1_1029' title='bbox 1659 2725 1875 2767; x_wconf 88' lang='lat' dir='ltr'><strong>sequuntur:</strong></span> <span class='ocrx_word' id='word_1_1030' title='bbox 1901 2724 1942 2755; x_wconf 87' lang='lat' dir='ltr'><strong>ut</strong></span> <span class='ocrx_word' id='word_1_1031' title='bbox 1958 2720 2091 2755; x_wconf 88' lang='lat' dir='ltr'><strong>lectum</strong></span> <span class='ocrx_word' id='word_1_1032' title='bbox 2104 2719 2260 2764; x_wconf 85' lang='lat' dir='ltr'><strong>legatum</strong></span> <span class='ocrx_word' id='word_1_1033' title='bbox 2277 2731 2362 2755; x_wconf 92' lang='lat' dir='ltr'><strong>con-</strong></span> 
     </span>
     <span class='ocr_line' id='line_1_132' title="bbox 1267 2765 2363 2803; baseline -0.002 -1"><span class='ocrx_word' id='word_1_1034' title='bbox 1267 2768 1381 2802; x_wconf 91' lang='lat' dir='ltr'><strong>tineat</strong></span> <span class='ocrx_word' id='word_1_1035' title='bbox 1406 2771 1441 2802; x_wconf 91' lang='lat' dir='ltr'><strong>et</strong></span> <span class='ocrx_word' id='word_1_1036' title='bbox 1453 2767 1481 2788; x_wconf 84' lang='lat'><strong>¹⁹</strong></span> <span class='ocrx_word' id='word_1_1037' title='bbox 1504 2767 1637 2802; x_wconf 90' lang='lat' dir='ltr'><strong>fulctra</strong></span> <span class='ocrx_word' id='word_1_1038' title='bbox 1661 2772 1696 2803; x_wconf 88' lang='lat' dir='ltr'><strong>et</strong></span> <span class='ocrx_word' id='word_1_1039' title='bbox 1720 2766 1883 2801; x_wconf 89' lang='lat' dir='ltr'><strong>armariis</strong></span> <span class='ocrx_word' id='word_1_1040' title='bbox 1899 2770 1934 2801; x_wconf 92' lang='lat' dir='ltr'><strong>et</strong></span> <span class='ocrx_word' id='word_1_1041' title='bbox 1957 2765 2084 2801; x_wconf 90' lang='lat' dir='ltr'><strong>loculis</strong></span> <span class='ocrx_word' id='word_1_1042' title='bbox 2095 2766 2126 2787; x_wconf 82' lang='lat'><strong>²⁰</strong></span> <span class='ocrx_word' id='word_1_1043' title='bbox 2151 2765 2311 2800; x_wconf 89' lang='lat' dir='ltr'><strong>claustra</strong></span> <span class='ocrx_word' id='word_1_1044' title='bbox 2328 2769 2363 2800; x_wconf 88' lang='lat' dir='ltr'><strong>et</strong></span> 
     </span>
     <span class='ocr_line' id='line_1_133' title="bbox 1269 2812 1552 2848; baseline 0 -1"><span class='ocrx_word' id='word_1_1045' title='bbox 1269 2813 1386 2848; x_wconf 91' lang='lat' dir='ltr'><strong>claves</strong></span> <span class='ocrx_word' id='word_1_1046' title='bbox 1411 2812 1552 2847; x_wconf 93' lang='lat' dir='ltr'><strong>cedunt.</strong></span> 
     </span>
    </p>

    <p class='ocr_par' dir='ltr' id='par_1_10' title="bbox 1268 2855 2362 2992">
     <span class='ocr_line' id='line_1_134' title="bbox 1315 2855 2362 2902; baseline -0.004 -7"><span class='ocrx_word' id='word_1_1047' title='bbox 1315 2855 1367 2895; x_wconf 87' lang='lat'><strong>53</strong></span> <span class='ocrx_word' id='word_1_1048' title='bbox 1395 2857 1449 2892; x_wconf 75' lang='grc' dir='ltr'><strong>ΡΑ</strong></span> <span class='ocrx_word' id='word_1_1049' title='bbox 1458 2867 1553 2893; x_wconf 79' lang='lat' dir='ltr'><em>ULUS</em></span> <span class='ocrx_word' id='word_1_1050' title='bbox 1573 2858 1664 2893; x_wconf 79' lang='lat' dir='ltr'><strong>libro</strong></span> <span class='ocrx_word' id='word_1_1051' title='bbox 1689 2861 1821 2902; x_wconf 82' lang='lat' dir='ltr'><strong>quarto</strong></span> <span class='ocrx_word' id='word_1_1052' title='bbox 1845 2856 1895 2891; x_wconf 85' lang='lat' dir='ltr'><strong>ad</strong></span> <span class='ocrx_word' id='word_1_1053' title='bbox 1910 2855 2085 2892; x_wconf 76' lang='lat' dir='ltr'><strong>Sabinum</strong></span> <span class='ocrx_word' id='word_1_1054' title='bbox 2129 2856 2288 2900; x_wconf 89' lang='lat' dir='ltr'><strong>Argento</strong></span> <span class='ocrx_word' id='word_1_1055' title='bbox 2312 2855 2362 2891; x_wconf 93' lang='lat' dir='ltr'><strong>le-</strong></span> 
     </span>
     <span class='ocr_line' id='line_1_135' title="bbox 1268 2901 2361 2948; baseline -0.003 -10"><span class='ocrx_word' id='word_1_1056' title='bbox 1268 2907 1351 2948; x_wconf 87' lang='lat' dir='ltr'><strong>gato</strong></span> <span class='ocrx_word' id='word_1_1057' title='bbox 1385 2906 1528 2938; x_wconf 89' lang='lat' dir='ltr'><strong>constat</strong></span> <span class='ocrx_word' id='word_1_1058' title='bbox 1566 2902 1709 2938; x_wconf 88' lang='lat' dir='ltr'><strong>arculas</strong></span> <span class='ocrx_word' id='word_1_1059' title='bbox 1742 2901 1788 2936; x_wconf 90' lang='lat' dir='ltr'><strong>ad</strong></span> <span class='ocrx_word' id='word_1_1060' title='bbox 1818 2902 2029 2946; x_wconf 88' lang='lat' dir='ltr'><strong>legatarium</strong></span> <span class='ocrx_word' id='word_1_1061' title='bbox 2066 2912 2140 2937; x_wconf 87' lang='lat' dir='ltr'><strong>non</strong></span> <span class='ocrx_word' id='word_1_1062' title='bbox 2173 2901 2361 2946; x_wconf 88' lang='lat' dir='ltr'><strong>pertinere.</strong></span> 
     </span>
     <span class='ocr_line' id='line_1_136' title="bbox 1272 2946 2286 2992; baseline -0.002 -10"><span class='ocrx_word' id='word_1_1063' title='bbox 1272 2953 1286 2983; x_wconf 94' lang='lat'>1</span> <span class='ocrx_word' id='word_1_1064' title='bbox 1337 2949 1426 2983; x_wconf 91' lang='lat' dir='ltr'><strong>Item</strong></span> <span class='ocrx_word' id='word_1_1065' title='bbox 1450 2947 1566 2983; x_wconf 89' lang='lat' dir='ltr'><strong>anulis</strong></span> <span class='ocrx_word' id='word_1_1066' title='bbox 1590 2947 1715 2992; x_wconf 87' lang='lat' dir='ltr'><strong>legatis</strong></span> <span class='ocrx_word' id='word_1_1067' title='bbox 1741 2946 2024 2992; x_wconf 78' lang='lat' dir='ltr'><strong>dactyliothecas</strong></span> <span class='ocrx_word' id='word_1_1068' title='bbox 2046 2958 2119 2982; x_wconf 90' lang='lat' dir='ltr'><strong>non</strong></span> <span class='ocrx_word' id='word_1_1069' title='bbox 2144 2946 2286 2982; x_wconf 90' lang='lat' dir='ltr'><strong>cedunt.</strong></span> 
     </span>
    </p>

    <p class='ocr_par' dir='ltr' id='par_1_11' title="bbox 1268 2991 2363 3400">
     <span class='ocr_line' id='line_1_137' title="bbox 1316 2991 2363 3038; baseline -0.004 -9"><span class='ocrx_word' id='word_1_1070' title='bbox 1316 2992 1370 3030; x_wconf 82' lang='lat'><strong>54</strong></span> <span class='ocrx_word' id='word_1_1071' title='bbox 1394 2992 1626 3028; x_wconf 75' lang='lat' dir='ltr'><em>POMPONIUS</em></span> <span class='ocrx_word' id='word_1_1072' title='bbox 1646 2993 1736 3027; x_wconf 78' lang='lat' dir='ltr'><strong>libro</strong></span> <span class='ocrx_word' id='word_1_1073' title='bbox 1761 2993 1912 3038; x_wconf 76' lang='lat' dir='ltr'><strong>septimo</strong></span> <span class='ocrx_word' id='word_1_1074' title='bbox 1937 2993 1988 3027; x_wconf 85' lang='lat' dir='ltr'><strong>ad</strong></span> <span class='ocrx_word' id='word_1_1075' title='bbox 2000 2991 2175 3028; x_wconf 79' lang='lat' dir='ltr'><strong>Sabinum</strong></span> <span class='ocrx_word' id='word_1_1076' title='bbox 2214 2991 2250 3026; x_wconf 87' lang='lat' dir='ltr'><strong>Si</strong></span> <span class='ocrx_word' id='word_1_1077' title='bbox 2274 3001 2363 3036; x_wconf 86' lang='lat' dir='ltr'><strong>pure</strong></span> 
     </span>
     <span class='ocr_line' id='line_1_138' title="bbox 1268 3037 2361 3083; baseline -0.002 -11"><span class='ocrx_word' id='word_1_1078' title='bbox 1268 3039 1333 3074; x_wconf 90' lang='lat' dir='ltr'><strong>tibi</strong></span> <span class='ocrx_word' id='word_1_1079' title='bbox 1357 3038 1532 3082; x_wconf 88' lang='lat' dir='ltr'><strong>legavero,</strong></span> <span class='ocrx_word' id='word_1_1080' title='bbox 1566 3037 1692 3072; x_wconf 89' lang='lat' dir='ltr'><strong>deinde</strong></span> <span class='ocrx_word' id='word_1_1081' title='bbox 1716 3042 1843 3082; x_wconf 88' lang='lat' dir='ltr'><strong>postea</strong></span> <span class='ocrx_word' id='word_1_1082' title='bbox 1866 3037 2044 3083; x_wconf 81' lang='lat' dir='ltr'><strong>scripsero</strong></span> <span class='ocrx_word' id='word_1_1083' title='bbox 2075 3038 2143 3072; x_wconf 86' lang='lat' dir='ltr'><strong>ita:</strong></span> <span class='ocrx_word' id='word_1_1084' title='bbox 2177 3037 2258 3072; x_wconf 83' lang='lat' dir='ltr'><strong>‘hoc</strong></span> <span class='ocrx_word' id='word_1_1085' title='bbox 2288 3047 2361 3071; x_wconf 88' lang='lat' dir='ltr'><strong>am-</strong></span> 
     </span>
     <span class='ocr_line' id='line_1_139' title="bbox 1270 3081 2362 3128; baseline -0.003 -10"><span class='ocrx_word' id='word_1_1086' title='bbox 1270 3085 1373 3128; x_wconf 88' lang='lat' dir='ltr'><strong>‘plius</strong></span> <span class='ocrx_word' id='word_1_1087' title='bbox 1399 3083 1429 3118; x_wconf 93' lang='lat' dir='ltr'><strong>si</strong></span> <span class='ocrx_word' id='word_1_1088' title='bbox 1453 3083 1552 3117; x_wconf 91' lang='lat' dir='ltr'><strong>navis</strong></span> <span class='ocrx_word' id='word_1_1089' title='bbox 1576 3093 1621 3118; x_wconf 87' lang='lat' dir='ltr'><strong>ex</strong></span> <span class='ocrx_word' id='word_1_1090' title='bbox 1644 3082 1732 3118; x_wconf 90' lang='lat' dir='ltr'><strong>Asia</strong></span> <span class='ocrx_word' id='word_1_1091' title='bbox 1754 3083 1899 3126; x_wconf 90' lang='lat' dir='ltr'><strong>venerit,</strong></span> <span class='ocrx_word' id='word_1_1092' title='bbox 1924 3084 2026 3118; x_wconf 89' lang='lat' dir='ltr'><strong>heres</strong></span> <span class='ocrx_word' id='word_1_1093' title='bbox 2050 3093 2150 3118; x_wconf 91' lang='lat' dir='ltr'><strong>meus</strong></span> <span class='ocrx_word' id='word_1_1094' title='bbox 2167 3082 2200 3117; x_wconf 93' lang='lat' dir='ltr'><strong>ei</strong></span> <span class='ocrx_word' id='word_1_1095' title='bbox 2214 3081 2362 3117; x_wconf 90' lang='lat' dir='ltr'><strong>fundum</strong></span> 
     </span>
     <span class='ocr_line' id='line_1_140' title="bbox 1270 3126 2360 3173; baseline -0.004 -9"><span class='ocrx_word' id='word_1_1096' title='bbox 1270 3129 1389 3170; x_wconf 85' lang='lat' dir='ltr'><strong>‘dato’‚</strong></span> <span class='ocrx_word' id='word_1_1097' title='bbox 1415 3128 1532 3163; x_wconf 90' lang='lat' dir='ltr'><strong>verius</strong></span> <span class='ocrx_word' id='word_1_1098' title='bbox 1556 3132 1612 3163; x_wconf 90' lang='lat' dir='ltr'><strong>est</strong></span> <span class='ocrx_word' id='word_1_1099' title='bbox 1636 3138 1677 3163; x_wconf 89' lang='lat' dir='ltr'><strong>eo</strong></span> <span class='ocrx_word' id='word_1_1100' title='bbox 1702 3129 1809 3164; x_wconf 92' lang='lat' dir='ltr'><strong>verbo</strong></span> <span class='ocrx_word' id='word_1_1101' title='bbox 1835 3129 2011 3173; x_wconf 87' lang='lat' dir='ltr'><strong>‘amplius’</strong></span> <span class='ocrx_word' id='word_1_1102' title='bbox 2036 3128 2222 3173; x_wconf 90' lang='lat' dir='ltr'><strong>superiora</strong></span> <span class='ocrx_word' id='word_1_1103' title='bbox 2237 3126 2360 3170; x_wconf 84' lang='lat' dir='ltr'><strong>repeti,</strong></span> 
     </span>
     <span class='ocr_line' id='line_1_141' title="bbox 1270 3171 2362 3218; baseline -0.003 -9"><span class='ocrx_word' id='word_1_1104' title='bbox 1270 3174 1414 3209; x_wconf 83' lang='lat' dir='ltr'><strong>sicuti2¹</strong></span> <span class='ocrx_word' id='word_1_1105' title='bbox 1447 3173 1596 3208; x_wconf 91' lang='lat' dir='ltr'><strong>dicimus</strong></span> <span class='ocrx_word' id='word_1_1106' title='bbox 1630 3173 1775 3208; x_wconf 87' lang='lat' dir='ltr'><strong>‘Lucius</strong></span> <span class='ocrx_word' id='word_1_1107' title='bbox 1807 3173 1923 3209; x_wconf 90' lang='lat' dir='ltr'><strong>Titius</strong></span> <span class='ocrx_word' id='word_1_1108' title='bbox 1955 3174 2052 3218; x_wconf 86' lang='lat' dir='ltr'><strong>plebi</strong></span> <span class='ocrx_word' id='word_1_1109' title='bbox 2085 3173 2194 3218; x_wconf 89' lang='lat' dir='ltr'><strong>quina</strong></span> <span class='ocrx_word' id='word_1_1110' title='bbox 2224 3171 2321 3206; x_wconf 91' lang='lat' dir='ltr'><strong>milia</strong></span> <span class='ocrx_word' id='word_1_1111' title='bbox 2331 3172 2362 3192; x_wconf 75' lang='lat'><strong>²²</strong></span> 
     </span>
     <span class='ocr_line' id='line_1_142' title="bbox 1271 3217 2360 3271; baseline -0.004 -17"><span class='ocrx_word' id='word_1_1112' title='bbox 1271 3219 1389 3262; x_wconf 88' lang='lat' dir='ltr'><strong>‘dedit‚</strong></span> <span class='ocrx_word' id='word_1_1113' title='bbox 1415 3219 1484 3253; x_wconf 92' lang='lat' dir='ltr'><strong>hoc</strong></span> <span class='ocrx_word' id='word_1_1114' title='bbox 1509 3218 1661 3271; x_wconf 89' lang='lat' dir='ltr'><strong>amplius</strong></span> <span class='ocrx_word' id='word_1_1115' title='bbox 1686 3218 1789 3254; x_wconf 91' lang='lat' dir='ltr'><strong>Seius</strong></span> <span class='ocrx_word' id='word_1_1116' title='bbox 1813 3219 2107 3262; x_wconf 87' lang='lat' dir='ltr'><strong>viscerationem&#39;‚</strong></span> <span class='ocrx_word' id='word_1_1117' title='bbox 2142 3217 2250 3262; x_wconf 87' lang='lat' dir='ltr'><strong>quina</strong></span> <span class='ocrx_word' id='word_1_1118' title='bbox 2273 3227 2360 3261; x_wconf 90' lang='lat' dir='ltr'><strong>quo-</strong></span> 
     </span>
     <span class='ocr_line' id='line_1_143' title="bbox 1271 3262 2361 3310; baseline -0.004 -11"><span class='ocrx_word' id='word_1_1119' title='bbox 1271 3275 1339 3310; x_wconf 93' lang='lat' dir='ltr'><strong>que</strong></span> <span class='ocrx_word' id='word_1_1120' title='bbox 1363 3264 1460 3298; x_wconf 89' lang='lat' dir='ltr'><strong>milia</strong></span> <span class='ocrx_word' id='word_1_1121' title='bbox 1471 3265 1501 3284; x_wconf 77' lang='lat'><strong>²2</strong></span> <span class='ocrx_word' id='word_1_1122' title='bbox 1525 3263 1645 3299; x_wconf 84' lang='lat' dir='ltr'><strong>Seium</strong></span> <span class='ocrx_word' id='word_1_1123' title='bbox 1670 3264 1808 3300; x_wconf 90' lang='lat' dir='ltr'><strong>dedisse</strong></span> <span class='ocrx_word' id='word_1_1124' title='bbox 1831 3264 2064 3308; x_wconf 87' lang='lat' dir='ltr'><strong>intellegimus</strong></span> <span class='ocrx_word' id='word_1_1125' title='bbox 2089 3268 2125 3299; x_wconf 90' lang='lat' dir='ltr'><strong>et</strong></span> <span class='ocrx_word' id='word_1_1126' title='bbox 2149 3262 2276 3297; x_wconf 87' lang='lat' dir='ltr'><strong>‘Titius</strong></span> <span class='ocrx_word' id='word_1_1127' title='bbox 2301 3271 2361 3296; x_wconf 91' lang='lat' dir='ltr'><strong>ac-</strong></span> 
     </span>
     <span class='ocr_line' id='line_1_144' title="bbox 1272 3306 2360 3355; baseline -0.005 -10"><span class='ocrx_word' id='word_1_1128' title='bbox 1272 3310 1378 3355; x_wconf 87' lang='lat' dir='ltr'><strong>‘cepit</strong></span> <span class='ocrx_word' id='word_1_1129' title='bbox 1402 3310 1574 3354; x_wconf 90' lang='lat' dir='ltr'><strong>quinque,</strong></span> <span class='ocrx_word' id='word_1_1130' title='bbox 1608 3309 1710 3345; x_wconf 88' lang='lat' dir='ltr'><strong>Seius</strong></span> <span class='ocrx_word' id='word_1_1131' title='bbox 1742 3310 1812 3345; x_wconf 91' lang='lat' dir='ltr'><strong>hoc</strong></span> <span class='ocrx_word' id='word_1_1132' title='bbox 1846 3309 1999 3354; x_wconf 89' lang='lat' dir='ltr'><strong>amplius</strong></span> <span class='ocrx_word' id='word_1_1133' title='bbox 2030 3308 2208 3349; x_wconf 88' lang='lat' dir='ltr'><strong>fundum&#39;,</strong></span> <span class='ocrx_word' id='word_1_1134' title='bbox 2242 3306 2360 3341; x_wconf 90' lang='lat' dir='ltr'><strong>Seium</strong></span> 
     </span>
     <span class='ocr_line' id='line_1_145' title="bbox 1272 3354 2071 3400; baseline -0.001 -11"><span class='ocrx_word' id='word_1_1135' title='bbox 1272 3356 1428 3400; x_wconf 91' lang='lat' dir='ltr'><strong>quinque</strong></span> <span class='ocrx_word' id='word_1_1136' title='bbox 1453 3365 1594 3399; x_wconf 90' lang='lat' dir='ltr'><strong>quoque</strong></span> <span class='ocrx_word' id='word_1_1137' title='bbox 1618 3355 1800 3400; x_wconf 90' lang='lat' dir='ltr'><strong>accepisse</strong></span> <span class='ocrx_word' id='word_1_1138' title='bbox 1823 3354 2071 3399; x_wconf 85' lang='lat' dir='ltr'><strong>intellegimus.</strong></span> 
     </span>
    </p>

    <p class='ocr_par' dir='ltr' id='par_1_12' title="bbox 1318 3395 2358 3445">
     <span class='ocr_line' id='line_1_146' title="bbox 1318 3395 2358 3445; baseline -0.007 -8"><span class='ocrx_word' id='word_1_1139' title='bbox 1318 3398 1370 3437; x_wconf 90' lang='lat'><strong>55</strong></span> <span class='ocrx_word' id='word_1_1140' title='bbox 1398 3400 1427 3421; x_wconf 80' lang='lat'><strong>2³</strong></span> <span class='ocrx_word' id='word_1_1141' title='bbox 1443 3399 1638 3435; x_wconf 73' lang='lat' dir='ltr'><strong>ULPJAMJs</strong></span> <span class='ocrx_word' id='word_1_1142' title='bbox 1658 3400 1749 3435; x_wconf 83' lang='lat' dir='ltr'><strong>libro</strong></span> <span class='ocrx_word' id='word_1_1143' title='bbox 1774 3400 1939 3436; x_wconf 72' lang='lat' dir='ltr'><strong>vicesimo</strong></span> <span class='ocrx_word' id='word_1_1144' title='bbox 1964 3399 2089 3445; x_wconf 81' lang='lat' dir='ltr'><strong>quinto</strong></span> <span class='ocrx_word' id='word_1_1145' title='bbox 2114 3397 2164 3432; x_wconf 86' lang='lat' dir='ltr'><strong>ad</strong></span> <span class='ocrx_word' id='word_1_1146' title='bbox 2186 3395 2358 3432; x_wconf 81' lang='lat' dir='ltr'><strong>Sabinum</strong></span> 
     </span>
    </p>
   </div>
   <div class='ocr_carea' id='block_1_7' title="bbox 144 3469 2319 3479">
    <p class='ocr_par' dir='ltr' id='par_1_13' title="bbox 144 3469 2319 3479">
     <span class='ocr_line' id='line_1_147' title="bbox 144 3469 2319 3479; baseline 0 0"><span class='ocrx_word' id='word_1_1147' title='bbox 144 3469 2319 3479; x_wconf 95' lang='lat' dir='ltr'><strong> </strong></span> 
     </span>
    </p>
   </div>
   <div class='ocr_carea' id='block_1_8' title="bbox 116 3510 1201 3553">
    <p class='ocr_par' dir='ltr' id='par_1_14' title="bbox 116 3510 1201 3553">
     <span class='ocr_line' id='line_1_148' title="bbox 116 3510 1201 3553; baseline 0.001 -9"><span class='ocrx_word' id='word_1_1148' title='bbox 116 3512 154 3551; x_wconf 98' lang='grc'><strong>(1)</strong></span> <span class='ocrx_word' id='word_1_1149' title='bbox 180 3510 302 3553; x_wconf 83' lang='lat' dir='ltr'><strong>emptis</strong></span> <span class='ocrx_word' id='word_1_1150' title='bbox 315 3510 397 3543; x_wconf 80' lang='lat' dir='ltr'><strong>Hal.</strong></span> <span class='ocrx_word' id='word_1_1151' title='bbox 457 3511 500 3551; x_wconf 84' lang='lat'><strong>(2)</strong></span> <span class='ocrx_word' id='word_1_1152' title='bbox 525 3512 711 3545; x_wconf 85' lang='lat' dir='ltr'><strong>vivissetF</strong></span> <span class='ocrx_word' id='word_1_1153' title='bbox 767 3513 809 3553; x_wconf 87' lang='lat'><strong>(3)</strong></span> <span class='ocrx_word' id='word_1_1154' title='bbox 836 3512 949 3545; x_wconf 83' lang='lat' dir='ltr'><strong>deins.</strong></span> <span class='ocrx_word' id='word_1_1155' title='bbox 964 3514 1036 3546; x_wconf 78' lang='lat' dir='ltr'><strong>edd.</strong></span> <span class='ocrx_word' id='word_1_1156' title='bbox 1099 3515 1140 3553; x_wconf 81' lang='grc'><strong>(4)</strong></span> <span class='ocrx_word' id='word_1_1157' title='bbox 1168 3517 1201 3545; x_wconf 86' lang='lat' dir='ltr'><strong>et</strong></span> 
     </span>
    </p>
   </div>
   <div class='ocr_carea' id='block_1_9' title="bbox 117 3555 1201 3688">
    <p class='ocr_par' dir='ltr' id='par_1_15' title="bbox 117 3555 1201 3688">
     <span class='ocr_line' id='line_1_149' title="bbox 118 3555 1201 3600; baseline 0.002 -12"><span class='ocrx_word' id='word_1_1158' title='bbox 118 3556 178 3588; x_wconf 81' lang='lat' dir='ltr'><strong>del.</strong></span> <span class='ocrx_word' id='word_1_1159' title='bbox 250 3557 292 3595; x_wconf 83' lang='lat'><strong>(5)</strong></span> <span class='ocrx_word' id='word_1_1160' title='bbox 311 3559 345 3587; x_wconf 83' lang='lat' dir='ltr'><strong>et</strong></span> <span class='ocrx_word' id='word_1_1161' title='bbox 357 3555 482 3587; x_wconf 82' lang='lat' dir='ltr'><strong>tutelae</strong></span> <span class='ocrx_word' id='word_1_1162' title='bbox 497 3556 558 3589; x_wconf 84' lang='lat' dir='ltr'><strong>del.</strong></span> <span class='ocrx_word' id='word_1_1163' title='bbox 573 3557 726 3600; x_wconf 80' lang='lat' dir='ltr'><strong>Krueyer</strong></span> <span class='ocrx_word' id='word_1_1164' title='bbox 795 3560 838 3597; x_wconf 83' lang='lat'><strong>(6)</strong></span> <span class='ocrx_word' id='word_1_1165' title='bbox 864 3567 941 3589; x_wconf 88' lang='lat' dir='ltr'><strong>nam</strong></span> <span class='ocrx_word' id='word_1_1166' title='bbox 957 3559 1018 3591; x_wconf 85' lang='lat' dir='ltr'><strong>del.</strong></span> <span class='ocrx_word' id='word_1_1167' title='bbox 1093 3561 1135 3598; x_wconf 81' lang='lat'><strong>(7)</strong></span> <span class='ocrx_word' id='word_1_1168' title='bbox 1162 3569 1201 3590; x_wconf 85' lang='lat' dir='ltr'><strong>ea</strong></span> 
     </span>
     <span class='ocr_line' id='line_1_150' title="bbox 117 3600 1199 3646; baseline 0.005 -13"><span class='ocrx_word' id='word_1_1169' title='bbox 117 3602 174 3633; x_wconf 82' lang='lat' dir='ltr'><strong>ins.</strong></span> <span class='ocrx_word' id='word_1_1170' title='bbox 193 3601 272 3633; x_wconf 75' lang='lat' dir='ltr'><strong>Hac.</strong></span> <span class='ocrx_word' id='word_1_1171' title='bbox 366 3601 410 3641; x_wconf 85' lang='lat'><strong>(8)</strong></span> <span class='ocrx_word' id='word_1_1172' title='bbox 435 3600 487 3632; x_wconf 86' lang='lat' dir='ltr'><strong>vel</strong></span> <span class='ocrx_word' id='word_1_1173' title='bbox 499 3600 668 3642; x_wconf 86' lang='lat' dir='ltr'><strong>legitimae</strong></span> <span class='ocrx_word' id='word_1_1174' title='bbox 682 3602 801 3635; x_wconf 82' lang='lat' dir='ltr'><strong>aetatis</strong></span> <span class='ocrx_word' id='word_1_1175' title='bbox 815 3603 890 3636; x_wconf 86' lang='lat' dir='ltr'><strong>add.</strong></span> <span class='ocrx_word' id='word_1_1176' title='bbox 908 3602 958 3635; x_wconf 83' lang='lat' dir='ltr'><strong>F²</strong></span> <span class='ocrx_word' id='word_1_1177' title='bbox 1057 3605 1100 3645; x_wconf 84' lang='lat'><strong>(9)</strong></span> <span class='ocrx_word' id='word_1_1178' title='bbox 1127 3604 1199 3646; x_wconf 89' lang='lat' dir='ltr'><strong>qui]</strong></span> 
     </span>
     <span class='ocr_line' id='line_1_151' title="bbox 118 3645 1199 3688; baseline 0.006 -11"><span class='ocrx_word' id='word_1_1179' title='bbox 118 3646 212 3686; x_wconf 82' lang='lat' dir='ltr'><strong>quasi</strong></span> <span class='ocrx_word' id='word_1_1180' title='bbox 225 3659 286 3678; x_wconf 83' lang='lat' dir='ltr'><strong>scr.</strong></span> <span class='ocrx_word' id='word_1_1181' title='bbox 381 3646 439 3686; x_wconf 89' lang='lat'><strong>(10)</strong></span> <span class='ocrx_word' id='word_1_1182' title='bbox 449 3645 642 3678; x_wconf 79' lang='lat' dir='ltr'><strong>rarshodiae</strong></span> <span class='ocrx_word' id='word_1_1183' title='bbox 654 3647 689 3679; x_wconf 81' lang='lat' dir='ltr'><em>F</em></span> <span class='ocrx_word' id='word_1_1184' title='bbox 760 3649 814 3688; x_wconf 83' lang='lat'><strong>(11)</strong></span> <span class='ocrx_word' id='word_1_1185' title='bbox 839 3651 919 3679; x_wconf 81' lang='lat' dir='ltr'><strong>sunt</strong></span> <span class='ocrx_word' id='word_1_1186' title='bbox 931 3647 984 3680; x_wconf 81' lang='lat' dir='ltr'><strong>F²</strong></span> <span class='ocrx_word' id='word_1_1187' title='bbox 1061 3649 1119 3687; x_wconf 83' lang='lat'><strong>(12)</strong></span> <span class='ocrx_word' id='word_1_1188' title='bbox 1145 3661 1199 3682; x_wconf 74' lang='lat' dir='ltr'><strong>ez·-</strong></span> 
     </span>
    </p>
   </div>
   <div class='ocr_carea' id='block_1_10' title="bbox 116 3690 1199 3780">
    <p class='ocr_par' dir='ltr' id='par_1_16' title="bbox 116 3690 1199 3780">
     <span class='ocr_line' id='line_1_152' title="bbox 119 3690 1199 3735; baseline 0.002 -12"><span class='ocrx_word' id='word_1_1189' title='bbox 119 3692 351 3733; x_wconf 77' lang='lat' dir='ltr'><strong>ciditsortasse</strong></span> <span class='ocrx_word' id='word_1_1190' title='bbox 363 3700 430 3722; x_wconf 86' lang='lat' dir='ltr'><strong>non</strong></span> <span class='ocrx_word' id='word_1_1191' title='bbox 446 3690 588 3733; x_wconf 85' lang='lat' dir='ltr'><strong>scriptas</strong></span> <span class='ocrx_word' id='word_1_1192' title='bbox 608 3702 675 3723; x_wconf 92' lang='lat' dir='ltr'><strong>non</strong></span> <span class='ocrx_word' id='word_1_1193' title='bbox 689 3693 856 3725; x_wconf 88' lang='lat' dir='ltr'><strong>contineri</strong></span> <span class='ocrx_word' id='word_1_1194' title='bbox 1018 3695 1074 3734; x_wconf 87' lang='grc'><strong>(13)</strong></span> <span class='ocrx_word' id='word_1_1195' title='bbox 1100 3704 1199 3735; x_wconf 85' lang='lat' dir='ltr'><strong>coep-</strong></span> 
     </span>
     <span class='ocr_line' id='line_1_153' title="bbox 116 3735 1198 3780; baseline 0.005 -15"><span class='ocrx_word' id='word_1_1196' title='bbox 116 3735 163 3767; x_wconf 85' lang='lat' dir='ltr'><strong>tis</strong></span> <span class='ocrx_word' id='word_1_1197' title='bbox 177 3736 211 3767; x_wconf 79' lang='lat' dir='ltr'><em>F</em></span> <span class='ocrx_word' id='word_1_1198' title='bbox 250 3737 307 3777; x_wconf 83' lang='grc'><strong>(14)</strong></span> <span class='ocrx_word' id='word_1_1199' title='bbox 320 3736 435 3778; x_wconf 82' lang='lat' dir='ltr'><strong>supple</strong></span> <span class='ocrx_word' id='word_1_1200' title='bbox 447 3736 590 3778; x_wconf 85' lang='lat' dir='ltr'><strong>sicfere:</strong></span> <span class='ocrx_word' id='word_1_1201' title='bbox 604 3747 680 3768; x_wconf 85' lang='lat' dir='ltr'><strong>nam</strong></span> <span class='ocrx_word' id='word_1_1202' title='bbox 694 3738 848 3769; x_wconf 80' lang='lat' dir='ltr'><strong>stlocum</strong></span> <span class='ocrx_word' id='word_1_1203' title='bbox 862 3738 1048 3780; x_wconf 84' lang='lat' dir='ltr'><strong>significari</strong></span> <span class='ocrx_word' id='word_1_1204' title='bbox 1061 3737 1198 3779; x_wconf 87' lang='lat' dir='ltr'><strong>[biblio-</strong></span> 
     </span>
    </p>
   </div>
   <div class='ocr_carea' id='block_1_11' title="bbox 1270 3510 2359 3822">
    <p class='ocr_par' dir='ltr' id='par_1_17' title="bbox 1270 3510 2359 3781">
     <span class='ocr_line' id='line_1_154' title="bbox 1271 3510 2359 3554; baseline -0.003 -10"><span class='ocrx_word' id='word_1_1205' title='bbox 1271 3513 1386 3544; x_wconf 88' lang='lat' dir='ltr'><strong>thecae</strong></span> <span class='ocrx_word' id='word_1_1206' title='bbox 1408 3512 1654 3554; x_wconf 80' lang='lat' dir='ltr'><strong>appellatione,</strong></span> <span class='ocrx_word' id='word_1_1207' title='bbox 1678 3514 1781 3545; x_wconf 88' lang='lat' dir='ltr'><strong>sicuti</strong></span> <span class='ocrx_word' id='word_1_1208' title='bbox 1801 3513 1945 3545; x_wconf 88' lang='lat' dir='ltr'><strong>dicimus</strong></span> <span class='ocrx_word' id='word_1_1209' title='bbox 1968 3511 2028 3551; x_wconf 82' lang='lat' dir='ltr'><strong>‘in]</strong></span> <span class='ocrx_word' id='word_1_1210' title='bbox 2049 3510 2290 3543; x_wconf 86' lang='lat' dir='ltr'><strong>bibliothecam</strong></span> <span class='ocrx_word' id='word_1_1211' title='bbox 2311 3510 2359 3542; x_wconf 87' lang='lat' dir='ltr'><strong>eo&#39;</strong></span> 
     </span>
     <span class='ocr_line' id='line_1_155' title="bbox 1271 3553 2358 3599; baseline -0.004 -8"><span class='ocrx_word' id='word_1_1212' title='bbox 1271 3560 1328 3597; x_wconf 86' lang='grc'><strong>(15)</strong></span> <span class='ocrx_word' id='word_1_1213' title='bbox 1355 3558 1517 3590; x_wconf 85' lang='lat' dir='ltr'><strong>Graecam</strong></span> <span class='ocrx_word' id='word_1_1214' title='bbox 1530 3559 1589 3591; x_wconf 79' lang='lat' dir='ltr'><strong>ins.</strong></span> <span class='ocrx_word' id='word_1_1215' title='bbox 1724 3560 1782 3599; x_wconf 83' lang='lat'><strong>(16)</strong></span> <span class='ocrx_word' id='word_1_1216' title='bbox 1809 3559 1916 3599; x_wconf 88' lang='lat' dir='ltr'><strong>igitur</strong></span> <span class='ocrx_word' id='word_1_1217' title='bbox 1932 3564 1962 3589; x_wconf 80' lang='lat' dir='ltr'><strong>et</strong></span> <span class='ocrx_word' id='word_1_1218' title='bbox 1975 3567 2058 3597; x_wconf 89' lang='lat' dir='ltr'><strong>quae</strong></span> <span class='ocrx_word' id='word_1_1219' title='bbox 2072 3555 2225 3597; x_wconf 88' lang='lat' dir='ltr'><strong>plerique</strong></span> <span class='ocrx_word' id='word_1_1220' title='bbox 2237 3553 2358 3588; x_wconf 90' lang='lat' dir='ltr'><strong>biblio-</strong></span> 
     </span>
     <span class='ocr_line' id='line_1_156' title="bbox 1270 3600 2356 3644; baseline -0.003 -10"><span class='ocrx_word' id='word_1_1221' title='bbox 1270 3603 1383 3635; x_wconf 84' lang='lat' dir='ltr'><strong>thecas</strong></span> <span class='ocrx_word' id='word_1_1222' title='bbox 1403 3603 1578 3644; x_wconf 76' lang='lat' dir='ltr'><strong>appellant</strong></span> <span class='ocrx_word' id='word_1_1223' title='bbox 1596 3604 1740 3637; x_wconf 75' lang='lat' dir='ltr'><strong>insiticia</strong></span> <span class='ocrx_word' id='word_1_1224' title='bbox 1759 3611 1834 3636; x_wconf 81' lang='lat' dir='ltr'><strong>sune</strong></span> <span class='ocrx_word' id='word_1_1225' title='bbox 1993 3602 2051 3641; x_wconf 84' lang='lat'>(17)</span> <span class='ocrx_word' id='word_1_1226' title='bbox 2076 3600 2315 3642; x_wconf 82' lang='lat' dir='ltr'><strong>daltyliotheoa</strong></span> <span class='ocrx_word' id='word_1_1227' title='bbox 2332 3600 2356 3632; x_wconf 77' lang='lat' dir='ltr'><em>F</em></span> 
     </span>
     <span class='ocr_line' id='line_1_157' title="bbox 1271 3645 2356 3689; baseline -0.005 -8"><span class='ocrx_word' id='word_1_1228' title='bbox 1271 3651 1329 3688; x_wconf 88' lang='grc'><strong>(18)</strong></span> <span class='ocrx_word' id='word_1_1229' title='bbox 1355 3658 1426 3680; x_wconf 85' lang='lat' dir='ltr'><strong>eam</strong></span> <span class='ocrx_word' id='word_1_1230' title='bbox 1440 3648 1474 3680; x_wconf 82' lang='lat' dir='ltr'><em>F</em></span> <span class='ocrx_word' id='word_1_1231' title='bbox 1562 3650 1622 3689; x_wconf 82' lang='grc'><strong>(19)</strong></span> <span class='ocrx_word' id='word_1_1232' title='bbox 1648 3649 1820 3681; x_wconf 86' lang='lat' dir='ltr'><strong>contineat</strong></span> <span class='ocrx_word' id='word_1_1233' title='bbox 1834 3649 1880 3688; x_wconf 84' lang='lat' dir='ltr'><strong>et]</strong></span> <span class='ocrx_word' id='word_1_1234' title='bbox 1895 3646 2047 3679; x_wconf 88' lang='lat' dir='ltr'><strong>continet</strong></span> <span class='ocrx_word' id='word_1_1235' title='bbox 2058 3657 2121 3678; x_wconf 79' lang='lat' dir='ltr'><strong>scr.</strong></span> <span class='ocrx_word' id='word_1_1236' title='bbox 2217 3647 2281 3686; x_wconf 83' lang='grc' dir='ltr'><strong>(2ο)</strong></span> <span class='ocrx_word' id='word_1_1237' title='bbox 2307 3645 2356 3677; x_wconf 85' lang='grc'><strong>111-</strong></span> 
     </span>
     <span class='ocr_line' id='line_1_158' title="bbox 1270 3689 2345 3734; baseline -0.001 -9"><span class='ocrx_word' id='word_1_1238' title='bbox 1270 3693 1403 3725; x_wconf 79' lang='lat' dir='ltr'><strong>eulisF</strong></span> <span class='ocrx_word' id='word_1_1239' title='bbox 1491 3697 1548 3733; x_wconf 86' lang='lat'><strong>(21)</strong></span> <span class='ocrx_word' id='word_1_1240' title='bbox 1573 3693 1707 3727; x_wconf 73' lang='lat' dir='ltr'><strong>ubiim.</strong></span> <span class='ocrx_word' id='word_1_1241' title='bbox 1803 3694 1868 3734; x_wconf 85' lang='grc'><strong>(22)</strong></span> <span class='ocrx_word' id='word_1_1242' title='bbox 1894 3691 1989 3723; x_wconf 82' lang='lat' dir='ltr'><strong>milia</strong></span> <span class='ocrx_word' id='word_1_1243' title='bbox 2002 3691 2061 3724; x_wconf 81' lang='lat' dir='ltr'><strong>del.</strong></span> <span class='ocrx_word' id='word_1_1244' title='bbox 2079 3689 2128 3723; x_wconf 59' lang='grc' dir='ltr'><strong>ΡΞ</strong></span> <span class='ocrx_word' id='word_1_1245' title='bbox 2213 3695 2273 3732; x_wconf 73' lang='grc'><strong>(23)</strong></span> <span class='ocrx_word' id='word_1_1246' title='bbox 2302 3695 2345 3729; x_wconf 81' lang='lat'><strong>§1</strong></span> 
     </span>
     <span class='ocr_line' id='line_1_159' title="bbox 1270 3738 1595 3781; baseline 0.003 -10"><span class='ocrx_word' id='word_1_1247' title='bbox 1270 3746 1284 3771; x_wconf 74' lang='grc' dir='ltr'><strong><em>τ</em></strong></span> <span class='ocrx_word' id='word_1_1248' title='bbox 1299 3755 1344 3766; x_wconf 84' lang='lat'><strong>==</strong></span> <span class='ocrx_word' id='word_1_1249' title='bbox 1356 3738 1402 3770; x_wconf 87' lang='lat' dir='ltr'><strong>D.</strong></span> <span class='ocrx_word' id='word_1_1250' title='bbox 1417 3740 1471 3781; x_wconf 88' lang='lat'><strong>50,</strong></span> <span class='ocrx_word' id='word_1_1251' title='bbox 1484 3746 1529 3779; x_wconf 80' lang='lat'><strong>16,</strong></span> <span class='ocrx_word' id='word_1_1252' title='bbox 1544 3747 1595 3772; x_wconf 77' lang='lat'><strong>167</strong></span> 
     </span>
    </p>

    <p class='ocr_par' dir='ltr' id='par_1_18' title="bbox 2020 3790 2085 3822">
     <span class='ocr_line' id='line_1_160' title="bbox 2020 3790 2085 3822; baseline 0 0"><span class='ocrx_word' id='word_1_1253' title='bbox 2020 3790 2085 3822; x_wconf 79' lang='lat'><strong>57·</strong></span> 
     </span>
    </p>
   </div>
  </div>
 </body>
</html>
