2528 3918
108 128 453 160 TREBELLIANUM

108 240 154 275 ad
173 239 264 274 diem
283 238 546 275 fideicommissi
562 248 686 283 nepos,
705 248 857 282 sequens
871 237 1050 283 scriptura
1067 242 1193 274 cesset.

107 283 291 330 respondit
328 294 371 319 ea
406 294 497 328 quae
532 287 819 363 przplonerentur
850 283 1036 319 ostendere
1073 284 1196 319 decem

111 334 146 364 11
197 328 383 364 dumtaxat
421 329 546 364 uncias
622 328 654 363 'o
691 328 805 363 datas.
859 328 972 364 Heres
1008 329 1195 364 institutus

108 374 210 410 uxori
239 378 385 418 rogatus
415 378 528 410 totam
558 373 792 409 hereditatem
821 374 1007 409 restituere
1036 374 1196 410 restituit

107 420 266 454 detracta
290 422 437 463 quarta:
469 419 670 464 quaesitum
701 423 774 461 est,
809 429 890 454 cum
914 430 1006 454 uxor
1030 423 1194 465 quartam

106 469 243 510 partem
260 464 467 499 hereditatis
482 465 663 509 praesenti
680 463 736 499 die
756 467 792 499 et
809 464 982 509 reliquam
1002 469 1086 510 post
1104 469 1193 500 tem-

105 520 172 555 pus
201 509 262 543 alii
290 514 417 554 rogata
446 520 469 544 a.
491 513 665 545 testatore
688 509 818 545 fuisset
840 509 1043 553 restituere,
1074 521 1121 545 an
1144 510 1192 552 id,

106 554 200 600 quod
222 554 325 590 heres
352 555 384 589 ei
408 554 621 590 detraxisset
651 559 800 599 quartae
829 555 987 597 nomine,
1020 556 1058 590 in
1089 555 1192 591 resti-

106 599 234 635 tuendo
250 599 522 635 fideicommisso
539 600 715 653 imputare
732 600 856 645 possit.
888 601 1086 646 respondit,
1104 611 1192 645 qua-

108 647 147 679 12
194 649 299 680 tenus
324 645 486 690 cepisset,
516 645 787 681 fideicommisso
813 645 1033 681 obstrictam.
1080 647 1191 681 Here-

105 690 211 725 dum²
243 690 327 726 fidei
359 690 550 734 commisit,
582 694 640 734 ut,
673 690 846 736 quidquid
879 702 923 726 ex
952 695 1054 736 parte
1085 691 1192 726 tertia

103 735 309 771 hereditatis
333 736 534 781 pervenerit
557 735 603 771 ad
627 746 699 779 eos,
723 736 760 771 id
776 736 968 772 redderent
983 737 1074 772 Gaio
1091 737 1191 771 Mae-

103 781 157 816 vio
188 780 331 816 alumno
362 782 564 822 testatoris,
596 792 677 816 cum
707 781 818 816 fuerit
847 782 949 817 annis
980 782 1190 827 quindecim,

104 831 138 860 et
161 826 346 861 subiunxit
368 826 459 862 haec
483 827 610 862 verba:
638 827 791 862 ‘interim
814 837 859 863 ex
878 827 1016 862 refectu
1035 838 1190 873 pauper-

104 871 216 915 ‘tatis,
250 872 311 916 qui
341 871 388 906 ad
419 883 481 907 vos
513 872 731 917 pervenerit,
766 873 869 908 alatis
900 883 981 908 eum
1005 883 1049 908 ex
1073 872 1191 908 usuris

103 921 179 961 ‘pro
210 917 410 961 quantitate
440 928 664 952 nummorum
696 917 851 954 redactis
862 919 887 953 ².
939 919 1009 954 hoc
1039 918 1191 963 amplius

103 962 226 997 ‘eidem
256 962 399 998 alumno
429 973 507 998 meo
538 963 719 999 hominem
742 963 952 999 Caletanum
983 969 1018 999 et
1047 974 1191 999 vernam

103 1011 290 1050 ‘sutorem,
321 1008 383 1053 qui
412 1018 493 1043 eum
525 1008 678 1044 artificio
707 1019 772 1044 suo
800 1009 962 1044 mercede
987 1010 1072 1044 data
1095 1009 1191 1044 alere

102 1053 265 1098 ‘poterit'.
305 1054 505 1098 quaesitum
530 1058 594 1096 est,
621 1065 702 1089 cum
726 1054 895 1090 alimenta
917 1055 1029 1091 multo
1053 1055 1191 1089 minora

101 1098 345 1143 praestiterint
373 1099 523 1134 heredes
555 1100 694 1144 scripti,
732 1110 839 1145 quam
869 1110 1001 1136 usurae
1031 1109 1191 1136 summae

100 1143 269 1179 redactae
294 1144 554 1190 competebant,
579 1155 626 1179 an
650 1149 686 1180 et
709 1144 869 1181 residuas
887 1149 1073 1191 praestare
1094 1156 1189 1181 com-

100 1189 184 1234 pelli
218 1189 372 1225 debeant
402 1190 512 1226 totius
543 1190 714 1235 temporis
739 1201 786 1225 an
810 1201 855 1226 ex
879 1191 952 1234 die,
984 1202 1055 1236 quo
1088 1191 1189 1236 quin-

99 1239 175 1268 tum
200 1234 374 1270 decimum
397 1235 601 1280 explesset?
642 1239 677 1270 et
702 1247 780 1271 cum
808 1236 899 1272 servi
921 1236 1030 1282 legati
1053 1237 1086 1271 ei
1110 1246 1189 1281 spe-

101 1280 254 1322 cialiter,
280 1284 320 1314 ut
343 1291 387 1316 ex
410 1281 630 1316 mercedibus
656 1281 828 1324 aleretur,
859 1283 980 1317 statim
1003 1282 1188 1324 venierint,

100 1330 219 1360 utrum
241 1325 421 1361 mercedes
446 1336 493 1361 an
509 1337 639 1362 usuras
654 1331 776 1371 petere
793 1327 971 1362 debeat³?
1006 1326 1191 1372 respondit

99 1371 295 1406 secundum
325 1382 368 1407 ea
399 1381 490 1417 quae
521 1376 809 1417 proponerentur
839 1376 1049 1408 testatorem
1079 1371 1190 1408 videri

100 1416 144 1451 de
168 1415 263 1451 omni
286 1416 404 1451 reditu
427 1420 464 1452 et
485 1417 649 1452 mercede
669 1428 852 1454 servorum
870 1417 1091 1454 restituenda
1109 1428 1188 1452 sen-

102 1465 140 1496 13
189 1461 289 1497 sisse.
336 1461 506 1498 Pluribus
538 1462 731 1498 heredibus
762 1463 954 1506 institutis,
991 1464 1028 1498 in
1059 1463 1189 1508 quibus

99 1510 135 1541 et
157 1507 294 1542 libertis
306 1507 422 1543 tribus
440 1518 484 1543 ex
501 1507 686 1551 dodrante,
711 1508 843 1544 eisdem
860 1509 990 1544 fundos
1007 1519 1071 1554 per
1085 1519 1188 1553 prae-

100 1552 299 1597 ceptionem
322 1552 420 1588 dedit
443 1556 479 1588 et
502 1553 548 1588 ab
572 1554 629 1589 his
653 1554 753 1598 petit,
778 1565 823 1590 ne
847 1565 908 1590 eos
933 1554 1130 1590 alienarent
1154 1558 1190 1590 et

98 1601 157 1639 ut,
182 1597 242 1642 qui
265 1598 339 1633 vita
362 1602 586 1643 superasset,
613 1599 746 1635 solidos
771 1600 911 1635 eosdem
938 1599 1070 1636 fundos
1095 1600 1187 1644 opti-

98 1647 216 1678 neret:
242 1643 369 1679 deinde
392 1644 498 1679 unius
523 1654 566 1680 ex
589 1644 644 1680 his
668 1644 806 1681 libertis
827 1644 970 1681 Otacilii
988 1645 1071 1680 fidei
1093 1655 1188 1680 com-

98 1688 211 1730 misit,
252 1688 306 1723 uti
340 1689 513 1734 quidquid
548 1690 594 1724 ad
624 1699 704 1726 eum
736 1701 781 1726 ex
812 1690 1010 1726 hereditate
1041 1691 1189 1726 bonisve

123 1734 333 1777 ervenisset,
374 1734 528 1770 deducto
563 1746 628 1780 pro
667 1746 710 1771 ea
746 1740 850 1781 parte
888 1746 972 1772 aere
1004 1737 1120 1772 alieno
1153 1740 1189 1772 et

112 1779 222 1824 egatis
258 1783 294 1814 et
322 1779 391 1815 sibi
421 1780 543 1825 viginti
572 1780 689 1816 aureis
725 1782 893 1816 restituat
924 1781 1037 1817 Titio:
1079 1792 1187 1827 quae-

98 1825 205 1859 situm
229 1829 298 1867 est,
333 1836 381 1860 an
413 1826 519 1861 etiam
548 1830 670 1871 partes
694 1827 820 1863 tertias
843 1827 1053 1870 fundorum,
1083 1838 1186 1872 prae-

96 1870 297 1914 legatorum
322 1881 402 1905 cum
428 1871 634 1907 conlibertis
658 1871 791 1916 eidem,
825 1872 1001 1908 deducere
1031 1873 1185 1908 deberet.

96 1915 282 1960 respondit
311 1916 508 1951 secundum
537 1927 580 1952 ea
605 1927 697 1962 quae
719 1921 1007 1963 proponerentur
1030 1929 1104 1954 non
1127 1918 1187 1954 de-

96 1961 182 1996 bere
205 1960 393 1997 restituere
417 1962 724 2007 praeceptionem,
759 1974 840 1998 cum
871 1964 949 2008 ipse
976 1967 1129 1999 testator
1154 1968 1189 1999 et

99 2009 140 2041 14
186 2006 304 2051 legata
329 2007 444 2052 excipi
468 2008 650 2043 voluisset.
699 2008 852 2044 Maritus
883 2020 996 2044 uxore
1023 2009 1189 2045 instituta

96 2051 226 2087 herede
255 2063 299 2087 ex
329 2056 433 2097 parte
462 2053 569 2088 tertia
598 2057 634 2088 et
663 2054 826 2099 pluribus
850 2054 883 2090 ei
905 2053 1187 2090 fideicommissis

97 2097 189 2132 datis
225 2096 344 2132 dotem
405 2108 523 2144 uoque
558 2099 776 2143 praelegavit
807 2100 862 2135 his
894 2100 1031 2135 verbis:
1072 2100 1188 2136 ‘Seiae

98 2142 214 2177 ‘uxori
248 2153 347 2178 meae
408 2144 461 2178 ari
491 2144 571 2179 volo
603 2155 625 2179 a
655 2144 738 2180 filiis
770 2145 858 2180 meis
890 2155 1064 2180 summam
1095 2145 1188 2181 dotis

98 2188 195 2231 ‘eius,
220 2198 312 2232 quae
334 2188 420 2223 mihi
443 2200 509 2234 pro
535 2199 578 2224 ea
599 2189 701 2225 illata
725 2191 790 2225 est’
815 2190 1042 2236 eiusdemque
1065 2191 1187 2227 uxoris

95 2232 179 2268 fidei
204 2233 396 2277 commisit,
424 2239 466 2270 ut
488 2238 628 2279 partem
650 2235 858 2271 hereditatis
883 2239 919 2271 et
943 2246 1187 2281 quaecumque

97 2278 129 2313 ei
160 2279 314 2323 legasset
344 2283 428 2324 post
458 2284 609 2316 mortem
642 2291 744 2316 suam
776 2281 869 2317 Titio
902 2281 976 2317 filio
1010 2282 1188 2317 communi

96 2323 310 2359 restitueret.
351 2326 551 2370 quaesitum
569 2330 633 2368 est,
658 2337 706 2362 an
730 2337 903 2362 summam
928 2338 1070 2372 quoque
1094 2328 1187 2363 dotis

97 2370 190 2404 inter
221 2373 341 2404 cetera
369 2371 488 2415 legata
520 2381 564 2406 ex
594 2382 704 2407 causa
735 2372 999 2408 fideicommissi
1022 2372 1095 2408 filio
1121 2384 1186 2408 suo

96 2414 283 2450 restituere
315 2415 454 2451 debeat.
507 2417 693 2462 respondit
723 2428 796 2453 non
828 2418 936 2461 alias,
975 2418 1044 2453 nisi
1072 2419 1184 2453 mani-

96 2459 226 2495 festum
256 2465 351 2496 esset
382 2461 425 2497 de
455 2462 538 2497 dote
566 2473 708 2508 quoque
731 2463 954 2499 restituenda
976 2467 1185 2499 testatorem

97 2506 268 2541 sensisse:
308 2510 416 2551 atque
451 2508 591 2542 etiamsi
620 2509 791 2544 sensisset
820 2513 855 2543 et
885 2509 954 2544 hoc
984 2509 1092 2544 fuerit
1121 2510 1185 2544 ad-

96 2551 305 2595 probatum,
336 2552 388 2587 ita
417 2552 492 2588 eius
522 2564 664 2598 quoque
719 2554 901 2589 etitionem
930 2554 1026 2597 fore,
1060 2554 1090 2590 si
1113 2566 1185 2590 non

95 2595 211 2631 minus
242 2597 279 2631 in
310 2598 527 2642 quantitate,
561 2609 653 2643 quae
683 2565 867 2634 FEaleidiae
898 2600 1040 2635 nomine
1070 2610 1184 2635 rema-

100 2644 138 2676 15
186 2646 302 2685 neret,
332 2642 427 2678 foret
456 2653 563 2688 quam
584 2644 623 2678 in
646 2644 844 2689 quantitate
869 2644 974 2680 dotis.
1022 2645 1184 2690 Rogatus

96 2686 329 2722 hereditatem
344 2689 532 2724 restituere
548 2689 714 2734 Septicio,
741 2700 822 2724 cum
841 2690 909 2725 erit
927 2690 1031 2726 annis
1050 2691 1184 2735 viginti,

96 2732 231 2767 interea
245 2732 387 2776 fundos,
407 2745 496 2779 quos
516 2734 707 2770 defunctus
722 2734 863 2780 pignori
880 2739 1081 2780 acceperat,
1099 2747 1183 2771 ven-

97 2777 185 2812 didit
207 2781 243 2812 et
291 2782 458 2824 ropterea
474 2780 708 2824 pigneraticia
724 2780 856 2816 iudicio
879 2791 900 2815 a
918 2780 1078 2816 debitore
1099 2792 1184 2816 con-

95 2826 222 2858 ventus
278 2824 405 2859 ecessit
432 2825 562 2860 herede
585 2825 710 2861 relicto
736 2825 945 2871 Sempronio
972 2827 1029 2861 et⁴
1053 2826 1184 2862 iudicio

96 2867 254 2903 nondum
283 2867 385 2905 finito
414 2870 572 2906 restituit
601 2870 834 2906 hereditatem
858 2871 1026 2916 Septicio.
1075 2882 1182 2917 quae-

97 2913 202 2948 situm
226 2917 298 2957 est,
331 2925 379 2949 an
408 2914 541 2951 iudicio
571 2915 684 2952 nihilo
713 2916 831 2951 minus
854 2917 932 2962 ipse
955 2916 1185 2952 condemnari

97 2958 243 3001 debeat,
281 2970 363 2994 cum
401 2961 559 3005 potuerit
587 2961 740 2997 retinere
772 2962 841 3005 (vel
873 2962 990 2998 caveri
1022 2962 1102 3005 sibi)
1135 2962 1182 3005 id,

97 3003 192 3047 quod
215 3014 260 3039 ex
284 3015 395 3040 causa
417 3005 565 3041 iudicati
587 3010 837 3052 praestaturus
856 3012 960 3043 esset.
999 3007 1185 3052 respondit

97 3048 218 3084 iudicii
247 3050 512 3086 exsecutionem
540 3051 651 3087 nihilo
681 3052 798 3088 minus
823 3052 992 3088 adversus
1016 3052 1185 3088 heredem

101 3096 140 3145 153
188 3097 223 3128 et
245 3099 328 3139 post
350 3096 552 3132 restitutam
579 3097 813 3133 hereditatem
835 3098 1021 3133 mansisse.
1067 3098 1183 3134 Heres

98 3148 192 3180 eius,
225 3140 286 3184 qui
307 3144 391 3185 post
412 3146 563 3177 mortem
587 3153 689 3178 suam
712 3146 857 3187 rogatus
882 3147 960 3178 erat
982 3143 1184 3178 universam

98 3183 329 3220 hereditatem
352 3186 555 3231 restituere,
585 3187 767 3222 minimam
793 3189 1045 3233 quantitatem,
1076 3199 1183 3233 quam

99 3228 210 3263 solam
238 3229 276 3264 in
308 3231 411 3267 bonis
439 3231 551 3268 fuisse
577 3232 736 3275 dicebat,
767 3233 822 3269 his
847 3233 977 3278 quibus
1000 3233 1182 3269 fideicom-

98 3273 245 3308 missum
276 3274 474 3312 debebatur
503 3278 679 3313 restituit:
711 3281 838 3323 postea
867 3279 1017 3324 repertis
1047 3278 1181 3314 instru-

98 3319 224 3371 mentis
241 3321 407 3364 apparuit
421 3322 620 3367 quadruplo
640 3323 794 3368 amplius
805 3325 819 3345 ⁵
841 3323 1040 3360 hereditate
1051 3324 1181 3360 fuisse:

99 3367 298 3415 quaesitum
322 3368 391 3407 est,
423 3376 471 3401 an
492 3367 531 3402 in
553 3368 730 3412 reliquum
752 3367 1018 3405 fideicommissi
1041 3369 1183 3405 nomine

99 3419 277 3444 convemn
299 3410 425 3462 possit.
471 3413 657 3457 respondit
685 3413 882 3449 secundum
912 3424 954 3449 ea
983 3425 1076 3460 quae
1099 3425 1182 3460 pro-

97 3458 326 3499 ponerentur,
350 3465 381 3490 si
404 3466 476 3491 non
498 3460 721 3494 transactum
746 3462 849 3502 esset,
874 3469 994 3504 posse.

145 3495 194 3537 81
222 3496 304 3543 (79)
328 3498 437 3535 low
454 3501 544 3537 libro
566 3503 751 3550 sinqulari
771 3504 1022 3550 quaestionum
1035 3504 1184 3551 publice

100 3615 138 3654 (1)
162 3612 315 3646 heredem
333 3614 369 3647 F
505 3615 549 3656 (2)
575 3615 708 3650 redacta
725 3629 787 3650 scr.

99 3659 142 3700 (4)
166 3659 194 3690 is
206 3660 266 3692 ins.
357 3660 400 3700 (5)
425 3659 462 3691 in
476 3660 534 3693 ins.
549 3659 578 3693 S
660 3661 705 3702 (6)
729 3661 881 3696 idemF²

100 3707 143 3741 (8)
167 3702 345 3746 polycratis
361 3705 389 3735 F
397 3704 418 3745 ¹,
441 3703 625 3746 polycrates
638 3706 687 3739 F²

101 3749 229 3780 tautum
344 3752 403 3791 (10)
429 3748 480 3782 vel
501 3751 534 3782 F

926 3619 968 3659 (3)
994 3616 1135 3650 debeant
1155 3619 1187 3650 F

969 3665 1010 3702 (7)
1033 3673 1143 3696 maore
1157 3664 1188 3695 F

778 3708 822 3748 (9)
848 3709 884 3740 id
895 3714 960 3740 est.-
984 3710 1102 3749 agente
1113 3718 1182 3740 uno

648 3752 703 3794 (11)
728 3751 849 3784 intesta
868 3753 929 3794 F1,
952 3751 1110 3785 intestata
1129 3752 1183 3785 F2

1188 113 1274 160 535

2047 118 2235 161 XXXVI
2268 122 2303 161 1.
2329 123 2353 160 2

1265 241 1503 274 tractatarum
1558 238 1597 272 Si
1633 238 1790 283 pupillus
1828 240 1970 284 parenti
2004 251 2069 275 suo
2102 241 2205 276 heres
2238 242 2353 277 extitit

1264 287 1301 318 et
1329 283 1640 319 fideicommissam
1670 284 1877 320 hereditatis
1907 289 2045 330 partem
2068 286 2240 330 restituit,
2271 298 2351 322 mox

1263 329 1466 364 abstinetur
1496 332 1647 374 paterna
1676 329 1893 364 hereditate:
1934 331 2030 375 optio
2070 332 2262 368 deferenda
2300 338 2349 367 est

1263 374 1610 416 fideicommissario,
1648 377 1690 408 ut
1726 378 1790 408 aut
1825 376 2026 419 portionem
2058 387 2199 422 quoque
2228 378 2353 423 pupilli

1263 419 1460 464 adgnoscat
1495 423 1559 454 aut
1594 422 1670 454 toto
1701 419 1874 454 discedat.
1929 425 1992 455 aut
2027 422 2227 458 omnimodo
2258 423 2353 458 bona

1263 464 1448 499 vendenda
1477 468 1578 508 sunt,
1617 468 1657 499 ut
1688 464 1726 499 id
1756 465 1851 508 quod
1881 466 2100 510 superfluum
2131 473 2185 502 est
2217 469 2350 513 pupillo

1263 513 1439 552 servetur,
1482 514 1533 553 et,
1573 510 1604 546 si
1637 510 1675 544 in
1708 509 1861 545 solidum
1892 511 1987 545 bona
2017 513 2135 546 venire
2166 524 2238 548 non
2270 525 2352 558 pos-

1262 558 1364 598 sunt,
1398 555 1600 590 omnimodo
1633 556 1792 590 actiones
1823 555 2151 592 fideicommissario
2177 559 2351 603 denegan-

1262 600 1329 635 dae
1361 604 1484 635 erunt:
1520 605 1596 635 erat
1627 601 1721 635 enim
1748 600 1786 635 in
1816 604 1995 644 potestate
2026 602 2118 637 illius
2150 604 2352 639 universum

1262 645 1445 690 suscipere
1469 649 1506 681 et
1529 646 1560 681 si
1584 646 1669 691 quid
1691 645 1773 690 plus
1797 646 1875 688 erit,
1900 647 2036 690 pupillo
2061 658 2213 683 servare.

1308 688 1362 727 82
1389 688 1471 734 (80)
1496 690 1726 726 δσΑΕνοιᾼῧ
1750 691 1841 726 libro
1866 692 1992 736 quinto
2017 692 2236 738 dz'qestorum
2272 695 2351 729 Ma-

1261 740 1353 771 trem
1377 740 1413 771 et
1430 737 1647 771 avunculum
1664 736 1877 781 eosdemque
1892 736 2086 772 creditores
2102 749 2187 774 suos
2204 740 2352 775 heredes

1262 782 1408 826 scripsit
1436 782 1571 816 Lucius
1604 782 1720 817 Titius
1755 785 1790 817 et
1821 792 1945 817 eorum
1975 781 2059 816 fidei
2091 785 2280 827 commisit,
2314 790 2353 820 ut

1261 831 1345 871 post
1367 830 1517 861 mortem
1540 827 1782 869 restituerent,
1809 827 1906 872 quod
1929 838 1973 862 ex
1995 838 2034 862 re
2057 827 2224 864 familiari
2242 834 2352 865 testa-

1261 872 1349 907 toris
1381 872 1619 917 superfuerit,
1660 872 1828 917 Septicio.
1882 873 2030 908 heredes
2068 884 2140 908 non
2177 875 2352 910 modicam

1260 921 1398 962 partem
1422 918 1598 952 bonorum
1628 918 1810 953 testatoris
1841 923 2141 963 consumpserunt
2165 924 2200 954 et
2223 922 2353 956 multos

1260 962 1409 997 heredes
1433 963 1665 1008 reliquerunt,
1691 963 1820 1008 quibus
1846 964 2043 998 scientibus
2061 964 2173 999 multa
2190 976 2351 1010 corpora,

1260 1018 1353 1052 quae
1376 1013 1625 1043 remanserant
1650 1019 1694 1043 ex
1712 1009 1814 1043 bonis
1828 1008 1933 1043 Lucii
1950 1009 2045 1051 Titii,
2071 1009 2248 1054 Septicius
2269 1022 2352 1056 pos-

1261 1053 1363 1089 sedit.
1412 1054 1614 1098 quaesitum
1638 1058 1702 1098 est,
1728 1064 1776 1088 an
1799 1053 1846 1096 id,
1872 1054 1967 1098 quod
1990 1054 2126 1090 Lucius
2153 1055 2267 1091 Titius
2293 1057 2352 1091 de-

1259 1099 1339 1134 buit
1367 1100 1474 1134 matri
1506 1103 1542 1134 et
1573 1099 1768 1143 avunculo,
1804 1099 1954 1135 heredes
1991 1110 2113 1135 eorum
2143 1111 2166 1135 a
2197 1101 2352 1146 Septicio

1258 1148 1379 1189 petere
1418 1145 1570 1189 possint.
1627 1145 1815 1190 respondit
1854 1156 1927 1180 non
1964 1156 2082 1190 posse.
2143 1146 2354 1182 CLAUDIUS:

1259 1190 1418 1225 aditione
1442 1190 1536 1225 enim
1559 1190 1768 1226 hereditatis
1794 1190 1946 1226 confusa
1970 1191 2139 1235 obligatio
2163 1191 2351 1227 intercide-

1259 1239 1326 1278 rat,
1352 1235 1415 1270 sed
1438 1235 1702 1271 fideicommissi
1726 1236 1891 1281 repetitio
1922 1239 2018 1271 erat:
2054 1236 2156 1272 cuius
2190 1238 2352 1282 aequitas

1260 1281 1390 1316 defecit
1421 1281 1495 1325 his,
1537 1282 1598 1326 qui
1634 1281 1748 1316 multa
1783 1292 1827 1316 ex
1859 1281 2057 1317 hereditate
2090 1283 2354 1327 consumpsisse

1258 1330 1521 1371 proponuntur.

1306 1369 1357 1410 83
1386 1370 1469 1416 (81)
1495 1372 1655 1408 PAULUS
1675 1372 1915 1419 imperialium
1935 1374 2192 1408 sententiarum
2212 1374 2249 1408 in
2270 1385 2354 1420 coq—

1259 1418 1457 1454 uitionibus
1479 1418 1713 1464 prolatarum
1747 1429 1797 1453 ex
1828 1418 1931 1453 libris
1962 1428 2002 1453 VJ
2023 1418 2114 1454 libro
2137 1420 2261 1464 primo
2290 1430 2353 1454 seu

1259 1463 1485 1499 decretorum
1510 1464 1601 1499 libro
1627 1473 1664 1498 ΙΙ
1708 1463 1819 1498 Iulius
1836 1463 1981 1499 Foebus
2005 1467 2218 1499 testamento
2245 1464 2353 1507 facto,

1260 1519 1341 1543 cum
1364 1513 1437 1544 tres
1462 1509 1595 1544 liberos
1619 1509 1768 1544 heredes
1792 1509 2008 1551 institueret,
2034 1509 2197 1549 Foebum
2223 1515 2257 1544 et
2280 1510 2351 1545 He-

1258 1554 1406 1589 racliam
1431 1565 1475 1589 ex
1499 1554 1624 1590 eadem
1647 1559 1761 1590 matre
1773 1555 1798 1597 ⁷,
1823 1554 2040 1600 Polycraten
2065 1565 2108 1589 ex
2136 1555 2207 1590 alia
2228 1556 2351 1600 aequis

1258 1601 1502 1644 portionibus,
1532 1600 1623 1645 petit
1647 1611 1669 1634 a
1691 1600 1882 1645 Polycrate
1906 1600 2043 1635 minore
2068 1600 2196 1643 fratre,
2229 1605 2270 1635 ut
2293 1611 2351 1636 ac-

1260 1649 1363 1690 cepto
1390 1649 1488 1681 certo
1513 1645 1660 1690 praedio
1677 1645 1912 1681 hereditatem
1928 1645 2101 1681 fratribus
2120 1646 2350 1682 concederet:

1259 1694 1295 1726 et
1318 1690 1470 1726 invicem
1494 1701 1575 1733 eos,
1610 1691 1671 1735 qui
1702 1701 1746 1726 ex
1778 1690 1903 1726 eadem
1934 1695 2048 1726 matre
2080 1694 2198 1734 erant,
2231 1692 2262 1727 si
2292 1693 2352 1737 qui

1258 1746 1382 1771 eorum
1404 1737 1509 1772 heres
1534 1747 1606 1772 non
1630 1736 1769 1778 fuisset,
1795 1736 2041 1772 substituerat.
2079 1737 2271 1782 Polycrati,
2298 1738 2352 1772 si⁸

1257 1781 1353 1817 intra
1376 1783 1605 1827 pubertatem
1630 1781 1859 1824 decessisset,
1885 1781 2062 1817 secundas
2086 1782 2229 1817 tabulas
2253 1782 2350 1825 fecit,

1259 1838 1347 1871 quas
1372 1828 1478 1863 matri
1502 1828 1578 1863 eius
1604 1827 1862 1863 commendavit
1886 1827 2116 1872 aperiendas,
2145 1828 2176 1863 si
2198 1828 2351 1873 inpubes

1259 1872 1403 1908 obisset.
1453 1873 1581 1908 deinde
1604 1873 1696 1918 petit
1719 1883 1742 1908 a
1763 1872 1963 1918 prioribus,
1988 1877 2044 1916 ut,
2070 1873 2100 1908 si
2124 1873 2203 1918 quis
2228 1884 2351 1908 eorum

1258 1918 1334 1953 sine
1357 1918 1480 1954 liberis
1505 1918 1705 1961 decederet,
1729 1918 1930 1963 portionem
1954 1929 2057 1954 suam
2071 1918 2230 1963 exceptis
2248 1919 2351 1954 bonis

1257 1965 1427 1999 maternis
1459 1974 1584 1999 eorum
1615 1967 1651 1999 et
1684 1964 1787 1998 avitis
1818 1963 1851 1999 ei
1880 1964 1936 1999 vel
1960 1964 2010 1999 eis
2036 1963 2097 2009 qui
2121 1969 2352 2009 superessent

1257 2009 1471 2044 restitueret.
1507 2010 1677 2045 Heraclia
1697 2020 1800 2044 soror
1814 2013 1958 2044 mortua
1973 2009 2049 2045 sine
2063 2009 2185 2045 liberis
2203 2009 2351 2045 fratrem

1256 2054 1420 2090 Foebum
1435 2055 1602 2090 heredem
1619 2054 1793 2090 instituit:
1813 2054 2023 2100 Polycrates
2041 2054 2351 2091 fideicommissum

1255 2100 1410 2145 petierat
1434 2104 1469 2135 et
1493 2100 1698 2145 optinuerat
1723 2099 1820 2145 apud
1838 2100 2025 2135 Aurelium
2049 2100 2243 2136 Proculum
2267 2112 2350 2145 pro-

1258 2146 1440 2181 consulem
1479 2146 1655 2181 Achaiae:
1698 2145 1939 2190 appellatione
1977 2145 2092 2189 facta,
2132 2157 2214 2181 cum
2251 2146 2350 2182 solus

1257 2190 1401 2227 Foebus
1427 2191 1557 2236 egisset
1579 2193 1790 2238 μονομεριῦς
1801 2191 1825 2234 ⁹,
1856 2190 1972 2226 victus
2002 2195 2074 2234 est,
2107 2192 2191 2236 quia
2221 2192 2265 2226 ‘ei
2295 2192 2351 2227 vel

1258 2237 1331 2272 ‘eis’
1364 2237 1474 2272 verba
1503 2240 1675 2282 utrosque
1704 2236 1835 2271 fratres
1861 2236 2193 2289 complecterentur.
2242 2237 2351 2282 adqui

1256 2282 1406 2317 invicem
1435 2282 1526 2317 duos
1556 2282 1637 2317 illos
1668 2285 1810 2317 tantum
1840 2282 2095 2318 substituerat:
2129 2282 2192 2317 sed
2223 2286 2259 2318 et
2287 2293 2349 2318 vo-

1256 2327 1377 2363 luntas
1409 2327 1500 2363 haec
1530 2327 1646 2373 patris
1675 2327 1882 2370 videbatur,
1916 2327 1978 2372 qui
2006 2332 2198 2373 exceperat
2226 2338 2350 2363 eorum

1256 2373 1352 2408 bona
1375 2377 1548 2415 materna,
1574 2373 1658 2418 quia
1682 2373 1891 2418 Polycrates
1916 2373 2023 2407 aliam
2045 2377 2196 2408 matrem
2217 2377 2253 2408 et
2270 2373 2347 2418 qui-

1257 2418 1336 2453 dem
1360 2419 1591 2463 superstitem
1613 2419 1787 2462 habebat,
1820 2418 1923 2453 cuius
1947 2417 2053 2452 etiam
2076 2418 2160 2453 fidei
2184 2419 2346 2454 commis-

1256 2474 1335 2499 sum
1350 2468 1439 2508 erat,
1454 2468 1496 2499 ut
1508 2465 1537 2486 ¹⁰
1552 2464 1680 2508 legata,
1708 2474 1799 2509 quae
1815 2463 1847 2498 ei
1865 2463 2014 2498 dederat
2026 2463 2064 2497 in
2080 2467 2294 2499 testamento
2308 2466 2346 2506 ¹¹,

1254 2509 1409 2545 moriens
1433 2509 1616 2556 Polycrati
1639 2509 1713 2544 filio
1738 2520 1804 2544 suo
1828 2508 2032 2544 restitueret
2045 2509 2082 2543 ¹².
2122 2536 2249 2544 ......

1301 2552 1355 2593 84
1382 2581 2017 2591 ...........................
2061 2553 2127 2589 *Si
2151 2555 2229 2598 quis
2254 2565 2346 2597 eum,

1254 2602 1388 2646 *quem
1413 2600 1543 2636 debere
1568 2599 1638 2635 sibi
1661 2599 1747 2635 dicit
1770 2610 1812 2635 eo
1837 2603 2006 2643 negante,
2039 2599 2205 2635 heredem
2232 2600 2345 2644 scrip-

1255 2646 1371 2682 *serit
1394 2656 1546 2691 eumque
1569 2646 1754 2690 rogaverit,
1780 2648 1821 2680 ut
1837 2644 2071 2680 hereditatem
2089 2645 2256 2680 restituat
2273 2645 2345 2688 alii,

1254 2692 1464 2775 *vi8d5eamus
1489 2691 1533 2726 de
1555 2691 1633 2726 iure
1658 2690 1769 2726 debiti
1781 2717 1934 2726 .......

1255 2782 1350 2818 *lias
1367 2782 1548 2817 hereditas
1567 2782 1734 2817 restituta
1750 2781 1807 2823 sit,
1824 2780 2019 2823 videamus,
2039 2785 2215 2825 quatenus
2232 2782 2344 2816 actio-

1254 2828 1346 2863 *nes
1370 2827 1608 2863 hereditariae
1631 2830 1714 2872 post
1737 2825 2059 2871 emancipationem
2088 2827 2120 2862 ei
2144 2830 2180 2862 et
2202 2827 2239 2861 in
2263 2837 2343 2862 eum

1253 2872 1412 2908 *dentur
1426 2899 1578 2908 .......

2060 2735 2129 2770 *Si
2148 2735 2222 2772 filio
2241 2735 2344 2771 fami-

1751 3009 1842 3049 11¹⁸.

1295 3075 1480 3113 QUANDO
1504 3075 1610 3108 DIES
1634 3075 1917 3109 LEGATORUM
1941 3076 2034 3109 VEL
2057 3077 2298 3110 FIDEICOM-

1588 3120 1819 3154 MISSORUM
1844 3121 2006 3156 OEDAT.

1300 3186 1319 3224 1
1361 3186 1521 3222 Pauus
1555 3186 1645 3222 libro
1682 3187 1840 3222 secundo
1878 3187 1929 3223 ad
1966 3187 2140 3224 Sabinum
2194 3188 2338 3222 Mortuo

1250 3237 1372 3278 patre,
1396 3232 1480 3267 licet
1502 3231 1580 3267 vivo
1603 3232 1753 3277 pupillo,
1778 3232 1854 3268 dies
1878 3233 2077 3278 legatorum
2100 3243 2122 3268 a
2145 3233 2336 3268 substituto

1251 3278 1417 3313 datorum
1441 3277 1546 3312 cedit.

1298 3321 1323 3359 2
1355 3322 1549 3358 Urmzws
1576 3321 1667 3357 libro
1698 3323 1822 3368 quinto
1847 3323 1984 3359 decimo
2008 3323 2057 3358 ad
2079 3322 2252 3358 Sabinum
2301 3321 2336 3356 Si

1250 3379 1340 3413 pure
1371 3367 1418 3403 sit
1448 3377 1534 3402 usus
1558 3366 1700 3402 fructus
1723 3367 1862 3412 legatus
1886 3368 1941 3403 vel
1965 3378 2051 3402 usus
2074 3367 2129 3402 vel
2151 3367 2335 3408 habitatio,

1251 3423 1365 3458 neque
1389 3423 1512 3447 eorum
1536 3411 1610 3448 dies
1635 3416 1718 3448 ante
1742 3413 1875 3448 aditam
1899 3412 2129 3448 hereditatem
2159 3411 2251 3446 cedit
2275 3421 2335 3445 ne-

1252 3469 1320 3503 que
1349 3458 1473 3503 petitio
1502 3456 1549 3493 ad
1579 3457 1745 3493 heredem
1775 3458 1915 3494 transit.
1962 3457 2055 3492 idem
2085 3461 2121 3492 et
2148 3457 2178 3492 si
2208 3467 2252 3491 ex
2280 3456 2337 3491 die

1251 3504 1298 3539 sit
1321 3513 1409 3538 usus
1432 3502 1574 3538 fructus
1597 3502 1762 3539 relictus:

1253 3619 1310 3658 (12)
1336 3625 1476 3651 extrema
1491 3630 1574 3660 pars
1593 3618 1679 3651 tituli
1696 3618 1815 3650 caecidit
1835 3629 1873 3649 ez·
1890 3617 1936 3650 F':
1966 3629 2048 3659 quae
2074 3617 2231 3660 lequntur,
2259 3629 2334 3659 sup-

1250 3663 1340 3705 pleta
1353 3669 1429 3695 sunt
1439 3663 1485 3696 ad
1494 3662 1533 3696 Β

1299 3709 1355 3749 (13)
1382 3707 1582 3746 Sab.1...20;
1603 3709 1669 3740 Ed.
1684 3715 1804 3746 21...24;
1824 3707 1908 3749 Pap.
1925 3713 2050 3743 25...29;
2070 3706 2155 3749 App.
2172 3713 2220 3739 3ο.
2234 3714 2274 3739 31.
2289 3723 2333 3729 -—

1252 3753 1335 3785 Bas.
1349 3754 1404 3796 44,
1417 3760 1465 3786 20.
1478 3771 1523 3776 -—
1538 3753 1589 3797 Cf.
1606 3752 1683 3785 Cod.
1699 3754 1729 3794 6,
1742 3759 1777 3785 53
