2528 3918
168 101 297 144 XXV
327 105 366 145 5.
382 104 420 144 6.
437 103 464 143 7

168 223 375 270 -spiciendus
400 228 464 263 est,
488 227 526 257 et
548 221 745 257 secundum
760 232 841 258 eum
858 226 894 259 et
908 221 1090 258 observari
1104 224 1262 258 ventrem

170 273 210 304 et
258 273 374 303 artum
398 272 435 302 et
456 267 629 302 infantem
653 272 806 319 oportet.

280 312 474 348 1171181118
512 311 603 347 libro
657 312 823 347 vicesimo
867 315 997 358 quarto
1041 310 1260 357 diqestorum

173 358 342 394 Edictum
384 356 428 392 de
471 355 706 392 custodiendo
749 361 857 402 partu
908 355 1172 400 derogatoriuin
1207 360 1263 391 est

173 403 249 438 eius
263 429 272 443 ‚
308 400 404 447 quod
439 401 486 436 ad
520 400 735 436 Carboniani
769 401 904 437 decreti
934 400 1133 452 exemplum
1164 410 1261 436 com·

177 452 190 482 1
241 450 406 492 paratum
430 450 495 482 est.
541 444 613 481 Sed
642 446 712 482 hoc
741 445 931 492 aliquando
955 449 1136 480 remittere
1157 455 1261 490 prae·

171 496 230 527 tor
254 492 369 532 debet,
394 491 424 526 si
448 500 519 526 non
529 490 666 526 10811118
678 494 700 533 ¹,
724 491 787 527 sed
810 490 987 536 imperitia
1006 489 1162 525 mulieris
1184 490 1261 525 fac-

172 541 249 617 tffln
273 536 392 578 fuerit,
417 546 462 571 ne
484 539 607 571 venter
630 536 865 581 inspiceretur
897 540 962 570 aut
991 539 1118 579 partus
1142 539 1261 571 custo·

202 582 209 589 '
234 587 322 616 etur.

219 623 243 664 3
270 626 429 661 Pinus
459 625 550 661 libro
575 630 705 672 quarto
730 625 866 660 decimo
890 623 940 659 ad
962 622 1148 659 Plautium
1195 623 1261 668 Qui

172 671 287 707 ventri
310 671 526 706 substitutus
551 676 606 706 est
628 670 707 705 vel²
730 670 927 710 institutus,
952 668 983 704 si
1006 672 1164 704 ventrem
1188 679 1261 704 ser-

172 726 256 751 vare
278 716 373 758 velit,
397 715 596 751 audiendus
620 719 684 750 est.

219 760 244 798 4
269 760 472 797 Seii-rou
497 760 587 796 libro
612 760 776 795 vicesimo
800 758 1020 805 diqeseorum
1074 758 1109 793 Is
1133 768 1156 793 a
1179 768 1261 804 quo,

173 806 204 842 si
227 806 304 842 sine
326 805 448 841 liberis
472 805 693 846 decessisset,
719 803 890 849 quidquid
913 802 960 838 ad
985 813 1065 838 euin
1090 813 1134 838 ex
1156 803 1261 839 bonis

172 851 403 897 pervenisset,
427 851 542 886 sorori
565 849 877 885 fideicommissum
901 848 1064 883 relictum
1087 851 1175 890 erat,
1200 848 1261 883 de-

172 896 281 932 cessit
309 900 477 942 postuma
518 895 647 930 herede
681 894 846 929 instituta
881 897 917 928 et
939 892 1140 928 substitutis
1164 893 1260 928 aliis:

196 941 375 977 uaesitum
411 944 487 983 est,
524 951 605 975 cum
639 949 731 974 uxor
764 938 926 973 defuncti
960 942 1189 983 praegnatem
1223 948 1263 973 se

198 987 280 1028 ’cat‚
305 996 352 1021 an
368 985 483 1021 sorori
506 984 774 1037 procuratorive
796 983 870 1019 eius
890 982 1087 1018 secundum
1109 982 1262 1018 formam

172 1030 280 1067 edicti
313 1034 473 1066 ventrem
507 1030 683 1075 inspicere
717 1033 753 1064 et
787 1032 932 1081 partum
967 1027 1147 1063 custodire
1181 1037 1261 1073 per-

172 1075 383 1112 mittendum
414 1075 471 1110 sit.
507 1074 676 1119 respondi
706 1074 743 1109 in
775 1072 946 1108 eiusmodi
970 1082 987 1107 8
1013 1072 1099 1115 0010,
1125 1072 1169 1108 de
1192 1082 1264 1117 qua

196 1125 412 1162 uaereretur,
436 1130 544 1165 posse
563 1119 672 1154 videri
695 1118 743 1153 ad
767 1119 853 1160 eius,
875 1117 933 1153 cui
951 1117 977 1152 fi
1003 1117 1263 1152 eicommissum

172 1132 296 1202 flatum
330 1169 446 1207 esset,
489 1163 762 1199 sollicitudinem
804 1161 1115 1208 perspiciendum³
1155 1161 1263 1207 idque

173 1221 285 1247 causa
309 1210 451 1256 cognita
475 1208 717 1244 statuendum.

687 1345 757 1383 V⁴.

173 1415 215 1448 SI
246 1412 444 1446 VENTRIS
476 1411 658 1444 NOMINE
689 1410 902 1443 MULIERE
934 1410 985 1442 IN
1008 1409 1263 1442 POSSESSIO·

173 1458 273 1492 NEM
298 1458 433 1490 MISSA
456 1456 619 1489 EADEM
642 1455 882 1489 POSSESSIO
907 1454 1028 1487 DOLO
1051 1454 1178 1487 MALo
1202 1455 1262 1487 AD

315 1502 463 1535 ALIUM
487 1500 756 1535 TRANSLATA
779 1500 893 1533 ESSE
916 1499 1126 1533 DICATUR.

222 1569 241 1607 1
277 1568 472 1605 Uzpuivvs
502 1568 593 1604 libro
636 1566 819 1614 triqesimo
853 1568 986 1611 quarto
1027 1565 1079 1601 ad
1110 1565 1263 1602 edictum

172 1615 253 1651 Hoc
278 1614 395 1650 edicto
418 1613 615 1649 rectissime
644 1616 790 1665 praetor
818 1611 1016 1656 prospexit,
1039 1621 1096 1653 ne,
1120 1610 1206 1646 dum
1227 1610 1264 1646 in

172 1660 331 1696 favorem
354 1662 480 1704 partus
504 1667 765 1703 possessionem
799 1655 1022 1701 polliceatur,
1058 1655 1137 1692 aliis
1160 1666 1263 1701 prae-

176 1709 191 1740 1
242 1704 310 1740 dae
328 1704 553 1740 occasionem
569 1702 761 1748 praebeat:
786 1700 926 1736 Idcirco
947 1701 1132 1737 constituit
1151 1701 1263 1736 actio-

174 1760 254 1786 nem
276 1749 315 1784 in
338 1749 539 1790 mulierem,
575 1757 668 1793 quae
690 1747 729 1782 in
752 1746 861 1782 alium
884 1745 980 1782 lianc
1003 1746 1264 1791 possessionem

172 1794 256 1831 dolo
281 1794 376 1829 malo
400 1793 595 1835 transtulit.
642 1802 716 1828 non
751 1791 866 1828 solum
900 1791 1084 1827 mulierem
1118 1795 1265 1836 praetor

176 1843 335 1882 coercet,
370 1849 493 1874 verum
527 1848 609 1873 eum
643 1847 783 1883 quoque
816 1836 855 1872 10
886 1836 987 1872 cuius
1020 1840 1200 1881 potestate
1223 1846 1267 1872 ea

174 1884 294 1927 fuerit,
319 1884 456 1920 scilicet
478 1883 510 1919 si
533 1883 614 1919 dolo
638 1883 798 1928 ipsorum
821 1881 912 1917 alius
942 1881 980 1917 in
1003 1881 1266 1927 possessionem

174 1929 285 1966 fuerit
307 1929 495 1971 admissus,
519 1928 766 1973 actionemque
788 1927 825 1962 in
848 1930 989 1962 tantum
1019 1926 1208 1971 pollicetur
1229 1926 1267 1962 10

175 1978 196 2011 2
244 1984 317 2017 008,
342 1974 467 2020 quanti
488 1973 690 2008 interfuerit
713 1972 788 2008 0108
813 1972 873 2017 qui
897 1971 1088 2017 experitur.
1131 1970 1266 2007 Neces-

175 2020 271 2056 sario
294 2023 440 2065 praetor
463 2018 603 2060 adiecit,
623 2022 675 2061 ut,
697 2018 758 2063 qui
779 2027 844 2063 per
862 2017 983 2053 dolum
1005 2016 1101 2052 venit
1122 2016 1160 2052 in
1182 2027 1266 2062 pos·

176 2065 381 2107 sessionem,
406 2067 555 2109 cogatur
579 2063 766 2099 decedere:
809 2066 912 2108 coget
943 2065 1063 2097 autem
1093 2071 1175 2097 eum
1205 2061 1266 2097 de·

177 2109 303 2146 cedere
322 2119 395 2145 non
413 2108 595 2154 praetoria
614 2111 795 2153 potestate
812 2109 867 2143 vel
885 2117 995 2143 manu
1013 2106 1266 2149 ministrorum,

176 2155 241 2191 sed
264 2154 389 2190 melius
414 2158 450 2190 et
473 2153 608 2189 civilius
639 2152 768 2195 faciet,
793 2152 824 2187 si
847 2163 928 2188 eum
951 2162 1017 2198 per
1038 2151 1267 2187 interdictum

178 2202 199 2236 3
247 2199 294 2235 ad
315 2200 371 2235 ius
395 2198 614 2235 ordinarium
637 2197 823 2233 remiserit.
871 2197 1025 2233 Interest
1047 2201 1168 2232 autem
1191 2197 1267 2232 eius

201 2245 240 2280 ui
262 2244 443 2290 experitur
479 2243 672 2279 admissum
706 2242 815 2278 alium
848 2242 886 2277 iii
910 2241 1172 2288 possessionem
1195 2252 1287 2284 non,

175 2256 299 2332 fuisse,
323 2300 406 2325 cum
434 2288 529 2324 forte
559 2288 655 2324 bona
689 2287 759 2323 fide
788 2286 929 2323 fructus
961 2290 1149 2339 perceptos
1182 2297 1286 2322 con··

177 2335 387 2381 sumpserit,
419 2337 483 2369 aut
513 2333 544 2369 si
566 2332 699 2378 praedo
723 2332 861 2368 venerit
889 2333 926 2368 10
949 2342 1222 2377 11088088100001,
1247 2342 1269 2366 8

177 2390 248 2426 quo
271 2379 413 2415 fructus
438 2378 609 2423 consequi
632 2388 705 2413 non
726 2377 859 2423 possit,
890 2377 975 2422 quia
1003 2377 1170 2412 solvendo
1194 2387 1268 2412 non

178 2429 201 2461 4
247 2429 312 2461 est.
358 2424 459 2459 Haec
483 2424 577 2458 actio
602 2423 710 2458 etiam
731 2427 816 2468 post
838 2432 972 2458 annum
996 2421 1150 2464 dabitur,
1185 2422 1269 2467 quia

178 2473 198 2506 5
245 2470 298 2506 rei
321 2469 433 2504 habet
456 2467 750 2521 persecutionem.
802 2467 853 2502 Et
882 2467 914 2503 si
945 2467 1019 2502 filia
1045 2466 1199 2502 familias
1223 2467 1270 2502 sit

179 2525 271 2561 quae
294 2514 376 2550 dolo
398 2513 505 2556 10011,
536 2513 575 2548 10
598 2516 737 2558 patrem
760 2511 905 2548 dabitur
927 2512 1035 2555 actio,
1060 2512 1092 2547 si
1115 2511 1199 2557 quid
1223 2511 1270 2547 ad

179 2570 260 2596 0010
282 2558 493 2605 pervenerit.

225 2603 251 2642 2
286 2603 446 2640 Pae-ms
484 2603 575 2640 libro
611 2603 794 2649 triqesimo
836 2602 988 2648 septimo
1032 2602 1082 2638 ad
1114 2602 1268 2638 edictum

179 2649 271 2685 Dolo
295 2649 386 2684 facit
407 2649 542 2691 mulier,
567 2658 640 2683 non
663 2657 755 2693 quae
777 2647 814 2682 in
842 2647 1104 2692 possessionem
1125 2648 1268 2683 venien-

179 2698 251 2730 tem
274 2705 347 2730 000
369 2694 547 2739 1110111001,
571 2692 635 2728 sed
658 2702 750 2738 quae
774 2691 1089 2728 circumscribendi
1118 2692 1268 2728 alicuius

182 2749 292 2775 causa
327 2739 419 2774 clam
454 2743 490 2774 et
511 2748 576 2784 per
600 2737 779 2783 quandam
803 2737 1102 2773 machinationem
1124 2738 1163 2773 in
1185 2748 1268 2783 pos-

186 2788 199 2819 1
249 2784 442 2819 sessionem
456 2783 672 2819 introducat.
709 2782 748 2818 Si
769 2786 804 2818 et
826 2782 939 2827 patris
964 2785 1001 2818 et
1022 2782 1118 2818 filiae
1132 2782 1269 2818 factum

181 2833 359 2874 arguetur,
383 2829 421 2863 in
452 2828 602 2864 alterum
649 2838 731 2863 uem
755 2831 856 2863 actor
878 2827 963 2862 velit
996 2827 1179 2863 reddenda
1215 2832 1270 2864 081

181 2874 290 2910 80110.
326 2874 409 2918 quia
431 2874 468 2908 in
490 2873 528 2909 id
552 2883 622 2919 quo
682 2873 820 2918 agentis
854 2872 1003 2908 interest
1026 2872 1151 2916 datur,
1174 2873 1268 2917 ideo,

181 2918 213 2955 si
235 2918 272 2954 id
295 2918 391 2964 quod
415 2919 446 2954 ei
470 2919 573 2954 abest
595 2918 641 2953 ab
666 2928 708 2953 eo
740 2918 801 2963 qui
822 2917 861 2952 in
883 2919 1086 2962 potestate⁶
1117 2921 1172 2954 est
1195 2928 1268 2954 ser-

182 2964 258 3000 vari
280 2964 406 3043 ροὲ811,
428 2968 569 3008 praeter
587 2967 750 3008 sumptus
773 2963 845 2998 litis
866 2972 977 2998 causa
999 2962 1115 2999 factos
1133 2963 1269 3000 inutilis

183 3009 249 3045 erit
273 3008 304 3044 ei
353 3018 417 3043 aec
442 3009 546 3043 actio.

680 3143 770 3185 Vl‘.

186 3212 227 3245 SI
252 3211 432 3244 MULIER
463 3210 659 3243 VENTRIS
685 3211 867 3244 NOMINE
894 3211 941 3243 IN
967 3211 1268 3244 POSSESSIONE

310 3255 579 3289 CALUMNIAE
605 3255 747 3287 CAUSA
771 3256 883 3288 ESSE
908 3255 1143 3289 D10ETUR⁷.

237 3321 255 3359 1
301 3321 495 3358 Uzmws
525 3321 614 3358 libro
650 3322 831 3367 triqesimo
866 3326 997 3368 quarto
1033 3321 1085 3357 ad
1117 3321 1270 3358 edictum

187 3367 225 3403 Si
249 3367 293 3402 de
342 3367 541 3403 ossessione
570 3366 701 3401 ventris
734 3367 876 3402 nomine
898 3371 1091 3412 quaeratur
1114 3371 1150 3403 et
1173 3366 1269 3403 defe-

187 3417 288 3448 rente
348 3411 451 3447 erede
485 3411 610 3447 mulier
643 3411 811 3446 iuraverit
844 3416 1074 3457 praegnatem
1108 3422 1147 3447 se
1181 3422 1269 3454 esse,

189 3525 230 3568 (i)
255 3526 424 3558 militiaF
465 3526 507 3565 (2)
533 3535 609 3557 cuin
620 3527 735 3557 ventre
749 3525 809 3557 ins.
865 3526 906 3566 (3)
933 3526 1183 3568 respiciendum
1196 3526 1271 3559 dett.

237 3575 280 3610 (4)
304 3570 386 3604 Sab.
400 3588 442 3594 -
457 3571 544 3604 Bas.
558 3571 613 3611 31,
627 3576 645 3604 8
738 3571 782 3610 (5)
806 3570 1016 3611 possessione
1031 3570 1060 3604 S

235 3617 279 3657 (6)
304 3614 386 3648 sab.
413 3633 454 3638 —
479 3615 565 3648 Bas.
579 3616 634 3656 31,
647 3621 664 3649 0
775 3616 816 3656 (τ)
842 3614 946 3646 fuisse
959 3615 1092 3647 dicatur
1104 3616 1169 3649 ind.
1183 3616 1272 3649 Flor-

189 3662 234 3700 (8)
261 3660 407 3703 partuF
470 3661 515 3702 (8)
540 3659 676 3692 nocebit
687 3660 749 3693 ἀεὶ.
820 3661 879 3699 (10)
905 3659 1038 3700 11111811Ἴ
1101 3660 1280 3702 (illquaF
1342 3659 1498 3693 im.Hal.

189 3707 249 3746 (12)
274 3709 379 3736 morte
393 3706 451 3737 ins.
570 3706 626 3742 (13)
651 3704 836 3737 10111101·οΡ
946 3706 1003 3742 (Η)
1029 3705 1196 3737 libertatis
1209 3703 1273 3745 F’,

1250 95 1340 144 332

1516 179 1573 199 ’Ὗ

1331 222 1543 258 servandum
1564 220 1633 260 ieet
1671 223 1918 260 iusiurandum
1963 236 2030 262 1100
2077 227 2257 263 tenebitur
2290 231 2429 273 mulier,

1331 267 1658 319 (108810810010180
1681 278 1792 304 causa
1814 269 1924 305 fuerit
1955 270 1994 306 in
2016 272 2283 316 possessionem
2306 274 2425 318 missa,

1331 322 1400 347 nec
1423 323 1474 364 vis
1498 312 1531 348 ei
1553 312 1720 349 facienda
1750 319 1805 366 est
1838 318 1921 360 post
1943 315 2205 352 insinuandum.
2254 317 2285 353 si
2307 321 2429 355 tamen

1331 361 1812 448 ffffissniffiaiileimgrgdest
1835 362 2429 445 0οἒ111081130181118ῃὲ111138001ὼ1ῗ101

1336 449 1350 481 1
1400 446 1490 482 81108
1524 446 1660 483 factum
1674 473 1683 489 ,
1719 458 1789 484 nec·
1820 450 1963 493 partui⁸
1996 449 2108 529 »ῥέξω-
2142 451 2317 486 1100011119.
2375 453 2427 488 Et

1331 490 1401 526 hoc
1425 491 1580 527 edictum
1604 502 1650 527 ex
1673 491 1799 528 eadem
1817 502 1928 528 causa
1950 504 2019 538 pro
2066 494 2203 538 iscitnr,

1331 535 1424 571 riusz
1449 536 1555 572 debet
1578 537 1671 572 euim
1695 543 1859 582 praetor,
1891 538 2189 583 quemadmodum
2252 506 2300 531 ua
2319 506 2427 543 supe.

1332 580 1429 616 circa
1452 580 1628 617 bonorum
1652 582 1914 634 possessio-nem
1938 583 2096 618 dandam
2125 541 2430 624 muuelaiciiigngffi

1332 626 1488 668 nomine,
1506 626 1558 661 ita
1579 626 1794 662 calumniam
1804 627 1879 662 01118
1901 627 2114 672 impunitam
2129 639 2201 664 non
2212 629 2422 675 relinquere.

1332 672 1352 704 2
1399 670 1471 706 Per
1492 671 1707 706 calumniam
1730 674 1850 706 autem
1873 672 1910 707 in
1933 673 2161 717 possessione
2193 673 2305 710 fuisse
2327 675 2424 711 vide-

1331 719 1402 758 tur,
1427 726 1520 795 (quae
1542 716 1659 751 sciens
1682 715 1910 761 prudensque
1933 726 1973 752 se
1995 722 2226 762 praegnatem
2250 730 2323 755 11011
2346 730 2430 756 0880-

1332 762 1352 795 3
1398 770 1443 795 vo
1458 764 1511 795 uit
1533 761 1570 796 in
1593 761 1855 806 possessionem
1878 761 2008 797 venire.
2045 762 2149 798 Hanc
2169 767 2288 799 autem
2311 765 2424 801 actio-

1331 814 1412 840 nem
1446 809 1592 850 praetor
1626 806 1721 840 intra
1760 815 1892 840 annum
1928 806 2051 841 utilem
2086 807 2295 852 pollicetur,
2331 809 2430 845 ultra

1331 853 1353 884 4
1399 860 1483 892 non,
1507 850 1669 886 videficet
1692 850 1795 895 quasi
1819 851 2015 895 poenalem.
2048 851 2160 887 Simili
2182 857 2302 888 autem
2318 854 2424 890 modo

1332 898 1368 929 et
1390 894 1449 930 hic
1473 895 1598 940 quanti
1620 895 1757 940 agentis
1781 895 1944 931 interfuit
1975 900 2122 941 praetor
2145 898 2323 933 actionem
2346 898 2424 944 pol-

1331 943 1350 974 5
1398 939 1537 975 licetur.
1574 940 1616 975 111
1660 944 1822 975 arentem
1843 940 1949 975 etiam
1973 946 2120 985 praetor
2144 942 2322 978 actionem
2345 943 2429 988 pol-

1330 983 1477 1026 licetur,
1511 985 1542 1020 si
1572 995 1629 1020 mo
1655 995 1677 1020 o
1708 995 1773 1030 per
1804 995 1884 1020 eum
1907 984 2044 1021 factum
2068 987 2135 1028 811,
2158 990 2200 1021 ut
2222 987 2259 1022 in
2282 998 2424 1033 posses-

1333 1032 1353 1064 6
1401 1029 1536 1065 sionem
1559 1039 1623 1075 per
1655 1029 1870 1065 calumniam
1900 1030 2046 1066 veniret.
2104 1030 2283 1077 Competit
2305 1036 2429 1068 autem

1330 1073 1421 1109 haec
1445 1075 1539 1110 actio
1564 1074 1607 1117 ei,
1631 1074 1732 1110 cuius
1755 1073 1919 1110 interfuit
1941 1075 1979 1110 10
1998 1076 2260 1120 110880881οοοω
2280 1076 2429 1113 missam

1332 1128 1406 1154 non
1430 1129 1528 1155 esset
1559 1122 1602 1155 ut
1623 1123 1713 1165 puta
1735 1119 1790 1154 vel
1821 1119 1988 1156 001101οᾱ1
2012 1130 2029 1155 8
2056 1121 2170 1156 018011
2193 1125 2347 1166 partum,
2370 1123 2427 1158 vel

1331 1163 1403 1199 si*⁰
1426 1163 1488 1209 qui
1510 1164 1726 1200 substitutus
1750 1163 1832 1206 fuit,
1853 1164 1909 1199 vel
1932 1175 1956 1210 q
1983 1165 1991 1172 '
2012 1175 2035 1200 8
2061 1186 2063 1191 ‹
2083 1165 2265 1209 intestato,
2288 1167 2319 1202 si
2342 1177 2425 1213 par-

1333 1211 1351 1242 “1
1399 1213 1458 1244 1118
1482 1219 1556 1244 000
1578 1208 1716 1251 1018801,
1736 1209 1931 1245 succedere
1948 1210 2074 1255 potuit
2111 1211 2287 1247 Interesse
2307 1216 2428 1247 autem

1331 1253 1472 1289 videtur
1494 1254 1647 1300 primum
1671 1253 1716 1290 de
1739 1253 1935 1296 alimentis,
1967 1264 2061 1300 quae
2089 1255 2128 1290 in
2159 1259 2318 1292 ventrem
2341 1261 2425 1292 sunt

1333 1302 1497 1344 erogata:
1534 1309 1601 1334 nec
1632 1299 1725 1334 enim
1759 1298 1850 1334 alias
1885 1299 1975 1335 haec
1998 1303 2228 1345 repetuntur,
2264 1300 2334 1337 nisi
2363 1311 2426 1347 per

1333 1343 1547 1379 calumniam
1569 1344 1607 1379 in
1630 1343 1892 1389 possessionem
1913 1344 2027 1380 venit:
2053 1348 2211 1381 ceterum
2230 1345 2262 1381 si
2284 1356 2341 1382 res
2365 1356 2426 1382 ca-

1330 1388 1467 1424 lumnia
1501 1393 1621 1432 caret,
1656 1388 1744 1424 nihil
1777 1389 1976 1434 praestabit
2011 1390 2153 1433 mulier,
2186 1392 2317 1436 quae¹¹
2349 1391 2430 1427 8100

1333 1435 1353 1470 8
1401 1443 1513 1470 causa
1536 1433 1611 1469 alta
1635 1437 1690 1469 est
1713 1434 1780 1469 sub
1803 1437 1994 1478 praetextu
2024 1435 2168 1470 ventris.
2238 1435 2425 1472 Nonum

1333 1489 1441 1524 quam
1463 1478 1652 1525 augebitur
1675 1478 1772 1524 quod
1794 1478 1953 1522 interest,
1977 1479 2009 1514 si
2032 1479 2111 1524 quis
2134 1479 2230 1516 forte
2246 1480 2428 1523 dubitans,

1333 1533 1381 1559 an
1402 1534 1579 1570 praegnas
1598 1524 1655 1566 sit,
1673 1523 1840 1559 exclusus
1857 1525 1905 1559 sit
1919 1523 2119 1560 hereditate
2132 1525 2178 1560 ¹²:
2202 1535 2286 1560 nam
2304 1525 2427 1561 heredi

1334 1569 1410 1604 eius
1433 1569 1495 1622 qui
1519 1569 1686 1605 exclusus
1710 1572 1765 1604 est
1788 1568 1941 1604 dandam
1960 1569 2056 1604 11800
2078 1569 2254 1605 actionem
2265 1570 2427 1606 Iulianus

1333 1613 1394 1656 ait,
1419 1613 1593 1660 siquidem
1617 1613 1692 1650 eius
1715 1623 1858 1666 quoque
1880 1613 2042 1649 interfuit
2063 1624 2137 1650 non
2159 1614 2271 1650 fuisse
2290 1615 2425 1651 calum-

1333 1658 1416 1694 niae
1439 1669 1550 1695 causa
1582 1659 1619 1694 in
1681 1668 1880 1694 ossessione
1914 1659 2097 1695 mulierem
2109 1660 2148 1702 ¹³,
2183 1660 2267 1705 quia
2302 1660 2371 1696 1100
2395 1660 2428 1696 81

1334 1714 1407 1739 000
1441 1703 1579 1747 1018801,
1614 1713 1638 1739 8
1663 1703 1782 1739 000110
1815 1703 2049 1740 hereditatem
2083 1704 2268 1740 institutus
2304 1704 2428 1741 heredi

1334 1759 1400 1785 800
1423 1749 1694 1795 locupletiorem
1715 1747 1949 1784 hereditatem
1973 1759 2077 1784 suain
2099 1749 2325 1795 relinqueret.
2363 1749 2427 1786 sed

1335 1797 1371 1830 et
1393 1794 1464 1830 hoc
1487 1794 1684 1839 imputatur
1706 1793 1856 1835 mulieri,
1881 1793 1978 1838 quod
2001 1793 2184 1829 deminuta
2207 1798 2293 1830 sunt
2314 1795 2428 1830 multa

1334 1839 1372 1874 10
1394 1839 1603 1881 110101111810,
1639 1838 1724 1874 dum
1757 1838 1816 1874 hic
1852 1839 2153 1884 contemplatione
2186 1839 2319 1875 ventris
2354 1850 2427 1876 non

1336 1887 1357 1920 9
1404 1884 1522 1937 attigit
1542 1883 1787 1919 hereditatem.
1835 1883 1936 1919 Idem
1969 1883 2130 1920 Iulianus
2162 1883 2253 1920 libro
2290 1884 2426 1922 decimo

1336 1939 1431 1965 nono
1456 1929 1672 1974 digestorum
1696 1929 1748 1964 sic
1772 1928 1840 1963 ait:
1866 1929 1896 1964 si
1920 1928 2135 1964 substitutus
2159 1934 2324 1966 manente
2346 1941 2424 1966 mu-

1335 1973 1420 2010 liere
1435 1974 1474 2010 in
1485 1974 1710 2020 possessione
1721 1973 1924 2016 decesserit,
1944 1973 2049 2010 110108
2062 1974 2137 2010 0108
2150 1974 2274 2011 eadem
2285 1975 2428 2011 actione

1338 2022 1379 2054 10
1450 2019 1579 2055 retium
1612 2017 1821 2054 hereditatis
1856 2029 1879 2054 a
1911 2018 2059 2054 muliere
2094 2019 2219 2072 exiget.
2279 2019 2349 2056 Sed
2380 2030 2427 2055 an

1336 2063 1423 2100 dece
1448 2067 1512 2100 ant
1534 2064 1652 2116 legata
1683 2068 1873 2109 ceteraque
1904 2073 2015 2099 onera
2043 2063 2271 2107 hereditatis,
2305 2064 2427 2101 viden-

1336 2109 1431 2144 dum.
1469 2112 1506 2145 et
1538 2109 1624 2144 mihi
1657 2108 1797 2144 videtur
1828 2118 1935 2154 posse
1970 2108 2040 2144 dici
2083 2108 2274 2154 legatarios
2307 2109 2427 2155 potius

1336 2165 1418 2190 cum
1440 2154 1588 2189 muliere
1606 2164 1736 2189 usuros
1756 2154 1825 2189 hac
1846 2153 1998 2196 actione,
2024 2153 2109 2199 (1018
2132 2158 2168 2190 01
2190 2154 2204 2190 1
2229 2164 2350 2191 sorum
2372 2155 2427 2190 in-

1339 2202 1376 2234 11
1429 2198 1653 2234 terfuitadiri
1669 2198 1915 2234 hereditatem.
1939 2198 2117 2234 Libertati
2130 2200 2157 2221 ¹⁴
2173 2210 2197 2245 p
2235 2209 2280 2235 ne
2299 2200 2426 2236 subve-

1335 2244 1504 2280 niendum
1528 2243 1595 2279 erit
1616 2243 1786 2279 adversus
1810 2253 1909 2286 eum,
1964 2243 2002 2278 ui
2024 2247 2173 2289 propter
2194 2244 2428 2281 hereditatem

1335 2289 1407 2325 hac
1430 2289 1572 2325 actione
1596 2288 1676 2334 egit,
1700 2288 1837 2324 scilicet
1859 2292 1900 2324 ut
1915 2254 2262 2325 fideicommissarias
2279 2294 2428 2335 cogatur

1335 2334 1367 2369 is
1390 2337 1593 2379 praestare,
1628 2333 1690 2378 qui
1721 2333 1877 2385 pretium
1899 2333 2023 2378 utique
2056 2333 2163 2368 etiam
2187 2344 2309 2370 eorum
2341 2345 2426 2371 con·

1337 2379 1516 2424 sequitur:
1550 2378 1614 2413 sed
1637 2382 1673 2414 et
1695 2377 1838 2413 directis
1863 2377 1969 2413 credo
1994 2382 2194 2423 praetorem
2217 2389 2428 2415 succurrere

1338 2427 1513 2469 oportere,
1537 2427 1579 2458 ut
1599 2423 1800 2458 interventu
1823 2433 1889 2458 suo
1912 2426 2058 2458 tueatur
2078 2433 2200 2459 eorum
2214 2424 2424 2460 libertatem.

1341 2471 1381 2504 12
1429 2467 1468 2504 Si
1498 2468 1601 2504 dolus
1632 2467 1726 2504 filiae
1761 2467 1915 2503 familias
1938 2468 2167 2504 intervenerit
2190 2473 2226 2505 et
2247 2469 2427 2515 particeps

1338 2512 1412 2549 doli
1433 2512 1543 2549 fuerit
1564 2516 1680 2559 pater,
1704 2523 1770 2549 suo
1794 2512 1935 2549 nomine
1958 2513 2146 2548 tenebitur.

1827 2651 1901 2689 VII
1910 2649 1950 2689 ¹⁵.

1702 2716 1763 2749 DE
1788 2715 2070 2749 concnnmis.

1388 2782 1406 2820 1
1449 2782 1643 2819 criminos
1675 2782 1766 2818 libro
1799 2780 1956 2818 secundo
1991 2781 2042 2817 ad
2075 2781 2187 2834 leqem
2224 2780 2358 2817 Iuliam
2393 2788 2427 2817 et

1339 2827 1494 2875 Papiam
1530 2827 1630 2872 Quae
1652 2827 1689 2862 in
1703 2827 1944 2863 concubinatu
1963 2830 2029 2869 est,
2047 2826 2094 2862 ab
2109 2826 2218 2862 invito
2235 2831 2386 2872 patrono
2400 2827 2427 2848 ¹⁰

1338 2874 1470 2926 poterit
1493 2872 1676 2908 discedere
1700 2876 1736 2907 et
1759 2872 1863 2907 alteri
1886 2882 1925 2908 se
1948 2875 2014 2907 aut
2034 2871 2347 2907 inmatrimonium
2363 2875 2426 2907 aut

1337 2929 1375 2953 in
1399 2918 1676 2954 concubinatum
1701 2916 1812 2952 dare?
1843 2927 1906 2969 ego
1931 2915 2073 2962 quidem
2095 2916 2209 2962 probo
2232 2916 2271 2951 in
2293 2926 2424 2952 concu-

1341 2963 1424 2999 bina
1446 2962 1673 2998 adimendum
1697 2963 1728 2997 ei
1752 2963 1964 3004 conubium,
1996 2961 2027 2998 si
2056 2966 2249 3007 patronum
2278 2961 2426 2997 invitum

1338 3008 1498 3051 deserat,
1529 3007 1660 3060 quippe
1690 3017 1771 3042 cum
1801 3006 1985 3043 honestius
2016 3006 2063 3042 sit
2085 3010 2237 3052 patrono
2261 3006 2425 3042 libertam

1343 3057 1356 3088 l
1407 3053 1643 3089 concubinam
1666 3062 1773 3097 quam
1796 3056 1946 3088 matrem
1967 3051 2120 3087 familias
2143 3051 2286 3087 habere.
2335 3050 2426 3087 Cum

1339 3098 1506 3134 Atilicino
1541 3097 1658 3133 sentio.
1691 3100 1728 3133 et
1761 3101 1849 3142 puto
1886 3097 1982 3133 solas
2016 3107 2077 3132 eas
2112 3096 2150 3131 in
2182 3096 2426 3132 concubinatu

1339 3143 1471 3179 habere
1484 3143 1512 3164 ¹⁷
1541 3151 1648 3188 posse
1679 3142 1755 3177 sine
1778 3146 1875 3178 metu
1899 3141 2064 3184 criminis,
2088 3141 2125 3177 in
2149 3150 2237 3186 quas
2261 3145 2319 3176 stu
2346 3151 2426 3177 rum

1340 3190 1359 3223 2
1406 3198 1479 3223 non
1503 3187 1745 3223 committitur.
1794 3187 1861 3231 Qui
1892 3191 2010 3222 autem
2035 3186 2238 3222 damnatam
2261 3151 2426 3222 adifiterii

1338 3232 1375 3268 in
1399 3232 1640 3268 concubinatu
1663 3232 1799 3274 habuit,
1824 3242 1897 3267 non
1919 3236 2006 3277 puto
2039 3231 2116 3276 lege
2139 3230 2230 3266 Iulia
2254 3230 2298 3266 de
2321 3230 2423 3266 adul-

1338 3277 1435 3313 teriis
1458 3277 1584 3318 teneri,
1609 3277 1779 3322 quamvis,
1803 3277 1835 3313 si
1855 3286 2004 3312 uxorem
2028 3286 2106 3312 eam
2130 3275 2300 3318 duxisset,
2325 3279 2423 3311 tene·

1339 3325 1358 3358 3
1405 3325 1514 3358 retur.
1551 3321 1590 3357 Si
1612 3332 1684 3373 qua
1701 3323 1738 3357 in
1754 3322 1895 3367 patroni
1909 3321 1979 3356 fuit
1998 3321 2248 3363 concubinatu,
2263 3320 2423 3357 deinde¹⁸

1338 3366 1401 3402 filii
1424 3377 1501 3403 esse
1525 3371 1643 3412 coepit
1664 3367 1719 3403 vel
1741 3367 1779 3402 in
1802 3367 1960 3412 nepotis,
1985 3366 2038 3401 vel
2063 3370 2206 3408 contra,
2238 3375 2310 3401 non
2332 3369 2420 3411 puto

1339 3422 1416 3447 eam
1440 3415 1537 3447 recte
1559 3411 1689 3453 180010,
1714 3412 1797 3457 quia
1820 3421 1931 3457 prope
1944 3411 1971 3433 ¹⁹
1995 3410 2133 3446 nefaria
2148 3414 2203 3446 est
2221 3409 2422 3446 huiusmodi

1341 3524 1539 3557 hereditatis
1553 3524 1602 3557 [ἲἰ

1387 3571 1444 3611 (15)
1470 3570 1534 3603 Ed.
1548 3577 1571 3603 1.
1586 3577 1624 3610 2,·
1649 3569 1728 3602 Saea.
1743 3576 1791 3622 3;·
1804 3568 1890 3613 Pap.
1903 3576 1928 3602 4.
1943 3577 1969 3603 5.
2008 3587 2035 3592 —
2059 3569 2143 3621 Bas.
2158 3571 2212 3611 60,
2225 3576 2272 3604 3¹1.
2295 3587 2342 3594 —
2369 3569 2419 3622 qs

1346 3614 1423 3648 cod.
1437 3616 1470 3655 5,
1483 3621 1519 3648 28
1601 3616 1660 3654 (18)
1686 3624 1765 3646 num
1778 3626 1837 3647 ms.
1931 3615 1988 3655 (Π)
2013 3612 2130 3646 haberi
2144 3615 2215 3648 edd.
2309 3615 2368 3656 (18)
2381 3622 2418 3646 ιιι

1590 3660 1650 3699 (19)
1675 3669 1785 3701 propo
1803 3659 1836 3691 F

1551 114 1593 146 SI
1620 115 1824 148 vlm'rms.
1857 116 1899 148 SI
1926 116 2114 150 m.
2140 119 2202 150 DE
2233 120 2424 155 CONG'UB.
2493 88 2519 130 ᾖ
