2528 3918
0 0 149 9 -—---ffl
160 0 164 2 >

74 168 84 207 ᾗ
127 165 187 196 DE
217 164 595 197 SEPARATIOMBUS

127 280 146 312 5
193 275 315 312 iubeat
347 286 427 312 eum
458 275 546 312 nihil
577 275 746 311 minuere.
794 274 896 320 Quod
927 274 959 310 si
990 285 1056 311 nec
1087 274 1210 328 inopia

125 321 347 358 laborantem
379 331 460 357 eum
492 320 685 357 creditores
710 320 898 356 ostendere
921 321 1122 365 potuerint,
1154 331 1208 355 in-

124 366 296 403 iuriarum
320 367 461 403 actione
484 366 516 403 ei
538 366 765 402 tenebuntur.

171 410 224 450 32
251 412 305 447 PA
315 422 409 448 vsvs
436 412 527 448 libro
555 411 738 457 sinqulari
763 410 973 457 reqularum
1021 410 1210 456 Privilegia

125 469 196 493 non
216 468 259 493 ex
277 461 347 493 tem
375 467 436 493 ore
453 456 697 498 aestimantur,
722 455 785 491 sed
804 466 846 490 ex
865 466 986 498 causa,
1011 459 1047 491 et
1067 455 1097 491 si
1115 455 1207 492 eius-

125 503 202 539 dem
226 503 320 538 tituli
362 505 500 544 uerunt,
525 504 755 544 concurrunt,
780 501 862 536 licet
880 500 1102 537 diversitates
1120 504 1208 537 tem-

125 548 221 594 poris
244 548 281 583 in
305 548 360 584 his
384 547 527 582 fuerint.

170 591 222 631 33
255 592 449 629 Uipsanas
476 592 566 628 libro
592 593 697 627 tertio
721 591 931 638 reqularum
985 591 1023 627 Si
1051 591 1208 637 pupillus

124 650 168 674 ex
192 641 379 674 contractu
403 648 468 673 suo
492 648 565 673 non
588 636 801 673 defendatur
830 636 982 681 ideoque
1012 637 1108 672 bona
1132 637 1208 672 eius

126 683 317 719 creditores
338 683 525 735 possidere
550 682 749 728 coeperint,
777 682 970 718 deminutio
994 693 1039 718 ex
1063 682 1119 717 his
1144 682 1207 717 bo-

131 734 138 762 Ι
192 729 247 763 nis
271 728 346 763 fieri
372 728 478 763 debet
500 727 666 763 vescendi
689 727 815 772 pupilli
840 738 961 762 causa.
1007 727 1209 763 Defendere

124 773 317 809 debitorem
342 773 435 808 sicut
458 776 551 815 ante,
577 783 682 818 quain
708 773 802 808 bona
825 772 902 808 eius
927 772 1206 817 possiderentur,

124 819 222 861 licet,
254 819 306 853 ita
336 822 419 864 post
449 819 624 854 bonorum
672 829 788 863 uoque
812 818 1072 863 possessionem
1096 818 1171 853 eius
1186 819 1207 860 ¹,

123 865 195 899 sive
217 864 294 909 ipse
318 864 391 906 sui,
425 863 497 899 sive
528 863 619 899 alius
676 863 892 899 efensionem
923 863 998 898 eius
1023 863 1206 908 suscipiat,

122 909 227 944 debet
249 908 442 952 satisdare,
473 912 513 944 ut
542 908 774 944 satisdatione
803 908 1014 953 interposita
1037 908 1206 944 iudicium

123 954 198 990 acci
225 954 320 990 iatur
343 958 380 990 et
402 964 424 989 a
446 954 673 1000 possessione
697 954 912 989 discedatur.

168 998 191 1037 3
244 1000 482 1036 Minouivvs
502 1000 593 1035 libro
614 1000 739 1045 quinto
759 999 969 1046 reqularum
1009 999 1111 1044 Quod
1128 999 1206 1044 quis

123 1046 221 1081 navis
245 1044 476 1081 fabricandae
499 1045 553 1080 vel
577 1045 747 1080 emendae
770 1045 824 1080 vel
850 1044 1042 1081 armandae
1074 1044 1129 1080 vel
1152 1045 1205 1079 in-

122 1091 311 1127 struendae
336 1101 445 1126 causa
468 1090 546 1125 vel²
571 1101 640 1136 quo
668 1102 713 1126 uo
738 1090 843 1126 modo
869 1089 1058 1126 crediderit
1081 1090 1136 1125 vel
1161 1091 1206 1125 ob

122 1146 244 1172 navem
269 1136 445 1172 venditam
466 1138 576 1181 petat,
601 1136 648 1171 ha
676 1139 710 1171 et
727 1136 948 1181 privilegium
969 1138 1051 1181 post
1068 1135 1205 1171 fiscum.

167 1180 219 1219 35
244 1181 352 1217 Imm
377 1181 467 1218 libro
492 1181 674 1228 sinqulari
695 1182 745 1216 ad
766 1182 964 1226 formulam
989 1180 1206 1227 hypotheca-

122 1228 212 1262 riam
259 1227 371 1269 Eum,
405 1226 466 1271 qui
496 1226 533 1261 in
563 1226 825 1271 possessionem
855 1226 983 1261 missus
1016 1227 1086 1261 sit³
1118 1226 1205 1268 eius,

123 1273 180 1317 qui
206 1272 256 1308 rei
279 1271 447 1324 publicae
472 1282 582 1307 causa
606 1271 708 1315 afuit,
734 1272 764 1306 si
788 1272 995 1317 apparuerit
1019 1282 1099 1307 eum
1124 1271 1205 1306 dolo

122 1318 214 1353 malo
238 1328 289 1353 rei
312 1317 478 1362 publicae
503 1327 613 1352 causa
637 1317 782 1360 abesse,
815 1318 891 1352 iure
921 1317 957 1351 in
980 1316 1207 1362 possessione

120 1373 197 1398 esse
221 1363 351 1409 placet,
376 1362 489 1398 donec
511 1362 861 1398 solidum'solvatur:
888 1373 967 1397 eum
989 1366 1119 1404 autem,
1145 1363 1206 1406 qui

120 1419 238 1444 rerum
261 1408 354 1451 eius,
389 1407 449 1452 qui
483 1407 559 1443 sine
590 1407 672 1443 dolo
704 1408 797 1442 malo
829 1407 880 1442 rei
904 1408 1070 1453 publicae
1095 1418 1207 1443 causa

120 1453 224 1496 afuit,
254 1454 290 1489 in
322 1453 584 1499 possessionem
615 1452 744 1488 missus
773 1453 837 1496 sit,
871 1453 998 1498 pignus
1023 1464 1094 1489 non
1121 1464 1205 1488 con-

120 1499 260 1535 trahere
286 1502 321 1534 et
343 1498 424 1534 ideo
449 1498 632 1534 discedere
657 1501 822 1543 oportere
846 1498 888 1533 de
912 1499 1150 1544 possessione.

165 1542 218 1582 36
251 1544 445 1580 ULPIANUS
471 1544 562 1580 libro
592 1545 871 1590 quadraqesz'mo
904 1545 1029 1590 quinto
1061 1544 1111 1579 ad
1138 1543 1205 1579 Sa-

119 1591 239 1626 binum
286 1590 392 1632 Eum,
418 1590 477 1634 qui
503 1589 599 1625 circa
618 1589 801 1625 columnas
821 1599 858 1625 se
877 1590 1043 1633 occultet,
1068 1592 1108 1624 ut
1128 1600 1204 1625 cre-

119 1636 267 1672 ditorem
291 1635 416 1677 evitet,
443 1635 586 1670 latitare
609 1635 747 1679 placet:
780 1646 862 1670 nam
887 1638 923 1670 et
947 1645 1038 1678 eum,
1065 1635 1125 1680 qui
1149 1645 1204 1670 re-

119 1681 230 1724 cedit,
270 1681 338 1716 hoc
370 1683 426 1716 est
455 1680 539 1726 qui⁴
571 1679 800 1725 supterfugit,
833 1690 878 1715 ne
909 1691 1029 1716 secum
1062 1681 1206 1725 aliqua-'¹

119 1727 211 1762 actio
243 1730 447 1768 moveatur,
479 1725 621 1761 latitare
656 1726 792 1771 placet:
828 1727 927 1761 tam⁰
960 1729 995 1761 et
1026 1726 1085 1771 qui
1117 1726 1206 1761 urbe

118 1771 291 1817 profugit,
316 1771 438 1816 utique
462 1770 654 1806 fraudandi
679 1781 805 1806 causa:
838 1781 904 1807 nec
929 1772 1022 1806 enim
1045 1771 1204 1813 interest,

118 1817 213 1862 quod
245 1817 374 1852 attinet
405 1817 451 1852 ad
482 1816 714 1859 latitandum,
747 1820 867 1852 utrum
898 1817 975 1861 quis
1007 1816 1206 1862 profugerit

119 1873 165 1898 an
189 1873 271 1898 vero
296 1862 432 1898 Romae
456 1872 565 1907 agens
590 1861 730 1906 copiam
755 1862 810 1897 sui
833 1873 906 1897 non
929 1862 1027 1897 facit.

165 1905 217 1946 37
249 1907 496 1943 PAPJNJAivus
530 1907 620 1943 libro
653 1906 788 1942 decimo
820 1918 1075 1954 responsorum
1129 1907 1203 1942 An-

118 1953 352 1990 tiochensium
384 1952 511 1989 Coelae
541 1952 664 1999 Syriae
697 1952 845 1995 civitati,
881 1953 975 1997 quod
1008 1953 1108 1998 '¹lege
1140 1963 1206 1988 sua

118 1998 338 2045 privilegium
366 1998 403 2033 iii
433 1998 537 2034 bonis
567 1997 727 2033 defuncti
758 1997 928 2034 debitoris
958 1999 1117 2044 accepit,
1149 1998 1204 2034 ius

117 2043 351 2090 persequendi
375 2043 558 2089 pignoris⁸
582 2043 713 2078 durare
738 2043 909 2079 constitit.

163 2087 216 2128 38
242 2089 400 2125 PAULUs
421 2089 512 2125 libro
530 2089 653 2135 primo
676 2090 933 2124 sententiarum
985 2088 1095 2125 Bonis
1120 2099 1203 2124 ven-

121 2138 132 2169 1
185 2134 269 2170 ditis
284 2134 511 2186 excipiuntur
525 2134 725 2170 concubina
742 2137 778 2170 et
793 2133 897 2170 liberi
912 2135 1106 2171 naturales.
1132 2134 1204 2170 Res

118 2180 261 2260 publifca
282 2179 450 2215 creditrix
470 2179 633 2216 omnibus
652 2179 950 2225 chirographariis
968 2179 1204 2216 creditoribus

143 2236 204 2261 rae
221 2229 329 2261 ertur.

119 2237 141 2271 p
164 2268 217 2309 39
249 2270 358 2306 IDEM
390 2269 480 2306 libro
513 2272 638 2316 quinto
669 2270 927 2306 sententiarum
981 2270 1144 2315 Pupillus
1176 2271 1205 2306 si

119 2327 190 2352 non
214 2314 443 2358 defendatur,
475 2315 769 2361 in=possessione
803 2315 1038 2352 creditoribus
1072 2316 1204 2351 consti-

119 2362 204 2397 tutis
233 2361 429 2398 minoribus
440 2362 464 2405 ⁹,
503 2372 547 2396 ex
580 2362 635 2397 his
665 2371 779 2406 usque
808 2361 853 2396 ad
882 2361 1106 2406 pubertatem
1140 2362 1203 2396 ali-

124 2410 134 2442 1
186 2410 305 2442 menta
333 2406 550 2452 praestanda
579 2409 673 2443 sunt.
730 2406 839 2449 Eius,
873 2406 933 2450 qui
964 2407 1009 2442 ab
1039 2406 1204 2443 hostibus

119 2456 246 2498 eaptus
275 2455 346 2495 est,
379 2452 474 2488 bona
502 2453 622 2488 venire
653 2462 726 2487 non
754 2456 924 2497 possunt,
952 2451 1124 2498 'quamdiu
1148 2464 1204 2488 re-

119 2501 289 2534 vertatur.

606 2635 662 2674 Vl
673 2635 713 2676 ¹⁰.

422 2702 484 2734 DE
508 2700 902 2734 SEPARATIONIBUS.

167 2767 185 2806 1
221 2768 415 2805 [limnas
435 2767 526 2803 libro
550 2767 803 2814 seoeaqensimo
826 2770 957 2814 quarto
982 2767 1031 2803 ad
1049 2767 1202 2803 edictum

119 2813 308 2850 Sciendum
331 2816 386 2849 est
410 2812 670 2857 separationem
701 2812 815 2848 solere
845 2812 1028 2858 impetrari
1058 2812 1203 2849 decreto

123 2862 134 2894 1
211 2858 373 2896 raetoris.
424 2857 522 2892 Solet
552 2861 669 2892 autem
700 2858 879 2902 separatio
908 2858 1063 2903 permitti
1089 2858 1201 2899 credi-

118 2870 256 2940 torissus
281 2914 324 2939 ex
347 2903 402 2938 his
428 2902 562 2937 causis:
587 2906 627 2937 ut
650 2906 738 2947 puta
762 2902 957 2939 debitorem
982 2903 1061 2948 quis
1083 2902 1203 2938 Seium

118 2948 263 2985 habuit:
287 2949 346 2984 hic
371 2947 541 2984 decessit:
566 2947 669 2984 heres
694 2947 727 2983 ei
751 2948 867 2983 extitit
888 2948 1023 2984 Titius:
1048 2948 1107 2984 hic
1131 2959 1202 2984 non

120 2997 173 3029 est
204 2993 390 3030 solvendo:
423 2992 558 3039 patitur
589 2992 764 3028 bonorum
795 2993 1050 3029 venditionem:
1089 2993 1202 3029 credi-

119 3045 214 3075 tores
238 3039 309 3075 Seii
333 3038 458 3074 dicunt
480 3038 576 3073 bona
600 3037 670 3072 Seii
699 3037 864 3074 sufficere
889 3038 973 3081 sibi,
1008 3038 1202 3075 creditores

120 3085 203 3119 Titii
227 3086 413 3120 contentos
438 3093 516 3118 esse
547 3082 675 3117 debere
703 3083 805 3118 bonis
831 3083 917 3119 Titii
949 3087 985 3119 et
1015 3083 1068 3119 sic
1099 3084 1203 3129 quasi

119 3129 269 3165 duorum
292 3128 370 3164 fieri
393 3129 569 3165 bonorum
589 3127 834 3164 venditionem.
871 3128 948 3164 fieri
964 3128 1055 3165 enim
1071 3133 1201 3174 potest,

120 3178 159 3209 ut
183 3174 283 3210 Seius
316 3173 457 3219 quidem
487 3172 653 3208 solvendo
685 3171 793 3208 fuerit
823 3175 1050 3219 potueritque
1073 3174 1160 3210 satis
1175 3176 1201 3197 ¹¹

120 3218 353 3255 creditoribus
377 3218 451 3254 suis
475 3218 531 3254 vel
555 3218 606 3252 ita
630 3217 739 3253 semel
752 3219 789 3261 ¹²,
822 3219 888 3254 etsi
917 3230 989 3255 non
1013 3220 1050 3254 in
1074 3229 1201 3263 assem,

117 3264 154 3299 in
178 3264 313 3309 aliquid
335 3267 455 3299 tamen
473 3263 690 3306 satisfacere,
714 3262 878 3299 admissis
895 3268 1014 3300 autem
1034 3265 1201 3300 commix-

118 3310 233 3361 tisque
270 3308 505 3344 creditoribus
538 3307 622 3343 Titii
636 3308 663 3330 ¹³
697 3307 815 3344 minus
854 3308 924 3344 sint
963 3309 1201 3353 consecuturi,

119 3365 202 3398 quia
232 3354 291 3389 ille
321 3364 394 3389 non
425 3356 480 3389 est
511 3353 677 3389 solvendo
702 3355 765 3388 aut
786 3353 901 3389 minus
926 3358 1201 3400 consequantur,

119 3399 202 3444 quia
224 3398 345 3446 plures
369 3402 454 3435 sunt
475 3398 534 3434 hic
547 3399 586 3434 ¹⁴.
635 3401 689 3434 est
717 3397 824 3442 igitur
847 3399 1099 3443 aequissimum
1124 3410 1201 3436 cre-

120 3514 157 3554 (i)
182 3511 264 3555 eius]
286 3513 318 3545 et
336 3524 398 3546 scr.
420 3511 579 3553 (similiter
603 3511 784 3552 Goudsmit)
900 3512 943 3554 (2)
968 3511 1021 3546 vel
1041 3514 1104 3547 del.
1126 3514 1199 3547 edd.

120 3561 160 3597 (3)
185 3567 297 3590 rerum
317 3558 377 3591 ins.
400 3558 471 3592 edd.
611 3558 652 3598 (4)
679 3555 749 3599 qui]
773 3557 812 3589 ut
829 3556 865 3589 F
995 3558 1038 3600 (5)
1062 3558 1130 3591 alia
1148 3558 1201 3592 F2

120 3605 163 3644 (6)
187 3604 255 3635 tam
267 3603 328 3636 del.
423 3603 465 3643 (7)
490 3601 531 3635 de
543 3603 603 3636 ins.
616 3600 668 3635 F²
761 3602 805 3643 (8)
830 3601 883 3633 ius
895 3603 1115 3645 persequendi
1125 3604 1199 3647 pig-

119 3647 210 3680 noris
222 3647 283 3680 del.
378 3649 421 3687 (9)
447 3646 644 3690 minoribus]
658 3646 821 3680 bonorum
833 3646 903 3679 eius
915 3658 976 3680 scr.

165 3693 223 3733 (io)
248 3691 358 3730 Ed.i;
383 3692 469 3735 Pap.
483 3699 568 3731 2...⁵;
594 3691 676 3725 Sab.
691 3699 719 3726 s.
734 3699 819 3726 7.-
840 3691 924 3725 Bas.
939 3693 971 3734 9,
985 3700 1011 3735 τ,
1025 3700 1201 3728 semu.—

124 3737 172 3779 Cs-
192 3737 270 3770 cod.
283 3737 316 3779 7,
329 3743 364 3771 ¹12
461 3737 517 3775 (11)
540 3736 620 3769 satis
632 3734 706 3778 del„
724 3736 831 3770 facere
845 3738 903 3770 ins.
918 3736 971 3770 Γ*
1069 3739 1128 3780 (12)
1152 3738 1200 3771 ita

119 3780 228 3825 semel]
241 3782 277 3814 in
291 3791 393 3814 assem
405 3780 456 3815 vel
471 3781 639 3816 Heraldus
716 3783 774 3825 (13)
798 3781 824 3814 ii
843 3783 903 3815 im.
984 3783 1042 3826 (14)
1067 3785 1127 3817 aut
1137 3783 1199 3816 mi—

1197 147 1283 195 675

2031 155 2244 198 XXXXII
2274 159 2310 200 5.
2338 158 2363 198 6

1279 274 1410 310 ditores
1440 273 1512 310 Seii
1543 273 1786 311 desiderantes
1818 277 2077 322 separationem
2105 279 2220 315 audiri
2252 280 2363 326 impe-

1278 323 1444 364 trareque
1468 329 1491 354 a
1502 323 1696 399 dpraetore,
1728 324 1769 354 ut
1792 322 1982 366 separatim
2007 328 2177 368 quantum
2191 327 2218 347 ¹⁶
2243 326 2360 362 cuius-

1278 367 1298 399 2
1371 374 1415 400 ue
1441 375 1499 400 cre
1525 364 1675 399 itoribus
1700 370 1912 409 praestetur.
1958 368 2014 403 Ex
2040 370 2219 406 contrario
2243 375 2362 407 autem

1279 420 1339 445 cre
1365 410 1473 445 itores
1498 409 1584 444 Titii
1608 420 1679 444 non
1703 410 1944 455 impetrabunt
1969 415 2247 459 separationem:
2280 428 2362 452 nam

1278 455 1362 490 licet
1391 454 1499 490 alicui
1527 454 1714 489 adiciendo
1745 456 1812 490 sibi
1845 458 2051 493 creditorem
2088 461 2274 496 creditoris
2308 463 2363 497 sui

1278 500 1399 535 facere
1428 499 1640 535 deteriorem
1670 499 1925 537 condicionem.
1973 505 2111 547 atqui¹⁶
2139 506 2247 550 igitur
2274 507 2363 542 adiit

1278 545 1511 581 hereditatem
1536 545 1707 580 debitoris
1730 546 1816 588 mei,
1847 557 1917 581 non
1941 547 2049 583 faciet
2072 560 2185 585 meam
2210 551 2360 587 deterio-

1278 600 1352 626 rem
1377 590 1619 642 condicionem
1643 590 1819 632 adeundo,
1845 591 1928 635 quia
1952 593 2035 627 licet
2057 594 2142 629 mihi
2166 597 2362 648 separatio-

1278 645 1357 671 nem
1382 639 1591 681 impetrare‚
1622 645 1707 671 suos
1738 646 1821 671 vero
1853 637 2044 672 creditores
2070 646 2245 683 oneravit,
2278 642 2361 677 dum

1278 680 1366 715 adiit
1382 680 1615 716 hereditatem
1634 690 1726 726 quae
1744 680 1910 716 solvendo
1929 693 1999 717 non
2018 687 2079 725 est,
2106 696 2170 720 nec
2194 690 2362 730 poterunt

1279 729 1298 761 3
1347 726 1539 761 creditores
1560 726 1637 761 eius
1658 726 1919 771 separationem
1938 727 2140 771 impetrare.
2175 731 2362 767 Sciendum

1279 774 1334 806 est
1363 774 1500 813 autem,
1532 771 1671 806 etiamsi
1701 771 1859 816 obligata
1888 782 1945 807 res
1971 783 2048 808 esse
2071 780 2292 819 proponatur
2316 778 2361 812 ab

1278 815 1407 852 herede
1430 816 1508 851 iure
1531 816 1690 869 pignoris
1713 817 1765 852 vel
1791 817 2024 869 hypothecae,
2050 823 2215 862 attamen,
2245 822 2275 857 si
2298 823 2360 858 he-

1278 861 1447 896 reditaria
1470 861 1549 903 fuit,
1574 872 1652 896 iure
1670 862 1905 906 separationis
1924 863 2178 908 hypothecario
2198 866 2362 902 creditori

1276 907 1452 952 potiorem
1479 917 1557 942 esse
1582 917 1679 948 euin,
1711 907 1771 952 qui
1795 908 2056 952 separationem
2081 909 2297 954 impetravit:
2329 917 2363 947 et

1277 956 1297 987 4
1345 953 1396 987 ita
1414 952 1564 987 Severus
1583 956 1620 987 et
1636 952 1839 987 Antoninus
1860 953 2130 997 rescripserunt.
2168 955 2236 992 Sed
2257 957 2362 992 etiam

1277 997 1447 1033 adversus
1472 997 1597 1032 fiscum
1621 1001 1658 1032 et
1681 998 1876 1042 municipes
1900 998 2152 1043 impetraretur
2165 1001 2190 1021 ¹⁷
2219 1012 2362 1046 separa-

1277 1046 1296 1077 5
1346 1043 1407 1078 tio.
1456 1042 1663 1087 Quaesitum
1696 1046 1767 1086 est,
1802 1053 1848 1077 an
1879 1042 2057 1078 interdum
2088 1044 2192 1079 etiam
2224 1047 2362 1085 heredis

1279 1088 1472 1124 creditores
1504 1092 1657 1132 possunt
1684 1089 1946 1133 separationem
1970 1089 2177 1133 impetrare,
2210 1091 2239 1126 si
2272 1091 2363 1127 forte

1277 1134 1334 1169 ille
1370 1133 1408 1168 in
1446 1133 1609 1168 fraudem
1648 1134 1806 1179 ipsorum
1845 1133 1973 1169 adierit
2011 1134 2252 1170 hereditatem.
2302 1138 2363 1173 sed

1277 1179 1412 1213 nullum
1438 1178 1629 1214 remedium
1654 1183 1708 1214 est
1732 1179 1930 1223 proditum:
1965 1179 2033 1215 sibi
2062 1181 2154 1214 enim
2178 1181 2362 1226 imputent,

1277 1225 1337 1269 qui
1370 1235 1451 1259 cum
1481 1224 1544 1259 tali
1577 1228 1850 1260 contraxerunt:
1889 1225 1958 1260 nisi
1996 1225 2026 1260 si
2065 1230 2167 1260 extra
2206 1227 2363 1262 ordinem

1277 1274 1444 1314 putamus
1475 1273 1677 1314 praetorem
1708 1270 1878 1305 adversus
1911 1270 2139 1305 calliditatem
2173 1271 2247 1306 eius
2279 1273 2361 1307 sub-

1277 1315 1494 1360 venire,·qui
1517 1315 1624 1350 talem
1649 1315 1811 1350 fraudem
1836 1319 2056 1351 commentus
2081 1320 2151 1350 est:
2179 1317 2272 1360 quod
2292 1329 2363 1353 non

1280 1365 1299 1396 6
1348 1360 1453 1396 facile
1477 1361 1669 1395 admissum
1694 1365 1760 1396 est.
1809 1361 1879 1396 Sed
1904 1361 1934 1396 si
1961 1361 2039 1405 quis
2070 1366 2271 1406 suspectam
2302 1363 2362 1398 he-

1276 1406 1462 1441 reditatem
1488 1406 1610 1441 dicens
1635 1406 1841 1451 compulsus
1865 1406 1974 1441 fuerit
1998 1405 2096 1441 adire
2120 1411 2156 1441 et
2176 1407 2363 1444 restituere

1276 1451 1528 1495 hereditatem,
1559 1450 1686 1486 deinde
1709 1462 1781 1486 non
1805 1452 1851 1486 sit
1875 1452 1932 1486 cui
1956 1452 2137 1495 restituat,
2169 1462 2212 1487 ex
2237 1454 2363 1497 quibus

1277 1498 1463 1532 casibus¹⁸
1487 1497 1579 1532 solet
1602 1497 1671 1531 hoc
1695 1496 1846 1532 evenire.
1895 1500 1930 1531 et
1961 1497 2030 1541 ipsi
2062 1497 2202 1541 quidem
2227 1497 2362 1534 deside-

1276 1542 1369 1577 ranti
1405 1542 1569 1578 succurri
1604 1542 1671 1577 sibi
1703 1542 1873 1577 adversus
1906 1543 2099 1578 creditores
2132 1543 2362 1580 hereditarios

1277 1588 1543 1623 subveniemus:
1568 1588 1638 1623 hoc
1664 1590 1698 1622 et
1717 1587 1818 1623 divus
1835 1587 1921 1622 Pius
1939 1588 2134 1632 rescripsit,
2160 1592 2200 1623 ut
2218 1589 2364 1633 perinde

1277 1633 1458 1668 testatoris
1489 1634 1585 1669 bona
1619 1633 1797 1675 venirent,
1837 1636 1945 1677 atque
1982 1633 2011 1668 si
2050 1633 2148 1668 adita
2184 1634 2362 1669 hereditas

1277 1689 1348 1714 non
1371 1678 1509 1714 fuisset.
1560 1678 1795 1714 creditoribus
1820 1688 1961 1723 quoque
1990 1678 2191 1713 huiusmodi
2223 1679 2363 1714 heredis

1277 1724 1563 1759 desiderantibus
1587 1724 1657 1759 hoc
1677 1724 1770 1759 idem
1792 1723 2045 1768 praestandum
2063 1728 2162 1768 puto,
2188 1724 2271 1759 licet
2287 1725 2363 1769 ipse

1276 1781 1347 1805 non
1373 1769 1597 1812 desideravit,
1623 1773 1663 1804 ut
1687 1769 1789 1814 quasi
1814 1769 1993 1815 separatio
2014 1769 2187 1814 quaedam
2204 1775 2362 1823 praeste-

1276 1819 1293 1849 7
1344 1818 1414 1850 tur.
1457 1815 1546 1850 Item
1571 1815 1764 1857 videamus,
1791 1815 1821 1849 si
1845 1815 1922 1859 quis
1947 1815 2049 1850 heres
2074 1818 2215 1859 parenti
2239 1815 2362 1850 extite-

1275 1861 1332 1903 rit,
1358 1871 1439 1895 cum
1465 1864 1558 1896 esset
1580 1860 1760 1905 impubes,
1786 1859 1915 1895 deinde
1938 1859 2032 1894 intra
2054 1861 2278 1904 pubertatem
2303 1860 2362 1896 de-

1276 1906 1424 1942 cesserit
1453 1909 1488 1940 et
1517 1905 1701 1940 substituti
1733 1906 1829 1941 bona
1860 1908 2032 1947 veneant,
2073 1906 2133 1949 qui
2169 1906 2363 1950 impuberis

1276 1951 1509 1987 hereditatem
1535 1951 1641 1995 adiit,
1672 1961 1718 1986 an
1741 1951 1856 1996 patris
1881 1950 2073 1986 creditores
2098 1950 2237 1995 possint
2259 1961 2362 1995 sepa-

1275 1997 1448 2032 rationem
1467 1997 1514 2031 im
1543 2000 1670 2032 etrare.
1709 2000 1746 2031 et
1762 1999 1848 2042 puto
1865 2006 1990 2041 posse:
2014 1996 2084 2031 hoc
2105 1995 2256 2040 amplius
2275 2000 2362 2041 puto

1275 2042 1381 2077 etiam
1413 2042 1510 2087 impu
1540 2043 1607 2078 eris
1642 2042 1836 2077 creditores
1867 2051 1975 2087 posse
2006 2041 2269 2086 separationem
2300 2041 2363 2076 ad-

1276 2090 1295 2122 8
1343 2098 1467 2123 versus
1493 2087 1686 2123 creditores
1711 2086 1852 2123 heredis
1877 2087 1953 2122 eius
1976 2086 2180 2132 impetrare.
2228 2086 2361 2130 Secun-

1276 2132 1359 2167 dum
1390 2133 1480 2168 haec
1510 2132 1707 2177 videamus,
1740 2132 1770 2168 si
1800 2131 1940 2167 Primus
1966 2131 2169 2167 Secundum
2198 2131 2363 2167 heredem

1275 2178 1468 2223 scripserit,
1495 2177 1682 2214 Secundus
1703 2177 1864 2213 Tertium
1888 2180 1925 2213 et
1943 2177 2055 2213 Tertii
2080 2178 2175 2213 bona
2198 2181 2362 2219 veneant,

1275 2223 1336 2269 qui
1371 2224 1564 2259 creditores
1601 2223 1742 2269 possint
1778 2222 2041 2268 separationem
2080 2222 2280 2267 impetrare.
2329 2226 2364 2257 et

1274 2272 1414 2315 putem,
1453 2269 1483 2304 si
1516 2269 1658 2314 quidem
1690 2268 1802 2304 Primi
1838 2268 2031 2303 creditores
2060 2271 2202 2313 petant,
2241 2267 2363 2312 utique

1274 2314 1471 2350 audiendos
1490 2318 1527 2350 et
1546 2314 1716 2350 adversus
1736 2313 1890 2349 Secundi
1911 2318 1948 2349 et
1966 2313 2135 2349 adversus
2152 2312 2265 2348 Tertii
2285 2323 2361 2348 cre-

1275 2360 1427 2399 ditores:
1460 2360 1490 2395 si
1514 2370 1598 2395 vero
1623 2359 1777 2395 Secundi
1802 2358 1994 2395 creditores
2019 2362 2162 2404 petant,
2194 2358 2360 2394 adversus

1275 2399 1386 2448 Tfltii
1418 2405 1540 2450 utique
1572 2415 1633 2441 eos
1666 2405 1857 2450 impetrare
1889 2414 2013 2449 posse,
2051 2403 2222 2439 adversus
2252 2402 2361 2438 Primi

1274 2454 1394 2486 autem
1418 2461 1490 2486 non
1510 2461 1629 2495 posse.
1665 2450 1701 2485 in
1721 2460 1859 2486 summa
1878 2449 1988 2484 Primi
2008 2449 2149 2494 quidem
2169 2448 2360 2484 creditores

1274 2496 1444 2532 adversus
1469 2506 1590 2531 omnes
1613 2495 1661 2530 im
1689 2498 1805 2530 etrare
1855 2498 1979 2530 ossunt
2002 2494 2273 2540 separationem,
2298 2493 2360 2529 Se-

1275 2541 1383 2577 cundi
1407 2540 1601 2576 creditores
1624 2551 1647 2576 a
1673 2550 1795 2576 versus
1818 2506 1929 2575 P'rimi
1951 2551 2023 2575 non
2047 2543 2209 2584 possunt,
2238 2538 2359 2574 adver-

1275 2590 1295 2622 9
1343 2597 1403 2622 sus
1424 2586 1537 2622 Tertii
1555 2590 1719 2632 possunt.
1757 2586 1794 2621 Si
1817 2585 1880 2620 filii
1903 2585 2056 2620 familias
2080 2584 2175 2620 bona
2198 2587 2359 2625 veneant,

1275 2632 1335 2677 qui
1359 2635 1539 2667 castrense
1589 2631 1741 2667 eculium
1765 2631 1884 2673 habet,
1910 2641 1956 2665 an
1980 2641 2018 2666 se
2046 2629 2160 2665 aratio
2184 2628 2248 2665 fiat
2267 2629 2361 2664 inter

1275 2680 1476 2713 castrenses
1501 2643 1695 2713 creditores
1720 2680 1947 2721 ceterosque,
1972 2675 2005 2710 vi
2031 2685 2153 2711 eamus
2170 2675 2208 2710 ¹⁹.
2255 2673 2360 2709 simul

1274 2733 1358 2768 ergo
1382 2721 1626 2765 admittentur,
1652 2721 1854 2763 dummodo,
1880 2721 1910 2756 si
1931 2721 1991 2765 qui
2009 2731 2090 2755 cum
2111 2730 2152 2755 eo
2173 2722 2359 2755 contraxe-

1273 2771 1373 2811 runt,
1406 2771 1597 2812 antequam
1621 2767 1804 2809 militaret,
1829 2766 1982 2802 fortasse
2007 2765 2159 2801 debeant
2182 2764 2358 2815 separari}

1274 2813 1368 2858 quod
1388 2816 1477 2858 puto
1492 2812 1728 2858 probandum.
1764 2822 1848 2857 ergo
1867 2811 1927 2857 qui
1943 2815 2026 2847 ante
2045 2813 2311 2851 contraxerunt,
2329 2820 2359 2844 si

1273 2859 1369 2894 bona
1390 2858 1586 2894 castrensia
1607 2858 1860 2899 distrahantur,
1881 2867 1953 2892 non
1969 2859 2120 2901 possunt
2138 2855 2256 2892 venire
2278 2865 2358 2892 cum

1274 2903 1517 2939 castrensibus
1543 2903 1788 2938 creditoribus.
1825 2902 1909 2937 item
1934 2902 1965 2937 si
1990 2901 2073 2947 quid
2096 2901 2133 2937 in
2153 2913 2227 2938 rem
2246 2901 2358 2955 patris

1272 2959 1412 2984 versum
1437 2952 1508 2991 est,
1539 2948 1632 2984 forte
1655 2948 1789 2993 poterit
1811 2951 1848 2983 et
1872 2947 2041 2984 creditori
2067 2947 2279 2988 contradici,
2312 2956 2357 2981 ne

1274 2999 1454 3030 castrense
1490 2993 1669 3038 peculium
1703 2993 1893 3038 inquietet,
1932 2995 2052 3028 ²⁰cum
2089 2992 2203 3037 possit
2237 2991 2355 3037 potius

1276 3043 1316 3075 10
1365 3049 1446 3074 cum
1496 3043 1572 3074 atre
1596 3038 1760 3083 experiri.
1809 3038 1902 3074 Illud
1926 3039 2107 3074 sciendum
2135 3041 2188 3072 est
2210 3047 2271 3072 eos
2295 3035 2355 3087 de?

1272 3096 1368 3120 mum
1401 3095 1460 3119 cre
1486 3084 1593 3119 itores
1624 3093 1730 3128 posse
1763 3083 1954 3128 impetrare
1986 3083 2260 3127 separationem,
2294 3091 2355 3125 qui

1274 3140 1346 3165 non
1376 3129 1532 3164 novandi
1564 3129 1680 3164 animo
1711 3128 1756 3163 ab
1781 3128 1911 3164 herede
1935 3128 2095 3172 stipulati
2119 3130 2212 3162 sunt.
2261 3130 2354 3160 cete-

1271 3185 1351 3210 rum
1374 3175 1405 3210 si
1429 3184 1510 3209 eum
1533 3174 1602 3209 hoc
1628 3173 1744 3209 animo
1770 3173 1885 3209 secuti
1909 3177 2008 3214 sunt,
2035 3171 2228 3207 amiserunt
2251 3179 2353 3215 sepa-

1271 3219 1420 3254 rationis
1451 3218 1674 3254 commodum
1707 3219 1852 3272 (quippe
1881 3229 1961 3254 cum
1986 3217 2097 3252 secuti
2121 3219 2204 3251 sunt
2226 3225 2354 3265 nomen

1271 3264 1465 3308 heredis)²¹
1499 3275 1566 3299 nec
1597 3268 1749 3308 possunt
1779 3274 1850 3299 iam
1882 3274 1920 3299 se
1945 3263 1989 3297 ab
2013 3272 2054 3297 eo
2079 3270 2260 3304 separare,
2293 3269 2353 3303 qui

1272 3309 1531 3354 quodammodo
1556 3318 1638 3344 eum
1662 3309 1856 3354 elegerunt.
1892 3307 1954 3343 sed
1978 3310 2014 3342 et
2036 3305 2066 3341 si
2089 3315 2216 3339 usuras
2240 3304 2285 3340 ab
2310 3313 2353 3338 eo

1271 3365 1315 3390 ea
1337 3357 1455 3390 mente
1479 3354 1581 3399 quasi
1605 3363 1685 3389 euin
1709 3354 1870 3399 eligendo
1894 3352 2132 3402 exegeruntw,
2163 3349 2257 3384 idem
2287 3348 2354 3383 erit

1274 3403 1311 3435 11
1363 3398 1601 3445 probandum.
1642 3398 1731 3435 Item
1756 3398 1948 3444 quaeritur,
1973 3396 2003 3431 si
2026 3398 2112 3430 satis
2137 3396 2353 3438 acceperunt

1269 3523 1332 3545 nus
1345 3537 1352 3544 .
1361 3537 1368 3544 .
1379 3537 1386 3545 .
1399 3512 1455 3544 hic
1468 3511 1518 3553 (hi
1530 3512 1708 3546 creditores
1721 3514 1753 3545 F
1758 3512 1798 3554 2)]
1813 3511 1988 3554 requiritur
2005 3508 2184 3541 autminus
2195 3506 2352 3539 solvendo

1271 3568 1370 3600 quam
1388 3557 1483 3590 Seius
1594 3559 1651 3601 (15)
1678 3560 1981 3600 quantumcumque
1998 3567 2060 3587 scr.
2080 3553 2237 3594 (similiter
2255 3552 2352 3593 Hal.)

1271 3604 1331 3644 (16)
1355 3602 1462 3644 atqui]
1476 3602 1535 3644 qui
1547 3615 1608 3638 scr.
1705 3605 1761 3642 (17)
1787 3602 1983 3643 impetratur
1998 3598 2048 3631 F2
2141 3599 2199 3638 (18)
2224 3606 2264 3629 ex
2276 3596 2351 3639 qui-

1269 3647 1331 3680 bus
1342 3646 1471 3680 casibus
1483 3647 1545 3682 del.
1662 3648 1721 3689 (19)
1746 3655 1806 3679 nec
1816 3646 1899 3688 puto
1911 3642 2107 3686 separandos
2118 3642 2277 3675 similiave
2290 3642 2350 3674 ins.

1270 3694 1334 3733 (20)
1358 3694 1391 3725 et
1408 3693 1467 3726 ins.
1483 3691 1534 3726 1³²
1648 3690 1706 3736 (21)
1731 3690 1853 3733 quippe
1866 3699 1940 3722 cum
1953 3688 2057 3721 secuti
2070 3689 2149 3720 sunt
2160 3696 2280 3719 nomen
2292 3686 2350 3718 hc-

1269 3736 1357 3770 redis
1370 3737 1432 3771 del.
1526 3737 1587 3781 (22)
1614 3736 1784 3779 exegerint
1798 3734 1848 3768 Ῐν*2

2010 3832 2082 3869 85·
