2528 3918
172 109 406 153 XXXXlll
437 112 475 151 7.
499 109 524 152 8

173 237 232 270 tae
255 235 356 276 sunt,
389 240 539 277 quarum
571 228 743 265 memoria
772 239 845 264 non
870 230 1003 270 exstat,
1039 227 1263 273 publicarum

176 283 190 315 1
241 278 380 313 viarum
410 285 557 311 numero
590 278 686 310 sunt.
740 273 812 310 Sed
842 274 936 309 inter
967 283 1027 308 eas
1060 276 1095 307 et
1126 275 1263 307 ceteras

173 324 249 359 vias
272 322 443 357 militares
458 323 467 341 ¹
491 320 561 356 hoc
584 320 749 363 interest,
774 318 870 364 quod
893 319 971 353 viae
995 317 1165 353 militares
1188 316 1263 352 exi-

175 373 250 404 tum
279 367 326 403 ad
356 376 454 402 mare
486 369 551 401 aut
581 365 619 400 in
649 364 758 400 urbes
790 368 854 399 aut
883 367 922 398 in
948 362 1095 398 flumina
1119 361 1265 408 publica

174 418 239 450 aut
269 412 316 448 ad
340 412 448 447 aliam
471 410 565 446 viam
588 409 778 445 militarem
801 409 951 451 habent,
986 408 1115 443 harum
1146 412 1265 442 autem

174 457 379 495 vicinalium
402 457 540 492 viarum
565 454 743 491 dissimilis
772 453 933 491 condicio
959 456 1031 488 est:
1063 463 1147 488 nam
1179 462 1264 498 pars

175 514 301 541 earum
322 503 360 538 in
377 501 550 537 militares
570 500 646 537 vias
666 500 801 536 exitum
820 499 965 541 habent,
989 507 1075 543 pars
1095 497 1172 534 sine
1191 497 1264 533 ullo

174 549 274 587 exitu
296 547 602 585 intermoriuntur.

711 681 787 722 11¹.

177 754 241 787 NE
266 752 376 790 QUID
396 752 448 785 m
469 750 587 785 Loco
606 684 804 784 PUVBILICO
822 746 915 781 VEL
933 746 1127 780 ITINERE
1147 745 1266 779 FIAT.

227 817 245 857 1
275 818 331 854 ΡΑ
339 827 434 854 ULUS
462 817 554 854 libro
584 814 839 862 seaeaqensimo
872 816 1004 860 quarto
1035 812 1085 848 ad
1113 811 1267 848 edictum

177 865 220 900 In
243 864 323 900 loco
347 863 493 909 publico
517 865 663 908 praetor
685 859 854 906 prohibet
877 858 1068 895 aedificare
1100 861 1135 893 et
1158 857 1267 892 inter·

178 910 314 946 dictum
336 908 518 955 proponit.

224 953 276 992 2³
306 954 502 990 Uzmuvs
530 952 622 988 libro
656 961 748 986 sexa
776 950 910 986 ensimo
943 952 1069 986 octavo
1101 948 1152 984 ad
1174 947 1267 983 edic-

179 1004 253 1035 tum
298 998 451 1035 Praetor
482 998 551 1033 ait:
586 996 653 1032 ‘Ne
682 996 743 1041 qui
798 995 836 1031 in
866 995 947 1031 loco
979 993 1124 1040 publico
1155 993 1268 1028 facias

179 1045 270 1082 ‘inve
294 1055 374 1081 eum
396 1044 515 1080 locum
538 1042 720 1085 immittas,
745 1051 817 1086 qua
841 1050 885 1076 ex
907 1051 947 1075 re
971 1039 1057 1085 quid
1078 1039 1130 1074 illi
1150 1038 1269 1073 damni

179 1090 315 1133 ‘detur,
380 1093 606 1133 taeterquam
645 1086 767 1132 quod⁴
804 1086 881 1139 lege
919 1089 1066 1121 senatus
1105 1084 1268 1120 consulto

179 1135 308 1172 ‘edicto
366 1138 528 1170 ecretove
558 1132 761 1178 principum
784 1131 851 1166 tibi
875 1140 1086 1166 concessum
1111 1133 1178 1165 est.
1227 1128 1270 1163 de

181 1184 196 1216 1
248 1183 313 1223 ‘eo‚
359 1179 432 1215 uod
447 1178 583 1214 factum
599 1178 677 1219 erit,
698 1176 926 1212 interdictum
942 1186 1016 1211 non
1035 1175 1156 1210 dabo'.
1191 1174 1270 1209 Hoc

179 1229 199 1261 2
246 1226 339 1261 inter
366 1226 474 1260 'ctum
497 1222 773 1269 prohibitorium
796 1225 852 1257 est
875 1225 911 1257 et
930 1225 1004 1256 tam
1024 1219 1177 1266 publicis
1198 1219 1269 1254 uti-

178 1271 340 1307 litatibus
363 1280 470 1315 quam
494 1269 713 1314 privatorum
737 1278 802 1313 per
825 1267 895 1303 hoc
918 1265 1148 1312 prospicitur.
1189 1264 1271 1301 loca

180 1316 273 1352 enim
302 1315 448 1362 publica
479 1316 601 1359 utique
638 1313 858 1359 privatorum
895 1312 1019 1348 usibus
1057 1310 1270 1352 deserviunt,

178 1362 256 1398 iure
280 1361 418 1397 scilicet
442 1359 606 1402 civitatis,
631 1369 705 1394 non
728 1358 831 1404 quasi
854 1357 1002 1403 propria
1027 1356 1210 1401 cuiusque,
1237 1359 1272 1407 et

178 1411 318 1442 tantum
334 1405 447 1441 iuris⁵
470 1405 644 1440 habemus
663 1403 710 1439 ad
730 1414 750 1439 o
779 1403 973 1446 tinendum,
998 1405 1172 1448 quantum
1193 1412 1271 1447 qui-

179 1452 267 1504 libet
288 1462 332 1487 ex
349 1450 483 1496 populo
504 1449 550 1485 ad
569 1449 746 1502 prohiben
759 1459 830 1502 'um
848 1448 968 1484 habet.
1006 1451 1154 1493 propter
1177 1445 1273 1499 quod

179 1496 348 1578 {¹³33ssss
364 1494 814 1586 {zffssntttffipsssshi‘ttttss
835 1493 1272 1589 ἓῖζὲαὲἃὲᾱρὲῗωὲᾜῗ

178 1587 308 1631 veniri,
337 1590 485 1632 propter
508 1596 616 1632 quam
638 1586 739 1620 rem⁶
762 1585 833 1620 hoc
856 1584 1086 1620 interdictum
1133 1593 1271 1628 ropoffl-

181 1636 201 1668 3
248 1636 324 1668 tum
355 1636 421 1668 est.
475 1630 618 1667 Publici
648 1630 720 1666 loci
752 1629 944 1675 appellatio
976 1639 1105 1674 quema
1166 1627 1272 1664 odum

181 1677 397 1760 Ἥέξὶαιὲιτ,
412 1677 555 1757 dLabeo
580 1674 736 1757 (1831ιίἑᾶ
756 1681 802 1728 ut
826 1679 862 1711 et
890 1673 1203 1756 ”dbflr{}⁵·{³i{g-{
1218 1673 1274 1754 idle

180 1734 198 1760 s
314 1733 334 1759 e
389 1733 410 1758 a
538 1732 578 1758 os
769 1731 847 1757 vias
904 1731 929 1756 u
982 1731 1000 1756 c
1074 1731 1087 1755 1

180 1772 202 1804 4
248 1768 395 1814 publica
423 1732 617 1821 peagrrtineat.
664 1766 745 1803 Hoc
774 1766 868 1802 inter
896 1766 1004 1801 'ctum
1034 1765 1081 1801 ad
1109 1775 1153 1801 ea
1180 1730 1273 1807 ldlca,

183 1824 276 1860 quae
308 1817 393 1850 sunt
420 1823 458 1848 m
488 1812 569 1849 fisci
596 1812 830 1858 patrimonio,
861 1822 935 1847 non
963 1814 1052 1857 puto
1076 1810 1272 1857 pertinere:

182 1861 219 1895 in
243 1858 299 1896 his
324 1859 417 1895 enim
439 1868 556 1904 neque
579 1857 701 1893 facere
724 1857 914 1903 quicquam
945 1867 1062 1903 neque
1083 1856 1274 1902 prohibere

181 1906 342 1951 privatus
366 1907 503 1950 potest:
534 1913 593 1940 res
625 1903 718 1938 enim
748 1902 889 1938 fiscales
919 1902 1023 1947 quasi
1047 1900 1215 1947 propriae
1239 1904 1275 1936 et

206 1950 343 1986 rivatae
367 1948 540 1995 principis
564 1952 659 1984 sunt.
707 1948 814 1994 igitur
838 1947 870 1984 si
892 1947 973 1994 quis
999 1947 1038 1982 in
1060 1947 1117 1982 his
1141 1946 1275 1991 aliquid

197 1995 308 2039 aciat,
342 2005 567 2040 nequaquam
598 1994 669 2030 hoc
697 1993 928 2029 interdictum
959 1993 1077 2029 locum
1107 1992 1273 2028 habebit:

181 2040 245 2077 sed
268 2041 300 2077 si
323 2040 418 2076 forte
443 2041 487 2075 de
509 2040 565 2076 his
590 2039 637 2075 sit
661 2039 923 2082 controversia,
980 2037 1129 2074 raefecti
1153 2048 1275 2073 eorum

182 2090 202 2121 5
248 2085 385 2122 iudices
410 2089 506 2121 sunt.
554 2084 613 2120 Ad
644 2094 687 2120 ea
717 2084 827 2130 igitur
850 2084 932 2120 loca
981 2094 1024 2120 oc
1046 2083 1275 2119 interdictum

181 2132 346 2185 pertinet,
369 2141 462 2177 quae
506 2130 624 2166 ublico
643 2130 727 2166 usui
745 2129 924 2166 destinata
941 2133 1036 2173 sunt,
1061 2133 1113 2172 ut,
1140 2129 1171 2165 si
1189 2129 1276 2174 quid

181 2177 256 2213 ulio
277 2176 360 2219 fiat,
391 2186 463 2222 quo
512 2175 652 2221 privato
676 2179 839 2218 noceret,
870 2178 1017 2221 praetor
1039 2174 1276 2210 intercederet

183 2226 203 2258 6
250 2221 441 2258 interdicto
466 2231 544 2257 suo.
593 2221 681 2257 Cum
715 2220 859 2266 quidam
889 2220 1005 2256 velum
1028 2220 1066 2255 in
1089 2219 1276 2256 maeniano

182 2267 381 2303 immissum
411 2266 581 2310 haberet,
617 2266 701 2312 qui⁷
732 2266 840 2302 vicini
863 2266 1056 2301 luminibus
1081 2265 1276 2309 officiebat,

184 2313 272 2349 utile
294 2311 525 2348 interdictum
549 2322 629 2347 com
655 2311 737 2347 etit:
770 2314 826 2347 ‘ne
879 2311 941 2346 uid
969 2311 1007 2346 in
1035 2310 1180 2356 publico
1209 2310 1275 2346 im·

183 2361 201 2393 7
252 2358 395 2401 ‘mittas‚
421 2367 492 2403 qua
513 2367 558 2393 ex
577 2367 617 2393 re
649 2356 828 2397 uminibus
848 2323 929 2392 gaii
946 2356 1018 2392 Seii
1039 2355 1201 2392 officias’.
1239 2356 1277 2391 Si

184 2403 263 2450 quis
294 2403 391 2450 quod
421 2404 459 2438 in
488 2402 634 2448 publico
665 2403 744 2438 loco
774 2402 931 2448 positum
954 2401 1100 2444 habuit,
1130 2400 1277 2437 reficere

183 2449 317 2491 voluit,
348 2449 418 2485 hoc
442 2447 632 2484 interdicto
657 2447 776 2484 locum
798 2457 879 2484 esse
901 2447 1024 2484 Aristo
1049 2447 1100 2482 ait
1123 2446 1170 2482 ad
1191 2457 1275 2493 pro-

187 2498 207 2530 8
255 2494 452 2531 hibendum
475 2504 556 2530 eum
579 2492 739 2530 reficere.
786 2492 969 2529 Adversus
992 2503 1091 2536 eum,
1117 2492 1179 2539 qui
1201 2503 1277 2529 mo-

184 2540 256 2576 lem
278 2540 317 2575 in
339 2550 437 2575 mare
460 2539 612 2585 proiecit
621 2540 645 2582 ⁸,
677 2538 905 2575 interdictum
929 2538 1015 2575 utile
1040 2538 1210 2584 competit
1233 2538 1276 2581 ei,

187 2585 247 2622 cui
269 2585 363 2622 forte
385 2585 477 2621 haec
500 2595 556 2621 res
581 2584 747 2621 nocitura
770 2584 835 2621 sit:
861 2585 892 2620 si
911 2587 1031 2620 autem
1052 2594 1156 2620 nemo
1177 2583 1276 2619 dam-

185 2642 272 2667 num
296 2630 416 2674 sentit,
442 2630 596 2666 tuendus
620 2634 676 2666 est
698 2630 741 2673 is,
766 2629 827 2676 qui
850 2631 887 2665 in
910 2629 1015 2666 litore
1037 2628 1203 2665 aedificat
1221 2628 1277 2664 vel

186 2679 206 2711 9
254 2676 383 2712 molem
405 2676 444 2711 in
466 2685 566 2711 mare
585 2675 682 2711 iacit.
718 2675 756 2711 Si
781 2676 860 2721 quis
884 2675 922 2710 in
945 2675 1036 2711 mari
1058 2675 1191 2720 piscari
1214 2677 1277 2710 aut

185 2722 354 2766 navigare
373 2721 618 2767 prohibeatur,
637 2731 710 2757 non
729 2721 877 2757 habebit
895 2720 1133 2764 interdictum,
1153 2730 1274 2766 quem-

187 2766 379 2803 admodum
398 2777 465 2802 nec
481 2766 523 2810 is,
549 2766 610 2811 qui
632 2766 671 2802 in
695 2776 821 2812 campo
845 2766 990 2812 publico
1014 2765 1139 2801 ludere
1162 2765 1217 2801 vel
1240 2766 1276 2800 in

186 2811 330 2858 publico
355 2812 496 2864 balineo
521 2812 641 2864 lavare
664 2815 729 2846 aut
750 2812 949 2864 imtheatro
969 2814 1134 2864 spectare
1151 2820 1274 2846 arcea-

187 2863 266 2894 tur:
297 2856 361 2893 sed
392 2867 430 2892 in
462 2857 627 2893 omnibus
652 2857 708 2892 his
733 2857 877 2892 casibus
899 2857 1110 2892 iniuriarum
1134 2856 1276 2892 actione

192 2906 231 2938 10
252 2947 259 2954 .
278 2901 449 2954 utendum
483 2906 550 2938 est.
597 2902 727 2938 Merito
763 2902 815 2937 ait
847 2906 995 2948 praetor
1032 2905 1116 2948 ‘qua
1154 2912 1200 2938 ex
1236 2913 1275 2938 re

188 2947 286 2993 ‘quid
309 2947 361 2983 illi
385 2947 505 2982 damni
529 2947 663 2983 detur'z
695 2957 780 2983 nam
812 2948 1046 2993 quotiensque
1078 2947 1212 2992 aliquid
1238 2947 1275 2982 in

188 2992 334 3045 publico
357 2992 437 3028 fieri
459 2993 687 3037 permittitur,
711 2993 764 3028 ita
788 2996 930 3039 oportet
947 2993 1115 3039 permitti,
1140 2996 1182 3028 ut
1200 2993 1275 3029 sine

187 3038 317 3074 iniuria
349 3038 560 3082 cuiusquam
591 3037 665 3073 fiat.
714 3042 752 3074 et
780 3038 833 3073 ita
856 3039 948 3075 solet
970 3038 1154 3084 princeps,
1188 3049 1275 3084 quo-

187 3084 280 3119 tiens
304 3082 463 3128 aliquid⁹
485 3083 568 3118 novi
591 3083 709 3129 operis
732 3083 988 3119 instituendum
1012 3084 1166 3129 petitur,
1194 3094 1274 3129 per-

193 3132 230 3164 ¹1
279 3129 432 3164 mittere.
469 3127 649 3163 Damnum
674 3132 793 3165 autem
815 3130 893 3175 pati
915 3129 1066 3174 videtur,
1095 3129 1156 3175 qui
1180 3139 1275 3165 com-

189 3173 333 3210 modum
370 3173 516 3218 amittit,
544 3174 659 3225 ‘quod
701 3184 746 3209 ex
787 3174 931 3220 publico
976 3175 1275 3220 consequebatur,

194 3222 233 3254 12
280 3218 492 3265 qualequale
523 3223 582 3255 sit.
635 3218 789 3255 Proinde
819 3220 850 3256 si
881 3219 940 3256 cui
969 3223 1184 3266 prospectus
1245 3220 1276 3256 si

948 3266 1053 3309 stior,
1085 3247 1274 3301 interdicto

194 3314 233 3345 13
281 3319 371 3355 opus
394 3313 461 3345 est.
509 3308 548 3345 Si
578 3309 662 3354 quid
690 3309 727 3344 in
756 3310 835 3345 loco
860 3322 909 3356 pu
935 3311 1003 3347 lico
1028 3310 1275 3354 aedificavero,

190 3358 231 3406 u}
253 3364 308 3397 ⁶⁸·

190 3403 311 3436 sinant

191 3264 249 3300 cui
262 3266 289 3286 ¹⁰
317 3264 436 3300 aditus
467 3263 554 3299 sit¹¹
587 3263 743 3300 deterior
766 3269 831 3300 aut
853 3275 875 3301 a

356 3365 425 3390 uae
448 3364 495 3407 ex·
516 3354 667 3407 meo-ad
689 3358 725 3390 te
747 3355 846 3391 nullo
870 3356 947 3392 iure
972 3355 1188 3409 defluebant,
1213 3356 1274 3392 de-

195 3448 234 3497 ¹⁴.
265 3399 675 3498 ,psn‘ffss‘i’affiffflffi
691 3409 761 3480 {2¹32
778 3405 988 3490 tacti?
999 3401 1274 3483 ἑέᾚῖἕιὲἑῑιῗὲ

191 3500 293 3526 mima
323 3490 441 3526 maula
470 3494 534 3527 tua
563 3490 715 3534 habeat,
746 3490 974 3527 interdictum
999 3492 1069 3528 hoc
1092 3491 1273 3538 competit.

189 3606 230 3647 (ι)
254 3603 416 3638 militare·
427 3605 490 3640 del.

235 3651 279 3691 (2)
304 3649 370 3683 Ed.
385 3657 469 3690 1...s;
489 3650 573 3696 Pap.
587 3659 622 3690 ις
640 3650 721 3685 Sat.
736 3658 818 3685 s...·1.
830 3667 876 3674 ——
889 3650 974 3683 Bas.
989 3652 1044 3693 58,
1058 3659 1074 3686 s
1139 3653 1181 3691 (³)
1209 3655 1226 3690 5
1242 3657 1277 3685 η

190 3694 480 3745 =D.{g0,17,150
572 3698 616 3739 (4)
640 3696 756 3738 qqu
831 3696 876 3737 (5)
900 3695 1063 3730 iniisins.
1131 3697 1176 3738 (e)
1199 3706 1277 3739 pro-

191 3738 351 3772 hibitono
436 3751 504 3773 rem
526 3741 587 3775 del.
616 3776 620 3783 ,
638 3777 652 3786 .
689 3745 733 3782 (7)
759 3751 825 3784 quo
845 3752 907 3774 scr.
1002 3745 1047 3783 (8)
1070 3741 1194 3784 proicit
1211 3754 1274 3774 scr.

1246 101 1329 150 (584

1481 6 1552 64 ἃ

1541 77 1559 124 I*
1767 117 1826 147 NE
1856 115 1966 155 Qum
1996 115 2043 146 IN
2072 114 2193 147 noco
2223 115 2415 147 rusmco

1337 229 1375 261 15
1423 224 1524 261 Idem
1553 225 1619 269 ait,
1652 226 1682 262 si
1713 225 1751 262 in
1781 226 1924 272 publico
1955 224 2157 267 aedificem,
2192 224 2318 261 deinde
2350 225 2418 260 hoc

1333 270 1537 306 aedificium
1555 271 1589 307 ei
1609 271 1738 313 obstet,
1763 271 1860 317 quod
1877 275 1917 306 tu
1935 270 1974 306 in
1994 270 2137 316 publico
2157 269 2416 314 aedificaveras,

1334 325 1476 352 cessare
1499 316 1571 351 hoc
1595 316 1833 359 interdictum,
1859 326 1940 351 cum
1964 319 2003 351 tu
2023 325 2163 361 quoque
2183 314 2306 351 illicite
2323 316 2418 351 aedi-

1334 360 1516 403 ficaveris,
1550 360 1617 396 nisi
1647 360 1740 397 forte
1764 366 1804 397 tu
1817 363 1844 383 ¹²
1866 362 1945 396 iure
1969 360 2035 396 tibi
2058 370 2229 396 concesso
2253 360 2418 396 aedifica-

1338 410 1377 442 16
1424 416 1541 442 veras.
1590 406 1628 441 Si
1683 406 1738 442 uis
1771 417 1793 442 a
1821 406 1937 452 princi
1964 417 1983 442 e
2013 404 2222 451 simpliciter
2252 405 2300 441 im
2326 409 2419 442 etra-

1334 451 1435 494 verit‚
1460 453 1503 485 ut
1526 451 1563 486 in
1587 451 1659 496 pub
1687 462 1729 488 co
1752 451 1832 488 loco
1857 417 2032 493 aedisseea
2057 462 2129 486 non
2147 454 2202 486 est
2221 461 2281 486 cre
2308 450 2419 486 endus

1335 496 1387 532 sic
1405 496 1609 539 aedificare,
1634 501 1674 531 ut
1694 507 1774 532 cum
1793 496 2017 532 incommodo
2036 496 2187 531 alicuius
2206 495 2243 531 id
2260 495 2335 539 fiat,
2359 506 2418 531 ne-

1335 552 1404 588 que
1428 542 1479 577 sic
1507 541 1734 577 conceditur:
1763 542 1833 578 nisi
1856 542 1949 578 forte
1973 541 2051 587 quis
2076 541 2145 577 hoc
2168 541 2419 587 impetraverit.

1339 590 1377 622 17
1427 587 1464 622 Si
1496 587 1575 632 quis
1608 587 1747 622 nemine
1777 587 1989 633 prohibente
2020 587 2057 621 in
2086 585 2229 631 publico
2254 586 2421 622 aedifica-

1335 631 1436 676 verit,
1461 642 1535 667 non
1559 641 1638 667 esse
1661 642 1743 668 eum
1761 632 1958 678 cogendum
1977 632 2115 674 tollere,
2140 641 2186 666 ne
2202 631 2315 667 ruinis
2335 632 2421 667 urbs

1336 677 1575 720 deformetur,
1613 679 1650 712 et
1681 676 1765 722 quia
1792 677 2066 729 prohibitorium
2099 680 2154 712 est
2183 676 2421 719 interdictum,

1337 732 1409 757 non
1446 722 1717 758 restitutorium.
1771 732 1803 758 si
1839 726 1960 757 tamen
1997 723 2116 758 obstet
2151 721 2189 757 id
2225 721 2422 757 aedificium

1336 767 1482 813 publico
1513 768 1612 810 usui,
1643 767 1766 812 utique
1793 766 1843 810 is,
1875 767 1937 813 qui
1965 767 2134 813 operibus
2163 767 2315 812 publicis
2338 777 2422 813 pro-

1337 816 1459 856 curat,
1485 811 1630 849 debebit
1652 812 1689 847 id
1713 812 1907 858 deponere,
1932 816 1996 848 aut
2017 812 2048 848 si
2071 823 2145 848 non
2168 812 2304 855 obstet,
2329 812 2422 848 sola·

1338 858 1430 894 rium
1462 858 1495 894 ei
1523 858 1723 904 imponere:
1755 858 1907 903 vectigal
1937 857 2030 893 enim
2053 857 2123 894 hoc
2146 857 2199 894 sic
2223 857 2424 903 appellatur

1341 906 1381 939 18
1429 903 1600 940 solarium
1613 904 1640 924 ¹³
1665 913 1709 939 ex
1732 913 1793 945 eo,
1826 902 1923 948 quod
1952 913 2018 948 pro
2051 903 2128 939 solo
2151 903 2339 948 pendatur.
2387 903 2424 939 Si

1337 952 1458 985 tamen
1481 948 1599 984 adhuc
1622 948 1759 984 nullum
1783 958 1872 994 opus
1893 947 2030 983 factum
2048 947 2168 991 fuerit,
2193 947 2312 984 officio
2331 947 2423 984 iudi-

1339 994 1390 1030 cis
1422 994 1645 1037 continetur,
1677 993 1732 1028 uti
1755 997 1924 1029 caveatur
1947 1003 2020 1029 non
2042 992 2139 1029 fieri:
2169 997 2206 1029 et
2235 1003 2279 1029 ea
2307 993 2421 1030 omnia

1340 1039 1445 1075 etiam
1468 1040 1506 1075 in
1528 1049 1683 1085 persona
1701 1038 1870 1074 heredum
1889 1041 2157 1083 ceterorumque
2176 1048 2423 1075 successorum

1343 1088 1382 1120 19
1430 1089 1536 1121 erunt
1553 1083 1723 1120 cavenda.
1758 1083 1939 1120 Locorum
1958 1094 2139 1120 sacrorum
2157 1083 2296 1119 diversa
2316 1094 2425 1120 causa

1339 1133 1412 1166 est:
1444 1131 1482 1165 in
1513 1130 1592 1165 loco
1625 1129 1718 1165 enim
1750 1139 1854 1165 sacro
1879 1139 1950 1164 non
1973 1129 2089 1164 solum
2113 1128 2231 1165 facere
2254 1133 2424 1172 vetamur,

1339 1175 1403 1211 sed
1426 1180 1462 1211 et
1485 1175 1622 1211 factum
1643 1174 1832 1211 restituere
1855 1175 2036 1210 iubemur:
2068 1175 2138 1209 hoc
2170 1178 2318 1220 propter
2344 1174 2424 1210 reli-

1341 1225 1383 1256 20
1431 1222 1583 1266 gionem.
1630 1220 1693 1255 Ait
1715 1224 1877 1265 praetor:
1911 1220 1966 1254 ‘In
1995 1220 2053 1255 via
2083 1219 2229 1265 publica
2260 1219 2424 1255 itinereve

1341 1267 1497 1312 ‘publico
1521 1266 1642 1301 facere
1664 1265 1855 1301 immittere
1878 1264 1982 1311 quid,
2015 1275 2084 1311 quo
2115 1275 2157 1300 ea
2180 1264 2236 1300 via
2259 1265 2337 1301 idve
2361 1266 2425 1300 iter

1341 1316 1380 1347 21
1432 1311 1600 1348 ‘deterius
1626 1311 1673 1347 sit
1695 1310 1771 1354 fiat,
1796 1311 1899 1346 veto’.
1941 1310 2046 1346 Viam
2068 1310 2247 1355 publicam
2271 1320 2350 1345 eam
2373 1310 2426 1345 di-

1339 1357 1471 1400 cimus,
1503 1357 1603 1392 cuius
1634 1357 1740 1391 etiam
1774 1356 1890 1391 solum
1921 1356 2103 1401 publicum
2135 1359 2206 1391 est:
2238 1366 2312 1391 non
2334 1356 2426 1391 enim

1339 1403 1445 1438 sicuti
1474 1403 1512 1438 in
1543 1402 1682 1447 privata
1712 1402 1785 1444 via,
1823 1402 1873 1436 ita
1904 1406 1940 1436 et
1970 1401 2007 1436 in
2037 1400 2181 1447 publica
2212 1400 2424 1447 accipimus:

1340 1447 1419 1483 viae
1449 1447 1610 1493 privatae
1643 1447 1757 1483 solum
1782 1446 1936 1482 alienum
1960 1450 2034 1489 est,
2065 1446 2121 1482 ius
2154 1451 2292 1481 tantum
2321 1446 2427 1482 eundi

1340 1497 1377 1529 et
1401 1493 1527 1539 agendi
1550 1492 1654 1529 nobis
1680 1493 1868 1537 competit:
1894 1492 1971 1527 viae
1990 1495 2108 1527 autem
2129 1492 2293 1537 publicae
2313 1492 2427 1527 solum

1368 1539 1525 1575 ublicum
1549 1542 1622 1581 est,
1652 1538 1816 1573 relictum
1847 1537 1894 1572 ad
1908 1538 1934 1559 ¹⁴
1964 1537 2136 1572 directum
2166 1537 2272 1572 certis
2297 1537 2427 1573 finibus

1355 1584 1538 1620 atitudinis
1571 1584 1617 1618 ab
1650 1593 1711 1627 eo,
1745 1583 1806 1628 qui
1828 1582 1885 1618 ius
1908 1581 2115 1628 publicandi
2138 1582 2282 1626 habuit,
2314 1587 2355 1617 ut
2386 1592 2429 1617 ea

1343 1632 1384 1665 22
1432 1629 1575 1674 publice
1605 1629 1718 1664 iretur
1751 1631 2019 1663 commearetur.
2073 1628 2220 1663 Viarum
2255 1627 2427 1673 quaedam

1341 1675 1508 1720 publicae
1533 1679 1627 1718 sunt,
1653 1673 1828 1719 quaedam
1851 1673 2024 1719 privatae,
2049 1672 2225 1719 quaedam
2248 1673 2426 1709 vicinales.

1341 1720 1506 1766 publicas
1524 1720 1600 1755 vias
1620 1719 1782 1763 dicimus,
1802 1729 1891 1764 quas
1910 1718 2040 1754 Graeci
2055 1716 2243 1763 βασιλικάς
2256 1720 2294 1761 ¹⁵,
2315 1719 2429 1755 nostri

1342 1765 1541 1812 praetorias
1555 1765 1593 1810 ¹⁶,
1617 1764 1679 1799 alii
1702 1765 1909 1800 consulares
1933 1764 2008 1800 vias
2032 1763 2226 1809 appellant.
2295 1764 2429 1800 rivatae

1342 1815 1444 1856 sunt,
1481 1821 1571 1856 quas
1600 1809 1758 1856 agrarias
1790 1809 1934 1854 quidam
1966 1809 2100 1845 dicunt.
2148 1809 2240 1845 vicin
2278 1819 2316 1845 es
2345 1820 2429 1845 sun·

1342 1856 1439 1900 viae,
1475 1866 1568 1901 quae
1596 1856 1635 1891 in
1665 1856 1751 1891 vicis
1783 1859 1868 1891 sunt
1897 1855 1954 1891 vel
2004 1864 2073 1891 uae
2095 1854 2132 1890 in
2154 1854 2251 1891 vicos
2275 1854 2428 1891 ducunt:

1343 1902 1408 1938 has
1441 1911 1584 1947 quoque
1611 1901 1774 1954 publicas
1803 1910 1882 1936 esse
1913 1900 1973 1946 qui
1999 1911 2056 1935 am
2079 1899 2220 1936 dicunt:
2254 1900 2350 1946 quod
2378 1900 2429 1936 ita

1343 1957 1466 1984 verum
1492 1952 1566 1991 est,
1598 1958 1629 1983 si
1651 1957 1724 1982 non
1748 1956 1794 1981 ex
1817 1946 2007 1982 collatione
2031 1946 2248 1991 privatorum
2271 1946 2341 1981 hoc
2362 1945 2430 1982 iter

1344 1993 1577 2028 constitutum
1608 1997 1673 2028 est.
1721 1991 1825 2027 aliter
1848 1995 1956 2037 atque
1980 1991 2010 2027 si
2034 2001 2079 2027 ex
2102 1991 2290 2027 collatione
2312 1992 2429 2037 priva-

1343 2041 1463 2074 torum
1494 2038 1693 2073 reficiatur:
1732 2047 1814 2072 nam
1852 2038 1883 2073 si
1917 2047 1961 2073 ex
1991 2036 2181 2073 collatione
2210 2036 2429 2082 privatorum

1344 2083 1546 2127 reficiatur,
1578 2094 1652 2120 non
1675 2083 1799 2127 utique
1822 2083 1962 2128 privata
1985 2086 2057 2119 est:
2090 2081 2235 2118 refectio
2259 2082 2352 2118 enim
2375 2082 2428 2118 id-

1345 2129 1439 2165 circo
1467 2129 1511 2165 de
1535 2129 1714 2165 communi
1737 2130 1789 2172 fit,
1817 2128 1901 2174 quia
1924 2138 2029 2164 usum
2054 2128 2311 2173 utilitatemque
2334 2138 2429 2164 com-

1346 2178 1388 2210 23
1436 2185 1578 2210 munem
1607 2175 1727 2210 habet.
1783 2173 1949 2209 Privatae
1984 2173 2063 2209 viae
2098 2173 2287 2219 dupliciter
2316 2173 2430 2219 accipi

1344 2225 1507 2266 possunt,
1531 2220 1587 2256 vel
1610 2219 1690 2263 hae,
1716 2229 1808 2265 quae
1830 2223 1915 2255 sunt
1935 2218 1974 2254 in
1990 2219 2095 2264 agris,
2120 2218 2248 2264 quibus
2265 2218 2429 2264 imposita

1345 2269 1401 2302 est
1424 2266 1595 2309 servitus,
1626 2269 1668 2300 ut
1691 2268 1738 2300 ad
1763 2275 1885 2310 agrum
1910 2264 2056 2300 alterius
2084 2264 2234 2308 ducant,
2266 2265 2319 2299 vel
2350 2264 2429 2308 hae,

1346 2319 1438 2356 quae
1462 2311 1508 2346 ad
1532 2321 1637 2355 agros
1662 2310 1813 2353 ducunt,
1844 2320 1910 2355 per
1933 2320 2023 2355 quas
2047 2310 2210 2346 omnibus
2234 2319 2430 2345 commeare

1345 2357 1468 2399 liceat,
1500 2357 1537 2391 in
1569 2366 1658 2401 quas
1681 2355 1799 2391 exitur
1822 2355 1866 2391 de
1889 2356 1947 2390 via
1971 2355 2151 2391 consulari
2174 2358 2211 2391 et
2233 2354 2285 2390 sic
2307 2360 2391 2401 post
2405 2357 2429 2377 ¹⁷

1345 2401 1442 2437 illam
1465 2402 1596 2447 excipit
1619 2401 1676 2437 via
1699 2401 1754 2436 vel
1776 2400 1845 2435 iter
1868 2401 1922 2436 vel
1946 2404 2048 2436 actus
2072 2400 2119 2436 ad
2142 2400 2262 2435 villam
2283 2399 2429 2437 ducens.

1346 2447 1412 2482 has
1437 2457 1531 2493 ergo,
1556 2456 1647 2492 quae
1670 2449 1755 2491 post
1768 2447 1794 2468 ¹⁷
1818 2446 2043 2482 consularem
2067 2446 2248 2491 excipiunt
2270 2445 2308 2480 in
2330 2445 2430 2482 villas

1346 2492 1400 2528 vel
1430 2493 1468 2528 in
1499 2492 1588 2528 alias
1621 2491 1779 2527 colonias
1809 2491 1997 2534 ducentes,
2034 2495 2156 2537 putem
2193 2490 2299 2527 etiam
2332 2491 2430 2537 ipsas

1347 2542 1390 2572 24
1435 2538 1599 2583 publicas
1623 2547 1713 2573 esse.
1761 2536 1841 2573 Hoc
1872 2536 2098 2573 interdictum
2124 2539 2264 2572 tantum
2287 2535 2334 2572 ad
2356 2537 2430 2572 vias

1346 2584 1498 2619 rusticas
1522 2583 1696 2629 pertinet,
1720 2582 1767 2618 ad
1790 2582 1935 2618 urbicas
1958 2592 2042 2618 vero
2067 2593 2157 2618 non:
2187 2581 2315 2617 harum
2338 2582 2430 2618 enim

1347 2632 1388 2664 25
1437 2639 1525 2665 cura
1553 2628 1708 2675 pertinet
1737 2627 1784 2664 ad
1811 2628 2052 2673 magistratus.
2100 2627 2138 2664 Si
2166 2627 2243 2663 viae
2266 2627 2431 2674 publicae

1346 2678 1531 2720 exemptus
1571 2676 1789 2710 commeatus
1826 2674 1874 2709 sit
1909 2673 1965 2710 vel
2002 2673 2060 2709 via
2098 2676 2278 2716 coartata,
2320 2672 2429 2708 inter-

1347 2723 1390 2756 26
1437 2720 1584 2755 veniunt
1612 2719 1853 2764 magistratus.
1909 2718 1947 2755 Si
1976 2718 2054 2765 quis
2086 2718 2244 2754 cloacam
2273 2719 2310 2754 in
2338 2718 2430 2754 viam

1345 2765 1524 2811 publicam
1555 2764 1760 2800 immitteret
1789 2774 1904 2809 exque
1936 2774 1979 2800 ea
2009 2774 2049 2800 re
2077 2764 2193 2800 minus
2221 2763 2351 2800 habilis
2374 2763 2431 2799 via

1346 2822 1411 2857 per
1441 2811 1642 2847 cloacam¹²¹
1671 2809 1751 2853 fiat,
1782 2809 1897 2845 teneri
1928 2819 2008 2845 eum
2037 2809 2159 2847 Labeo
2192 2809 2333 2846 scribit:
2364 2809 2429 2845 im-

1347 2859 1387 2891 27
1436 2856 1594 2892 mississe
1617 2855 1710 2891 enim
1734 2865 1814 2891 eum
1837 2854 1958 2891 videri.
2005 2854 2161 2891 Proinde
2185 2859 2221 2890 et
2243 2854 2275 2892 si
2297 2854 2430 2891 fossam

1347 2901 1424 2947 quis
1455 2902 1493 2937 in
1520 2900 1632 2937 fundo
1665 2910 1728 2936 suo
1757 2900 1899 2943 fecerit,
1937 2904 1978 2936 ut
2007 2899 2059 2935 ibi
2089 2910 2183 2946 aqua
2213 2900 2362 2936 collecta
2393 2901 2430 2935 in

1346 2948 1437 2982 viam
1467 2946 1648 2990 decurrat,
1685 2946 1754 2981 hoc
1782 2945 1971 2982 interdicto
2000 2945 2198 2981 tenebitur:
2236 2945 2429 2982 immissum

1346 2995 1389 3028 28
1436 2992 1528 3028 enim
1559 2992 1692 3027 habere
1729 2991 1834 3026 etiam
1868 2991 1964 3027 hunc
2000 2990 2122 3026 videri.
2177 2990 2276 3027 Idem
2307 2990 2428 3027 Labeo

1346 3037 1488 3080 scribit,
1519 3037 1550 3073 si
1579 3037 1658 3082 quis
1687 3036 1725 3071 in
1755 3046 1822 3073 suo
1853 3037 1905 3072 ita
1927 3035 2181 3079 aedificaverit,
2213 3039 2254 3072 ut
2276 3045 2371 3083 aqua
2392 3036 2429 3071 in

1345 3082 1403 3119 via
1440 3082 1590 3119 collecta
1629 3086 1825 3127 restagnet,
1866 3092 1938 3118 non
1971 3080 2087 3118 teneri
2116 3092 2197 3118 eum
2228 3081 2429 3124 interdicto,

1346 3128 1430 3174 quia
1459 3138 1533 3164 non
1564 3127 1732 3162 immittat
1761 3137 1906 3172 aquam,
1939 3126 2003 3163 sed
2033 3137 2106 3162 non
2135 3127 2282 3173 recipit:
2311 3126 2430 3163 Nerva

1345 3178 1465 3209 autem
1486 3172 1613 3208 melius
1637 3173 1761 3208 scribit
1782 3177 1974 3218 utrumque
1997 3172 2121 3207 teneri.
2165 3173 2272 3218 plane
2294 3172 2326 3208 si
2346 3171 2428 3208 fun-

1346 3219 1413 3255 dus
1435 3218 1530 3254 viam
1553 3218 1731 3263 publicam
1755 3218 1938 3263 contingat
1961 3221 1996 3253 et
2018 3227 2063 3252 ex
2085 3227 2128 3253 eo
2153 3227 2248 3263 aqua
2271 3216 2429 3254 derivata

1345 3263 1557 3300 deteriorem
1580 3263 1672 3299 viam
1695 3263 1825 3306 faciat,
1856 3272 1948 3309 quae
1978 3266 2097 3298 tamen
2127 3273 2223 3309 aqua
2251 3272 2295 3299 ex
2324 3263 2428 3298 vicini

1344 3308 1456 3345 fundo
1490 3308 1527 3344 in
1557 3312 1660 3344 tuum
1689 3308 1825 3345 veniat=
1865 3307 1898 3344 si
1934 3307 2074 3354 quidem
2113 3318 2260 3345 necesse
2294 3308 2428 3344 habeas

1345 3363 1424 3390 eam
1447 3363 1577 3399 aquam
1600 3353 1777 3399 recipere,
1805 3353 2033 3390 interdictum
2055 3354 2173 3390 locum
2195 3353 2344 3390 habebit
2364 3353 2426 3388 ad-

1345 3409 1468 3436 versus
1493 3399 1647 3435 vicinum
1670 3404 1790 3435 tuum:
1815 3399 1846 3435 si
1870 3401 1989 3434 autem
2013 3409 2157 3435 necesse
2180 3409 2253 3435 non
2275 3398 2332 3443 sit,
2356 3408 2426 3434 non

1344 3444 1457 3481 teneri
1480 3444 1633 3480 vicinum
1657 3448 1775 3488 tuum,
1799 3447 1835 3480 te
1857 3448 1977 3480 tamen
1999 3445 2129 3480 teneri:
2159 3453 2239 3480 eum
2262 3443 2355 3480 enim
2377 3443 2426 3479 vi-

1346 3489 1420 3526 deri
1443 3489 1577 3526 factum
1601 3490 1752 3532 habere,
1784 3489 1845 3536 qui
1875 3500 1980 3526 usum
1993 3490 2021 3511 ¹⁹
2045 3489 2121 3527 eius
2144 3498 2260 3535 aquae
2283 3488 2426 3525 habeat.

2229 3607 2284 3646 (1¹)
2306 3604 2347 3638 fit
2364 3617 2425 3639 scr·

1347 3605 1392 3647 (⁹)
1416 3603 1509 3637 aliud
1531 3605 1565 3638 F
1705 3606 1765 3648 (ιο)
1789 3605 1818 3638 si
1837 3605 1905 3648 cui]
1925 3605 1993 3638 sive
2011 3617 2073 3639 scr.

1347 3651 1407 3692 (η)
1432 3650 1483 3682 tui
1504 3650 1538 3682 F
1654 3651 1712 3693 (ιε)
1737 3650 1895 3684 solatium
1916 3651 1978 3684 del.
2001 3650 2082 3683 Hal.
2205 3651 2262 3692 (u)
2286 3651 2347 3683 aut
2363 3662 2427 3684 ecr-

1345 3695 1405 3737 (ιὸ)
1430 3696 1466 3728 id
1485 3701 1551 3729 est:
1576 3694 1684 3738 regias
1819 3698 1880 3739 (ιο)
1905 3694 1964 3728 alii
1984 3697 2044 3729 im.
2188 3695 2247 3736 (17)
2270 3696 2345 3738 poet
2363 3695 2425 3729 del.

1346 3741 1406 3783 (18)
1430 3750 1490 3783 per
1502 3739 1646 3774 cloacam
1659 3740 1721 3774 del.
1814 3746 1874 3782 (ιθ)
1900 3740 1957 3783 qui
1969 3738 2084 3780 usum&
2091 3739 2149 3781 qui
2161 3740 2214 3773 ius
2227 3751 2291 3774 εον.
