2528 3918
208 96 367 140 XX11

208 218 341 254 mentio
373 217 411 252 in
441 216 510 251 hac
534 217 693 251 actione:
730 214 794 251 sed
823 215 992 251 Neratius
1026 218 1296 260 procuratorem

208 263 269 300 hic
300 273 380 298 eum
415 260 662 306 accipiendum
693 260 762 303 ait,
797 271 870 297 non
901 261 1109 306 quemlibet,
1143 259 1207 294 sed
1239 259 1297 294 cui

209 308 374 344 universa
399 306 540 351 negotia
563 309 627 340 aut
649 305 687 340 id
709 306 836 351 ipsum,
860 309 1007 352 propter
1027 304 1123 350 quod
1143 304 1297 339 deterius

209 356 232 388 4
277 352 415 388 factum
447 350 512 393 sit,
547 350 754 386 mandatum
786 354 850 386 est.
898 350 1028 385 Pedius
1063 350 1113 384 ait
1144 359 1297 394 aequum

208 397 321 433 fuisse
343 396 380 431 id
404 396 590 431 dumtaxat
612 395 780 441 imputari
804 395 953 441 emptori
978 404 1021 429 ex
1044 394 1142 430 facto
1166 404 1296 439 procu-

209 442 339 478 ratoris
370 445 407 476 et
436 440 609 483 familiae,
645 440 741 486 quod
770 450 844 476 non
874 440 943 474 fuit
973 450 1144 484 passurus
1175 449 1297 474 servus

209 487 300 523 nisi¹
324 486 496 521 venisset:
529 485 626 531 quod
655 490 775 521 autem
804 495 977 531 passurus
1010 488 1087 519 erat
1110 484 1235 526 etiam,
1267 483 1298 519 si

209 541 282 567 non
312 531 486 572 venisset,
517 531 555 565 in
578 541 620 566 eo
646 530 793 567 concedi
817 530 967 575 emptori
990 529 1080 564 servi
1103 529 1159 564 sui
1182 538 1297 564 noxae

210 576 424 612 deditionem
448 580 484 611 et
507 586 551 611 ex
575 586 635 619 eo,
666 576 798 621 inquit,
831 575 925 620 quod
956 578 1169 620 procurator
1201 584 1297 609 com-

209 622 322 664 misit,
354 621 470 656 solum
502 620 684 657 actionum
715 620 1012 666 praestandarum
1047 619 1298 655 necessitatem

210 670 230 702 5
278 666 311 701 ei
332 666 477 710 iniungi.
526 665 618 710 Quid
642 677 743 711 ergo,
776 666 806 700 si
831 665 955 717 culpa,
986 674 1060 699 non
1085 664 1190 699 etiam
1214 663 1297 699 dolo

210 711 379 757 emptoris
410 720 533 746 servus
557 710 711 746 deterior
733 710 851 745 factus
877 711 949 745 s1t?
985 719 1098 755 aeque
1130 709 1297 744 condem-

210 760 231 792 6
277 756 433 791 nabitur.
480 756 560 791 Hoc
595 761 733 798 autem,
770 754 865 800 quod
901 754 1056 790 deterior
1087 754 1206 789 factus
1244 757 1299 788 est

210 811 351 843 servus,
382 811 456 836 non
487 801 602 836 solum
625 801 670 836 ad
695 811 843 845 corpus,
880 800 943 835 sed
975 800 1081 835 etiam
1113 799 1159 834 ad
1190 798 1299 833 animi

209 846 295 882 vitia
316 845 540 881 referendum
564 850 636 888 est,
660 849 700 880 ut
723 849 810 890 puta
833 845 864 880 si
886 845 1083 880 imitatione
1108 854 1297 880 conservo-

208 902 290 927 rum
308 890 405 937 apud
420 895 614 936 emptorem
631 891 713 925 talis
729 890 847 925 factus
869 893 924 925 est
933 890 958 933 2,
983 890 1120 925 aleator
1135 889 1228 924 forte
1242 889 1298 924 vel

210 939 229 971 7
276 934 435 971 vinarius
458 937 513 971 vel
536 946 614 971 erro
636 935 756 970 evasit.
805 935 876 970 Sed
894 934 1092 970 notandum
1111 938 1177 977 est,
1202 934 1299 979 quod

209 992 283 1017 non
313 981 529 1026 permittitur
563 981 711 1026 emptori
745 990 789 1015 ex
812 979 1014 1015 huiusmodi
1039 980 1157 1015 causis
1180 988 1297 1014 noxae

209 1026 339 1062 dedere
357 1036 497 1062 servum
517 1036 638 1061 suum:
659 1035 726 1060 nec
744 1025 836 1060 enim
854 1025 991 1060 factum
1011 1035 1192 1060 servorum
1213 1034 1297 1059 suo-

210 1073 230 1107 8
277 1082 355 1106 rum
386 1071 541 1116 itemque
572 1070 814 1115 procuratoris
843 1073 1014 1115 praestat.
1061 1070 1151 1105 Item
1182 1069 1297 1106 scien-

209 1116 294 1152 dum
318 1119 373 1152 est
394 1116 484 1151 haec
508 1116 644 1158 omnia,
677 1125 768 1160 quae
791 1115 1037 1167 exprimuntur
1060 1115 1177 1150 edicto
1201 1114 1297 1150 aedi·

208 1161 305 1204 lium,
354 1165 514 1196 raestare
538 1171 618 1196 eum
643 1160 789 1202 debere,
815 1170 845 1195 si
868 1164 951 1195 ante
974 1160 1145 1195 iudicium
1169 1170 1297 1204 accep-

208 1210 285 1242 tum
336 1210 420 1241 acta
454 1206 542 1241 sint:
577 1205 712 1240 idcirco
749 1205 842 1240 enim
874 1215 1020 1240 necesse
1050 1205 1220 1240 habuisse
1256 1215 1299 1240 ea

210 1251 450 1293 enumerari³‚
485 1255 543 1293 ut,
575 1250 605 1286 si
637 1250 722 1295 quid
746 1261 868 1286 eorum
892 1254 975 1285 ante
998 1250 1095 1285 litem
1119 1253 1297 1285 contesta-

208 1297 306 1331 tam⁴
327 1296 543 1341 contigisset,
562 1299 815 1340 praestaretur.
851 1299 1007 1331 ceterum
1026 1298 1110 1340 post
1128 1295 1299 1330 iudicium

209 1344 398 1393 acceptum
428 1345 507 1375 tota
538 1342 671 1376 causa⁵
694 1340 741 1375 ad
771 1340 949 1376 hominem
978 1340 1238 1375 restituendum
1260 1340 1299 1376 in

208 1386 339 1422 iudicio
363 1389 534 1427 versatur,
560 1390 595 1420 et
617 1389 691 1420 tam
714 1385 853 1421 fructus
878 1385 1023 1420 veniunt
1047 1396 1153 1438 quam
1171 1385 1209 1421 id
1229 1396 1298 1430 quo

210 1431 362 1467 deterior
394 1430 514 1466 factus
550 1434 605 1466 est
640 1435 829 1475 ceteraque
862 1430 1026 1465 veniunt:
1062 1430 1172 1466 iudici
1207 1431 1299 1466 enim

209 1476 330 1512 statim
353 1479 460 1521 atque
482 1475 591 1510 iudex
612 1475 732 1511 factus
752 1479 807 1511 est
825 1475 981 1510 omnium
1001 1486 1120 1510 rerum
1141 1475 1299 1511 officium

208 1521 393 1563 incumbit,
418 1531 662 1566 quaecumque
680 1521 718 1555 in
735 1520 866 1556 iudicio
886 1525 1091 1556 versantur:
1117 1531 1160 1556 ea
1179 1524 1299 1556 autem

209 1576 301 1611 quae
336 1570 419 1601 ante
450 1566 620 1601 iudicium
656 1566 866 1610 contingunt
899 1576 972 1600 non
1004 1565 1106 1600 valde
1137 1566 1184 1601 ad
1215 1576 1295 1601 eum

208 1613 229 1647 9
274 1611 464 1656 pertinent,
486 1611 554 1646 nisi
571 1610 706 1646 fuerint
717 1611 749 1646 ei
760 1610 968 1646 nominatim
978 1611 1151 1646 iniuncta.
1187 1610 1297 1646 Prae-

207 1660 306 1692 terea
327 1656 366 1691 in
389 1656 505 1692 edicto
530 1656 683 1691 adicitur
706 1656 777 1691 sic:
811 1659 859 1691 ‘et
889 1660 1024 1701 quanta
1054 1656 1208 1701 pecunia
1231 1667 1296 1701 pro

209 1704 263 1736 ‘eo
298 1701 442 1736 homine
475 1701 594 1737 soluta
629 1701 887 1737 accessionisve
921 1701 1063 1736 nomine
1098 1701 1185 1736 data
1219 1701 1297 1743 erit,

208 1749 292 1782 ‘non
316 1746 503 1781 reddeturt
529 1746 674 1782 cuiusve
697 1746 872 1799 pecuniae
896 1747 974 1806 quis
1000 1756 1041 1781 eo
1065 1747 1208 1782 nomine
1231 1746 1296 1782 ob-

210 1795 251 1826 10
298 1791 438 1836 ‘ligatus
471 1791 555 1834 erit,
587 1802 659 1827 non
689 1791 900 1827 liberabitur
913 1818 922 1827 .
971 1791 1104 1827 Ordine
1133 1791 1298 1827 fecerunt

208 1835 359 1879 aediles,
394 1839 436 1870 ut
466 1840 550 1871 ante
581 1837 755 1872 venditori
787 1840 925 1882 emptor
957 1846 1000 1871 ea
1030 1837 1167 1879 omnia,
1205 1847 1297 1882 quae

207 1891 318 1926 supra
341 1882 476 1926 scripta
499 1885 593 1924 sunt,
617 1885 785 1927 praestet,
810 1882 862 1917 sic
886 1881 1013 1917 deinde
1035 1882 1189 1926 pretium
1210 1893 1296 1918 con-

207 1936 246 1962 se
271 1930 390 1962 natur.

283 1969 308 2008 6
336 1971 460 2006 θΑισε
487 1971 578 2006 libro
599 1972 720 2017 primo
745 1971 794 2006 ad
816 1971 970 2007 edictum
994 1971 1165 2006 aedilium
1190 1981 1296 2006 curu-

208 2015 295 2052 lium
341 2015 533 2051 Videamus
567 2019 706 2059 tamen,
746 2026 791 2051 ne
825 2017 986 2061 iniquum
1020 2016 1067 2051 sit
1102 2019 1296 2061 emptorem

208 2060 372 2113 compelli
404 2061 580 2097 dimittere
611 2071 741 2106 corpus
784 2065 820 2096 et
858 2062 904 2096 ad
940 2062 1117 2096 actionem
1149 2060 1297 2095 iudicati

207 2106 318 2148 mitti,
350 2106 381 2141 si
409 2106 587 2141 interdum
617 2106 705 2141 nihil
735 2110 941 2151 praestatur
969 2110 1118 2151 propter
1139 2106 1297 2150 inopiam

207 2151 420 2193 venditoris,
452 2151 644 2196 potiusque
666 2162 723 2186 res
747 2152 799 2186 ita
822 2151 1021 2187 ordinanda
1045 2152 1109 2194 sit,
1133 2156 1174 2186 ut
1198 2161 1295 2195 emp-

207 2200 264 2231 tor
289 2200 432 2239 caveat,
464 2197 495 2232 si
527 2197 623 2231 intra
647 2201 782 2240 certum
805 2201 945 2242 tempus
969 2196 1123 2242 pecunia
1146 2196 1214 2231 sibi
1237 2206 1295 2231 so-

206 2244 283 2278 luta
307 2243 364 2284 sit,
389 2252 428 2277 se
451 2242 669 2286 mancipium
691 2242 949 2277 restituturum.

253 2286 305 2324 27
339 2287 534 2324 Uzmiws
554 2286 644 2322 libro
662 2287 786 2332 primo
807 2287 857 2322 ad
874 2287 1027 2322 edictum
1048 2286 1217 2322 aedilium
1236 2297 1296 2322 cu-

206 2334 340 2368 rulium
386 2332 504 2367 Debet
526 2334 646 2367 autem
669 2331 827 2384 recipere
850 2332 1049 2377 pecuniam,
1074 2342 1180 2376 quam
1201 2331 1298 2366 dedit

207 2389 271 2424 pro
296 2388 338 2413 eo
362 2377 515 2419 homine,
538 2377 618 2412 vel⁶
642 2377 673 2412 si
693 2377 778 2422 quid
797 2377 1013 2412 accessionis
1033 2377 1186 2412 nomine.
1219 2376 1298 2411 dari

208 2428 327 2458 autem
343 2433 417 2458 non
435 2422 472 2457 id
492 2422 608 2457 solum
626 2422 854 2467 accipiemus,
873 2422 969 2467 quod
988 2425 1195 2457 numeratur
1212 2432 1296 2456 ven-

208 2468 325 2510 ditori,
350 2472 391 2503 ut
412 2471 502 2512 puta
524 2467 678 2512 pretium
703 2471 738 2502 et
760 2477 889 2502 usuras
913 2467 1000 2510 eius,
1025 2467 1089 2502 sed
1109 2471 1144 2502 et
1162 2466 1193 2501 si
1213 2466 1298 2511 quid

208 2513 396 2558 emptionis
421 2522 532 2548 causa
555 2517 737 2557 erogatum
761 2516 824 2547 est.
860 2513 930 2547 hoc
948 2515 1069 2547 autem
1087 2512 1138 2547 ita
1158 2511 1298 2546 demum

209 2558 407 2600 deducitur,
433 2558 463 2592 si
487 2568 532 2592 ex
554 2557 739 2593 voluntate
761 2556 954 2593 venditoris
980 2557 1104 2592 datur:
1140 2560 1297 2592 ceterum

209 2604 239 2638 si
263 2603 348 2647 quid
372 2613 438 2637 sua
461 2606 588 2647 sponte
613 2602 736 2637 datum
760 2612 838 2638 esse
861 2606 1104 2648 proponatur,
1135 2612 1209 2637 non
1232 2602 1297 2636 im-

208 2648 413 2727 putabitur:
446 2658 562 2692 neque
592 2648 685 2683 enim
709 2647 814 2683 debet
830 2647 934 2727 (quod
957 2647 1036 2693 quis
1060 2658 1125 2682 suo
1150 2646 1297 2682 arbitrio

234 2692 308 2727 edit
331 2703 353 2727 a
375 2692 558 2727 venditore
581 2693 731 2738 exigere.
767 2693 827 2738 qui
876 2703 977 2738 ergo,
1010 2693 1041 2728 si
1071 2691 1165 2727 forte
1187 2693 1297 2727 vecti-

208 2737 297 2782 galis
328 2738 469 2772 nomine
501 2737 622 2773 datum
654 2741 726 2780 est,
762 2737 859 2783 quod
891 2741 1085 2782 emptorem
1115 2737 1210 2772 forte
1242 2748 1297 2772 se-

210 2783 403 2827 queretur?
438 2782 593 2817 dicemus
613 2783 683 2818 hoc
726 2793 843 2828 uoque
861 2782 1139 2818 restituendum:
1162 2782 1296 2818 indem-

209 2827 265 2862 nis
290 2826 382 2861 enim
406 2831 543 2871 emptor
567 2827 673 2863 debet
733 2827 888 2863 scedere.

258 2868 311 2908 28
339 2871 465 2907 GAIUS
492 2872 583 2907 libro
633 2874 724 2908 rimo
748 2873 798 2908 ad
820 2873 974 2908 edictum
998 2872 1167 2907 aedilium
1191 2882 1297 2908 curu-

210 2916 298 2952 lium
344 2916 382 2950 Si
405 2916 567 2951 venditor
615 2927 634 2952 e
656 2918 712 2953 his
735 2928 828 2962 quae
851 2917 967 2953 edicto
993 2917 1157 2952 aedilium
1181 2917 1295 2952 conti-

210 2965 341 2997 nentur
371 2971 442 2996 non
475 2966 616 3003 caveat,
648 2963 861 3007 pollicentur
884 2962 1052 2997 adversus
1076 2972 1156 2997 eum
1178 2962 1296 2996 redhi-

210 3005 340 3042 bendi⁷
364 3005 534 3041 iudicium
557 3007 650 3041 intra
674 3007 764 3042 duos
787 3018 924 3043 menses
956 3007 1011 3043 vel
1043 3007 1167 3052 quanti
1200 3017 1296 3052 emp-

210 3051 299 3087 toris
321 3050 461 3086 intersit
483 3050 577 3085 intra
600 3062 663 3086 sex
686 3062 835 3088 menses.

257 3093 311 3133 29
342 3094 538 3132 mammos
557 3096 647 3132 libro
666 3098 788 3142 primo
807 3097 857 3132 ad
874 3097 1026 3133 edictum
1047 3096 1216 3131 aedilium
1237 3107 1296 3132 cu-

209 3141 344 3176 rulium
391 3140 484 3175 Illud
508 3141 688 3176 sciendum
713 3146 777 3183 est,
802 3142 833 3177 si
856 3145 994 3187 emptor
1016 3141 1191 3176 venditori
1207 3141 1296 3176 haec

211 3197 284 3221 non
304 3189 477 3231 praestat,
502 3195 593 3230 quae
612 3186 859 3222 desiderantur
875 3187 913 3222 in
931 3187 1027 3222 hac⁸
1051 3187 1202 3228 actione,
1226 3197 1297 3221 non

210 3240 318 3276 posse
342 3230 374 3266 ei
404 3229 622 3266 venditorem
654 3231 899 3267 condemnari:
934 3231 965 3267 si
997 3235 1117 3266 autem
1148 3241 1202 3265 em
1228 3231 1297 3266 tori

215 3281 227 3310 1
279 3275 443 3311 venditor
452 3275 522 3310 ista
534 3285 606 3310 non
625 3281 795 3320 praestat,
817 3276 1111 3312 condemnabitur
1131 3275 1174 3311 ei.
1226 3279 1297 3310 tem

212 3331 266 3355 em
293 3320 363 3356 tori
385 3320 639 3365 praestandum
664 3324 728 3362 est,
752 3325 793 3355 ut
815 3322 1006 3365 pecuniae,
1032 3320 1133 3356 cuius
1156 3321 1297 3355 nomine

212 3332 390 3417 obffgatns
414 3364 499 3417 erit,
524 3365 711 3417 liberetur,
736 3365 808 3400 sive
831 3366 899 3410 ipsi
922 3365 1097 3401 venditori
1121 3365 1296 3410 obligatus

212 3413 232 3445 2
280 3410 327 3446 sit
347 3420 420 3445 sive
438 3414 544 3446 etiam
563 3410 634 3444 alii.
683 3409 935 3446 Condemnatio
956 3415 1074 3446 autem
1097 3410 1148 3452 fit,
1173 3410 1297 3455 quanti

212 3465 255 3491 ea
277 3465 335 3490 res
358 3455 442 3490 erit:
467 3465 548 3500 ergo
568 3454 740 3490 excedet⁹
758 3455 909 3499 pretium
928 3466 974 3490 an
994 3466 1077 3498 non,
1102 3455 1295 3490 videamus.

213 3569 251 3609 (1)
278 3568 309 3600 ei
324 3570 383 3601 ine.
397 3568 431 3601 F
434 3571 453 3590 ⁸

212 3613 365 3646 Brenem.

213 3660 246 3688 et
259 3658 412 3701 Krueyer

214 3706 259 3742 (0)
283 3702 420 3735 excedat
433 3704 504 3736 edd.

545 3572 588 3609 (2)
614 3567 693 3599 talis
706 3567 814 3599 sactus
826 3571 878 3599 est
889 3569 950 3600 del.

458 3614 501 3654 (4)
526 3616 711 3646 contestam
723 3611 759 3644 F
1035 3570 1078 3610 (3)
1103 3577 1297 3601 enumerare

845 3618 886 3649 (5»
912 3612 1000 3654 quod
1014 3614 1072 3646 ins.
1163 3617 1207 3654 (6)
1232 3611 1298 3653 vel]

555 3659 598 3699 (τ)
622 3656 863 3690 redhibendum
877 3657 912 3689 F

611 3705 670 3743 (ιο)
695 3705 806 3734 tamen
820 3701 883 3734 del.
985 3707 1038 3738 (11)
1064 3702 1223 3735 reddatur
1233 3714 1296 3735 scr.

1290 90 1374 136 274

1054 3659 1098 3697 (8)
1123 3658 1186 3690 hac
1199 3669 1257 3690 om.
1271 3657 1306 3690 F

1367 218 1403 250 et
1426 214 1566 260 quidem
1590 215 1749 251 continet
1773 214 2021 251 condemnatio
2041 216 2193 261 pretium
2213 217 2451 255 accessiones-

1366 269 1446 305 que.
1489 270 1537 295 an
1568 264 1605 296 et
1634 270 1763 296 usuras
1791 260 1897 305 pretii
1928 265 2185 306 consequatur,
2222 262 2325 307 quasi
2358 262 2452 308 qnod

1365 314 1433 340 sua
1465 303 1606 340 intersit
1636 304 1765 341 debeat
1795 304 1976 350 accipere,
2011 305 2163 341 maxime
2197 316 2277 342 cum
2312 306 2452 344 fructus

2127 105 2189 136 on
2218 104 2450 140 annuncio
2485 77 2504 155 ’ῖς

1366 352 1386 385 3
1458 360 1576 395 uoque
1594 350 1671 395 ipse
1690 349 1880 386 restituat?
1904 354 1940 385 et
1959 350 2078 395 placet
2097 355 2382 387 consecuturum.
2415 351 2453 388 Si

1367 394 1427 440 qui
1475 399 1595 430 tamen
1609 396 1637 416 ¹⁰
1659 394 1779 430 damni
1801 395 1912 430 sensit
1935 395 1990 430 vel
2013 395 2045 430 si
2068 395 2241 448 quid-pro
2265 407 2367 432 servo
2387 396 2452 432 im-
2514 406 2517 411 ·

1366 439 1507 485 pendit,
1533 443 1770 485 consequetur
1793 440 1940 475 arbitrio
1964 440 2111 483 iudicis,
2142 451 2194 476 slc
2218 445 2357 484 tamen,
2380 452 2452 478 non

1366 488 1408 519 ut
1438 484 1468 520 ei
1504 484 1631 520 horum
1662 485 1803 520 nomine
1833 485 1995 520 venditor
2025 484 2297 529 condemnetur,
2332 490 2374 522 ut
2404 487 2454 522 ait

1366 529 1538 572 Iulianus,
1562 530 1626 565 sed
1649 539 1694 565 ne
1717 530 1806 565 alias
1830 530 2065 575 compellatur
2083 530 2261 566 hominem
2278 531 2454 567 venditori
2516 543 2517 547 ¹

1366 575 1565 617 restituere,
1590 585 1697 621 quam
1720 575 1751 610 si
1774 585 1854 610 eum
1877 575 2077 611 indemnem
2100 579 2268 620 praestet.

1413 617 1467 657 30
1492 619 1548 655 ΡΑ
1557 629 1651 656 nus
1678 620 1768 656 libro
1793 620 1918 665 primo
1949 620 1999 655 ad
2020 620 2173 656 edictum
2196 621 2365 656 aedilium
2390 632 2450 657 cu-

1344 669 1347 672 ⁴
1366 664 1499 700 rulium
1546 665 1636 701 Item
1658 665 1689 701 si
1709 666 1800 701 servi
1819 664 2028 700 redhibendi
2046 665 2188 701 nomine
2207 670 2345 711 emptor
2363 665 2454 701 iudi·

1368 710 1462 745 cium
1486 710 1627 755 accepit
1648 710 1704 746 vel
1721 710 1798 755 ipse
1818 709 1893 745 eius
1914 710 2057 745 nomine
2076 709 2233 753 dictavit,
2258 710 2455 746 cavendum

1368 765 1412 790 ex
1434 758 1586 800 utraque
1616 759 1720 800 parte
1751 755 1836 797 erit,
1869 758 1927 797 ut,
1961 755 1992 790 si
2023 755 2108 800 quid
2139 755 2215 791 sine
2246 755 2328 791 dolo
2360 755 2453 791 malo

1368 800 1624 835 condemnatus
1656 800 1704 835 sit
1733 800 1788 835 vel
1820 799 1851 835 si
1883 799 1969 845 quid
1999 810 2044 835 ex
2075 810 2117 835 eo
2149 800 2245 845 quod
2276 800 2386 846 egerit
2409 800 2455 835 ad

1367 855 1448 880 eum
1478 845 1678 890 pervenerit
1701 844 1824 881 dolove
1848 845 1940 880 malo
1966 844 2042 880 eius
2064 845 2201 880 factum
2225 845 2271 880 sit
2294 856 2365 891 quo
2389 845 2454 880 mi-

1370 894 1383 925 1
1433 900 1502 925 nus
1525 890 1743 935 perveniret,
1774 890 1812 925 id
1842 890 1970 925 reddat
1984 891 2023 925 ¹¹.
2071 889 2167 934 Quas
2191 890 2369 935 impensas
2392 900 2454 926 ne·

1368 935 1523 971 cessario
1546 935 1583 970 in
1608 935 1804 971 curandum
1828 945 1968 970 servum
1991 938 2076 980 post
2097 935 2194 970 litem
2219 938 2455 971 contestatam

1368 984 1507 1025 emptor
1528 980 1665 1023 fecerit,
1689 979 1897 1025 imputabit:
1921 979 2173 1060 pffaecedentes
2192 980 2371 1025 impensas
2389 991 2454 1016 no-

1367 1025 1528 1060 minatim
1553 1024 1903 1071 comprehendendas
1957 1025 2077 1060 ediusz
2110 1025 2174 1060 sed
2197 1025 2331 1060 cibaria
2354 1035 2454 1061 servo

1367 1070 1454 1106 data
1475 1081 1549 1106 non
1573 1081 1651 1106 esse
1673 1070 1884 1115 imputanda
1905 1070 2027 1106 Aristo
2041 1070 2087 1113 ¹²,
2111 1080 2195 1106 nam
2217 1080 2284 1106 nec
2307 1071 2353 1106 ab
2376 1070 2456 1116 ipso
2511 1062 2525 1082 ⁷²

1367 1116 1470 1199 θιιξὶ,
1495 1116 1592 1197 «huod
1613 1116 1650 1151 in
1673 1115 1866 1151 ministerio
1892 1116 1968 1150 eius
1991 1114 2071 1150 fuit.

1527 1170 1694 1196 amanus
1714 1161 1804 1196 libro
1822 1161 1946 1206 primo
1967 1160 2017 1195 ad
2035 1160 2188 1196 edictum
2207 1159 2376 1196 aedilium
2395 1171 2456 1196 cu-

1367 1206 1501 1242 rulium
1513 1206 1542 1228 ¹³
1587 1205 1722 1250 Quodsi
1756 1206 1844 1241 nolit
1877 1205 2041 1241 venditor
2073 1205 2251 1241 hominem
2286 1205 2454 1250 recipere,
2511 1204 2522 1252 Q

1367 1262 1440 1287 non
1462 1251 1501 1286 in
1523 1251 1693 1286 maiorem
1716 1261 1908 1292 summam,
1940 1250 2073 1296 inquit,
2106 1261 2213 1295 quam
2243 1250 2280 1285 in
2303 1250 2456 1295 pretium
2511 1258 2525 1279 ‘-

1368 1296 1400 1332 ei
1424 1295 1743 1333 condemnandum.
1781 1297 1826 1331 ob
1851 1296 1942 1331 haec
1966 1306 2049 1341 ergo
2062 1322 2071 1338 ,
2095 1305 2187 1341 quae
2210 1299 2357 1347 propter
2379 1305 2453 1331 ser·
2509 1315 2523 1337 χ

1366 1353 1448 1377 vum
1473 1341 1604 1377 damna
1626 1341 1748 1384 sensit,
1773 1341 1885 1376 solam
1911 1341 2072 1376 dabimus
2097 1340 2130 1375 ei
2152 1350 2312 1385 corporis
2336 1344 2455 1375 reten-

1367 1387 1519 1423 tionem:
1546 1390 1703 1422 ceterum
1726 1386 1858 1431 poterit
1881 1386 2013 1421 evitare
2036 1385 2312 1431 praestationem
2335 1385 2455 1420 vendi·
2515 1397 2518 1406 ‚

1366 1435 1434 1475 tor,
1459 1432 1490 1468 si
1512 1431 1602 1467 nolit
1623 1432 1801 1466 hominem
1825 1431 1992 1476 recipere,
2017 1441 2087 1476 quo
2111 1430 2208 1466 facto
2228 1430 2333 1475 pretii
2352 1440 2455 1475 prae·
2520 1459 2522 1461 .

1367 1478 1558 1513 stationem
1590 1487 1783 1522 eorumque
1814 1486 1906 1522 quae
1939 1476 2091 1521 pretium
2123 1479 2320 1520 sequuntur
2343 1475 2455 1511 solam
2512 1476 2514 1482 '

1369 1525 1385 1558 1
1434 1533 1508 1558 non
1541 1522 1697 1558 evitabit.
1746 1521 1784 1556 Si
1806 1521 1970 1557 venditor
1992 1521 2274 1566 pronuntiaverit
2295 1520 2351 1555 vel
2372 1531 2455 1565 pro-

1366 1567 1501 1603 miserit
1522 1566 1640 1602 furem
1663 1578 1736 1602 non
1761 1577 1858 1609 esse,
1890 1570 2032 1602 tenetur
2055 1576 2099 1601 ex
2122 1576 2189 1601 sua
2210 1565 2455 1610 promissione,

1366 1613 1398 1648 si
1427 1612 1563 1648 furtum
1593 1622 1716 1648 servus
1747 1611 1850 1647 fecit:
1885 1621 1963 1646 esse
1994 1611 2086 1647 enim
2116 1611 2186 1646 hoc
2221 1621 2308 1646 casu
2339 1610 2453 1646 furem

1365 1668 1439 1694 non
1461 1661 1602 1693 tantum
1627 1667 1717 1699 eum,
1767 1657 1803 1691 ui
1827 1661 2014 1698 extraneo,
2039 1656 2104 1691 sed
2127 1659 2163 1691 et
2186 1666 2283 1697 eum,
2308 1655 2370 1701 qui
2393 1655 2455 1690 do-

1366 1705 1386 1738 2
1433 1703 1529 1738 mino
1550 1712 1615 1738 suo
1635 1712 1693 1737 res
1712 1712 1754 1737 su
1780 1702 1901 1744 traxit,
1925 1701 2199 1746 intellegendum
2223 1704 2286 1736 est.
2335 1699 2372 1735 Si
2391 1711 2455 1735 an·

1367 1748 1451 1783 cilla
1482 1747 1731 1789 redhibeatur,
1769 1752 1804 1782 et
1836 1746 1933 1792 quod
1964 1756 2008 1781 ex
2040 1756 2083 1781 ea
2112 1749 2196 1791 post
2218 1745 2456 1781 venditionem

1365 1796 1490 1828 natum
1513 1793 1579 1828 erit
1601 1792 1778 1834 reddetur,
1802 1792 1874 1827 sive
1898 1802 1988 1827 unus
2011 1794 2137 1837 partus
2161 1790 2208 1826 sit
2230 1790 2303 1826 sive
2323 1790 2454 1836 plures.

1366 1840 1386 1874 3
1434 1837 1506 1874 Sed
1530 1841 1565 1873 et
1588 1837 1619 1873 si
1637 1836 1731 1872 forte
1752 1847 1838 1872 usus
1859 1836 1998 1872 fructus
2018 1835 2229 1882 proprietati
2249 1835 2455 1878 adcreverit,

1366 1886 1387 1918 4
1433 1882 1635 1918 indubitate
1668 1882 1727 1917 hic
1762 1892 1904 1927 quoque
1937 1882 2155 1917 restituetur.
2204 1880 2242 1915 Si
2276 1880 2456 1925 peculium

1366 1928 1519 1973 quaesiit
1541 1927 1638 1972 apud
1662 1931 1867 1972 emptorem,
1892 1927 1977 1972 quid
2000 1926 2045 1962 de
2065 1927 2136 1961 hoc
2155 1925 2339 1960 dicemus?
2372 1929 2407 1961 et
2425 1925 2456 1960 si

1366 1973 1506 2018 quidem
1531 1983 1575 2008 ex
1598 1983 1637 2008 re
1661 1973 1827 2017 emptoris
1851 1972 2022 2014 accessit,
2054 1970 2242 2006 dicendum
2273 1974 2328 2005 est
2359 1970 2456 2016 apud

1364 2019 1481 2064 ipsum
1503 2017 1793 2062 relinquendum,
1825 2017 1855 2052 si
1885 2016 2028 2052 aliunde
2051 2017 2179 2058 crevit,
2203 2015 2377 2051 venditori
2399 2025 2454 2051 re-

1365 2067 1384 2099 5
1433 2062 1651 2099 stituendum
1683 2066 1746 2097 est.
1795 2062 1833 2097 Si
1863 2062 1983 2108 plures
2007 2061 2156 2097 heredes
2180 2061 2252 2096 sint
2275 2060 2456 2106 emptoris,

1365 2119 1412 2144 an
1435 2118 1557 2144 omnes
1582 2107 1628 2142 ad
1651 2107 1908 2142 redhibendum
1927 2106 2128 2142 consentire
2146 2105 2310 2148 debeant,
2333 2105 2453 2141 videa-

1364 2164 1454 2189 mus.
1492 2157 1527 2188 et
1550 2153 1601 2187 ait
1622 2152 1842 2197 Pomponius
1866 2162 1989 2188 omnes
2014 2150 2215 2187 consentire
2244 2151 2372 2186 debere
2407 2150 2454 2185 ad

1364 2198 1621 2234 redhibendum
1642 2197 1798 2242 dareque
1817 2208 1927 2233 unum
1950 2200 2229 2242 procuratorem,
2254 2195 2339 2231 ne²⁴
2361 2194 2455 2231 forte

1364 2243 1527 2279 venditor
1548 2243 1714 2278 iniuriam
1735 2243 1905 2287 patiatur,
1931 2242 2016 2277 dum
2039 2242 2084 2277 ab
2109 2241 2178 2276 alio
2202 2244 2341 2286 partem
2363 2240 2454 2276 reci-

1363 2289 1419 2334 pit
1435 2288 1599 2330 hominiS,
1624 2287 1684 2322 ani
1703 2288 1741 2322 in
1759 2292 1897 2332 partem
1941 2287 2021 2322 retii
2041 2286 2307 2328 condemnatur,
2331 2285 2454 2331 quanti

1366 2338 1386 2368 6
1432 2333 1578 2368 minoris
1602 2332 1632 2367 is
1656 2333 1762 2368 homo
1786 2332 1843 2368 sit.
1889 2333 1906 2367 Ι
1933 2342 1987 2367 em
2009 2331 2061 2367 ait
2074 2331 2216 2366 homine
2235 2334 2376 2366 mortuo
2397 2330 2453 2365 vel

1365 2378 1471 2414 etiam
1500 2377 1677 2413 redhibito
1711 2377 1868 2422 singulos
1898 2388 1964 2422 pro
1997 2377 2070 2412 suis
2101 2375 2324 2421 portionibus
2356 2379 2455 2411 recte

1365 2433 1481 2476 agere.
1524 2422 1678 2468 pretium
1702 2426 1820 2457 autem
1844 2426 1881 2457 et
1903 2421 2126 2457 accessiones
2150 2431 2215 2466 pro
2238 2424 2341 2465 parte
2363 2420 2453 2455 reci-

1389 2472 1481 2504 1ent:
1507 2467 1570 2503 sed
1593 2471 1629 2503 et
1650 2467 1790 2502 fructus
1815 2467 2030 2503 accessionis
2044 2468 2071 2488 ¹⁵
2095 2470 2131 2501 et
2153 2465 2184 2501 si
2230 2475 2276 2501 uo
2300 2465 2455 2500 deterior

1391 2524 1471 2549 omo
1493 2512 1612 2548 factus
1637 2516 1691 2548 est
1713 2523 1778 2557 pro
1828 2517 1905 2548 arte
1928 2511 2170 2557 praestabitur
2193 2521 2214 2545 a
2262 2510 2362 2555 ipsis,
2386 2509 2454 2544 nisi

1364 2558 1459 2594 forte
1481 2559 1555 2594 tale
1578 2558 1643 2600 sit,
1669 2557 1764 2603 quod
1824 2558 1993 2593 visionem
2015 2567 2088 2592 non
2110 2555 2277 2601 recipiat,
2301 2558 2343 2590 ut
2364 2559 2454 2600 puta

1366 2603 1517 2639 ancillae
1547 2607 1691 2655 partus:
1727 2603 1765 2637 in
1795 2602 1865 2638 hoc
1896 2603 1988 2638 enim
2018 2601 2112 2636 idem
2143 2599 2354 2636 servandum
2386 2603 2452 2641 est,

1367 2649 1461 2694 quod
1484 2649 1522 2683 in
1544 2658 1624 2693 ipsa
1646 2651 1760 2683 matre
1783 2647 1943 2689 vendita,
1977 2657 2083 2692 quam
2114 2655 2178 2691 pro
2210 2649 2313 2690 parte
2335 2644 2451 2679 redhi-

1367 2698 1385 2728 7
1433 2694 1511 2729 beri
1534 2703 1641 2738 posse
1664 2693 1878 2738 negavimus.
1926 2691 2118 2727 Marcellus
2151 2700 2292 2735 quoque
2315 2690 2452 2731 scribit,

1367 2739 1397 2774 si
1428 2749 1551 2774 servus
1583 2738 1778 2773 communis
1809 2747 1949 2772 servum
1980 2737 2104 2771 emerit
2135 2740 2169 2770 et
2198 2735 2246 2770 sit
2274 2735 2312 2769 in
2343 2744 2453 2770 causa

1366 2783 1631 2825 redhibitionis,
1655 2793 1767 2818 unum
1791 2792 1834 2817 ex
1858 2782 2008 2817 dominis
2031 2792 2096 2833 pro
2119 2784 2223 2826 parte
2245 2789 2312 2815 sua
2333 2779 2451 2815 redhi-

1366 2829 1450 2864 bere
1470 2839 1610 2863 servum
1629 2838 1702 2863 non
1720 2837 1845 2872 posse:
1865 2837 1938 2862 non
1957 2836 2080 2871 magis,
2100 2825 2225 2870 inquit,
2246 2834 2352 2869 quam
2371 2834 2453 2859 cum

1368 2885 1422 2909 em
1447 2873 1518 2908 tori
1534 2873 1655 2918 plures
1675 2872 1822 2907 heredes
1842 2872 2056 2907 exstiterunt
2076 2880 2142 2906 nec
2161 2879 2284 2906 omnes
2305 2868 2353 2904 ad
2369 2868 2451 2904 red-

1367 2921 1387 2954 8
1423 2885 1628 2953 1hibendum
1661 2917 1897 2952 consentiunt.
1944 2916 2042 2951 Idem
2071 2914 2264 2951 Marcellus
2299 2914 2350 2949 ait
2379 2923 2452 2949 non

1366 2973 1472 3008 posse
1496 2963 1647 2998 alterum
1670 2973 1713 2997 ex
1737 2961 1887 2997 dominis
1912 2960 2082 3005 consequi
2098 2960 2240 2995 actione
2258 2969 2303 2994 ex
2321 2962 2451 3011 empto,

1366 3012 1408 3043 ut
1437 3008 1506 3043 sibi
1535 3017 1600 3052 pro
1632 3010 1735 3052 parte
1764 3007 1926 3042 venditor
1954 3006 2093 3047 tradat,
2128 3005 2159 3040 si
2192 3015 2257 3049 pro
2287 3007 2452 3049 portione
2504 3003 2507 3017 ³

1366 3053 1519 3098 pretium
1543 3051 1660 3087 dabit:
1694 3056 1729 3086 et
1752 3051 1821 3086 hoc
1845 3052 1882 3086 in
1907 3051 2124 3096 emptoribus
2138 3051 2165 3071 ¹⁶
2188 3048 2321 3084 servari
2344 3059 2365 3084 ο
2392 3058 2450 3083 or·

1366 3103 1442 3134 tere
1471 3097 1540 3132 ait:
1573 3106 1655 3131 nam
1686 3096 1849 3131 venditor
1880 3096 2035 3141 pignoris
2066 3095 2146 3130 loco
2178 3093 2274 3139 quod
2296 3103 2363 3128 ven
2388 3092 2453 3127 ‘dit
2500 3103 2505 3106 ⁴

1366 3146 1387 3177 9
1433 3142 1572 3184 retinet,
1598 3141 1716 3186 quoad
1737 3146 1875 3186 emptor
1894 3140 2102 3176 satisfaciat.
2149 3139 2368 3183 Pomponius
2387 3137 2451 3179 ait,

1366 3187 1396 3222 si
1429 3197 1522 3222 unus
1546 3196 1590 3221 ex
1614 3185 1803 3221 heredibus
1825 3186 1881 3221 vel
1902 3185 2037 3220 familia
2063 3185 2138 3220 eius
2161 3184 2216 3219 vel
2239 3185 2453 3228 procurator

1367 3231 1473 3277 culpa
1495 3231 1550 3266 vel
1573 3230 1654 3266 dolo
1678 3231 1802 3266 fecerit
1825 3241 1899 3266 rem
1930 3230 2158 3271 deteriorem,
2190 3238 2342 3273 aequum
2372 3236 2453 3263 esse

1365 3277 1403 3311 in
1435 3276 1588 3312 solidum
1619 3285 1698 3310 eum
1730 3276 1842 3310 teneri
1874 3275 2020 3310 arbitrio
2052 3273 2196 3309 iudicis:
2230 3273 2299 3308 hoc
2331 3275 2450 3307 autem

1366 3321 1563 3400 etxlpeditiuls
1585 3320 1728 3399 ess3,dsi
1747 3330 1873 3399 carpest
1887 3319 2450 3398 Ιιετεεὶεεμιιιιιιιιᾱξέἕὲἑιὲζιοτεω

1366 3376 1388 3401 a
1483 3375 1613 3401 enum
1662 3375 1821 3400 eerun.
1873 3374 1983 3399 unce
2019 3374 2049 3399 si
2091 3374 2137 3398 uo
2347 3370 2449 3396 ervus

1368 3376 1481 3456 calgi}
1508 3410 1613 3445 unius
1647 3409 1818 3445 heredum
1848 3409 1966 3444 factus
1999 3412 2053 3443 est
2068 3375 2159 3443 qet¹⁷
2192 3407 2262 3443 hoc
2294 3406 2449 3442 solutum

1366 3459 1440 3498 est,
1482 3454 1591 3490 ceteri
1626 3453 1781 3490 familiae
1815 3453 2047 3490 erciscundae
2080 3452 2247 3488 iudicium
2281 3450 2448 3486 adversus

1367 3568 1426 3608 (η)
1451 3567 1500 3599 ait
1513 3569 1572 3600 ins.
1584 3566 1637 3600 F²
1695 3569 1752 3606 (13)
1778 3567 1853 3605 αᾱς
1869 3573 1901 3600 ιο
1915 3567 1958 3609 ef.
1970 3567 2007 3599 D
2031 3566 2085 3603 2¹.
2100 3572 2127 3604 2,
2141 3572 2187 3604 82,
2201 3571 2213 3598 ι
2270 3565 2327 3603 (ιι)
2350 3561 2454 3595 neoF

1369 3616 1426 3653 (ιω
1450 3615 1484 3644 et
1496 3611 1626 3644 fructus
1638 3615 1672 3644 et
1684 3611 1889 3643 accessiones
1902 3612 1977 3644 dett.
2077 3612 2137 3651 (18)
2161 3607 2316 3652 pluribus
2329 3609 2388 3641 ins.
2398 3618 2447 3640 ιο-

1367 3657 1504 3691 cundum
1517 3656 1553 3690 B
1646 3658 1703 3698 (ιτ)
1728 3657 1774 3696 et]
1786 3665 1847 3688 neo
1859 3667 1922 3688 scr.

2525 3649 2528 3678 i
