2528 3918
175 114 322 161 ms'r.
353 114 455 174 1111,
490 115 540 161 18

176 246 368 292 signaverit
398 243 603 281 recitaverit
631 242 824 279 subiecerit
858 243 961 290 quive
994 244 1134 290 signum
1168 242 1269 278 adul-

175 292 330 328 terinum
346 290 473 327 fecerit
491 287 683 341 sculpserit
704 288 920 334 expresserit
937 289 1054 325 sciens
1066 288 1148 324 dolo
1161 287 1268 324 malo.

177 338 253 373 eius
278 346 323 372 ue
334 336 420 381 legis
434 343 600 380 poenam
621 343 742 370 servos
763 333 926 370 ultimum
944 335 1158 381 supplicium
1179 336 1234 368 est
1247 334 1268 376 ¹,

177 393 246 429 quo
296 386 332 417 et
354 382 390 416 in
414 381 491 425 lege
514 378 559 414 de
582 378 721 415 sicariis
753 382 790 416 et
819 379 987 416 veneficis
1019 383 1199 422 servatur,
1232 379 1269 414 in

177 431 197 463 8
242 427 373 463 liberos
397 435 480 461 vero
506 424 719 469 deportatio.
768 425 858 461 Item
881 426 939 460 lex
962 425 1054 461 Iulia
1078 424 1122 460 de
1145 424 1179 459 vi
1202 434 1268 469 pu-

176 472 272 508 blica
294 482 358 507 seu
383 471 524 515 privata
547 469 718 506 adversus
742 480 804 506 eos
828 471 1004 513 exoritur,
1037 470 1098 516 qui
1121 469 1191 505 vim
1214 469 1269 505 vel

176 521 348 553 armatam
372 516 427 551 vel
451 515 528 551 sine
551 515 659 550 armis
683 516 933 551 commiserint.
970 515 1034 551 sed
1065 515 1096 551 si
1128 514 1269 561 quidem

176 566 315 598 armata
337 562 388 597 vis
414 563 604 606 arguatur,
636 560 838 606 deportatio
872 562 904 596 ei
936 571 979 596 ex
1011 561 1086 605 lege
1109 560 1202 595 Iulia
1225 559 1270 595 de

176 609 209 643 vi
234 607 378 653 publica
399 606 595 651 irrogatur:
627 605 659 642 si
691 617 774 642 vero
807 606 884 642 sine
907 607 1035 649 armis,
1067 606 1105 641 in
1127 605 1269 641 tertiam

176 658 313 699 partem
338 653 513 687 bonorum
531 651 727 697 publicatio
747 652 951 697 imponitur.
989 651 1045 687 sin
1064 654 1185 687 autem
1205 660 1271 697 per

176 699 244 733 vim
276 700 403 743 raptus
434 697 578 742 virginis
601 697 656 732 vel
681 697 808 733 viduae
831 697 886 733 vel
910 696 1191 732 sanctimonialis
1214 696 1270 732 vel

176 743 267 778 aliae
288 742 398 778 fuerit
421 746 658 788 perpetratus,
682 746 768 778 tunc
792 746 830 778 et
852 745 1061 788 peccatores
1086 745 1123 778 et
1142 742 1184 785 ei,
1209 740 1270 787 qui

176 798 281 834 opem
303 787 439 834 flagitio
464 787 659 831 dederunt,
693 797 736 823 ca
762 788 811 823 ite
842 788 1042 834 puniuntur
1072 787 1268 824 secundum

176 837 322 870 nostrae
357 833 648 870 constitutionis2
683 833 727 868 de
742 833 942 876 'uitionem,
987 843 1032 869 ex
1073 843 1145 879 qua
1179 833 1270 869 haec

177 882 198 914 9
245 879 406 925 apertius
428 879 598 925 possibile
621 882 677 914 est
700 880 801 914 scire.
849 878 928 914 Lex
958 879 1051 914 Iulia
1080 878 1269 924 peculatus

176 934 238 960 eos
258 924 372 970 punit,
395 924 457 971 qui
502 925 664 960 ecuniam
685 925 740 960 vel
759 934 834 959 rem
853 924 1035 969 publicam
1054 925 1109 960 vel
1129 934 1270 960 sacram

176 970 231 1006 vel
254 970 455 1016 religiosam
495 970 589 1005 urati
611 969 755 1005 fuerint.
793 970 856 1005 sed
879 970 910 1005 si
930 969 1072 1016 quidem
1090 970 1159 1023 ipsi
1178 969 1269 1005 iudi-

177 1025 237 1052 ces
267 1018 430 1062 tempore
460 1015 776 1051 administrationis
801 1015 965 1061 publicas
990 1025 1160 1061 pecunias
1184 1015 1270 1051 sub·

175 1132 218 1171 (1)
243 1132 306 1171 ost]
323 1130 394 1171 PE,
409 1133 443 1162 et
463 1131 506 1170 R,
521 1143 580 1163 om.
593 1130 663 1163 AB
756 1134 801 1170 (2)
830 1130 1038 1172 c'od.9,13‚1

1283 113 1339 165 56
1925 131 1987 166 nn
2014 132 2217 168 runmcis
2247 133 2433 170 mmons
2504 112 2506 114 ’

1337 245 1538 288 traxerunt,
1562 252 1607 279 ca
1631 243 1708 280 itali
1730 244 2037 281 animadversione
2059 247 2276 291 puniuntur,
2301 250 2338 283 et
2360 258 2435 284 non

1338 289 1456 325 solum
1485 288 1545 333 hi,
1569 254 1632 325 seg
1655 289 1762 326 etiam
1785 290 1847 336 qui
1869 290 2104 336 ministerium
2128 293 2179 329 eis
2203 291 2251 328 ad
2275 291 2347 328 hoc
2369 292 2434 329 ad-

1338 333 1533 370 hibuerunt
1556 334 1612 370 vel
1635 334 1696 381 qui
1720 335 1909 372 subtracta
1931 336 1978 372 ab
2002 336 2058 373 his
2082 337 2239 374 scientes
2263 347 2434 384 suscepe-

1338 383 1441 415 runt:
1467 379 1526 415 alii
1549 390 1645 423 vero,
1670 380 1732 426 qui
1754 381 1791 416 in
1814 381 1910 418 hanc
1932 381 1965 417 le
1989 392 2044 417 em
2067 382 2270 426 inciderint,
2294 392 2435 428 poenae

1342 427 1382 459 10
1430 424 1690 470 deportationis
1725 426 1961 472 subiugentur
1986 454 1995 463 .
2053 427 2125 464 Est
2158 428 2253 464 inter
2286 428 2435 474 publica

1337 469 1470 505 iudicia
1486 470 1544 506 lex
1564 470 1680 524 Fabia
1698 470 1744 507 de
1767 471 1970 526 plagiariis,
1986 483 2081 527 quae
2102 473 2282 527 interdum
2305 483 2350 509 ca
2375 473 2435 509 itis

1338 518 2436 615 ¹19?⁶¹²,ssssoffissi⁰ssinss⁰333ssssgss¹b1issuffiiffigd{¹313}

1339 606 1492 642 ambitus
1525 609 1561 642 et
1591 606 1649 642 lex
1680 607 1773 643 Iulia
1803 611 1954 653 repetun
1979 618 2079 645 arum
2110 613 2147 645 et
2177 609 2235 645 lex
2265 608 2358 644 Iulia
2390 608 2436 644 de

1338 661 1483 687 annona
1506 655 1542 687 et
1564 651 1623 687 lex
1646 652 1739 688 Iulia
1762 652 1806 688 de
1828 653 1991 696 residuis,
2016 664 2109 700 quae
2132 655 2178 690 de
2202 654 2310 690 certis
2331 654 2435 700 capi-

1338 697 1423 732 tulis
1457 697 1654 743 loquuntur
1688 701 1725 734 et
1756 698 1895 734 animae
1929 698 2070 744 quidem
2101 700 2329 736 amissionem
2362 709 2435 735 non

1337 743 1516 787 irrogant,
1541 742 1620 778 aliis
1644 746 1764 779 autem
1783 744 1913 796 poenis
1937 753 1998 780 eos
2022 745 2216 789 subiciunt,
2240 745 2302 791 qui
2325 754 2433 790 prae-

1339 791 1446 834 cepta
1469 798 1591 823 earum
1615 789 1846 833 neglexerint.

1342 836 1383 869 12
1476 832 1547 869 Sed
1572 833 1615 869 de
1638 833 1792 879 publicis
1816 833 1955 870 iudiciis
1989 835 2080 871 haec
2110 835 2361 888 exposuimus,
2395 839 2436 871 ut

1339 879 1440 915 vobis
1460 878 1635 932 possibile
1658 879 1706 914 sit
1728 889 1865 915 summo
1887 879 1995 924 digito
2016 883 2053 916 et
2071 890 2174 926 quasi
2193 891 2259 927 per
2277 880 2434 916 indicem

1340 934 1383 960 ea
1405 924 1576 970 tetigisse.
1612 924 1770 970 alioquin
1794 924 1995 970 diligentior
2019 935 2141 961 eorum
2164 926 2315 962 scientia
2333 926 2437 962 vobis

1339 980 1383 1005 ex
1406 969 1594 1006 latioribus
1618 969 1834 1015 digestorum
1859 971 1932 1006 sive
1954 970 2214 1016 pandectarum
2239 970 2340 1007 libris
2366 970 2435 1007 deo

1339 1015 1495 1061 propitio
1519 1015 1718 1051 adventura
1741 1019 1806 1052 est.

1132 1132 1176 1171 (3)
1202 1131 1250 1164 εἰσ
1263 1129 1305 1172 R,
1320 1128 1526 1172 subiguntur
1537 1131 1579 1172 A,
1593 1130 1839 1173 subiungentur
1864 1130 1900 1163 B

2502 1783 2510 1815 ’ἓ

2501 1826 2506 1835 ⁴

2503 1888 2512 1900 '-

2502 1916 2507 1930 ¹
