2528 3918
122 95 183 153 DE
212 121 422 153 nmmum
451 121 592 154 CAUSA

122 236 305 282 suscipere
318 238 328 258 ¹
356 235 476 289 ipsum
503 235 550 271 ad
573 234 646 271 litis
670 232 982 278 contestationem,
1013 232 1077 269 sed
1100 230 1209 270 susti·

121 282 276 318 nendum
303 281 490 325 iudicium,
520 280 633 316 donec
657 279 702 315 de
724 279 891 315 libertate
913 278 1110 315 iudicetur:
1142 288 1209 315 1100

121 327 234 364 videri
260 326 518 373 praeiudicium
545 324 704 362 libertati
733 324 812 360 fieri
842 327 906 359 aut
936 324 1120 360 voluntate
1143 323 1208 359 do·

123 372 207 408 mini
229 372 267 408 in
289 372 455 408 libertate
477 381 558 406 eum
580 370 729 406 morari:
759 380 843 405 nam
872 368 1039 405 ordinato
1069 368 1209 405 liberali

121 418 252 453 iudicio
267 417 410 453 interim
423 426 490 462 pro
507 415 620 451 libero
637 415 802 459 habetur,
819 418 856 451 et
868 414 1053 460 sicutipse
1067 424 1172 460 agere
1181 414 1207 457 ²,

123 464 173 498 ita
197 473 279 499 cum
299 462 377 515 ipso
402 471 544 515 quoque
567 471 589 496 a
615 461 623 470 '
648 464 779 506 potest.
828 463 986 496 ceterum
1011 470 1056 495 ex
1079 462 1209 496 eventu

122 512 186 544 aut
208 508 295 543 utile
317 507 489 543 iudicium
512 506 581 542 erit
627 510 691 541 aut
714 506 870 548 nullum,
895 506 927 541 si
950 510 1078 545 contra
1099 506 1207 541 liber-

123 558 143 588 4
189 557 299 588 tatem
329 551 598 598 pronuntiatum
627 551 746 587 fuerit.
794 551 833 587 Si
862 551 913 594 is,
944 551 1005 596 qui
1033 551 1071 586 in
1101 551 1207 586 liber-

122 602 231 634 tatem
253 598 471 643 proclamat,
499 596 589 633 furti
619 600 683 632 aut
712 596 832 632 damni
859 596 990 631 iniuria
1019 597 1064 631 ab
1089 596 1208 649 aliquo

122 647 302 688 arguatur,
326 642 423 679 Mela
446 642 497 678 ait
520 642 661 678 interim
686 652 767 677 eum
785 652 911 678 cavere
930 642 1060 677 debere
1075 641 1208 676 iudicio

121 699 160 725 se
183 688 275 731 sisti,
299 698 345 723 110
367 688 524 724 melioris
549 687 769 735 condicionis
793 687 841 723 sit
863 687 925 732 qui
948 687 1078 723 dubiae
1100 686 1208 722 liber-

120 734 203 769 tatis
235 737 309 776 est,
345 744 452 778 quam
481 733 543 778 qui
573 737 712 769 certae:
746 733 810 769 sed
839 732 1086 768 sustinendum
1116 731 1208 767 iudi-

121 779 234 820 cium,
263 789 309 814 ne
337 778 594 824 praeiudicium
624 778 784 815 libertati
811 778 886 813 fiat.
935 788 978 814 ae
1003 788 1048 813 110
1067 777 1104 821 Γ131
1128 787 1208 812 011111

120 834 327 869 possessore
345 824 497 859 hominis
516 823 604 859 furti
621 823 680 869 agi
697 824 866 870 coeperit,
892 823 973 859 dein
1001 834 1020 859 0
1038 824 1080 866 13,
1106 824 1209 858 0111113

120 870 261 905 nomine
285 870 475 914 agebatur,
500 870 537 905 in
560 869 763 905 libertatem
811 869 1076 912 roclamaverit,
1101 867 1208 904 susti—

121 914 275 950 nendum
298 915 479 957 iudicium,
503 919 554 958 ut,
579 915 611 951 si
633 915 724 951 liber
746 915 784 950 iu
812 915 926 950 'catus
951 915 1007 959 sit,
1029 914 1068 950 in
1091 915 1209 959 ipsum

121 959 357 995 transferatur
373 960 562 996 iudicium:
588 963 635 1003 et,
660 961 692 996 si
714 960 894 996 damnatio
918 960 1018 996 facta
1036 960 1094 1003 sit,
1117 958 1208 995 iudi-

121 1006 191 1040 cati
215 1006 392 1041 actionem
415 1006 536 1051 potius
560 1006 598 1041 in
621 1016 703 1042 eum
727 1006 892 1042 dandam.

166 1048 219 1088 25
247 1050 371 1087 GAws
397 1051 447 1086 ad
476 1051 631 1087 edietum
688 1053 844 1087 raetorz's
874 1051 1008 1087 urbani
1038 1050 1141 1086 titulo
1165 1049 1210 1084 de

120 1096 263 1132 liberali
283 1107 396 1132 causa
441 1096 480 1132 Si
503 1097 563 1132 cui
587 1097 631 1133 de
670 1098 820 1133 ‘bertate
843 1107 911 1133 sua
932 1095 1087 1141 litiganti
1110 1095 1208 1140 optio

119 1142 236 1186 legata
260 1142 316 1184 sit,
342 1152 588 1188 quaecumque
612 1143 811 1179 hereditate
833 1143 867 1179 ei
886 1142 1013 1178 relicta
1029 1141 1208 1184 dicuntur,

124 1191 139 1222 1
188 1187 312 1223 eadem
342 1191 378 1222 et
406 1187 450 1223 de
474 1188 620 1233 optione
641 1188 792 1224 tractari
814 1190 978 1234 possunt.
1025 1186 1210 1222 Interdum

121 1243 165 1267 ex
194 1233 332 1278 integro
365 1233 471 1268 datur
499 1233 546 1269 ad
574 1233 777 1270 libertatem
806 1233 1042 1279 proclamatio
1055 1259 1065 1275 ‚
1099 1231 1210 1268 veluti

120 1278 208 1322 eius,
233 1279 294 1323 qui
317 1277 484 1313 adfirmat
499 1278 581 1315 ideo
600 1289 639 1315 se
657 1279 773 1324 primo
792 1278 925 1315 iudicio
944 1278 1089 1320 victum,
1114 1277 1210 1323 quod

119 1327 256 1359 statuta
278 1323 428 1359 libertas
451 1324 609 1360 nondum
631 1325 664 1360 ei
689 1325 877 1370 optigerat,
903 1334 1010 1370 quam
1032 1333 1129 1358 nunc
1154 1322 1208 1357 di-

121 1371 140 1403 2
188 1369 238 1404 cit
260 1369 331 1403 sibi
353 1369 536 1414 obtigisse.
583 1370 688 1405 Licet
713 1370 818 1415 vulgo
843 1369 984 1406 dicatur
1005 1372 1091 1415 post
1114 1367 1209 1404 ordi-

121 1417 242 1449 natum
262 1414 409 1450 liberale
426 1414 598 1450 iudicium
614 1415 806 1458 hominem,
828 1415 929 1452 cuius
948 1414 993 1451 de
1009 1417 1107 1450 statu
1123 1424 1210 1449 con-

119 1459 293 1495 troversia
316 1464 387 1502 est,
417 1460 521 1495 liberi
548 1460 630 1496 loco
653 1471 750 1505 esse,
779 1465 919 1505 tamen,
951 1460 982 1496 si
1005 1469 1128 1495 servus
1152 1459 1210 1501 sit,

119 1509 256 1540 certum
279 1509 336 1540 est
356 1505 467 1541 nihilo
491 1505 608 1541 minus
633 1516 732 1549 eum,
766 1505 863 1552 quod
894 1506 926 1542 ei
956 1505 1126 1541 tradatur
1154 1504 1211 1540 vel

119 1550 328 1595 stipuletur,
358 1550 507 1596 perinde
538 1551 681 1588 domino
715 1551 904 1596 adquirere
935 1554 1044 1596 atque
1075 1550 1107 1586 si
1137 1560 1211 1585 non

119 1596 163 1631 de
185 1595 352 1631 libertate
372 1596 450 1631 eius
470 1597 722 1642 quaerebatur.
758 1600 900 1633 tantum
919 1596 964 1633 de
981 1596 1210 1642 possessione

120 1641 334 1686 videbimus,
367 1652 448 1677 cum
475 1643 593 1687 ipsum
615 1646 700 1688 post
721 1642 821 1678 litem
845 1641 1047 1678 ordinatam
1071 1641 1211 1677 desinat

120 1686 283 1722 dominus
305 1687 508 1732 possidere:
534 1688 598 1723 sed
621 1687 734 1733 magis
758 1691 828 1732 est,
853 1691 894 1723 ut
917 1687 1102 1733 adquirat,
1126 1687 1212 1722 licet

118 1733 164 1767 ab
190 1742 233 1767 00
256 1743 330 1768 11011
351 1732 590 1778 possideatur.
625 1736 663 1769 et
685 1743 767 1769 cum
787 1733 926 1779 placuit
940 1743 1007 1779 per
1022 1732 1211 1778 fugitivum

119 1787 261 1823 quoque
284 1788 351 1813 nos
375 1778 637 1823 possessionem
661 1778 846 1824 adquirere
869 1789 995 1824 posse,
1028 1777 1113 1824 quid
1143 1778 1209 1813 mi-

119 1834 197 1858 rum
221 1823 329 1858 etiam
345 1834 417 1868 ⁴per
440 1824 547 1867 hunc,
573 1824 617 1859 de
640 1834 712 1869 quo
736 1834 961 1870 quaeramus,
987 1823 1151 1869 adquiri?

166 1866 219 1906 26
244 1868 352 1904 IDEM
376 1869 467 1904 libro
497 1869 690 1905 vicensimo
722 1870 773 1905 ad
800 1870 956 1906 edietum
981 1868 1211 1916 provinciale

119 1913 189 1958 Qui
221 1924 266 1949 ex
296 1914 463 1950 libertate
494 1915 532 1949 in
562 1914 769 1951 servitutem
799 1915 909 1961 petit,
949 1915 981 1951 si
1011 1914 1135 1951 iudicii
1166 1914 1211 1950 de

119 1959 292 1995 evictione
322 1959 487 1995 servandi
519 1970 631 1996 causa
659 1964 788 1997 contra
810 1961 1013 1996 libertatem
1036 1960 1126 2006 agit,
1154 1959 1209 1996 in-

118 2004 290 2040 iuriarum
314 2005 455 2041 actione
478 2016 551 2041 11011
575 2006 795 2042 convenitur.

166 2047 219 2087 27
259 2049 455 2086 ULPIANUS
489 2051 580 2086 libro
615 2052 774 2088 seeundo
809 2051 854 2087 de
888 2051 1015 2104 officio
1050 2051 1211 2087 consulis

120 2095 201 2131 Divi
223 2095 355 2131 fratres
377 2095 533 2132 Proculo
558 2100 595 2132 et
613 2096 779 2133 Munatio
802 2100 1082 2142 rescripserunt:
1109 2096 1212 2132 ‘Cum

120 2141 316 2185 ‘Romulus,
341 2140 386 2177 de
410 2141 511 2177 cuius
531 2145 629 2177 statu
674 2142 847 2186 uaefitur,
870 2142 1060 2188 pupillaris
1079 2141 1210 2178 aetatis

120 2187 189 2231 ‘sit,
214 2197 261 2222 an
286 2187 448 2232 exigente
461 2187 573 2222 Varia
592 2187 648 2223 He
675 2198 743 2223 0110
765 2191 881 2224 matre
905 2192 941 2223 et
965 2188 1211 2224 consentiente

120 2231 241 2268 ‘Vario
265 2232 434 2268 Hermete
465 2235 583 2269 tutore
613 2233 661 2268 ad
691 2237 832 2279 tempus
866 2233 1068 2279 pubertatis
1099 2243 1210 2269 causa

119 2277 329 2313 ‘differenda
352 2278 416 2320 sit,
448 2282 589 2314 vestrae
617 2279 802 2323 gravitatis
831 2283 887 2315 est
915 2289 960 2315 ex
987 2278 1060 2314 fide
1085 2289 1209 2324 perso-

123 2327 138 2358 1
188 2323 352 2358 ‘narum⁴
382 2323 478 2368 quod
507 2324 594 2359 utile
618 2327 673 2359 est
695 2324 851 2370 pupillo,
881 2324 1123 2361 constituere’.
1172 2323 1211 2359 Si

119 2379 163 2404 ea
186 2379 340 2414 persona
364 2368 456 2404 desit
480 2369 687 2414 cognitioni,
720 2380 812 2416 quae
843 2370 951 2406 alicui
980 2373 1098 2406 status
1123 2380 1209 2405 con-

119 2414 329 2450 troversiam
352 2413 520 2457 faciebat,
543 2415 583 2450 in
605 2414 731 2451 eadem
751 2425 864 2451 causa
883 2419 939 2451 est
980 2415 1019 2451 ui
1037 2415 1082 2451 de
1100 2415 1209 2451 liber-

119 2463 194 2495 tate
224 2470 292 2496 sua
321 2459 455 2505 litigat,
494 2470 566 2505 qua
598 2459 687 2504 fuit,
725 2461 826 2507 prius
852 2471 936 2497 uam
991 2471 1012 2497 e
1041 2460 1210 2497 libertate

120 2504 398 2541 controversiain
426 2505 603 2551 patiatur:
634 2516 722 2542 sane
744 2506 816 2542 hoc
853 2510 1019 2549 ucratur,
1075 2506 1148 2542 uod
1178 2506 1209 2542 is

120 2551 182 2596 qui
211 2560 291 2586 eam
322 2553 438 2586 status
470 2551 750 2587 controversiam
771 2551 930 2588 faciebat
953 2552 1086 2587 amittit
1108 2562 1210 2588 suam

120 2606 278 2632 causam.
325 2606 392 2632 1100
423 2606 467 2632 ea
495 2606 553 2632 res
582 2597 776 2642 ingenuum
807 2597 897 2633 facit
924 2607 1006 2634 euin
1041 2598 1103 2643 qui
1136 2608 1210 2633 non

118 2641 206 2677 fuit:
238 2651 305 2676 nec
332 2641 426 2677 enim
448 2642 600 2686 penuria
621 2641 818 2678 adversarii
839 2643 1095 2688 ingenuitatem
1118 2643 1211 2679 solet

120 2687 288 2722 tribuere.
334 2690 434 2722 recte
463 2690 571 2732 atque
602 2687 726 2723 ordine
754 2687 893 2724 iudices
923 2692 1011 2734 puto
1034 2688 1209 2733 facturos,

121 2733 151 2767 si
175 2733 270 2767 hanc
292 2731 443 2767 formam
467 2731 600 2768 fuerint
623 2733 810 2769 consecuti
818 2734 844 2776 ⁵,
875 2737 932 2777 ut,
964 2733 1028 2769 ubi
1055 2733 1156 2770 deest
1177 2734 1209 2770 is

121 2777 183 2822 qui
210 2777 248 2812 in
279 2777 486 2812 servitutem
513 2777 619 2823 petit,
649 2778 859 2814 electionem
882 2778 1088 2815 adversario
1111 2779 1209 2815 defe-

121 2825 214 2865 rant,
239 2827 361 2858 utrum
383 2822 484 2857 malit
507 2833 549 2858 00
600 2822 745 2860 ‘tionem
769 2824 989 2860 circumduci
1016 2834 1064 2859 an
1087 2824 1210 2860 audita

122 2878 233 2903 causa
256 2868 467 2904 sententiam
489 2878 556 2913 pro
573 2869 655 2904 erri.
701 2870 763 2904 et⁶
794 2870 825 2905 si
848 2870 1096 2916 cognoverint,
1125 2880 1208 2916 pro-

121 2913 287 2949 nuntiare
317 2913 500 2948 debebunt
530 2923 671 2949 servum
700 2914 797 2951 illius
827 2925 901 2951 non
931 2915 1061 2951 videri:
1093 2926 1210 2961 noque

121 2959 211 2994 haec
234 2969 293 2994 res
318 2958 521 3004 captionem
544 2958 655 2994 ullam
677 2959 806 3003 habet,
835 2970 917 2996 011111
939 2971 1014 2997 11011
1034 2961 1209 3006 ingenuus

121 3003 383 3049 pronuntietur,
408 3003 472 3039 sed
495 3014 618 3040 servus
641 3015 714 3041 non
733 3005 856 3041 videri.
891 3006 989 3060 quod
1012 3006 1043 3042 si
1065 3016 1111 3042 ex
1134 3016 1208 3043 ser-

121 3050 232 3085 vitute
254 3049 293 3084 in
314 3049 572 3095 ingenuitatem
595 3060 635 3085 se
658 3050 800 3096 allegat,
823 3051 951 3088 melius
975 3051 1144 3096 fecerint,
1179 3052 1210 3088 si

123 3094 358 3139 cognitionem
382 3094 704 3143 circumduxerint,
728 3106 774 3132 ne
796 3096 874 3132 sine
896 3097 1101 3133 adversario
1150 3107 1209 3133 ro-

123 3139 287 3175 nuntient
308 3140 502 3185 ingenuum
525 3140 653 3184 videri,
678 3141 748 3176 nisi
770 3152 900 3188 magna
923 3153 1035 3179 causa
1058 3153 1125 3179 sua
1150 3146 1211 3179 eat

123 3188 160 3220 et
183 3184 360 3221 evidentes
391 3185 623 3230 probationes
652 3191 845 3232 suggerant
874 3188 1071 3224 secundum
1100 3188 1209 3224 liber-

122 3233 232 3265 tatem
260 3230 581 3275 pronuntiandum:
619 3234 660 3266 ut
691 3232 798 3267 etiam
827 3232 941 3269 rescri
965 3236 1003 3269 to
1033 3233 1211 3269 Hadriani

125 3278 144 3310 2
192 3275 404 3311 continetur.
440 3275 545 3320 Quod
568 3275 599 3312 si
621 3276 664 3318 is,
689 3277 748 3322 qui
771 3287 838 3322 pro
862 3289 929 3314 sua
967 3278 1118 3315 'beitate
1138 3278 1210 3314 liti-

123 3324 194 3372 gat,
220 3320 322 3373 desit,
341 3320 591 3358 contradictor
613 3332 697 3358 vero
721 3332 892 3374 praesens
914 3323 972 3368 sit,
995 3324 1123 3360 melius
1144 3324 1211 3359 erit

122 3371 217 3400 inauv
232 3366 307 3400 eri⁷
324 3370 471 3402 causam
486 3366 564 3402 eius
579 3370 861 3413 sententiamque
871 3368 1043 3414 proferri:
1069 3370 1100 3405 si
1117 3369 1211 3405 enim

123 3410 218 3456 lique
242 3410 281 3453 it,
306 3414 433 3447 contra
454 3411 655 3448 libertatem
678 3412 820 3449 dabit⁸z
846 3414 986 3450 evenire
1004 3417 1125 3451 autem
1143 3426 1210 3460 po-

126 3459 212 3499 test,
242 3459 285 3491 ut
316 3456 423 3492 etiam
451 3456 582 3493 absens
613 3457 751 3493 vincat:
784 3468 868 3494 nam
891 3462 1012 3505 potest
1034 3461 1211 3496 sententia

125 3501 231 3542 etiam
254 3501 451 3537 secundum
472 3501 674 3538 libertatem
697 3502 795 3539 ferri.

170 3543 224 3585 28
249 3546 478 3583 Pomorum
503 3547 594 3583 libro
621 3548 832 3590 duodecimo
863 3549 914 3586 ad
934 3547 1105 3593 Quintum
1128 3549 1211 3587 Mu-

126 3661 166 3705 (1)
189 3660 308 3695 debere
318 3663 378 3696 ine.
489 3662 536 3705 (2)
559 3664 672 3705 ageret
683 3663 736 3696 12⁹²

127 3707 171 3748 (4)
193 3708 369 3749 0001101310.
461 3707 507 3749 (5)
531 3708 636 3740 secuti
649 3710 722 3742 edd.

128 3751 198 3794 geri
211 3750 271 3794 Pb,
284 3752 393 3795 ingeri
404 3765 468 3786 scr.

844 3664 890 3707 (3)
911 3664 942 3697 si
952 3665 1135 3698 secundum
1147 3667 1207 3700 ins.

814 3710 860 3751 (6)
885 3711 918 3742 et
930 3711 992 3742 del.
1081 3712 1126 3753 (τ)
1149 3722 1208 3744 au-

536 3753 583 3796 (8)
605 3753 757 3797 proferri,
771 3754 796 3786 si
810 3753 964 3796 liquebit,
978 3756 1095 3788 contra
1106 3755 1208 3789 liber-

1196 103 1272 152 641

1918 131 1939 150 ο
2108 108 2280 151 XXXX
2314 110 2365 151 12

1278 232 1373 268 cium
1419 230 1503 267 Non
1526 230 1666 266 videtur
1689 231 1820 267 domini
1842 232 2027 269 voluntate
2049 242 2174 269 servus
2197 233 2235 268 in
2258 234 2365 269 liber-

1277 280 1354 313 tate
1386 287 1484 321 esse,
1519 286 1631 328 quem·
1655 275 1818 313 dominus
1849 279 2049 323 ignorasset
2072 289 2177 314 suum
2200 289 2299 315 esse:
2331 282 2368 315 et

1278 326 1334 358 est
1356 323 1426 358 hoc
1448 332 1590 358 verum:
1620 331 1651 357 is
1683 322 1777 357 enim
1801 323 1942 358 demum
1965 324 2150 360 voluntate
2173 324 2308 360 domini
2329 325 2367 360 in

1277 367 1443 404 libertate
1466 370 1531 411 est,
1555 366 1617 412 qui
1636 368 1898 412 possessionem
1918 369 2094 405 libertatis
2119 379 2163 405 ex
2181 369 2367 406 voluntate

1278 413 1411 448 domini
1435 412 1676 458 consequitur.

1324 455 1378 496 29
1402 459 1557 494 Annios
1575 457 1799 493 MENANDER
1830 458 1922 493 libro
1938 460 2062 505 primo
2087 460 2131 495 de
2153 471 2194 496 re
2218 460 2370 496 militari

1279 503 1348 548 Qui
1379 503 1423 539 de
1453 503 1619 539 libertate
1647 513 1716 539 sua
1738 502 1880 548 litigans
1905 504 2057 539 necdum
2081 507 2258 541 sententia
2282 506 2366 541 data

1277 549 1425 584 militiae
1449 559 1487 584 se
1511 548 1621 591 dedit,
1646 549 1704 584 ⁹in
1727 549 1809 594 pari
1832 559 1943 583 causa
1959 550 2087 585 ceteris
2104 552 2213 587 servis
2231 552 2366 587 haben-

1278 594 1347 629 dus
1364 598 1420 629 est
1435 605 1503 630 nec
1519 597 1693 639 exonerat
1709 604 1800 638 eum,
1826 594 1922 639 quod
1939 605 2003 639 pro
2020 595 2132 631 libero
2150 596 2327 632 habeatur
2341 598 2368 617 ¹⁰

1277 639 1316 674 in
1345 639 1570 684 quibusdam.
1619 643 1656 675 et
1678 639 1762 675 licet
1784 639 1875 674 liber
1906 641 2122 684 apparuerit,
2156 646 2366 677 exauctora-

1279 689 1357 729 tus,
1381 684 1420 720 id
1443 689 1499 721 est
1521 685 1648 720 militia
1670 689 1830 721 remotus
1855 685 1982 720 castris
2006 685 2172 721 reicietur
2185 688 2222 731 ¹¹,
2247 688 2369 732 utique

1279 730 1340 782 qui
1362 739 1408 766 ex
1431 730 1602 766 servitute
1624 730 1663 766 in
1686 730 1889 766 libertatem
1913 730 2047 775 petitus
2072 731 2117 766 sit
2141 732 2197 767 vel
2217 733 2277 777 qui
2296 743 2368 767 non

1278 785 1356 811 sine
1384 774 1468 811 dolo
1497 776 1592 811 malo
1623 776 1661 811 in
1690 775 1858 811 libertate
1885 779 2048 810 moratus
2079 781 2152 812 est:
2192 778 2252 822 qui
2284 788 2367 813 vero

1278 831 1344 866 per
1367 821 1582 856 calumniam
1605 822 1738 866 petitus
1769 821 1808 856 in
1840 821 2046 856 servitutem
2076 826 2149 864 est,
2178 822 2217 857 in
2246 823 2371 857 militia

1282 870 1296 901 1
1346 866 1569 902 retinebitur.
1618 866 1688 911 Qui
1710 866 1886 919 ingenuus
1910 867 2162 911 pronuntiatus
2187 872 2251 910 est,
2276 868 2308 903 si
2330 878 2370 903 se

1279 911 1429 947 militiae
1452 911 1561 955 dedit,
1586 912 1682 947 intra
1706 912 1987 957 quinquennium
2010 915 2204 947 retractata
2227 917 2368 949 senten-

1278 957 1330 992 tia
1352 967 1445 994 novo
1459 958 1487 978 ¹2
1511 957 1653 993 domino
1677 957 1881 993 reddendus
1905 960 1971 992 est.

1325 999 1379 1040 30
1404 1002 1599 1038 IULIANUS
1620 1003 1711 1039 libro
1733 1004 1859 1049 quinto
1880 1013 1930 1038 ex
1945 1001 2095 1039 Minicio
2135 1002 2287 1039 Duobus
2308 1014 2368 1048 pe-

1277 1048 1436 1084 tentibus
1450 1048 1632 1084 hominem
1645 1048 1684 1083 in
1695 1048 1902 1085 servitutem
1940 1058 1981 1083 ro
1993 1051 2097 1093 parte
2110 1048 2254 1084 dimidia
2268 1059 2369 1094 sepa-

1278 1094 1400 1138 ratim,
1432 1094 1463 1129 si
1493 1105 1565 1130 uno
1594 1093 1730 1129 iudicio
1759 1093 1866 1135 liber,
1935 1097 2011 1129 tero
2042 1104 2166 1129 servus
2189 1094 2369 1130 iudicatus

1279 1143 1345 1183 est,
1371 1139 1696 1175 commodissimum
1715 1142 1772 1175 est
1790 1149 1833 1175 eo
1852 1148 1967 1184 usque
1987 1139 2066 1184 cogi
2084 1139 2232 1182 iudices,
2258 1139 2371 1175 donec

1281 1185 1526 1221 consentiant:
1558 1185 1589 1221 si
1619 1185 1658 1220 id
1688 1195 1762 1220 non
1791 1185 1990 1229 continget,
2023 1184 2196 1220 Sabinum
2218 1184 2372 1220 refertur

1280 1230 1504 1266 existimasse
1534 1230 1618 1267 duci
1647 1240 1789 1267 servum
1822 1230 1953 1266 debere
1982 1230 2028 1265 ab
2059 1240 2102 1266 eo
2127 1231 2188 1276 qui
2211 1230 2370 1266 vicisset:

1281 1276 1382 1311 cuius
1407 1276 1607 1312 sententiae
1630 1276 1778 1312 Cassius
1802 1286 1943 1321 quoque
1968 1279 2024 1311 est
2049 1279 2087 1311 et
2110 1286 2174 1321 ego
2200 1286 2289 1311 sum.
2337 1280 2373 1311 et

1280 1331 1368 1357 sane
1398 1321 1589 1358 ridiculum
1619 1325 1675 1358 est
1703 1321 1872 1357 arbitrari
1900 1331 1982 1357 eum
2011 1332 2077 1366 pro
2102 1324 2205 1367 parte
2229 1321 2374 1356 dimidia

1279 1366 1381 1411 duci,
1410 1377 1477 1412 pro
1528 1371 1607 1403 arte
1630 1367 1834 1403 libertatem
1858 1367 1934 1402 eius
1958 1367 2062 1402 tueri.
2115 1368 2143 1388 ¹³
2153 1367 2374 1402 commodius

1279 1415 1399 1447 autem
1423 1416 1478 1448 est
1516 1422 1623 1449 avore
1645 1412 1823 1448 libertatis
1847 1412 1999 1447 liberum
2019 1411 2164 1458 quidem
2184 1423 2265 1448 eum
2284 1423 2372 1455 esse,

1279 1458 1446 1503 compelli
1468 1462 1590 1494 autem
1613 1458 1720 1504 pretii
1743 1458 1800 1493 sui
1822 1460 1961 1503 partem
1984 1457 2051 1493 viri
2078 1458 2165 1493 boni
2195 1458 2374 1494 arbitratu

1279 1503 1409 1539 victori
1431 1514 1496 1539 suo
1521 1507 1718 1549 praestare.

1325 1545 1376 1586 31
1412 1548 1609 1585 ULPJANUS
1625 1549 1716 1585 libro
1729 1549 1855 1595 primo
1875 1559 2132 1595 responsorum
2174 1548 2308 1584 Filium
2326 1549 2372 1584 ob

1279 1594 1360 1638 11οο,
1385 1594 1482 1639 quod
1505 1595 1602 1640 patri
1624 1595 1729 1630 heres
1749 1594 1876 1638 extitit,
1901 1594 2085 1639 prohiberi
2104 1604 2126 1629 a
2144 1598 2250 1639 patre
2270 1605 2374 1630 suum

1279 1650 1420 1675 servum
1443 1640 1701 1676 manumissum
1723 1639 1762 1675 in
1785 1639 1992 1675 servitutem
2014 1642 2148 1684 petere.

1326 1682 1381 1723 32
1406 1684 1567 1721 Pinus
1588 1686 1679 1722 libro
1702 1688 1808 1721 seoeto
1832 1685 2046 1731 reqularum
2091 1684 2148 1720 De
2176 1685 2282 1720 bonis
2312 1695 2373 1721 00-

1278 1741 1370 1774 111111,
1395 1730 1457 1776 qui
1479 1741 1526 1767 ex
1549 1731 1720 1767 servitute
1743 1734 1807 1766 aut
1829 1730 1995 1766 libertate
2007 1730 2036 1751 ¹⁴
2058 1730 2098 1766 in
2116 1730 2375 1775 ingenuitatem

1279 1776 1450 1812 vindicati
1481 1780 1582 1821 sunt,
1615 1779 1761 1812 senatus
1795 1775 1999 1812 consultum
2029 1775 2167 1812 factum
2196 1779 2269 1819 est,
2303 1787 2373 1822 quo

1281 1825 1430 1858 cavetur
1467 1821 1513 1858 de
1549 1822 1605 1858 his
1645 1822 1806 1867 quidem,
1845 1821 1907 1866 qui
1945 1831 1991 1857 ex
2030 1822 2201 1857 servitute
2237 1821 2375 1858 defensi

1281 1871 1412 1910 essent,
1436 1871 1479 1903 ut
1500 1867 1538 1903 id
1560 1867 1749 1903 dumtaxat
1770 1866 1916 1910 ferrent,
1941 1867 2037 1912 quod
2060 1867 2098 1902 in
2122 1867 2228 1903 domo
2255 1868 2373 1903 cuius-

1281 1923 1350 1958 que
1372 1913 1595 1949 intulissent:
1620 1913 1658 1948 in
1683 1923 1805 1949 eorum
1827 1916 1949 1948 autem
1972 1912 2088 1956 bonis,
2113 1913 2175 1993 qui
2193 1916 2279 1959 post
2299 1924 2374 1948 ma-

1279 1959 1535 1995 numissionem
1558 1962 1723 2005 repetere
1746 1957 1919 2003 originem
1942 1968 2046 1994 suam
2069 1968 2113 1994 vo
2128 1959 2275 2003 uissent,
2304 1959 2374 1995 1100

1280 2004 1451 2050 amplius,
1483 2008 1543 2049 ut,
1576 2004 1674 2050 quod
1696 2007 1781 2050 post
1804 2004 2120 2040 manumissionem
2144 2014 2287 2050 quoque
2310 2004 2373 2039 ad-

1280 2050 1474 2095 quisissent
1507 2060 1579 2086 non
1612 2060 1658 2086 ex
1685 2060 1726 2085 re
1759 2049 2047 2094 manumissoris,
2088 2060 2210 2085 secum
2243 2050 2373 2096 ferant,

1280 2099 1400 2131 cetera
1415 2096 1512 2131 bona
1526 2095 1769 2141 relinquerent
1783 2094 1847 2139 illi,
1873 2105 1918 2130 ex
1934 2096 2037 2131 cuius
2052 2095 2190 2130 familia
2206 2095 2372 2131 exissent.

1326 2138 1380 2179 33
1412 2140 1522 2176 IDEM
1551 2141 1643 2178 libro
1674 2140 1860 2187 sinqulari
1888 2140 1934 2176 de
1966 2141 2111 2177 liberali
2139 2151 2252 2177 eausa
2306 2140 2374 2185 Qui

1279 2187 1397 2223 sciens
1420 2186 1573 2222 liberum
1597 2186 1692 2229 emit,
1718 2186 1878 2231 quamvis
1902 2189 1939 2222 et
1961 2186 2022 2222 ille
2045 2196 2085 2222 se
2107 2190 2293 2232 pateretur
2314 2197 2372 2222 ve-

1278 2232 1373 2275 nire,
1397 2236 1519 2268 tamen
1541 2242 1615 2268 non
1637 2235 1758 2278 potest
1782 2231 2030 2268 contradicere
2054 2232 2088 2268 ei
2112 2232 2173 2277 qui
2197 2232 2244 2267 ad
2266 2233 2373 2268 liber-

1277 2281 1390 2314 tatem
1438 2278 1634 2314 roclamat:
1658 2277 1723 2314 sed
1740 2277 1769 2313 si
1790 2277 1851 2312 alii
1870 2287 1952 2313 eum
1969 2277 2150 2323 ignoranti
2165 2278 2372 2321 vendiderit,

1279 2323 1416 2369 denega
1441 2324 1515 2359 itui·
1538 2323 1571 2359 ei
1593 2322 1843 2370 proclamatio.

1325 2366 1380 2407 34
1411 2368 1608 2405 ULPIANUS
1627 2369 1720 2405 libro
1743 2367 1927 2422 sinqulari
1942 2368 2211 2415 pandectarum
2256 2369 2372 2414 Impe-

1278 2418 1381 2450 rator
1407 2414 1615 2450 Antoninus
1650 2414 1836 2450 constituit
1866 2424 1940 2449 11011
1970 2414 2060 2449 alias
2092 2413 2140 2449 ad
2169 2414 2373 2450 libertatem

1277 2460 1598 2506 proclamationem
1634 2460 1802 2505 cuiquam
1835 2459 2131 2504 permittendam,
2169 2460 2238 2495 nisi
2271 2461 2372 2505 prius

1279 2505 1628 2542 administrationum
1658 2505 1817 2543 rationes
1845 2504 2058 2549 reddiderit,
2095 2515 2186 2551 quas
2222 2516 2304 2541 cum
2335 2506 2372 2540 in

1279 2551 1450 2587 servitute
1473 2555 1568 2587 esset
1589 2550 1771 2596 gessisset.

1326 2595 1379 2635 35
1412 2596 1661 2633 Pamin-uivus
1688 2596 1780 2632 libro
1811 2604 1907 2631 nono
1939 2607 1980 2631 re
2025 2606 2197 2632 onsorum
2244 2597 2371 2633 Servos

1279 2642 1327 2678 ad
1356 2641 1481 2688 templi
1511 2642 1730 2686 custodiam,
1770 2641 1867 2686 quod
1903 2651 1947 2676 ae
1974 2641 1981 2649 '
2011 2641 2086 2677 cari
2116 2642 2214 2678 Titia
2247 2643 2371 2686 voluit,

1279 2688 1478 2724 destinatos
1512 2698 1629 2733 neque
1657 2687 1895 2723 manumissos
1925 2686 2067 2723 heredis
2097 2698 2176 2724 esse
2200 2689 2370 2724 constitit.

1325 2731 1380 2772 36
1404 2732 1515 2769 IDEM
1540 2733 1632 2770 libro
1656 2733 1870 2768 duodecimo
1892 2743 2151 2780 responsorum
2196 2733 2371 2769 Dominus

1279 2779 1340 2825 qui
1371 2779 1543 2825 optinuit,
1579 2778 1611 2815 si
1641 2779 1726 2815 velit
1756 2787 1898 2830 seryum
1928 2788 2034 2814 suum
2065 2778 2264 2822 abducere,
2298 2780 2370 2815 litis

1279 2825 1565 2861 aestimationem
1587 2835 1655 2870 pro
1679 2835 1723 2860 eo
1746 2832 1913 2868 accipere
1934 2833 2008 2859 non
2033 2827 2192 2868 cogetur.

1324 2867 1378 2908 37
1403 2869 1691 2906 Garamum
1704 2869 1797 2906 libro
1812 2869 1972 2904 seeundo
1988 2870 2241 2915 quaestionum
2278 2870 2369 2904 Con-

1277 2916 1397 2952 ventio
1419 2915 1562 2961 privata
1584 2925 1701 2961 neque
1724 2924 1866 2950 servum
1889 2923 2105 2960 quemquam
2127 2924 2242 2960 neque
2262 2915 2368 2951 liber-

1277 2964 1355 2996 tum
1378 2960 1531 2997 alicuius
1554 2960 1675 2997 facere
1696 2963 1828 3006 potest.

1324 3003 1379 3045 38
1399 3005 1457 3042 ΡΑ
1465 3015 1561 3042 nas
1576 3006 1668 3042 libro
1686 3006 1812 3053 quinto
1828 3004 1967 3041 decimo
1983 3016 2238 3052 responsorum
2273 3005 2367 3039 Pau—

1278 3051 1335 3087 lus
1359 3051 1555 3097 respondit,
1579 3051 1622 3095 si,
1645 3055 1688 3087 ut
1708 3050 1935 3104 proponitur,
1964 3055 2049 3096 post
2071 3050 2266 3096 perfectam
2291 3051 2367 3085 sine

1278 3097 1354 3132 ulla
1376 3096 1587 3133 condicione
1611 3100 1823 3142 emptionem
1846 3099 1975 3149 postea
2005 3099 2144 3141 emptor
2176 3106 2219 3130 ex
2243 3096 2365 3130 volun-

1278 3146 1354 3178 tate
1378 3152 1445 3178 sua
1467 3142 1605 3178 litteras
1629 3142 1765 3185 emisit,
1797 3141 1927 3187 quibus
1959 3140 2189 3187 profiteretur
2217 3150 2256 3175 se
2285 3144 2367 3185 post

1279 3191 1417 3224 certum
1453 3191 1595 3233 tempus
1632 3186 1933 3223 manumissurum
1968 3197 2047 3222 eum
2082 3195 2186 3230 quem
2221 3189 2365 3227 emerat,

1278 3243 1353 3269 non
1374 3232 1488 3268 videri
1511 3242 1574 3269 eas
1596 3232 1736 3269 litteras
1761 3232 1810 3268 ad
1838 3231 2128 3267 constitutionem
2157 3229 2228 3265 divi
2251 3230 2366 3265 Marci

1282 3284 1296 3313 1
1347 3278 1538 3324 pertinere.
1581 3277 1679 3314 Idem
1702 3277 1889 3323 respondit
1912 3275 2200 3327 constitutionem
2224 3274 2365 3326 quidem

1279 3323 1352 3360 divi
1373 3323 1491 3359 Marci
1513 3322 1562 3359 ad
1583 3323 1787 3360 libertatem
1816 3333 1939 3358 eorum
1970 3330 2226 3364 mancipiorum
2255 3324 2364 3364 perti-

1279 3379 1376 3411 nere,
1400 3378 1493 3414 quae
1516 3368 1586 3405 hac
1608 3369 1687 3415 lege
1708 3368 1893 3409 venierint,
1917 3370 1959 3401 ut
1977 3369 2060 3410 post
2079 3369 2219 3417 tempus
2239 3375 2364 3400 manu-

1279 3414 1521 3450 mitterentur:
1559 3413 1623 3450 sed
1655 3413 1807 3450 eundem
1841 3412 1999 3446 favorem
2032 3410 2206 3445 libertatis
2240 3420 2363 3445 conse-

1279 3459 1441 3505 quendae
1463 3469 1575 3495 causa
1597 3460 1706 3495 etiam
1729 3469 1807 3494 eam
1830 3456 1973 3497 mereri,
2003 3465 2069 3500 pro
2099 3464 2171 3499 qua
2202 3454 2364 3490 dominus

1278 3504 1434 3550 pretium
1453 3504 1606 3550 accepit,
1625 3508 1668 3541 ut
1687 3503 1853 3540 ancillam
1871 3511 1974 3537 suam
1988 3500 2264 3551 manumitteret,
2284 3511 2365 3535 cum

1280 3554 1300 3585 2
1346 3549 1441 3587 idem
1459 3549 1566 3586 etiam
1584 3550 1752 3587 libertam
1766 3547 1956 3582 habiturus
1973 3545 2031 3581 sit.
2072 3545 2280 3588 Quaesitum
2299 3549 2364 3589 est,

2018 3662 2080 3704 (10)
2104 3662 2289 3696 habebatur
2299 3676 2363 3697 scr.

1278 3667 1382 3699 tatem
1392 3679 1455 3701 scr.
1547 3668 1595 3710 (9)
1619 3665 1856 3701 condemnatus
1868 3665 1928 3697 ins.

2157 3709 2217 3750 (13)
2241 3709 2361 3740 Innu-

1277 3712 1334 3754 (11)
1358 3711 1499 3746 cicietur
1511 3713 1585 3746 edd.
1667 3712 1726 3753 (12)
1750 3709 1848 3752 novo]
1862 3708 2002 3750 antiquo
2013 3719 2076 3740 scr.

1278 3766 1347 3789 mss
1358 3759 1455 3790 notat
1467 3759 1529 3791 im.
1622 3758 1682 3798 (14)
1706 3754 1926 3787 libertinitate
1939 3753 1969 3786 S

2047 3805 2090 3841 81
