2528 3918
141 115 217 146 UBI
246 113 437 152 QUISQUE
465 112 615 143 aenan

187 221 238 261 67
264 223 370 259 IDEM
398 223 488 259 libro
511 226 615 256 sexto
640 220 924 266 disputationum
971 219 1039 265 Qui
1070 231 1108 256 se
1141 220 1227 255 dicit

139 270 214 305 suis
238 269 389 304 nummis
411 267 652 312 redemptum,
683 266 715 300 si
744 265 814 301 hoc
837 265 1076 310 probaverit‚¹
1102 266 1228 300 exinde

139 315 230 350 liber
253 314 320 348 erit
343 324 387 348 ex
410 323 479 359 quo
503 311 708 356 redemptus
733 314 797 353 est,
846 311 907 345 uia
927 311 1134 347 constitutio
1155 322 1227 346 non

139 360 290 395 liberum
336 357 536 394 renuntiari
566 356 759 402 praecipit,
793 366 831 391 se
887 355 1027 391 restitui
1059 356 1091 391 ei
1121 357 1226 392 liber-

139 408 250 439 tatem
272 370 382 439 quet.
419 402 569 449 proinde
593 401 857 447 compellendus
890 401 956 436 erit
978 401 1228 437 manumittere

139 460 221 485 eum
245 448 305 494 qui
329 458 368 484 se
392 448 465 483 suis
497 447 650 483 nummis
680 446 839 481 redemit.
876 446 940 481 sed
973 450 1008 481 et
1039 448 1069 482 si
1100 447 1226 490 latitet,

139 494 300 538 exempla
311 497 456 529 senatus
469 492 713 529 consultorum
726 491 773 526 ad
791 491 1101 527 fideicommissam
1120 492 1226 528 liber-

138 543 249 575 tatem
298 539 522 574 ertinentium
546 537 700 573 debere²
721 537 844 572 induci
868 540 1020 582 oportet.

184 581 237 621 68
285 584 470 620 Daulibro
484 586 609 620 octavo
623 583 908 629 disputationum
944 582 1007 617 Ad
1025 586 1226 628 perempto-

136 630 229 666 rium
253 629 407 666 edictum
427 629 496 664 hoc
517 628 641 664 ordine
659 628 810 671 venitur,
835 631 876 662 ut
895 627 1008 672 primo
1030 629 1109 674 quis
1127 632 1228 674 petat

137 678 221 720 post
244 674 442 710 absentiam
465 674 658 710 adversarii
681 673 837 709 edictum
860 673 1012 718 primum
1026 700 1035 717 ,
1067 684 1150 709 mox
1175 674 1225 708 al-

136 725 252 756 terum
789 726 797 731 ’“

183 763 236 803 69
261 765 370 800 IDEM
403 765 495 801 libro
535 767 667 810 quarto
707 763 752 798 de
790 763 955 798 omnibus
987 763 1227 799 tribunalibus

136 821 200 856 per
222 810 446 846 intervallum
470 820 543 845 non
565 809 681 844 minus
707 807 829 844 decem
854 808 991 843 dierum

184 853 236 893 70
260 855 369 891 IDEM
387 855 477 891 libro
509 858 634 891 octavo
666 853 950 900 disputationum
999 858 1033 889 et
1063 854 1225 889 tertium:

136 901 266 947 quibus
290 900 482 947 propositis
505 903 592 935 tunc
616 899 895 944 peremptorium
917 899 1093 944 impetret.
1131 899 1227 945 quod

136 947 219 982 inde
242 947 312 982 11οο
335 956 463 981 nomen
487 945 658 990 sumpsit,
690 945 787 989 quod
819 949 1018 989 peremeret
1049 945 1226 990 discepta-

134 993 279 1033 tionem,
298 992 367 1026 hoc
388 994 442 1026 est
461 991 557 1026 ultra
577 1001 650 1025 non
670 993 853 1035 pateretur
865 989 1107 1025 adversarium
1120 990 1225 1035 tergi·

135 1047 279 1073 versari.

183 1080 233 1119 71
268 1082 377 1117 IDEM
410 1081 501 1117 libro
541 1083 674 1126 quarto
713 1079 758 1115 de
788 1080 953 1115 omnibus
987 1080 1228 1116 tribunalibus

136 1129 178 1165 In
215 1127 454 1173 peremptorio
495 1130 615 1161 autem
649 1125 886 1161 comminatur
915 1126 946 1160 is
979 1126 1040 1170 qui
1072 1126 1228 1161 edictum

135 1173 234 1209 dedit
257 1173 363 1208 etiam
387 1172 535 1207 absente
558 1171 699 1206 diversa
729 1174 834 1216 parte
866 1171 1091 1216 cogniturum
1123 1181 1162 1206 se
1194 1175 1228 1206 et

135 1218 459 1265 pronuntiaturum.

184 1262 237 1301 72
261 1263 367 1298 IDEM
377 1263 467 1298 libro
480 1265 605 1298 octavo
619 1261 903 1308 disputationum
949 1262 1228 1307 Nonnumquam

135 1313 254 1345 autem
274 1309 343 1344 hoc
365 1307 518 1344 edictum
537 1311 620 1353 post
638 1311 694 1343 tot
712 1318 859 1343 numero
880 1307 997 1342 edicta
1019 1318 1110 1352 quae
1122 1317 1226 1352 prae-

134 1355 311 1390 cesserint
331 1353 447 1396 datur,
467 1364 734 1398 nonnumquam
754 1356 837 1398 post
858 1364 969 1388 unum
989 1353 1044 1388 vel
1064 1353 1226 1393 alterum,

135 1409 402 1445 nonnumquam
425 1399 555 1441 statim,
582 1398 678 1444 quod
702 1398 903 1443 appellatur
926 1409 1038 1433 unum
1062 1409 1127 1443 pro
1152 1409 1226 1433 om-

135 1446 252 1481 nibus.
296 1445 365 1480 11οο
404 1447 524 1479 autem
564 1444 755 1479 aestimare
793 1454 813 1479 ο
841 1447 935 1479 ortet
967 1454 1047 1478 eum
1080 1444 1141 1488 qui
1171 1444 1226 1478 ius

134 1490 225 1525 dixit
248 1494 284 1525 et
305 1500 371 1535 pro
396 1489 605 1525 condicione
629 1500 759 1524 causae
781 1500 824 1525 ve
860 1499 1036 1534 personae
1059 1490 1115 1524 vel
1138 1493 1226 1523 tem-

135 1536 231 1581 poris
262 1536 313 1571 ita
344 1535 503 1571 ordinem
535 1535 732 1570 edictorum
755 1535 809 1570 vel
835 1534 1082 1580 compendium
1106 1534 1226 1570 mode-

134 1582 206 1616 rari
217 1582 241 1616 ³.

183 1624 234 1664 73
268 1626 375 1661 IDEM
406 1626 496 1661 libro
533 1629 664 1671 quarto
699 1625 744 1660 de
779 1625 944 1660 omnibus
987 1625 1228 1661 tribunalibus

135 1672 185 1707 Et
208 1676 291 1717 post
314 1671 467 1707 edictum
491 1670 769 1716 peremptorium
791 1670 1033 1715 impetratum,
1059 1681 1139 1706 cum
1152 1670 1226 1706 dies

135 1718 211 1753 eius
243 1717 504 1762 supervenerit,
535 1720 623 1751 tunc
647 1716 777 1751 absens
802 1715 906 1751 citari
930 1716 1053 1751 debet:
1086 1720 1122 1751 et
1155 1717 1228 1751 sive

134 1762 361 1808 responderit
392 1762 466 1797 sive
497 1773 571 1797 11011
604 1761 848 1806 responderit,
885 1765 1012 1806 agetur
1047 1772 1157 1796 causa
1192 1766 1228 1797 et

135 1808 436 1862 pronuntiabitur,
457 1818 529 1842 non
548 1807 672 1852 utique
692 1806 889 1842 secundum
908 1810 1143 1852 praesentem,
1164 1807 1227 1843 sed

133 1853 311 1889 interdum
330 1853 385 1888 vel
404 1853 546 1895 absens,
567 1852 598 1887 si
619 1853 749 1888 bonam
771 1862 918 1887 causam
937 1852 1074 1894 habuit,
1098 1853 1225 1888 vincet.

138 1902 152 1934 1
204 1898 307 1942 Quod
338 1898 369 1934 si
398 1898 429 1933 is
462 1898 522 1942 qui
546 1898 701 1933 edictum
724 1898 1003 1943 peremptorium
1024 1898 1228 1942 impetravit

135 1944 229 1979 absit
250 1944 307 1979 die
328 1943 550 1988 cognitionis,
575 1943 605 1978 is
625 1953 708 1978 vero
733 1942 904 1978 adversus
929 1953 1033 1987 quem
1056 1943 1226 1988 impetra-

133 1993 210 2024 tum
231 1994 285 2024 est
305 1988 409 2030 adsit,
430 1992 506 2022 tum
526 1988 864 2024 circumducendum
884 1988 951 2023 erit
971 1988 1125 2023 edietum
1172 1999 1226 2023 er-

135 2034 346 2079 emptorium
376 2044 492 2078 neque
523 2043 634 2068 causa
666 2036 901 2077 cognoscetur
932 2043 998 2067 nec
1031 2043 1141 2068 secun
1167 2045 1226 2068 um

136 2082 155 2114 2
204 2082 429 2124 praesentem
463 2078 764 2123 pronuntiabitur.
822 2077 1073 2113 Circumducto
1110 2078 1225 2113 edicto

135 2124 317 2159 videamus
334 2134 382 2158 an
397 2124 548 2169 amplius
572 2134 655 2158 reus
680 2123 860 2158 conveniri
878 2123 903 2144 ³·
920 2123 1046 2167 possit,
1073 2133 1120 2158 an
1142 2134 1226 2159 vero

135 2170 235 2204 salva
258 2169 398 2214 quidem
421 2169 464 2204 lis
489 2172 561 2211 est,
592 2179 714 2203 verum
745 2168 916 2203 instantia
949 2172 1089 2203 tantum
1121 2169 1227 2204 edicti

136 2214 259 2260 periit:
294 2218 329 2249 et
352 2214 464 2258 magis
489 2217 543 2249 est
566 2218 606 2248 ut
628 2213 801 2249 instantia
824 2217 964 2248 tantum
988 2214 1152 2258 perierit,
1184 2224 1228 2249 ex

136 2263 155 2294 3
203 2259 339 2304 integro
371 2264 491 2294 autem
525 2259 656 2304 litigari
691 2259 816 2304 possit.
867 2258 1058 2294 Sciendum
1095 2263 1150 2294 est
1184 2270 1228 2294 ex

134 2305 372 2350 peremptorio
398 2305 582 2340 absentem
607 2305 882 2340 condemnatum
906 2304 936 2339 si
968 2304 1124 2350 appellet
1155 2316 1227 2340 non

135 2360 213 2385 esse
234 2349 459 2392 audiendum,
483 2350 513 2385 si
537 2350 642 2386 modo
667 2361 732 2395 per
756 2349 1017 2385 contumaciam
1042 2350 1171 2386 defuit:
1197 2351 1227 2386 si

135 2396 263 2438 minus,
289 2395 464 2431 audietur.

183 2439 235 2477 74
260 2440 453 2476 IULIANUS
480 2440 571 2475 libro
596 2440 721 2485 quinto
746 2441 968 2487 diqestorum
1014 2441 1069 2476 De
1093 2451 1165 2486 qua
1189 2452 1226 2475 re

135 2486 340 2531 cognoverit
362 2486 487 2527 iudex,
519 2485 752 2529 pronuntiare
776 2497 917 2531 quoque
943 2486 1122 2531 cogendus
1147 2487 1224 2521 erit.

139 2536 152 2565 1
204 2531 336 2573 Iudex,
369 2531 429 2575 qui
460 2541 574 2575 usque
606 2530 653 2565 ad
686 2535 821 2566 certam
856 2542 1030 2567 summam
1065 2531 1224 2566 iudicare

134 2577 253 2612 iussus
275 2580 339 2618 est,
366 2576 471 2611 etiam
490 2576 534 2610 de
553 2586 591 2610 re
611 2575 737 2610 maiori
755 2576 914 2612 iudicare
933 2580 1062 2621 potest,
1086 2577 1117 2612 si
1135 2577 1227 2612 inter

136 2625 155 2657 2
203 2622 398 2666 litigatores
435 2621 632 2656 conveniat.
682 2620 770 2655 Cum
812 2621 994 2656 absentem
1039 2621 1226 2657 defendere

134 2667 270 2708 vellem,
294 2666 463 2702 iudicium
487 2670 627 2701 mortuo
652 2666 722 2700 iam
748 2677 788 2701 eo
810 2667 934 2711 accepi
955 2671 990 2701 et
1009 2666 1225 2702 condemna·

134 2716 193 2747 tus
225 2712 330 2747 solvi:
365 2712 565 2757 quaesitum
597 2715 651 2746 est
683 2722 729 2746 an
753 2712 856 2747 heres
880 2712 1111 2754 liberaretur,
1143 2712 1227 2747 item

135 2767 228 2802 quae
259 2757 353 2792 actio
386 2757 471 2792 mihi
495 2757 664 2792 adversus
690 2767 770 2792 eum
795 2761 1023 2802 competeret.
1059 2757 1227 2801 respondi

134 2802 323 2845 iudicium,
357 2802 452 2847 quod
475 2803 546 2837 iam
569 2806 709 2837 mortuo
735 2802 895 2838 debitore
918 2813 982 2847 per
1005 2802 1226 2837 defensorem

136 2847 210 2883 eius
223 2848 301 2883 acci
327 2848 407 2890 itur,
433 2848 569 2882 nullum
593 2858 671 2882 esse
695 2851 730 2882 et
753 2847 832 2883 ideo
856 2847 1022 2882 heredem
1047 2858 1119 2882 non
1138 2848 1225 2882 libe-

135 2893 229 2928 rari:
256 2893 298 2928 de
316 2903 477 2928 ensorem
501 2897 630 2935 autem,
655 2893 685 2928 si
710 2903 753 2928 ex
774 2903 885 2927 causa
903 2893 1051 2927 iudicati
1070 2893 1225 2934 solverit,

135 2943 295 2983 repetere
319 2938 460 2983 quidem
484 2949 556 2973 non
579 2948 696 2983 posse,
722 2938 942 2982 negotiorum
966 2942 1085 2972 tamen
1108 2942 1225 2982 gesto-

135 2994 214 3018 rum
239 2983 270 3018 ei
301 2984 478 3018 actionem
512 2987 712 3028 competere
746 2983 916 3018 adversus
948 2982 1132 3017 heredem:
1166 2983 1225 3028 qui

135 3038 223 3063 sane
248 3028 455 3073 exceptione
475 3028 546 3064 doli
565 3028 649 3063 mali
668 3029 761 3063 tueri
780 3039 819 3063 se
838 3029 964 3073 possit,
989 3029 1019 3063 si
1039 3029 1084 3063 ab
1105 3032 1226 3063 actore

136 3074 377 3108 conveniatur.

183 3116 234 3155 75
267 3118 376 3154 IDEM
405 3118 496 3154 libro
534 3119 743 3165 triqensimo
778 3123 883 3153 sexto
919 3119 1141 3165 diqestorum
1189 3118 1227 3153 Si

136 3167 280 3207 praetor
303 3163 447 3199 iusserit
471 3173 550 3198 eum
574 3174 596 3197 a
620 3174 689 3208 quo
715 3163 871 3198 debitum
891 3164 1081 3208 petebatur
1101 3163 1226 3198 adesse

139 3211 174 3242 et
197 3208 319 3243 ordine
344 3208 540 3243 edictorum
564 3212 711 3253 peracto
735 3209 1018 3252 pronuntiaverit
1042 3209 1226 3243 absentem

138 3251 284 3295 debere,
308 3264 380 3288 non
403 3254 526 3298 utique
548 3253 672 3296 iudex,
698 3254 758 3299 qui
783 3254 826 3288 de
849 3254 1006 3288 iudicato
1031 3255 1224 3298 cognoscit,

138 3296 243 3332 debet
266 3298 309 3332 de
331 3299 506 3342 praetoris
531 3299 708 3333 sententia
732 3309 964 3343 cognoscere:
990 3299 1147 3343 alioquin
1170 3299 1224 3333 lu-

138 3341 234 3376 soria
264 3346 369 3377 erunt
398 3343 600 3378 huiusmodi
632 3343 748 3378 edicta
782 3348 817 3378 et
841 3344 984 3379 decreta
1007 3347 1223 3388 praetorum.

138 3385 378 3423 Manomws
397 3391 519 3423 notat:
551 3389 580 3423 si
604 3399 668 3433 per
692 3388 810 3423 dolum
835 3389 950 3424 sciens
974 3389 1066 3423 falso
1092 3389 1226 3433 aliquid

139 3430 302 3474 allegavit
325 3436 360 3466 et
382 3433 451 3468 hoc
474 3433 578 3467 modo
612 3437 842 3468 consecutum
876 3444 956 3468 eum
990 3434 1224 3468 sententiam⁴

138 3476 313 3521 praetoris
336 3476 467 3521 liquido
492 3478 599 3512 fuerit
623 3479 878 3522 adprobatum,
912 3479 1072 3513 existimo
1098 3479 1226 3514 debere

141 3589 180 3628 (ι)
206 3598 273 3619 11011
287 3589 347 3621 ins.
361 3589 513 3632 Krueyer
580 3593 623 3633 (2)
649 3592 780 3633 debere]
795 3595 834 3624 de
848 3604 887 3625 ea
899 3604 934 3625 re
947 3606 1008 3626 scr.

140 3632 256 3664 derare
268 3633 302 3665 F
311 3633 319 3652 ¹
369 3634 422 3674 (3¹)
440 3645 507 3666 non
521 3636 580 3668 ins.

141 3677 184 3718 (6)
210 3682 380 3719 praeterea
394 3678 454 3710 FS
566 3682 608 3720 (7)
634 3682 933 3715 constiteremusF

186 3722 229 3762 (9)
255 3723 319 3755 Ed.
335 3730 357 3755 1.
372 3729 453 3756 amc.
468 3730 573 3763 8...12;
589 3725 671 3767 Pap.
686 3733 799 3760 13...23.
813 3734 866 3766 323
880 3728 962 3760 Sab.
977 3735 1005 3760 2.
1016 3735 1042 3760 7.
1057 3735 1169 3760 24...31.
1181 3746 1225 3750 —

640 3637 680 3678 (4)
695 3638 862 3669 sententia
874 3638 909 3670 F
961 3639 1003 3679 (5)
1018 3594 1138 3670 1111εὲ2,
1150 3603 1225 3670 31)ιῖ

1236 94 1293 142 77

1032 3685 1075 3723 (8)
1101 3683 1182 3714 haec
1196 3683 1230 3714 F
1294 3682 1375 3715 Inst.
1390 3683 1420 3722 2,
1435 3690 1467 3716 18
1478 3695 1532 3726 pr.

2255 100 2403 142 V1.2

1296 220 1450 255 iudicem
1481 220 1672 265 querellam
1703 221 1755 255 rei
1787 220 1986 257 admittere.
2036 220 2198 256 vaws
2219 226 2342 256 notat:
2373 222 2404 258 si

1296 270 1415 301 autem
1448 265 1571 300 morbo
1594 264 1786 310 impeditus
1811 271 1874 301 aut
1897 267 1948 302 rei
1972 266 2141 312 publicae
2175 277 2286 302 causa
2317 277 2402 303 avo-

1296 315 1397 345 catus
1430 310 1556 346 adesse
1580 321 1653 345 non
1672 310 1790 355 potuit
1809 321 1902 354 reus,
1927 317 2015 357 puto
2037 312 2092 347 vel
2121 312 2298 347 actionem
2310 312 2401 348 iudi-

1296 356 1370 390 cati
1408 366 1450 390 eo
1483 366 1571 391 casu
1601 356 1639 391 in
1671 365 1751 390 eum
1776 355 2021 401 denegandam
2044 358 2103 393 vel
2128 357 2276 403 exsequi
2298 368 2402 404 prae·

1295 406 1407 436 torem
1437 400 1491 435 ita
1512 400 1711 436 iudicatum
1734 411 1807 436 non
1831 401 1971 437 debere.

1349 444 1402 483 76
1427 447 1610 482 Arm-mm
1627 446 1718 482 libro
1739 449 1845 481 sexto
1868 447 2090 493 diqestorum
2125 448 2402 494 Proponebatur

1298 502 1343 527 ex
1370 491 1426 526 his
1444 491 1632 533 iudicibus,
1658 491 1721 536 qui
1737 491 1775 526 in
1795 491 1944 527 eandem
1963 503 2038 528 rem
2059 493 2133 529 dati
2154 498 2284 537 essent,
2310 505 2400 530 non·

1299 536 1419 571 nullos
1433 547 1544 572 causa
1557 536 1681 572 audita
1701 541 1893 573 excusatos
1915 548 1992 573 esse
2011 538 2118 584 inque
2139 550 2261 575 eorum
2281 540 2401 575 locum

1302 582 1392 616 alios
1418 592 1497 617 esse
1521 585 1694 628 sumptos,
1721 586 1757 617 et
1781 583 2035 627 quaerebatur,
2061 584 2281 629 singulorum
2306 585 2398 620 iudi-

1304 638 1384 662 cum
1407 628 1557 663 mutatio
1582 627 1730 663 eandem
1754 638 1828 662 rem
1852 638 1900 663 an
1924 629 2022 663 aliud
2046 629 2217 665 iudicium
2239 630 2399 667 fecisset.

1303 672 1480 716 respondi,
1506 683 1579 708 non
1591 673 1696 709 modo
1710 673 1740 708 si
1761 683 1854 708 unus
1876 678 1940 708 aut
1960 675 2061 717 alter,
2087 675 2149 710 sed
2171 680 2207 710 et
2227 676 2256 711 si
2277 686 2400 712 omnes

1302 717 1436 752 iudices
1460 718 1588 753 mutati
1612 721 1743 760 essent,
1769 722 1889 754 tamen
1914 723 1949 755 et
1973 730 2048 755 rem
2074 721 2222 755 eandem
2247 726 2283 756 et
2306 722 2399 757 iudi-

1304 763 1396 797 cium
1418 762 1513 798 idem
1537 764 1634 809 quod
1657 767 1765 799 antea
1795 764 1925 800 fuisset
1955 775 2182 810 permanere:
2216 776 2332 812 neque
2363 768 2400 802 in

1302 808 1370 843 hoc
1406 808 1521 843 solum
1553 809 1710 852 evenire,
1744 812 1785 844 ut
1843 810 1980 845 artibus
2014 812 2241 846 commutatis
2278 812 2400 847 eadem

1301 863 1358 888 res
1372 863 1450 888 esse
1463 854 1736 895 existimaretur,
1763 865 1801 890 se
1850 858 1886 890 et
1908 855 1946 890 in
1969 856 2090 891 multis
2116 857 2243 892 ceteris
2269 858 2396 893 rebus:

1302 909 1384 934 nam
1408 902 1444 934 et
1466 899 1641 944 legionem
1665 899 1815 935 eandem
1834 900 1970 944 haberi,
1997 911 2040 936 ex
2061 912 2133 954 qua
2152 903 2255 937 multi
2276 903 2399 939 deces-

1302 944 1442 987 sissent,
1468 956 1620 990 quorum
1643 945 1681 980 111
1705 945 1824 981 10011111
1848 946 1908 981 alii
1932 946 2085 982 subiecti
2109 952 2248 983 essent:
2276 953 2311 983 et
2334 959 2399 994 po-

1301 990 1424 1034 pulum
1448 990 1598 1026 eundem
1622 991 1692 1026 hoc
1715 994 1876 1036 tempore
1906 992 2028 1044 putari
2059 993 2121 1038 qui
2151 993 2282 1029 abhinc
2316 1004 2399 1029 cen-

1303 1040 1377 1069 tum
1398 1036 1500 1071 annis
1519 1035 1674 1071 fuissent
1685 1037 1709 1079 ⁵,
1734 1047 1816 1071 cum
1840 1047 1884 1072 ex
1906 1038 1975 1072 1llis
1999 1048 2103 1074 nemo
2128 1050 2225 1074 nunc
2249 1039 2398 1074 viveret:

1303 1080 1456 1125 itemque
1479 1091 1615 1124 navem,
1642 1081 1672 1117 si
1697 1081 1786 1117 adeo
1812 1090 1922 1128 saepe
1944 1083 2081 1119 refecta
2105 1088 2210 1127 esset,
2238 1088 2278 1120 ut
2301 1085 2400 1119 nulla

1303 1125 1426 1160 tabula
1450 1126 1575 1162 eadem
1598 1131 1826 1172 permaneret
1849 1138 1941 1173 quae
1965 1139 2038 1164 non
2060 1140 2155 1165 nova
2177 1129 2317 1172 fuisset,
2343 1131 2397 1165 ni-

1302 1171 1373 1205 hilo
1398 1171 1515 1207 minus
1551 1173 1700 1208 eandem
1732 1183 1859 1208 navem
1892 1184 1970 1209 esse
2000 1175 2205 1210 existimari.
2243 1175 2339 1221 quod
2370 1176 2400 1210 si

1324 1217 1380 1251 uis
1414 1221 1560 1261 putaret
1594 1217 1759 1263 partibus
1798 1219 2024 1256 commutatis
2059 1220 2166 1255 aliam
2202 1231 2275 1256 rem
2308 1220 2399 1263 fieri,

1318 1272 1379 1296 ore
1411 1266 1452 1297 ut
1484 1274 1526 1298 ex
1559 1263 1635 1299 eius
1667 1263 1806 1298 ratione
1837 1275 1903 1300 nos
1934 1265 2003 1310 ipsi
2027 1277 2100 1302 non
2122 1266 2215 1301 idem
2240 1276 2399 1302 essemus

1302 1307 1362 1352 qui
1375 1307 1506 1343 abhinc
1519 1319 1612 1344 anno
1626 1308 1830 1352 fuissemus,
1850 1314 2043 1355 propterea
2055 1312 2069 1332 ⁶
2092 1311 2200 1356 quod,
2221 1315 2262 1346 ut
2282 1312 2397 1357 philo-

1302 1353 1405 1397 sophi
1437 1353 1614 1397 dicerent,
1650 1365 1694 1389 ex
1742 1355 1846 1390 uibus
1870 1356 2056 1400 particulis
2081 1357 2234 1392 minimis
2260 1358 2397 1392 consis-

1301 1403 1455 1434 teremus
1466 1400 1491 1442 ⁷,
1515 1400 1608 1435 hae⁸
1633 1400 1720 1435 cotti
1746 1400 1779 1435 ie
1803 1411 1846 1435 ex
1865 1405 1988 1437 nostro
2011 1412 2163 1447 corpore
2186 1402 2399 1438 decederent

1301 1443 1461 1489 aliaeque
1482 1445 1705 1480 extrinsecus
1725 1446 1761 1480 in
1783 1456 1904 1481 earum
1922 1447 2041 1482 locum
2058 1447 2282 1483 accederent.
2309 1459 2397 1494 qua-

1301 1493 1447 1534 propter
1471 1490 1572 1525 cuius
1593 1491 1646 1525 rei
1665 1491 1802 1536 species
1823 1491 1946 1527 eadem
1966 1493 2189 1537 consisteret,
2213 1504 2289 1529 rem
2309 1505 2397 1539 quo-

1301 1544 1369 1579 que
1393 1535 1541 1571 eandem
1565 1545 1643 1571 esse
1667 1536 1872 1572 existimari.

1348 1577 1399 1616 77
1424 1581 1654 1617 AFRICANUS
1673 1581 1765 1617 libro
1791 1583 1896 1617 tortio
1921 1584 2172 1635 quaestionum
2220 1584 2262 1619 In
2274 1584 2396 1629 priva-

1300 1625 1344 1661 tis
1369 1626 1519 1671 negotiis
1542 1630 1647 1672 pater
1668 1626 1780 1662 filium
1803 1628 1858 1663 vel
1880 1627 1974 1663 fihus
1998 1632 2137 1674 patrem
2156 1629 2310 1665 iudicem
2330 1630 2396 1664 ha-

1300 1672 1384 1706 bere
1406 1675 1544 1716 potest:

1347 1713 1399 1753 78
1423 1717 1481 1752 PA
1489 1727 1533 1752 σι
1540 1727 1584 1753 US
1601 1718 1693 1754 libro
1712 1722 1818 1754 sexto
1831 1718 1968 1755 decimo
1982 1719 2032 1754 ad
2042 1719 2229 1755 Plautium
2265 1720 2397 1766 quippe

1299 1762 1459 1797 iudicare
1482 1774 1612 1799 munus
1635 1764 1818 1809 publicum
1843 1767 1908 1799 est.

1347 1805 1400 1845 79
1432 1807 1629 1844 [samm
1656 1809 1750 1845 libro
1808 1810 1909 1845 uinto
1941 1810 1986 1845 de
2017 1810 2144 1856 officio
2162 1812 2398 1857 proconsulis

1299 1853 1412 1896 Eum,
1443 1864 1549 1898 quem
1579 1858 1713 1890 temere
1744 1865 1766 1890 a
1792 1855 1986 1890 versarium
2018 1866 2123 1891 suum
2152 1856 2191 1891 in
2223 1856 2395 1891 iudicium

1299 1909 1446 1934 vocasse
1470 1900 1649 1942 constitit,
1682 1900 1814 1936 viatica
1836 1900 1979 1946 litisque
2003 1905 2166 1946 sumptus
2190 1901 2395 1937 adversario

1302 1947 1313 1978 1
1367 1954 1432 1979 suo
1465 1944 1615 1980 reddere
1647 1946 1837 1990 oportebit.
1894 1946 2075 1982 Iudicibus
2108 1946 2152 1982 de
2181 1947 2259 1982 iure
2292 1947 2395 1982 dubi-

1298 1990 1457 2025 tantibus
1481 1990 1663 2035 praesides
1687 1991 1905 2036 respondere
1937 1992 2070 2027 solent:
2104 1992 2147 2027 de
2178 1993 2276 2028 facto
2309 2004 2394 2028 con-

1299 2034 1498 2069 sulentibus
1530 2046 1603 2070 non
1628 2036 1760 2071 debent
1782 2036 1965 2080 praesides
1991 2037 2178 2072 consilium
2201 2038 2393 2083 impertire,

1299 2089 1419 2114 verum
1449 2079 1574 2115 iubere
1606 2090 1667 2115 eos
1698 2085 1807 2125 prout
1839 2081 1960 2126 religio
1993 2083 2149 2126 suggerit
2180 2084 2394 2118 sententiam

1297 2124 1475 2169 proferre:
1501 2125 1591 2160 haec
1612 2126 1705 2160 enim
1726 2136 1784 2161 res
1804 2137 2073 2172 nonnumquam
2092 2127 2243 2162 infamat
2263 2132 2299 2163 et
2318 2139 2393 2163 ma-

1297 2170 1421 2205 teriam
1444 2170 1581 2214 gratiae
1603 2171 1658 2207 vel
1683 2171 1885 2207 ambitionis
1910 2172 2044 2207 tribuit.

1343 2212 1395 2253 80
1421 2216 1652 2251 POMPONIUS
1680 2217 1771 2252 libro
1802 2217 1961 2253 secundo
1995 2217 2045 2252 ad
2066 2216 2241 2253 Sabinum
2289 2217 2325 2253 Si
2357 2218 2394 2253 in

1296 2261 1424 2296 iudicis
1449 2261 1592 2296 nomine
1614 2262 1844 2306 praenomine
1868 2266 2025 2298 erratum
2057 2266 2129 2305 est,
2163 2262 2305 2298 Servius
2337 2274 2392 2298 re-

1296 2306 1459 2351 spondit,
1493 2307 1522 2342 si
1556 2318 1600 2342 ex
1633 2308 1866 2342 conventione
1896 2308 2114 2353 litigatorum
2144 2308 2174 2343 is
2198 2308 2307 2343 iudex
2330 2309 2392 2343 ad-

1296 2352 1414 2387 dictus
1446 2355 1559 2394 esset,
1592 2363 1672 2387 eum
1705 2364 1783 2388 esse
1807 2353 1980 2396 iudicem,
2017 2353 2061 2388 de
2093 2364 2163 2399 quo
2196 2354 2392 2398 litigatores

1297 2398 1502 2433 sensissent.

1343 2439 1392 2479 81
1428 2442 1624 2478 ULPJANUS
1651 2443 1744 2478 libro
1769 2444 1895 2489 quinto
1919 2443 2130 2489 opinionum
2177 2443 2245 2487 Qui
2277 2453 2392 2488 neque

1296 2488 1531 2523 iurisdictioni
1562 2493 1707 2533 praeest
1736 2498 1852 2533 neque
1883 2498 1905 2522 a
1936 2488 2098 2533 principe
2147 2492 2300 2523 otestate
2326 2489 2390 2523 ali·

1296 2544 1367 2612 qiua
1390 2533 1574 2578 praeditus
1599 2538 1654 2569 est
1677 2543 1792 2578 neque
1816 2533 1861 2568 ab
1888 2544 1929 2568 eo
1954 2533 2014 2578 qui
2037 2534 2093 2568 ius
2139 2533 2314 2568 andorum
2335 2534 2389 2569 iu-

1321 2579 1414 2614 icum
1438 2579 1549 2613 habet
1572 2579 1677 2614 datus
1703 2584 1757 2614 est
1780 2589 1846 2613 nec
1872 2588 1916 2613 ex
1937 2578 2193 2623 compromisso
2226 2583 2390 2624 sumptus

1295 2623 1349 2659 vel
1373 2634 1417 2658 ex
1441 2624 1562 2668 aliqua
1592 2624 1669 2668 lege
1701 2624 1933 2659 confirmatus
1967 2628 2039 2666 est,
2070 2623 2177 2659 iudex
2209 2634 2287 2659 esse
2318 2636 2390 2660 non

1321 2669 1424 2704 otuit.

1295 2680 1318 2714 p
1342 2711 1395 2751 82
1419 2713 1527 2749 IDEM
1546 2714 1636 2749 libro
1655 2714 1779 2759 primo
1800 2713 1844 2748 de
1862 2713 1988 2759 officio
2009 2714 2169 2749 consulis
2202 2714 2389 2750 Nonnum-

1295 2769 1402 2804 quam
1438 2760 1554 2794 solent
1588 2760 1818 2803 magistratus
1861 2759 1985 2804 populi
2019 2758 2174 2794 Romani
2217 2759 2389 2795 viatorem

1294 2804 1501 2839 nominatim
1526 2805 1602 2839 vice
1626 2804 1752 2839 arbitri
1777 2803 1881 2839 dare:
1914 2803 2011 2849 quod
2041 2814 2124 2839 raro
2158 2809 2194 2840 et
2224 2816 2297 2841 non
2321 2806 2389 2840 nisi

1294 2860 1333 2884 re
1357 2856 1530 2894 urguente
1553 2849 1756 2884 faciendum
1781 2853 1845 2883 est.

1803 2941 1875 2981 11⁹.

1482 3007 1543 3039 nn
1567 3007 1854 3040 INOFFICIOSO
1879 3008 2194 3041 TESTAMENTO.

1344 3073 1363 3110 1
1398 3073 1593 3109 Utmmys
1609 3073 1700 3109 libro
1720 3079 1851 3119 quarto
1865 3074 2002 3112 decimo
2015 3075 2065 3109 ad
2074 3075 2228 3110 edictum
2264 3074 2386 3110 Scien-

1296 3119 1379 3154 dum
1403 3123 1458 3154 est
1479 3118 1684 3163 frequentes
1717 3129 1794 3155 esse
1824 3120 2014 3155 inofficiosi
2047 3120 2241 3165 querellas:
2275 3120 2386 3155 omni-

1295 3165 1362 3199 bus
1396 3164 1488 3198 enim
1511 3167 1586 3198 tam
1608 3164 1817 3209 parentibus
1843 3176 1949 3210 quam
1972 3165 2094 3200 liberis
2119 3166 2162 3200 de
2186 3164 2385 3200 inofficioso

1294 3210 1377 3244 licet
1401 3209 1595 3253 disputare.
1629 3210 1772 3254 cognati
1796 3211 1890 3245 enim
1910 3211 2085 3255 proprii¹⁰
2109 3211 2169 3255 qui
2190 3214 2275 3245 sunt
2291 3210 2387 3244 ultra

1294 3255 1443 3289 fratrem
1474 3254 1599 3289 melius
1631 3254 1812 3298 facerent,
1849 3256 1879 3291 si
1918 3266 1957 3290 se
1988 3256 2188 3300 sumptibus
2220 3255 2385 3289 inanibus

1295 3311 1368 3335 non
1391 3303 1578 3341 vexarent,
1605 3310 1686 3335 cum
1709 3301 1871 3345 optinere
1895 3311 1992 3345 spem
2016 3312 2089 3335 non
2111 3301 2287 3335 haberent
2301 3301 2337 3332 ¹¹.

1342 3343 1366 3382 2
1382 3345 1409 3365 ¹²
1441 3343 1679 3380 MARCIANUS
1707 3345 1799 3381 libro
1832 3350 1964 3392 quarto
1997 3346 2259 3380 institutionum
2305 3344 2384 3378 Hoc

1297 3390 1414 3425 colore
1430 3390 1457 3410 ¹³
1473 3389 1673 3425 inofficioso
1685 3393 1898 3426 testamento
1912 3391 2038 3436 agitur,
2061 3391 2163 3435 quasi
2183 3400 2255 3424 non
2274 3398 2386 3423 sanae

1295 3435 1422 3469 mentis
1445 3433 1603 3477 fuerunt,
1627 3437 1708 3470 ut¹⁴
1732 3440 1985 3471 testamentum
2010 3436 2226 3470 ordinarent.
2260 3437 2295 3467 et
2314 3433 2384 3467 hoc

1297 3480 1427 3514 dicitur
1457 3490 1530 3515 non
1562 3480 1665 3525 quasi
1688 3491 1770 3516 vere
1801 3481 1959 3516 furiosus
1982 3481 2038 3515 vel
2063 3481 2206 3515 demens
2231 3481 2384 3512 testatus

1296 3593 1381 3625 Bas.
1397 3594 1451 3632 39,
1465 3601 1488 3626 1.
1502 3611 1548 3617 -—
1564 3594 1614 3637 Cf.
1629 3595 1709 3626 Inst.
1725 3595 1755 3635 2,
1772 3602 1822 3632 183
1841 3595 1918 3626 Cod.
1934 3595 1964 3632 3,
1980 3601 2027 3626 28.
2151 3592 2209 3630 (10)
2236 3591 2381 3633 proprii]

1295 3637 1430 3679 proprie
1443 3638 1469 3670 ii
1482 3651 1544 3672 scr.
1613 3641 1665 3679 (11)
1691 3639 1854 3670 haberent
1866 3639 1928 3678 F¹,
1943 3638 2096 3670 laborent
2107 3635 2191 3668 F³S
2256 3638 2312 3676 (12)
2339 3652 2384 3665 ==

1627 3685 1684 3725 (13)
1710 3684 1749 3715 de
1765 3685 1823 3716 ins.
1839 3684 1912 3716 dett.
2008 3685 2063 3722 (14)
2089 3682 2139 3721 ut]
2155 3691 2227 3712 cum
2246 3681 2323 3713 Inst.
