2528 3918
203 111 390 153 XXXVI
419 112 446 153 2

249 232 273 273 3
298 233 404 269 Imm
425 232 516 268 libro
540 232 666 278 quinto
689 232 973 280 dawutationum
1020 241 1103 266 nam
1131 241 1214 266 cum
1241 230 1289 266 ad

203 278 369 316 heredem
391 288 463 314 non
487 276 743 323 transferatur,
773 277 909 313 frustra
932 280 1003 319 est,
1033 276 1064 312 si
1093 279 1177 311 ante
1208 276 1289 320 quis

203 325 295 360 diem
320 324 396 359 eius
421 322 545 358 cedere
569 322 707 358 dixerit.

249 368 274 406 4
299 368 406 404 Imm
425 368 516 404 libro
539 378 636 403 nono
665 367 801 404 decimo
832 367 881 403 ad
904 365 1079 402 Sabinum
1131 365 1169 401 Si
1198 368 1292 401 ‘cum

203 415 318 449 ‘heres
348 413 531 450 morietur'
561 413 716 458 legetur,
753 411 1001 449 condicionale
1029 411 1186 456 legatum
1217 414 1289 446 est:

203 459 355 504 denique
376 458 455 493 vivo
478 457 611 494 herede
634 458 825 494 defunctus
848 456 1043 537 leqatarius
1061 456 1108 491 ad
1125 455 1292 508 heredem

203 514 275 539 non
292 503 475 539 transfert.
512 503 543 539 si
565 513 649 539 vero
674 506 767 539 ‘cum
791 503 868 548 ipse
906 502 1084 547 egatarius
1108 501 1291 537 monetur'

203 550 340 631 leg5etur
362 549 407 591 ei,
434 552 570 584 certum
594 552 650 584 est
665 548 821 594 legatum
837 547 883 582 ad
902 546 1069 582 heredem
1086 546 1290 599 transmitti.

300 593 408 629 IDEM
428 593 520 629 libro
543 595 709 630 vicesimo
733 593 783 629 ad
805 592 980 628 Sabinum
1033 591 1071 626 Si
1094 595 1177 636 post
1200 591 1293 626 diem

204 639 312 685 legati
349 638 533 674 cedentem
571 638 763 684 legatarius
798 637 1007 678 decesserit,
1045 636 1093 672 ad
1126 635 1293 672 heredem

207 689 222 719 1
272 695 377 720 suum
399 683 572 719 transfert
602 684 768 729 legatum.
821 683 948 728 Itaque
977 682 1009 717 si
1037 692 1168 728 purum
1195 681 1292 726 lega-

204 734 280 764 tum
311 729 376 772 sit,
408 739 454 764 ex
477 729 534 764 die
556 730 680 765 mortis
705 728 780 764 dies
805 728 880 764 eius
906 727 1018 763 cedit:
1050 726 1082 763 si
1103 737 1187 762 vero
1211 730 1294 771 post

204 774 298 809 diem
321 774 393 809 sint
415 774 533 820 legata
556 774 700 816 relicta,
733 773 839 809 simili
866 772 974 809 modo
1005 776 1112 818 atque
1135 772 1173 807 in
1220 772 1293 806 uris

204 820 280 855 dies
305 819 416 864 cedit,
439 819 509 855 nisi
532 819 626 854 forte
648 819 686 854 id
710 818 779 854 fuit
801 818 975 863 legatum,
1000 817 1096 864 quod
1121 817 1168 853 ad
1218 827 1293 852 ere-

204 865 286 900 dem
309 875 382 900 non
405 865 552 900 transit:
576 874 660 899 nam
683 863 789 899 huius
813 864 888 899 dies
912 874 986 899 non
1009 867 1094 899 ante
1118 862 1229 904 cedit,
1253 865 1295 896 ut

205 914 294 955 puta
325 910 356 945 si
387 920 474 945 usus
504 909 643 944 fructus
668 909 716 945 sit
738 912 823 955 post
845 919 978 944 annum
1001 908 1166 944 relictus:
1199 908 1294 942 hanc

205 959 225 990 2
273 955 367 991 enim
398 955 610 991 sententiam

206 1000 308 1036 cione
343 1001 390 1036 sit
419 1001 575 1045 legatum
606 1010 646 1035 re
662 1000 787 1043 'ctum,
826 1010 899 1035 non
935 999 1036 1045 prius
1074 998 1149 1034 dies
1188 998 1295 1043 legati

206 1045 300 1081 cedit
324 1055 432 1091 quam
456 1045 618 1081 condicio
642 1045 753 1080 fuerit
774 1045 939 1090 impleta,
962 1055 1008 1080 ne
1032 1043 1174 1089 quidem
1197 1044 1229 1079 si
1253 1053 1296 1078 ea

205 1094 225 1126 3
273 1091 321 1126 sit
344 1090 522 1135 condicio,
554 1100 646 1135 quae
668 1090 706 1125 in
729 1093 908 1136 potestate
932 1089 979 1125 sit
1001 1088 1176 1134 legatarii.
1225 1087 1296 1123 Sed

205 1136 235 1172 si
267 1146 311 1172 ea
343 1135 506 1172 condicio
534 1135 620 1180 fuit,
658 1145 764 1180 quam
796 1139 943 1180 praetor
972 1134 1139 1177 remittit,
1175 1133 1295 1169 statim

205 1185 226 1216 4
274 1181 349 1217 dies
381 1180 493 1216 cedit:
524 1180 694 1226 Idemque
718 1184 755 1216 et
776 1180 815 1216 in
836 1179 1049 1226 impossibili
1073 1178 1294 1221 condicione,

205 1230 225 1261 5
298 1227 359 1261 uia
381 1237 447 1271 pro
471 1236 562 1271 puro
586 1226 656 1261 hoc
679 1226 836 1271 legatum
854 1225 1020 1261 habetur.
1057 1224 1147 1260 Item
1171 1224 1201 1260 si
1225 1233 1296 1269 qua

177 1281 180 1286 ·
205 1282 274 1307 con
301 1271 368 1307 ‘cio
392 1272 449 1315 sit,
475 1281 567 1316 quae
589 1281 654 1316 per
676 1270 887 1316 legatarium
910 1281 983 1306 non
1002 1273 1076 1306 stat
1093 1280 1164 1315 quo
1178 1269 1296 1304 minus

203 1317 414 1363 impleatur,
447 1316 511 1352 sed
542 1320 606 1351 aut
634 1326 699 1361 per
727 1315 893 1352 heredem
922 1320 986 1351 aut
1014 1325 1079 1361 per
1110 1315 1186 1351 eius
1213 1324 1295 1368 per-

204 1372 342 1405 sonam,
366 1362 404 1396 in
428 1362 528 1397 cuius
552 1371 707 1406 persona
728 1361 849 1397 iussus
870 1364 924 1396 est
965 1371 1066 1396 arere
1083 1359 1295 1402 condicioni,

205 1408 280 1443 dies
310 1407 418 1452 legati
447 1406 558 1450 cedit,
588 1406 755 1452 quoniam
808 1417 848 1442 ro
877 1406 951 1452 imp
966 1409 1026 1442 eta
1053 1406 1226 1442 habetur:
1255 1408 1298 1440 ut

205 1457 294 1498 puta
322 1452 354 1487 si
382 1452 502 1488 iussus
531 1452 598 1487 sim
627 1451 750 1487 heredi
803 1462 902 1488 ecem
933 1451 1020 1487 dare
1049 1455 1086 1487 et
1112 1451 1172 1486 ille
1200 1450 1295 1486 acci-

205 1507 291 1543 pere
314 1497 416 1533 nolit.
465 1496 529 1532 sed
552 1501 588 1532 et
611 1497 643 1532 si
664 1497 718 1532 ita
740 1497 828 1532 mihi
850 1497 1006 1542 legatum
1029 1497 1093 1540 sit,
1125 1496 1158 1532 si
1180 1495 1298 1532 Seiam

206 1553 354 1578 uxorem
378 1542 534 1585 duxero,
564 1553 632 1578 nec
655 1552 699 1578 ea
722 1542 807 1578 velit
829 1543 984 1585 nubere,
1016 1541 1206 1578 dicendum
1230 1540 1299 1577 erit

206 1589 299 1623 diem
331 1588 441 1633 legati
470 1587 612 1630 cedere,
653 1587 750 1640 quod
783 1597 848 1633 per
883 1598 941 1623 me
971 1598 1044 1623 non
1073 1591 1162 1630 stat,
1202 1596 1272 1632 quo
1285 1587 1297 1608 ¹

205 1634 322 1669 minus
352 1643 499 1679 paream
531 1633 751 1676 condicioni,
783 1633 848 1668 sed
878 1643 944 1678 per
969 1633 1079 1668 alium
1103 1635 1192 1674 stat,
1226 1641 1296 1677 quo

206 1682 227 1714 6
273 1678 391 1714 minus
421 1678 613 1724 impleatur
644 1678 819 1714 condicio.
866 1678 983 1714 Isdem
1014 1682 1135 1713 autem
1159 1677 1296 1719 diebus,

205 1723 243 1759 id
262 1727 317 1760 est
333 1724 444 1759 isdem
465 1723 699 1769 pensionibus
717 1723 841 1759 heredi
888 1723 1107 1759 raestabitur
1129 1722 1296 1768 legatum,

207 1773 225 1803 ’1
275 1769 406 1815 quibus
428 1769 602 1815 legatario
626 1769 696 1815 ipsi
717 1773 863 1814 praesta
889 1772 983 1805 atur.
1031 1768 1086 1813 Si,
1117 1778 1200 1804 cum
1222 1767 1298 1803 dies

206 1814 316 1860 legati
347 1814 474 1851 cedere
503 1814 694 1860 inciperet,
726 1814 834 1850 alieni
857 1814 937 1860 quis
959 1813 1048 1849 iuris
1072 1817 1145 1858 est,
1178 1813 1299 1849 deberi

206 1860 262 1895 his
285 1860 461 1905 legatum,
491 1871 643 1905 quorum
665 1859 736 1895 iuri
758 1859 828 1895 fuit
851 1860 1046 1896 subiectus.
1093 1862 1130 1895 et
1155 1858 1237 1894 ideo
1267 1858 1299 1894 si

206 1916 337 1986 Eurum
368 1905 526 1950 legatum
555 1905 665 1941 fuerit
695 1909 733 1941 et
759 1909 844 1950 post
866 1904 961 1941 diem
983 1905 1091 1950 legati
1115 1904 1299 1940 cedentem

221 1951 296 1986 ‘ber
326 1950 447 1987 factus
478 1955 554 1993 est,
586 1950 684 1996 apud
715 1950 898 1986 dominum
921 1950 1079 1996 legatum
1102 1949 1297 1994 relinquet:

665 954 845 990 robamus.
902 954 973 989 Sed
1008 954 1039 990 si
1071 953 1139 989 sub
1171 952 1293 988 condi-

207 1995 271 2032 sed
293 1996 326 2031 si
348 2006 435 2032 usus
459 1996 599 2032 fructus
623 1995 733 2032 fuerit
754 1995 912 2041 legatus,
936 1995 1021 2031 licet
1042 1999 1126 2041 post
1147 1999 1299 2031 mortem

207 2041 409 2084 testatoris,
442 2045 527 2077 ante
557 2040 692 2077 aditam
722 2044 844 2077 tamen
872 2041 1106 2077 hereditatem
1133 2040 1188 2077 sui
1210 2040 1298 2076 iuris

206 2085 396 2129 efficiatur,
421 2086 491 2122 sibi
513 2086 670 2131 legatum
694 2085 862 2131 adquirit.

254 2129 279 2168 6
311 2131 472 2167 Panas
500 2132 592 2167 libro
624 2132 729 2167 tertio
765 2132 815 2167 ad
845 2131 1020 2168 Sabinum
1074 2130 1180 2176 Quod
1209 2140 1299 2176 pure

208 2177 332 2212 datum
367 2180 423 2212 est
457 2177 488 2213 si
522 2177 590 2213 sub
623 2176 833 2213 condicione
863 2176 1060 2219 adimatur,
1099 2176 1202 2222 quasi
1230 2175 1297 2211 sub

215 2227 227 2258 1
278 2221 490 2258 condicione
520 2222 677 2267 legatum
705 2221 871 2258 habetur.
948 2223 997 2257 At
1019 2221 1051 2256 si
1074 2222 1299 2257 extrinsecus

210 2267 452 2312 suspendatur
474 2267 648 2347 leffatum,
681 2278 754 2303 non
777 2277 823 2303 ex
844 2267 858 2303 i
884 2278 924 2303 so
947 2270 1181 2303 testamento:
1214 2267 1300 2302 licet

209 2317 292 2348 ante
330 2312 481 2348 decedat
529 2312 730 2358 egatarius‚
774 2312 821 2348 ad
882 2312 1025 2348 eredem
1059 2311 1300 2348 transmisisse

209 2357 365 2403 legatum
389 2357 559 2394 dicimus:
588 2358 700 2394 veluti
731 2358 762 2394 si
782 2367 866 2393 rem
896 2357 1053 2394 dotalem
1074 2357 1224 2393 maritus
1247 2357 1298 2392 le-

209 2403 346 2449 gaverit
374 2407 497 2439 extero
529 2406 567 2439 et
595 2403 700 2439 uxori
723 2403 881 2448 aliquam
902 2413 968 2449 pro
993 2402 1105 2438 dotali
1127 2412 1167 2438 re
1190 2412 1298 2448 pecu·

210 2449 323 2493 niam,
362 2448 490 2484 deinde
527 2448 747 2484 deliberante
779 2458 892 2484 uxore
923 2448 967 2484 de
998 2447 1173 2484 electione
1204 2447 1299 2483 dotis

210 2494 404 2529 decesserit
434 2494 627 2539 legatarius
658 2498 766 2539 atque
796 2493 964 2539 legatum*
983 2493 1129 2539 elegerit
1162 2492 1298 2535 mulier,

210 2539 257 2574 ad
285 2538 454 2575 heredem
482 2539 636 2575 transire
663 2539 820 2584 legatum
852 2539 986 2574 dictum
1014 2543 1081 2574 est.
1128 2538 1236 2583 idque
1263 2542 1300 2573 et

210 2584 370 2620 Iulianus
394 2584 597 2630 respondit:
627 2585 740 2630 magis
762 2585 856 2620 enim
879 2594 980 2620 mora
1004 2594 1112 2630 quam
1136 2583 1299 2620 condicio

211 2632 231 2664 2
276 2629 290 2664 l
335 2633 395 2665 ato
424 2629 558 2666 iniecta
587 2629 738 2666 videtur.
792 2629 931 2665 Eorum
960 2629 1177 2675 legatorum,
1209 2638 1301 2674 quae

210 2675 247 2709 in
270 2685 313 2710 co
340 2675 443 2710 ‘cillis
474 2675 601 2711 relicta
632 2679 734 2719 sunt,
773 2675 922 2720 perinde
959 2674 1035 2711 dies
1067 2674 1163 2710 cedit
1193 2679 1301 2718 atque

210 2723 424 2756 testamento
448 2720 664 2756 relictorum.

258 2762 283 2801 7
315 2764 510 2801 Uzmzms
537 2765 628 2802 libro
657 2766 824 2801 vicesimo
853 2765 904 2801 ad
926 2764 1099 2802 Sabinum
1152 2764 1300 2801 Heredis

212 2809 322 2846 aditio
354 2820 489 2846 moram
517 2810 627 2856 legati
655 2810 798 2856 quidem
821 2810 986 2864 petitioni
1008 2810 1115 2853 facit,
1149 2810 1302 2847 cessioni

216 2859 230 2891 1
282 2855 353 2890 diei
375 2866 448 2891 non
470 2855 569 2891 facit.
616 2855 771 2892 Proinde
802 2865 875 2892 slve
903 2866 994 2901 pure
1016 2855 1203 2892 institutus
1226 2859 1301 2891 tar-

213 2901 292 2936 dius
323 2900 430 2936 adeat
457 2901 530 2937 sive
552 2901 620 2937 sub
645 2900 856 2937 condicione
876 2911 943 2947 per
967 2901 1213 2937 condicionem
1235 2901 1300 2936 im-

213 2949 234 2981 2
280 2945 461 2991 pediatur,
490 2945 684 2991 legatarius
706 2956 855 2982 securus
878 2951 943 2982 est.
992 2946 1064 2982 Sed
1092 2950 1130 2983 et
1157 2946 1190 2982 si
1212 2956 1300 2982 non-

213 2991 297 3026 dum
326 2994 434 3026 natus
465 2990 513 3025 sit
542 2991 646 3027 heres
675 2992 862 3028 institutus
889 2996 954 3027 aut
977 2991 1075 3037 apud
1096 2992 1219 3027 hostes
1243 2991 1300 3044 sit,

212 3036 375 3073 similiter
396 3036 568 3081 legatario
597 3047 670 3072 non
693 3037 856 3080 nocebit,
887 3047 930 3073 eo
985 3036 1058 3073 uod
1088 3037 1164 3073 dies
1194 3037 1302 3082 legati

215 3085 233 3116 3
281 3081 401 3117 cessit.
448 3080 536 3116 Inde
565 3081 713 3117 dicimus
742 3086 780 3117 et
808 3083 839 3118 si
869 3092 891 3118 a
919 3093 962 3118 su
989 3082 1114 3118 stituto
1145 3081 1158 3118 l
1203 3086 1302 3117 atum

214 3127 260 3163 sit
289 3127 467 3169 relictum,
510 3126 678 3171 quamdiu
707 3127 892 3162 institutus
925 3127 1100 3164 deliberat
1129 3127 1174 3163 de
1190 3132 1300 3163 uncto

214 3171 385 3218 legatario
410 3181 482 3207 non
506 3171 668 3214 nocebit,
701 3173 732 3206 si
754 3177 883 3218 postea
905 3172 1009 3209 heres
1032 3172 1221 3208 institutus
1243 3182 1300 3208 re-

214 3216 392 3263 pudiavit:
417 3226 501 3252 nam
520 3215 567 3251 ad
581 3216 747 3252 heredem
763 3228 868 3253 suum
882 3217 1067 3253 transtulit
1080 3217 1298 3264 petitionem.

214 3266 235 3297 4
282 3261 506 3298 Tantundem
529 3265 566 3297 et
589 3261 621 3297 si
643 3262 689 3296 ab
712 3262 907 3307 impuberis
930 3262 1124 3299 substituto
1143 3262 1158 3297 l
1222 3266 1299 3298 tur:

215 3310 235 3342 5
281 3317 366 3342 narn
389 3306 436 3343 ad
458 3305 625 3342 heredem
648 3317 752 3342 suum
776 3308 932 3352 legatum
954 3307 1138 3343 transfert.
1219 3318 1300 3343 rac-

214 3352 284 3387 tari
305 3356 426 3388 tamen
448 3355 585 3397 potest,
616 3351 649 3387 si
671 3351 846 3396 impuberi
870 3352 1087 3389 substitutus
1111 3352 1300 3389 damnatus

214 3398 277 3441 sit,
309 3397 341 3433 si
367 3398 463 3433 intra
491 3396 717 3443 pubertatem
739 3395 835 3432 filius
861 3398 1071 3441 decesserit,
1105 3397 1185 3434 Seio
1217 3408 1300 3433 cen-

215 3448 291 3478 tum
314 3442 418 3485 dare,
451 3452 499 3478 an
521 3442 599 3478 vivo
622 3441 761 3487 pupillo
784 3441 976 3479 defunctus
1001 3442 1104 3479 Seius
1128 3442 1175 3479 ad
1198 3443 1300 3479 here-

215 3487 296 3524 dem
318 3487 522 3532 transferat,
547 3487 650 3533 quasi
672 3496 717 3523 ea
739 3486 902 3524 condicio
925 3488 973 3524 sit
995 3498 1177 3534 expressa,
1209 3497 1302 3534 quae

217 3602 257 3643 (ι)
281 3611 371 3643 quon
384 3600 418 3634 F
526 3603 569 3642 (2)
594 3599 669 3633 ideo
685 3599 748 3633 del.
764 3598 815 3632 5²²

217 3646 346 3689 legatus
364 3649 423 3688 eet,
441 3645 547 3679 eidem
566 3655 660 3678 servo
683 3645 837 3679 &cincius

219 3693 262 3731 (5)
287 3690 417 3733 legetur
438 3690 488 3723 Γ*
624 3693 668 3727 (6)
694 3691 727 3722 et
746 3690 807 3723 im.
828 3689 903 3723 dett.

220 3741 263 3778 (ὅ)
288 3736 492 3769 habitatione
504 3735 633 3773 aliquid
646 3735 697 3768 vel
710 3735 745 3768 in
759 3733 935 3777 disciplina
948 3734 983 3770 F

928 3600 972 3641 (3)
997 3599 1061 3643 vel,
1080 3600 1303 3634 siouiservus

971 3645 1015 3686 (4)
1038 3645 1258 3689 posteaditam
1271 3645 1307 3678 F

1041 3691 1084 3731 (τ)
1107 3689 1218 3733 legata
1239 3692 1298 3724 ins.

1072 3741 1117 3777 (9)
1142 3734 1300 3771 mercedis

1276 102 1363 153 536

1486 0 1556 79 ’ἢ

1545 82 1549 106 i

1819 121 2006 162 QUANDO
2035 121 2138 154 Dms
2166 120 2441 154 LEGATORUM

1356 230 1484 266 inerat.
1530 234 1567 267 et
1594 231 1705 277 magis
1736 235 1793 268 est
1820 231 1868 267 ad
1898 231 2065 268 heredem
2094 231 2255 278 legatarii
2278 233 2439 269 transire.

1359 279 1380 311 6
1426 275 1608 311 Interdum
1640 276 1750 312 aditio
1782 277 1922 313 heredis
1953 276 2079 322 legatis
2107 287 2243 313 moram
2266 277 2370 320 facit,
2401 283 2441 313 ut

1358 324 1448 366 puta
1476 320 1509 356 si
1534 320 1630 358 forte
1658 331 1760 358 servo
1786 322 2004 358 manumisso
2027 322 2084 357 vel
2106 322 2140 358 ei
2163 322 2223 358 cui
2245 333 2367 359 servus
2391 323 2440 358 le-

1358 368 1463 411 gatus
1486 369 1543 402 est
1564 369 1602 402 et
1622 366 1729 403 ideo²
1759 368 1885 404 servo²⁴
1917 366 2050 412 aliquid
2078 366 2092 402 l
2136 370 2235 402 atum
2263 368 2329 404 sit:
2359 378 2441 403 nam

1359 420 1461 491 seeffig
1483 410 1591 456 legati
1613 411 1729 447 relicti
1752 416 1836 448 ante
1859 412 1993 448 aditam
2017 412 2102 447 here
2130 412 2250 448 'tatem
2273 413 2347 448 dies
2370 423 2441 448 non

1360 466 1380 491 c
1459 483 1466 491 .

1407 497 1432 538 8
1456 500 1563 536 IDEM
1588 501 1678 538 libro
1707 502 1871 538 vicesimo
1898 506 2029 548 quarto
2060 502 2110 537 ad
2131 501 2303 539 Sabinum
2350 502 2442 537 Nam

1361 557 1443 581 cum
1473 546 1621 582 libertas
1649 556 1722 582 non
1751 548 1852 593 prius
1883 551 2063 593 competat
2091 557 2198 593 quam
2221 547 2319 582 adita
2341 547 2442 582 here-

1361 591 1488 634 ditate,
1520 591 1772 644 aequissimum
1800 593 1916 628 visum
1943 597 1998 628 est
2026 603 2092 628 nec
2115 592 2224 638 legati
2246 592 2337 628 diem
2361 597 2444 627 ante

1362 636 1504 671 cedere:
1537 636 1696 681 alioquin
1723 637 1848 673 inutile
1871 638 1973 673 fieret
1994 638 2171 682 legatum,
2201 638 2232 673 si
2262 637 2337 673 dies
2367 637 2443 673 eius

1362 681 1529 717 cessisset
1552 685 1742 726 antequam
1766 682 1913 718 libertas
1937 687 2165 728 competeret.
2200 682 2296 727 quod
2318 683 2444 724 evenit,

1362 726 1394 762 si
1423 736 1525 762 servo
1555 736 1646 773 pure
1673 726 1810 772 legetur
1843 731 1880 763 et
1909 728 1999 763 liber
2028 738 2107 764 esse
2137 728 2205 764 sub
2236 727 2445 763 condicione

1361 772 1529 807 iubeatur
1551 776 1588 807 et
1609 772 1768 817 pendens
1794 772 1956 808 condicio
1979 773 2180 808 inveniatur
2207 777 2243 808 et
2264 776 2348 818 post
2371 772 2445 807 adi-

1361 817 1461 851 tam⁴
1485 816 1728 853 hereditatem.

1408 859 1434 899 9
1466 861 1572 897 IDEM
1606 862 1697 898 libro
1733 863 1923 898 vicensimo
1946 864 2070 908 primo
2100 862 2151 898 ad
2181 862 2355 899 Sabinum
2409 862 2447 898 Si

1362 907 1538 943 habitatio
1563 906 1636 943 filio
1661 907 1815 942 familias
1839 907 1895 943 vel
1917 917 2019 943 servo
2042 907 2160 953 legata
2183 908 2240 950 sit,
2264 912 2352 953 puto
2376 919 2448 943 non

1364 952 1503 998 adquiri
1532 952 1674 988 domino
1706 952 1761 988 vel
1817 952 1887 987 atri
1915 952 2090 998 legatum,
2128 954 2158 988 si
2195 957 2278 988 ante
2315 953 2447 988 aditam

1363 997 1597 1033 hereditatem
1630 998 1724 1033 filius
1760 963 1817 1033 vefl
1847 1008 1971 1033 servus
2002 998 2214 1034 decesserit:
2252 1008 2334 1033 nam
2367 1009 2448 1033 cum

1363 1053 1539 1088 personae
1564 1042 1775 1086 cohaereat,
1806 1047 1904 1078 recte
1931 1043 2061 1079 dicitur
2083 1048 2168 1080 ante
2191 1043 2324 1079 aditam
2347 1044 2447 1079 here-

1365 1088 1510 1124 ditatem
1534 1088 1627 1124 diem
1650 1099 1723 1124 non
1747 1087 1883 1124 cedere.

1413 1132 1463 1171 10
1488 1133 1596 1169 IDEM
1620 1134 1712 1169 libro
1735 1134 1902 1169 vicesimo
1927 1134 2031 1169 tertio
2062 1134 2112 1169 ad
2133 1133 2306 1170 Sabinum
2362 1134 2449 1170 Cum

1363 1179 1401 1213 in
1424 1189 1538 1214 annos
1562 1178 1721 1223 singulos
1744 1178 1884 1224 legatur
1893 1180 1917 1223 ⁶,
1949 1189 2023 1214 non
2048 1190 2160 1214 unum
2181 1179 2337 1224 legatum
2360 1189 2449 1222 esse,

1364 1224 1429 1260 sed
1476 1224 1556 1259 lura
1580 1228 1723 1260 constat

1413 1268 1432 1306 1
1496 1269 1689 1304 IULIANUS
1717 1269 1807 1304 libro
1841 1269 2024 1315 triqesimo
2055 1271 2206 1316 septimo
2231 1270 2449 1316 digestorum

1366 1317 1446 1358 (nec
1468 1315 1599 1357 refert,
1631 1314 1659 1350 s'
1748 1313 1757 1322 ’
1789 1314 1889 1350 aurei
1911 1314 1949 1349 in
1971 1324 2085 1351 annos
2109 1314 2267 1359 singulos
2290 1315 2324 1350 le
2347 1318 2453 1350 entur

1365 1371 1413 1395 an
1435 1359 1474 1395 in
1494 1370 1627 1395 annum
1642 1370 1795 1405 pnmum
1813 1359 1909 1395 mille
1929 1361 2039 1403 aurei,
2064 1360 2101 1395 in
2120 1360 2314 1396 secundum
2360 1370 2451 1402 omo,

1364 1406 1402 1441 in
1424 1405 1569 1440 tertium
1592 1405 1820 1447 frumentum)

1416 1448 1466 1488 12
1505 1450 1699 1486 ULPJANUS
1735 1450 1827 1486 libro
1860 1450 2025 1486 vicesimo
2056 1451 2160 1486 tertio
2198 1451 2248 1486 ad
2278 1450 2450 1487 Sabinum

1365 1506 1433 1532 nec
1456 1495 1566 1532 semel
1589 1495 1682 1531 diem
1705 1495 1783 1531 eius
1808 1495 1945 1538 cedere,
1969 1494 2033 1531 sed
2055 1505 2121 1540 per
2144 1495 2301 1542 singulos
2325 1506 2451 1531 annos.

1371 1544 1384 1577 l
1433 1541 1505 1577 Sed
1535 1545 1658 1576 utrum
1690 1540 1791 1576 initio
1823 1541 1996 1585 cuiusque
2024 1541 2110 1575 anni
2147 1551 2195 1576 an
2230 1552 2313 1578 vero
2350 1540 2452 1576 finito

1366 1597 1460 1622 anno
1486 1586 1592 1622 cedat
1639 1585 1860 1631 quaestionis
1882 1585 1962 1621 fuit.
2010 1590 2046 1621 et
2068 1585 2216 1622 Labeo⁸
2239 1586 2394 1622 Sabinus
2418 1590 2454 1622 et

1367 1632 1493 1668 Celsus
1524 1635 1560 1667 et
1583 1614 1729 1667 &assius
1760 1634 1797 1667 et
1822 1630 1982 1667 Iulianus
2012 1630 2051 1666 in
2082 1631 2264 1675 omnibus,
2296 1642 2388 1677 quae
2415 1631 2453 1666 in

1366 1687 1480 1713 annos
1496 1676 1654 1730 singulos
1670 1676 1931 1720 relinquuntur,
1955 1676 2026 1712 hoc
2048 1677 2299 1721 probaverunt,
2323 1681 2365 1712 ut
2386 1676 2452 1712 ini-

1367 1725 1387 1758 2
1433 1722 1484 1758 tie
1509 1732 1683 1767 cuiusque
1706 1722 1792 1757 anni
1814 1721 1920 1757 huius
1943 1721 2052 1767 legati
2075 1721 2151 1758 dies
2175 1722 2327 1758 cederet.
2367 1722 2454 1758 Inde

1366 1768 1527 1804 Iulianus
1550 1767 1612 1811 ait,
1635 1767 1706 1803 hoc
1728 1767 1884 1812 legatum
1903 1767 1933 1802 si
1949 1777 2050 1802 servo
2068 1767 2158 1802 relin
2183 1772 2301 1810 uatur,
2326 1767 2454 1803 deinde

1366 1817 1450 1859 post
1498 1813 1626 1848 rimum
1648 1812 1705 1848 vel
1727 1812 1879 1848 alterum
1903 1822 2036 1847 annum
2065 1812 2112 1848 sit
2139 1812 2166 1847 li
2191 1822 2244 1857 er,
2277 1813 2344 1849 sibi
2373 1823 2454 1849 eum

1369 1862 1388 1894 3
1436 1869 1458 1893 a
1484 1858 1636 1904 quirere.
1683 1858 1774 1893 Item
1797 1857 1923 1893 Celsus
1947 1857 2090 1900 scribit,
2118 1857 2214 1903 quod
2238 1861 2274 1894 et
2295 1858 2453 1893 Iulianus

1366 1904 1517 1949 probat,
1540 1903 1647 1939 huius
1670 1903 1778 1948 legati
1802 1903 1894 1938 diem
1918 1913 1963 1939 ex
1987 1902 2044 1939 die
2065 1903 2190 1939 mortis
2214 1903 2359 1946 cedere,
2383 1914 2455 1939 non

1368 1959 1414 1985 ex
1436 1960 1507 1995 quo
1531 1948 1630 1984 adita
1653 1952 1708 1984 est
1730 1948 1929 1991 hereditas,
1959 1951 1997 1984 et
2026 1948 2058 1984 si
2087 1947 2181 1984 forte
2210 1952 2295 1994 post
2324 1949 2454 1984 multos

1368 2005 1483 2031 annos
1503 1994 1655 2030 adeatur
1670 1993 1862 2038 hereditas,
1887 1993 2044 2029 omnium
2060 1995 2259 2030 annorum⁷
2282 1994 2453 2039 legatario

1368 2043 1390 2075 4
1436 2039 1571 2076 deberi.
1626 2039 1698 2075 Sed
1728 2042 1764 2074 et
1794 2039 1826 2075 si
1857 2039 2049 2084 quotannis
2080 2039 2127 2075 sit
2155 2039 2331 2084 legatum,
2371 2039 2455 2074 mihi

1367 2085 1508 2121 videtur
1537 2085 1646 2121 etiam
1675 2085 1714 2120 in
1744 2085 1815 2120 hoc
1844 2084 1985 2120 initium
2020 2084 2193 2130 cuiusque
2231 2084 2316 2120 anni
2351 2095 2454 2137 spec-

1367 2130 1536 2173 tandum,
1567 2130 1637 2167 nisi
1665 2129 1760 2165 forte
1788 2129 1929 2165 evidens
1954 2130 2001 2166 sit
2023 2130 2188 2166 voluntas
2211 2134 2396 2166 testatoris
2418 2130 2456 2165 in

1367 2186 1508 2212 annuas
1531 2175 1722 2221 pensiones
1744 2175 1824 2211 ideo
1849 2175 2047 2217 dividentis,
2073 2175 2241 2221 quoniam
2264 2186 2336 2211 non
2358 2174 2454 2220 lega-

1367 2222 1460 2257 tario
1486 2221 1707 2263 consultum,
1739 2220 1804 2257 sed
1835 2220 1958 2256 heredi
1988 2224 2218 2266 prospectum
2248 2220 2379 2264 voluit,
2411 2230 2455 2255 ne

1368 2270 1387 2301 5
1435 2270 1648 2311 urgueretur
1671 2266 1718 2301 ad
1741 2266 1965 2302 solutionem.
2001 2265 2041 2302 Si
2058 2266 2096 2301 in
2115 2265 2373 2302 habitationem
2391 2265 2455 2301 ali-

1368 2312 1454 2357 quid
1476 2312 1533 2347 vel
1554 2311 1593 2347 in
1616 2311 1867 2356 disciplinam⁸
1888 2311 2026 2356 legetur
2048 2311 2100 2347 sic
2120 2311 2263 2347 ‘annua’
2280 2312 2336 2347 vel
2355 2314 2454 2357 ‘quo-

1369 2356 1526 2400 ‘tannis’,
1565 2356 1694 2402 quibus
1732 2356 1859 2392 diebus
1886 2356 2012 2401 pensio
2044 2356 2195 2392 debetur
2224 2356 2455 2392 habitationis

1367 2402 1424 2438 vel
1446 2412 1582 2438 merces
1606 2401 1875 2447 disciplinarum
1886 2403 1911 2444 ⁹,
1936 2401 2049 2437 isdem
2071 2401 2287 2447 intellegitur
2301 2401 2456 2454 legatum

1369 2451 1389 2483 6
1435 2447 1615 2491 relictum,
1647 2446 1855 2483 coniectura
1883 2446 2076 2482 voluntatis
2099 2446 2209 2482 facta.
2256 2446 2455 2482 Novissime

1368 2492 1586 2537 Pomponius
1616 2492 1741 2528 scribit
1771 2492 1859 2527 nihil
1890 2491 2079 2534 interesse,
2111 2495 2233 2527 utrum
2264 2491 2311 2527 ‘in
2342 2502 2455 2527 annos

1369 2537 1552 2583 ‘singulos'
1575 2537 1631 2590 vel
1656 2537 1869 2598 ‘quotannis’
1892 2547 1942 2591 an
1966 2537 2014 2572 ‘in
2038 2536 2195 2598 singulos
2218 2537 2370 2573 menses'
2401 2537 2456 2590 yel

1369 2583 1673 2673 ἶὲᾟῗθῗθῖἐέηῗ
1707 2581 2455 2673 ιῖἓθῗῃοῗῗὲξῖῗὲἒέἐῖωζὲαὲᾞῖἰθῗὲζ

1369 2673 1518 2719 proinde
1548 2677 1585 2709 et
1613 2673 1645 2709 si
1677 2673 1809 2708 ‘annui’
1840 2673 1874 2709 le
1898 2676 2003 2709 entur
2031 2676 2088 2708 tot
2116 2673 2235 2716 aurei,
2266 2672 2361 2708 idem
2388 2672 2457 2708 erit

1371 2722 1388 2754 7
1439 2718 1640 2755 dicendum.
1688 2718 1726 2754 Si
1757 2718 1856 2754 cui¹¹
1911 2728 1990 2754 omo
2014 2718 2226 2763 generaliter
2248 2717 2296 2754 sit
2317 2717 2456 2763 legatus

1369 2768 1407 2800 et
1429 2768 1621 2810 antequam
1643 2763 1816 2807 vindicet,
1846 2763 2056 2806 decesserit,
2088 2763 2135 2798 ad
2162 2762 2328 2799 heredem
2352 2773 2456 2798 suum

1371 2813 1390 2845 8
1436 2809 1592 2855 legatum
1615 2808 1798 2845 transfert.
1837 2807 1876 2844 Si
1895 2808 1990 2844 Titio
2015 2808 2062 2844 sit
2084 2808 2136 2844 sic
2159 2807 2315 2853 legatum
2339 2811 2456 2853 ‘quem

1370 2855 1485 2891 ‘Seius
1516 2854 1672 2900 elegerit’
1701 2858 1739 2889 et
1768 2853 1870 2890 Seius
1900 2857 1985 2899 post
2012 2853 2222 2889 electionem
2253 2853 2455 2895 decesserit,

1369 2900 1469 2936 locus
1493 2904 1549 2936 est
1569 2899 1800 2935 vindicationi
1823 2899 1933 2936 semel
1956 2898 2166 2944 adquisitae.

1419 2943 1469 2983 13
1503 2945 1734 2981 Poupomvs
1761 2943 1853 2980 libro
1883 2949 1990 2980 sexto
2020 2943 2071 2979 ad
2098 2942 2272 2979 Sabinum
2319 2943 2453 2979 Huius-

1368 2990 1466 3026 modi
1487 2990 1661 3036 legatum:
1686 2989 1772 3026 ‘sive
1794 2989 1883 3025 illud
1904 2988 2040 3025 factum
2063 2988 2172 3025 fuerit
2194 2988 2267 3024 sive
2289 2998 2363 3024 non
2378 2988 2454 3024 fue-

1370 3037 1439 3078 ‘rit‚
1463 3036 1515 3071 illi
1538 3035 1584 3071 do
1607 3035 1709 3080 lego'‚
1734 3034 1781 3070 ad
1803 3034 1971 3071 heredem
1988 3044 2061 3070 non
2075 3033 2216 3078 transit,
2240 3033 2310 3069 nisi
2324 3034 2416 3070 alter
2427 3035 2455 3055 ¹³

1370 3091 1476 3118 casus
1506 3080 1586 3117 vivo
1616 3080 1786 3126 legatario
1820 3080 2012 3123 exstiterit,
2048 3079 2216 3125 quoniam
2248 3089 2374 3122 causa,
2410 3089 2455 3114 ex

1369 3136 1441 3172 qua
1470 3125 1661 3169 debeatur,
1690 3125 1907 3171 praecedere
1930 3134 2070 3170 semper
2092 3123 2209 3160 debet.
2255 3134 2342 3167 nec,
2371 3124 2455 3169 quia
2526 3170 2528 3173 ι

1370 3175 1507 3208 certum
1531 3174 1587 3207 est
1610 3171 1821 3206 alterutrum
1834 3170 2006 3212 futurum,
2031 3169 2232 3206 omnimodo
2249 3169 2453 3205 debebitur:

1369 3227 1452 3252 nam
1482 3216 1556 3252 tale
1584 3216 1743 3269 legatum
1773 3219 1867 3251 ‘cum
1898 3215 2086 3257 morietur,
2116 3215 2219 3250 heres
2251 3213 2347 3250 dato’
2377 3224 2453 3250 cer-

1368 3266 1445 3297 tum
1476 3265 1531 3297 est
1561 3260 1721 3297 debitum
1747 3260 1793 3297 iri
1821 3264 1858 3297 et
1884 3264 2005 3295 tamen
2033 3259 2081 3295 ad
2104 3258 2271 3295 heredem
2293 3259 2454 3305 legatarii

1369 3317 1441 3343 non
1463 3306 1605 3349 transit,
1630 3306 1662 3342 si
1683 3307 1762 3342 vivo
1785 3304 1916 3342 herede
1939 3304 2100 3341 decedat.

1418 3350 1469 3389 14
1500 3351 1696 3389 ULPJANUS
1722 3351 1814 3388 libro
1841 3351 2007 3387 vicesimo
2039 3355 2171 3396 quarto
2201 3349 2253 3385 ad
2280 3349 2453 3385 Sabinum

1368 3396 1407 3433 Si
1429 3407 1518 3433 usus
1540 3396 1682 3433 fructus
1705 3401 1769 3432 aut
1786 3395 1919 3439 decem,
1943 3399 2064 3431 utrum
2080 3394 2274 3440 legatarius
2291 3394 2453 3437 voluerit,
2524 3407 2525 3410 ¹

1368 3442 1440 3478 sint
1461 3441 1589 3487 legata,
1613 3446 1803 3488 utrumque
1826 3440 2062 3487 spectandum
2076 3441 2105 3463 ¹³
2128 3444 2164 3476 et
2179 3443 2328 3476 mortem
2343 3443 2454 3475 testa-

1367 3487 1456 3523 toris
1472 3491 1510 3523 et
1521 3488 1551 3510 ¹⁴
1564 3486 1757 3524 aditionem
1770 3485 1990 3530 hereditatis,
2007 3488 2157 3522 mortem
2165 3489 2312 3531 propter
2319 3484 2453 3529 decem,

1370 3599 1624 3643 disciplinarum
1644 3600 1678 3633 F
1819 3599 1879 3641 (ιο)
1904 3602 2019 3633 utrum
2038 3600 2086 3633 ‘in
2106 3609 2211 3633 annos
2231 3597 2389 3642 singulos·
2409 3608 2453 3631 an

1370 3645 1583 3687 ‘quotannis·,
1606 3645 1655 3678 ‘in
1677 3643 1828 3687 singulos
1851 3645 1986 3679 menses'
2011 3655 2055 3678 an
2079 3647 2173 3688 ‘quot
2194 3643 2382 3685 mendbus',
2405 3643 2453 3676 ‘in

1369 3689 1517 3732 singulos
1529 3690 1771 3732 dicim-quot
1782 3689 1983 3723 diebus'scr.
2048 3696 2102 3727 (ιι)
2127 3690 2233 3732 quiF
2294 3690 2354 3731 (12)
2378 3691 2453 3721 uter

1369 3737 1428 3768 ιἠε.
1444 3735 1494 3768 F*
1517 3732 1531 3751 ¹·
1587 3737 1643 3776 (13)
1669 3734 1923 3779 exspectandum
1940 3737 2091 3769 Cuiacius
2180 3738 2237 3776 (14)
2262 3736 2295 3767 ct
2307 3746 2365 3768 om.
2378 3733 2413 3766 F

2511 3552 2528 3778 Ξ
