2528 3918
164 109 249 152 Li

164 242 350 268 successor
380 230 531 267 idoneus
563 230 650 275 fuit,
684 231 861 268 actionem
891 231 972 268 dari
994 242 1067 268 non
1097 234 1251 277 oportet.

164 281 183 312 2
231 277 273 311 In
297 276 459 312 fraudem
493 276 645 311 civilium
669 287 856 313 munerum
888 288 954 323 per
977 277 1123 312 tacitam
1146 276 1253 312 fidem

164 321 311 367 praedia
341 321 518 357 translata
548 320 637 357 fisco
665 321 892 358 vindicantur
922 326 1133 366 tantumque
1162 321 1252 357 alte-

163 378 242 402 rum
274 367 485 403 interdictae
515 366 567 402 rei
598 366 759 403 minister
791 367 835 404 de
866 368 940 403 suis
977 367 1081 403 bonis
1113 366 1253 411 cogitur

165 416 184 446 3
231 412 377 448 solvere.
434 411 496 447 Ius
526 411 578 446 ori
606 411 671 447 'nis
702 412 740 448 in
769 413 965 449 honoribus
1003 411 1177 448 obeundis
1209 421 1252 447 ac

163 457 372 493 muneribus
395 456 575 502 suscipien
600 457 630 492 is
662 456 855 503 adoptione
886 469 959 494 non
982 460 1157 492 mutatur:
1190 456 1253 492 sed

163 503 263 582 ngvis
288 512 428 548 quoque
451 501 658 538 muneribus
681 501 779 539 filius
802 513 867 549 per
884 502 1090 548 adoptivum
1113 505 1252 547 patrem

163 557 186 583 a
211 558 228 583 s
266 548 274 555 '
325 548 407 583 'tur.

214 590 264 630 16
330 602 634 629 ERMOGENIANUS
655 592 746 630 libro
765 593 888 640 primo
906 594 997 628 iuris
1014 593 1253 638 epitomen-um

164 637 235 674 Sed
259 638 290 673 si
312 638 583 683 emancipatur¹
615 638 661 674 ab
686 637 853 692 adoptivo
877 641 991 683 patre,
1016 648 1089 673 non
1112 639 1253 672 tantum

164 683 275 725 filius,
301 683 364 719 sed
387 684 494 718 etiam
518 683 605 719 civis
627 683 705 719 eius
730 682 902 725 civitatis,
928 683 1030 719 cuius
1053 692 1117 728 per
1141 682 1252 728 adop-

164 728 295 764 tionem
318 728 439 764 fuerat
461 728 598 772 factus,
623 738 702 765 esse
725 728 864 764 desinit.

215 771 262 810 17
289 772 537 810 Papmmws
565 774 656 811 libro
674 775 798 820 primo
822 783 1079 820 responsorum
1126 773 1251 808 Liber-

163 823 220 854 tus
244 822 393 863 propter
414 822 606 864 patronum
630 829 653 854 a
677 819 838 854 civilibus
862 818 1070 854 muneribus
1094 828 1167 854 non
1191 828 1252 854 ex-

164 867 323 905 cusatur,
348 873 414 899 nec
438 863 485 900 ad
508 875 582 900 rem
606 864 771 910 pertinet.
796 874 843 898 an
867 873 995 908 operas
1019 867 1171 908 patrono
1197 862 1254 898 vel

167 913 179 943 ι
230 908 466 944 ministerium
504 911 612 955 capto
649 908 842 944 luminibus
883 909 1059 944 exhibeat.
1115 908 1253 944 Liberti

163 963 245 989 vero
271 958 494 997 senatorum,
527 955 588 1000 qui
616 954 759 999 negotia
788 956 1023 999 patronorum
1046 958 1193 998 gerunt,
1231 963 1253 988 a

164 1002 184 1034 2
232 999 345 1035 tutela
377 999 519 1036 decreto
551 1002 694 1045 patrum
720 1002 949 1034 excusantur.
987 999 1127 1034 ‘Filium
1149 1002 1254 1044 pater

163 1043 391 1080 decurionem
419 1055 500 1081 esse
527 1045 654 1081 voluit:
687 1048 770 1079 ante
799 1043 912 1079 filium
935 1054 980 1079 ex
1008 1054 1164 1089 persona
1187 1054 1254 1079 sua

162 1099 220 1125 res
248 1090 396 1135 publica
427 1090 534 1126 debet
564 1089 753 1126 convenire
802 1099 884 1124 uam
907 1091 1070 1135 patrem²
1101 1099 1146 1125 ex
1170 1100 1252 1134 per-

162 1145 252 1170 sona
273 1133 347 1170 filii.
394 1145 461 1170 nec
484 1135 530 1171 ad
553 1145 628 1170 rem
652 1135 790 1180 pertine
817 1134 855 1177 it,
881 1144 928 1170 an
949 1134 1045 1171 filius
1070 1138 1253 1170 castrense

161 1179 341 1225 peculium
365 1183 505 1216 tantum
538 1180 738 1225 possideat,
774 1190 856 1215 cum
880 1183 964 1216 ante
987 1179 1175 1216 militasset
1197 1179 1253 1215 vel

162 1230 182 1260 3
229 1229 368 1271 postea.
414 1226 656 1271 Praesciiptio
679 1229 898 1278 temporum,
930 1235 1023 1270 quae
1045 1225 1084 1260 in
1106 1224 1252 1261 honori·

161 1270 231 1306 bus
254 1280 293 1307 re
319 1271 461 1306 etundis
485 1271 540 1307 vel
572 1270 650 1306 aliis
674 1270 911 1316 suscipiendis
941 1270 1027 1306 data
1050 1273 1123 1312 est,
1156 1280 1178 1305 a
1205 1269 1253 1305 ud

162 1319 183 1351 »1
230 1325 292 1352 eos
319 1325 374 1352 em
412 1320 592 1357 servatur,
632 1326 704 1352 non
736 1315 833 1360 apud
868 1315 972 1351 alios.
1027 1315 1100 1351 Sed
1129 1325 1170 1351 eo
1197 1326 1253 1350 em

160 1364 322 1406 tempore
353 1371 425 1397 non
457 1365 542 1397 sunt
572 1361 727 1396 honores
751 1361 788 1395 in
812 1360 953 1397 duabus
978 1360 1181 1396 civitatibus
1206 1361 1252 1395 ab

161 1405 286 1442 eodem
308 1406 469 1451 gerendi:
503 1417 583 1442 cuin
608 1406 714 1442 simul
736 1406 844 1451 igItur
867 1406 1061 1451 utrubique
1085 1405 1252 1442 deferun-

161 1454 181 1486 5
229 1455 299 1494 tur,
324 1452 444 1497 potior
467 1456 522 1487 est
545 1451 689 1496 originis
715 1461 836 1486 causa.
885 1451 970 1487 Sola
993 1451 1086 1487 ratio
1135 1461 1251 1487 osses-

161 1496 272 1534 sionis
294 1497 455 1532 civilibus
476 1496 677 1542 possessori
695 1496 903 1532 muneribus
922 1497 1092 1542 iniungen
1131 1507 1148 1532 s
1161 1496 1253 1532 citra

161 1542 381 1588 privilegium
404 1542 610 1595 specialiter
629 1541 765 1578 civitati
789 1541 913 1577 datum
935 1542 1065 1578 idonea
1087 1552 1161 1578 non
1184 1545 1251 1577 est.

161 1590 183 1622 6
228 1586 451 1623 Postlimimo
480 1587 634 1632 regressi
665 1587 804 1632 patriae
831 1587 1039 1623 muneribus
1069 1587 1252 1632 obtempe-

161 1641 242 1668 rare
271 1636 465 1677 coguntur,
523 1632 658 1667 uamvis
689 1632 727 1667 in
759 1632 898 1667 alienae
930 1632 1083 1668 civitatis
1118 1631 1252 1668 finibus

161 1681 179 1712 7
229 1678 439 1714 consistant.
522 1677 666 1723 xigendi
687 1678 816 1713 tributi
838 1688 967 1713 munus
991 1677 1084 1713 inter
1108 1676 1253 1713 sordida

158 1733 311 1759 munera
340 1734 414 1758 non
446 1723 602 1759 habetur
639 1726 677 1758 et
706 1723 786 1758 ideo
819 1722 1071 1758 decurionibus
1109 1731 1253 1768 quoque

162 1768 184 1803 8
229 1768 432 1803 mandatur.
480 1768 539 1803 Ex
571 1778 683 1804 causa
713 1767 979 1804 fideicommissi
1011 1767 1252 1803 manumissus

160 1814 198 1848 in
221 1813 428 1849 muneribus
453 1813 615 1849 civilibus
645 1813 916 1849 manumissoris
939 1813 1112 1858 originem
1134 1812 1250 1857 sequi-

161 1861 182 1893 9
228 1861 298 1902 tur,
323 1869 395 1894 non
415 1859 493 1894 eius
517 1859 577 1904 qui
596 1858 798 1894 libertatem
817 1858 992 1904 reliquit³.
1025 1859 1068 1893 In
1084 1857 1154 1893 ado
1180 1857 1253 1893 tiva

160 1903 296 1939 familia
319 1908 527 1949 susceptum
558 1904 718 1949 exemplo
750 1903 825 1938 dati
855 1903 1064 1939 muneribus
1089 1903 1122 1939 ci
1146 1904 1154 1911 “
1170 1903 1252 1939 ibus

160 1949 258 1994 apud
283 1949 454 1994 originem
477 1949 534 1984 avi
558 1959 700 1994 quoque
730 1948 1148 1994 naturalis-respondere
1172 1948 1252 1984 divo

160 1994 226 2030 Pio
261 1994 415 2039 placuit,
452 1995 612 2039 quamvis
643 1995 681 2029 iu
715 1994 785 2030 isto
821 1994 960 2030 fraudis
992 2004 1059 2029 nec
1094 1993 1252 2038 suspicio

160 2039 213 2075 -10'
252 2039 395 2085 quidem
418 2040 657 2075 interveniret.
705 2039 819 2075 Error
842 2040 928 2082 eius,
954 2039 1016 2084 qui
1039 2049 1078 2075 se
1102 2038 1251 2074 munici-

159 2094 242 2131 pem
265 2089 330 2120 aut
353 2085 520 2120 colonum
549 2085 754 2120 existimans
785 2094 934 2120 munera
964 2084 1081 2120 civilia
1105 2094 1251 2136 suscep-

160 2135 282 2166 turum
326 2130 508 2176 promisit,
553 2129 796 2165 defensionem
835 2129 923 2165 iuris
966 2140 1039 2165 non
1080 2129 1250 2165 excludit.

164 2179 217 2210 11-
252 2174 371 2211 Patris
397 2175 614 2211 domicilium
643 2174 756 2210 filium
787 2174 939 2211 aliorum
962 2174 1117 2210 incolam
1141 2173 1252 2210 civili-

160 2220 230 2257 bus
251 2220 461 2256 muneribus
490 2220 630 2256 alienae
661 2219 815 2255 civitatis
838 2231 911 2256 non
935 2219 1140 2264 adstringit,
1171 2229 1253 2254 cum

159 2266 198 2301 in
219 2266 333 2311 patris
381 2276 500 2311 uoque
523 2275 679 2311 persona
712 2265 880 2301 domicilii
911 2264 1004 2300 ratio
1035 2264 1254 2310 temporaria

164 2313 206 2346 12
243 2311 311 2346 sit.
333 2311 336 2314 '
379 2322 403 2346 n
427 2310 699 2356 quaestionibus
723 2310 926 2346 nominatos
951 2309 1159 2356 capitalium
1184 2309 1252 2345 cri-

161 2355 296 2391 minum
324 2356 372 2391 ad
402 2366 512 2391 novos
541 2356 696 2392 honores
731 2358 816 2391 ante
845 2365 992 2391 causam
1022 2354 1159 2390 finitam
1188 2354 1251 2390 ad-

160 2401 253 2437 mitti
284 2411 356 2437 non
389 2404 546 2446 oportet:
580 2404 738 2437 ceterum
761 2400 950 2446 pristinam
973 2401 1115 2436 interim
1139 2399 1252 2445 digni-

164 2448 205 2482 13
252 2449 364 2482 tatem
388 2447 552 2482 retinent.
601 2446 687 2482 Sola
718 2446 844 2482 domus
868 2446 1069 2499 possessio,
1099 2455 1192 2490 quae
1214 2445 1253 2480 in

161 2491 278 2527 aliena
318 2492 460 2527 civitate
498 2495 746 2537 comparatur,
787 2491 1003 2527 domicilium
1041 2501 1114 2527 non
1153 2490 1250 2526 facit.

164 2540 205 2572 14
250 2536 435 2572 Nominati
458 2537 677 2573 successoris
700 2537 900 2590 periculum
917 2536 1163 2572 fideiussorem
1187 2546 1251 2572 no-

163 2585 204 2617 15
251 2581 421 2617 minantis
434 2593 507 2618 non
526 2586 635 2618 tenet.
666 2582 925 2625 Fideiussores‚
947 2582 1008 2626 qui
1025 2581 1159 2617 salvam
1179 2591 1253 2617 reni

159 2627 344 2674 publicam
368 2627 446 2663 fore
469 2627 732 2672 responderunt
742 2628 765 2670 ⁴,
789 2631 826 2663 et
844 2626 905 2672 qui
929 2627 1160 2672 magistratus
1187 2637 1251 2662 suo

161 2673 322 2718 periculo
347 2673 533 2708 nominant
549 2672 761 2718 poenalibus
781 2672 984 2708 actionibus
1006 2682 1078 2707 non
1098 2671 1251 2707 adstrin-

160 2722 304 2762 guntur,
328 2718 366 2753 in
389 2728 478 2763 quas
502 2718 706 2753 inciderunt
728 2718 785 2761 hi,
834 2727 875 2753 ro
899 2717 1029 2763 quibus
1053 2717 1251 2752 intervene-

160 2766 264 2798 runt:
297 2773 357 2799 eos
382 2763 475 2798 enim
500 2763 668 2798 damnum
690 2763 742 2798 rei
764 2729 932 2809 publicae
955 2766 1142 2808 praestare
1163 2762 1252 2798 satis

161 2812 217 2844 est
265 2808 337 2843 uod
359 2808 518 2853 promitti
541 2808 679 2844 videtur
687 2810 712 2843 ⁵.

211 2818 262 2891 1ss
287 2852 446 2888 PAULvs
469 2853 558 2889 libro
577 2854 700 2899 primo
722 2854 971 2898 quaestionum
1007 2852 1121 2888 Divus
1145 2851 1251 2888 Seve-

161 2909 224 2934 rus
254 2898 439 2943 rescripsit
475 2898 665 2933 intervalla
702 2901 904 2943 temporum
932 2898 970 2933 in
1001 2897 1252 2934 continuandis

163 2943 356 2979 oneribus⁰
393 2943 530 2985 invitis,
573 2954 647 2978 non
685 2944 792 2978 etiam
829 2943 1030 2979 volentibus
1067 2953 1252 2989 concessa,

163 2988 247 3024 dum
270 2998 316 3024 ne
339 2988 418 3034 quis
443 2989 628 3024 continuet
650 2988 832 3023 honorem.

212 3031 262 3071 19
301 3033 505 3069 Scaevoia
551 3033 642 3069 libro
675 3035 795 3079 primo
834 3034 1086 3079 quaestionum
1149 3032 1253 3078 Quod

162 3080 277 3115 maior
298 3089 384 3124 pars
409 3078 531 3114 curiae
553 3078 682 3120 effecit,
706 3089 772 3123 pro
798 3088 839 3114 eo
863 3078 1029 3122 habetur,
1053 3088 1098 3114 ac
1121 3078 1153 3114 si
1177 3089 1253 3114 om·

162 3133 225 3159 nes
294 3124 396 3159 erint.

209 3134 351 3207 288ΡΑ
359 3178 403 3204 σι
411 3178 456 3205 vs
483 3168 574 3204 libro
603 3167 794 3204 vicensimo
830 3171 962 3213 quarto
1001 3169 1253 3215 quaestionum

165 3213 389 3250 Domicilium
420 3225 459 3250 re
490 3217 528 3250 et
555 3213 653 3249 facto
678 3212 910 3255 transfertur,
940 3223 1013 3249 non
1044 3213 1141 3250 nuda
1166 3224 1252 3250 con-

162 3259 370 3294 testatione:
395 3259 490 3295 sicut
511 3259 549 3294 in
572 3258 628 3294 his
652 3257 821 3303 exigitur,
847 3258 907 3303 qui
930 3262 1063 3304 negant
1084 3269 1124 3295 se
1146 3269 1254 3304 posse

163 3304 209 3340 ad
233 3314 383 3339 munera
406 3308 447 3339 ut
469 3304 606 3339 incolas
630 3303 762 3339 vocari.

209 3346 257 3386 21
287 3348 396 3384 Imm
419 3349 510 3385 libro
529 3350 651 3402 primo
674 3359 717 3384 re
761 3358 930 3383 onsorum
977 3348 1113 3384 Lucius
1137 3348 1253 3384 Titius

163 3405 244 3429 cum
268 3398 364 3430 esset
385 3394 423 3429 in
445 3398 558 3440 patris
582 3395 726 3440 potesta
769 3419 777 3435 ,
810 3402 833 3428 a
862 3393 1132 3437 magistratibus
1161 3393 1255 3429 inter

163 3443 302 3476 ceteros
332 3438 512 3475 frumento
544 3437 808 3484 comparando⁷
839 3437 950 3473 invito
980 3442 1084 3483 patre
1107 3442 1255 3475 curator

163 3555 203 3590 (1)
226 3553 255 3585 si
267 3553 296 3585 is
308 3553 536 3595 emancipetur
547 3551 600 3585 F²

164 3602 206 3635 (4)
233 3599 303 3631 fore
314 3597 565 3641 spoponderunt
576 3598 650 3631 edd.

164 3642 257 3674 ribus
269 3644 342 3676 edd.
435 3644 479 3684 (7)
503 3642 723 3686 comparendo
736 3641 770 3674 F
865 3644 910 3683 (8)
935 3650 1011 3675 eum
1023 3642 1058 3674 F

165 3688 226 3719 del.
245 3688 343 3720 Tam.
449 3689 509 3727 (io)
533 3704 578 3716 ε
595 3688 675 3721 Cod.
690 3688 742 3728 10,
755 3694 822 3728 ιι,ι
927 3687 984 3726 (ιι)
1007 3688 1057 3720 εἰσ
1072 3688 1141 3720 cod.
1157 3687 1249 3726 Iun..

164 3733 286 3776 posteri
300 3733 333 3765 F
397 3735 456 3773 (12)
480 3732 649 3775 rescripsit
660 3745 720 3766 scr.
737 3733 897 3772 (seniliter
911 3732 1086 3773 caucino.-
1109 3734 1151 3777 qs.
1169 3732 1246 3765 Cod.

692 3553 735 3594 (2)
760 3552 855 3595 pater
867 3552 901 3586 F

1242 105 1326 154 842

981 3553 1022 3590 (s)
1048 3551 1258 3594 relinquitF
1324 3554 1458 3594 ii,s¹,i

732 3599 776 3639 (ὁ)
800 3596 958 3631 videntur
971 3597 1007 3630 F
1075 3599 1119 3639 (e)
1144 3599 1249 3630 hono-
1319 3609 1384 3630 van
1402 3598 1443 3631 ds
1463 3597 1575 3631 Water

1147 3643 1193 3684 (ο)
1217 3644 1251 3675 et
1319 3643 1380 3684 (ιτ)
1403 3642 1516 3685 capita
1526 3643 1575 3676 nic
1586 3641 1724 3676 ordina.-
1747 3648 1775 3675 s.
1789 3649 1817 3676 s.
1831 3648 1858 3675 ⁴.
1872 3648 1890 3675 ο

1481 78 1502 83 2-
1509 79 1539 97 *x*

2003 122 2067 155 AD
2095 123 2403 156 uumcn’Amm

1321 232 1538 268 constitutus
1563 235 1633 268 est:
1659 232 1718 268 cui
1740 233 1793 269 rei
1816 232 1951 269 Lucius
1975 233 2092 270 Titius
2115 244 2231 281 neque
2253 246 2405 273 consen-

1321 276 1368 312 sit
1391 286 1507 322 neque
1528 277 1718 322 pecuniam
1749 278 1890 323 accepit
1918 288 2034 324 neque
2055 279 2093 315 in
2124 289 2204 316 eam
2226 281 2320 317 cavit
2343 284 2407 317 aut

1321 331 1361 358 se
1400 321 1750 367 comparationibus-
1767 333 1848 358 cum
1885 324 2014 360 ceteris
2050 324 2213 361 miscuit:
2249 329 2287 362 et
2350 330 2407 362 ost

1321 370 1471 420 mortem
1516 367 1629 413 patris
1669 367 1706 402 in
1757 368 1894 414 reliqua
1930 368 2146 414 collegarum
2188 370 2326 416 interpe
2396 371 2404 378 '

1322 422 1387 447 coe
1413 414 1451 446 it.
1506 412 1706 457 quaeritur,
1746 422 1793 448 an
1830 423 1876 449 ex
1907 424 1950 449 ea
1986 424 2098 450 causa
2135 416 2248 451 teneri
2281 416 2405 462 possit.

1320 456 1398 492 Pau
1414 467 1455 492 us
1478 456 1665 502 respondit
1685 467 1785 500 eum,
1818 459 1878 503 qui
1906 459 2103 495 iniunctum
2133 470 2262 496 munus
2286 470 2309 495 a
2332 470 2405 496 ma-

1320 501 1530 546 gistratibus
1561 502 1743 547 suscipere
1767 504 1985 548 supersedit,
2043 514 2123 541 osse
2154 506 2335 541 conveniri
2364 515 2406 541 eo

1322 547 1463 583 nomine
1492 551 1640 592 propter
1671 547 1837 583 damnum
1865 549 1917 584 rei
1952 549 2026 594 pub
2044 550 2138 594 'cae,
2174 550 2333 596 quamvis
2365 561 2407 586 eo

1321 595 1393 627 tem
1419 602 1501 635 ore,
1526 602 1597 638 quo
1621 597 1763 628 creatus
1787 597 1861 636 est,
1883 592 1922 629 in
1945 594 2063 631 aliena
2084 595 2194 631 fuerit
2216 599 2405 641 potestate.

1324 640 1338 672 1
1389 603 1524 673 {aulus
1547 636 1730 683 respondit
1749 648 1814 690 eos
1825 639 1849 680 ⁸,
1904 639 1942 674 ui
1989 650 2031 675 ro
2054 640 2135 676 aliis
2157 650 2231 676 non
2253 650 2299 676 ex
2321 649 2407 676 con-

1321 685 1460 736 tractu,
1496 681 1559 736 sed
1589 692 1633 718 ex
1662 682 1781 719 officio
1806 649 1905 736 quod
1932 694 1955 719 a
2016 684 2024 694 ⁸
2053 685 2062 694 ”
2083 685 2257 721 traverint
2280 695 2406 721 conve*

1321 730 1480 770 niuntur,
1504 738 1543 763 in
1561 726 1729 763 damnum
1747 731 1854 764 sortis
1874 728 2043 765 substitui
2062 730 2187 774 solere,
2210 741 2284 766 non
2301 730 2407 766 etiam

1322 775 1342 807 2
1389 772 1425 807 in
1449 782 1589 808 usuras.
1625 772 1723 808 Idem
1746 773 1929 819 respondit
1951 773 2101 811 heredes
2123 776 2238 821 patris
2261 779 2410 829 propter

1321 827 1471 871 munera
1493 817 1575 870 gilii,
1601 828 1693 863 quae
1716 822 1801 864 post
1823 823 1972 854 mortem
1994 820 2110 865 patris
2133 824 2307 866 suscepit,
2330 830 2410 856 iure

1322 872 1503 898 conveniri
1526 873 1599 899 non
1621 873 1740 908 posse.
1775 863 1845 900 hoc
1869 874 2081 910 responsum
2099 868 2136 901 et
2157 865 2205 901 ad
2223 875 2305 902 eum
2327 876 2409 912 per-

1322 908 1422 950 tinet,
1448 908 1509 953 qui
1532 918 1555 943 a
1577 912 1682 953 patre
1705 908 1850 945 decurio
1874 908 1994 945 factus
2016 913 2101 955 post
2123 914 2271 946 mortem
2294 911 2409 957 patris

1323 956 1342 988 3
1390 963 1538 989 munera
1567 953 1737 998 suscepit.
1790 953 1888 990 Idem
1918 954 2103 1000 respondit
2133 966 2230 997 eum,
2263 955 2326 1001 qui
2348 955 2409 991 de·

1323 998 1504 1034 curionem
1527 997 1731 1043 adoptavit,
1764 1009 1875 1034 onera
1904 999 2157 1036 decurionatus
2187 1000 2264 1037 eius
2287 1010 2410 1037 susce·

1322 1043 1558 1124 imagi?
1583 1043 2410 1136 ῗὲῖῗέιέεέὃὛᾰθέὠὲέρέζὲῗῖἳῗωέξὲ

1321 1134 1546 1170 matrimonio
1577 1133 1695 1169 dotem
1726 1134 1765 1169 in
1795 1134 1899 1171 bonis
1923 1135 2043 1171 mariti
2066 1145 2162 1172 esse:
2200 1135 2265 1172 sed
2288 1136 2349 1172 et·
2377 1136 2409 1172 si

1322 1179 1369 1214 ad
1405 1189 1554 1215 munera
1591 1179 1820 1224 municipalia
1849 1190 1872 1216 a
1909 1185 2008 1217 certo
2039 1181 2146 1217 modo
2185 1180 2411 1218 substantiae

1322 1228 1342 1259 5
1390 1228 1579 1267 vocentur,
1619 1224 1739 1259 dotem
1775 1235 1848 1260 non
1887 1225 2018 1262 debere
2054 1226 2265 1272 computari.
2311 1225 2412 1262 Idem

1322 1269 1524 1315 respondit,
1557 1269 1588 1305 si
1619 1279 1686 1315 per
1715 1273 1962 1306 accusatorem
1994 1271 2180 1307 criminum
2204 1270 2411 1317 capitalium

1321 1325 1395 1350 non
1418 1315 1587 1357 stetisset,
1612 1325 1682 1360 quo
1706 1314 1823 1351 minus
1848 1316 1982 1351 crimen
2004 1316 2101 1352 intra
2122 1320 2299 1353 statutum
2321 1320 2410 1353 tem-

1322 1370 1389 1405 pus
1419 1363 1713 1405 persequeretur,
1750 1370 1851 1396 reum
1881 1371 1954 1397 non
1985 1360 2152 1398 debuisse
2180 1361 2298 1398 medio
2320 1364 2411 1398 tem·

1323 1409 1343 1441 6
1390 1415 1477 1451 pore
1500 1406 1671 1441 honorem
1696 1415 1743 1451 ap
1771 1409 1876 1441 etere.
1925 1405 2174 1452 ‘Imperatores
2199 1406 2351 1443 Severus
2374 1409 2411 1443 et

1323 1450 1537 1486 ‘Antoninus
1561 1451 1715 1495 Augusti
1738 1417 1909 1496 Septimio
1932 1451 2071 1487 Zenoni
2083 1453 2120 1487 ¹⁰.
2173 1452 2245 1488 Pro
2274 1452 2410 1494 infant«

1322 1495 1419 1538 ιίὶΙίο,
1442 1506 1546 1540 quem
1559 1495 1787 1531 decurionem
1806 1506 1886 1532 esse
1901 1496 2056 1540 voluisti,
2077 1507 2293 1543 quamquam
2303 1497 2411 1533 fidem

1322 1544 1434 1576 ‘tuam
1452 1541 1490 1576 in
1507 1544 1691 1587 posterum
1702 1542 1729 1563 ¹¹
1754 1541 1996 1584 adstrinxeris,
2015 1545 2137 1579 tamen
2148 1542 2290 1578 interim
2301 1552 2412 1579 onera

1323 1586 1509 1622 ‘sustinere
1539 1596 1614 1621 non
1646 1586 1799 1631 cogeris,
1836 1597 1918 1622 cum
1953 1586 1999 1622 ad
2029 1597 2089 1631 ea,
2127 1598 2219 1641 quae
2249 1587 2412 1623 mandari

1323 1634 1340 1665 7
1391 1633 1576 1676 ‘possunt,
1600 1631 1819 1667 voluntatem
1842 1631 1985 1668 dedisse
2007 1632 2185 1669 videaris'.
2234 1632 2333 1669 Idem
2353 1642 2410 1668 re-

1322 1676 1467 1722 spondit
1479 1677 1517 1720 ¹2,
1556 1675 1588 1712 si
1619 1676 1743 1712 civitas
1772 1676 1908 1712 nullam
1946 1678 2129 1723 propriam
2157 1678 2271 1723 legem
2301 1677 2412 1715 habes

1322 1721 1366 1756 de
1389 1721 1650 1757 adiectionibus
1674 1721 1919 1765 admittendis,
1944 1733 2018 1758 non
2039 1733 2148 1768 pesse
2170 1723 2291 1759 recedi
2313 1733 2336 1758 a
2357 1723 2411 1759 lo·

1322 1766 1464 1802 catione
1494 1767 1549 1802 vel
1581 1766 1784 1802 venditione
1819 1767 2047 1813 praediorum
2082 1768 2311 1814 publicorum
2339 1768 2412 1804 iam

1320 1812 1500 1858 perfecta:
1533 1816 1698 1857 tempora
1719 1812 1814 1848 enim
1837 1812 2097 1850 adiectionibus
2126 1813 2344 1859 praestituta
2365 1812 2413 1849 ad

1322 1866 1451 1893 causas
1473 1856 1552 1893 fisci
1575 1857 1765 1903 pertinent.

1368 1900 1422 1939 22
1451 1901 1559 1937 IDEM
1595 1902 1687 1938 libro
1717 1902 1842 1949 primo
1873 1903 2131 1939 sententiarum
2188 1903 2271 1939 Filii
2304 1903 2411 1940 liber-

1320 1951 1458 1990 torum,
1494 1947 1771 1999 libertarumque
1784 1948 1812 1969 ¹³
1846 1947 1982 1991 liberti,
2024 1949 2166 2002 paterni
2200 1953 2236 1985 et
2269 1948 2412 1995 patroni

1321 1992 1592 2028 manumissoris
1633 1992 1849 2028 domicilium
1883 1997 1949 2028 aut
1987 2004 2008 2029 o
2066 1994 2074 2002 ‘
2102 2004 2158 2030 em
2201 1998 2411 2048 sequuntur.

1325 2042 1339 2073 1
1388 2037 1508 2074 Vidua
1529 2037 1658 2073 mulier
1681 2038 1802 2073 amissi
1821 2038 1941 2073 mariti
1963 2037 2179 2075 domicilium
2202 2042 2332 2076 retinet
2349 2049 2411 2075 ex·

1321 2083 1438 2129 emplo
1463 2082 1682 2119 clarissimae
1703 2093 1880 2128 personae
1929 2093 1968 2119 er
1990 2085 2158 2120 maritum
2182 2084 2320 2120 factae:
2349 2084 2413 2121 sed

1321 2132 1512 2173 utrumque
1539 2128 1619 2164 aliis
1657 2127 1907 2164 intervenienti
1932 2139 1976 2164 us
2010 2141 2059 2165 nu
2086 2130 2146 2166 tiis
2177 2133 2411 2176 permutatur.

1323 2176 1342 2208 2
1389 2173 1594 2219 Municipes
1617 2177 1703 2209 sunt
1724 2173 1844 2209 liberti
1867 2178 1904 2209 et
1925 2174 1963 2210 in
1986 2185 2029 2211 eo
2053 2141 2146 2218 iiico,
2170 2175 2232 2211 ubi
2253 2175 2324 2221 ipsi
2347 2175 2411 2211 do·

1321 2218 1490 2254 micilium
1522 2228 1590 2254 sua
1618 2219 1803 2255 voluntate
1841 2219 2002 2255 tulerunt
2012 2220 2050 2264 ¹⁴,
2090 2230 2157 2256 nec
2191 2219 2337 2265 aliquod
2367 2230 2413 2256 ex

1320 2264 1392 2300 hoc
1415 2263 1543 2309 origini
1565 2264 1709 2309 patroni
1732 2264 1872 2300 faciunt
1893 2265 2152 2310 praeiudicium
2176 2269 2212 2301 et
2221 2266 2249 2288 ¹⁸
2271 2265 2411 2302 utrubi-

1322 2312 1342 2344 3
1390 2320 1460 2354 que
1482 2309 1689 2345 muneribus
1702 2309 1731 2331 ¹⁶
1760 2309 2042 2355 adstringuntur.
2091 2310 2283 2356 Relegatus
2306 2310 2345 2346 in
2367 2320 2410 2346 eo

1320 2354 1412 2398 loco,
1436 2354 1473 2389 in
1498 2363 1602 2398 quem
1624 2354 1804 2400 relegatus
1828 2358 1895 2396 est,
1918 2355 2058 2391 interim
2081 2356 2324 2392 necessarium
2347 2355 2412 2391 do·

1321 2402 1343 2434 4
1388 2399 1558 2434 micilium
1580 2399 1743 2435 habet¹⁷.
1791 2399 1945 2436 Senator
1977 2400 2103 2437 ordine
2124 2404 2244 2437 motus
2268 2400 2315 2437 ad
2339 2400 2410 2438 ori·

1319 2443 1473 2489 ginalem
1507 2444 1680 2496 patriam,
1716 2444 1786 2480 nisi
1819 2444 1890 2480 hoc
1925 2446 2127 2490 specialiter
2156 2446 2409 2500 impetraverit,

1323 2493 1342 2525 5
1390 2500 1464 2525 non
1485 2493 1697 2525 restituitur.
1739 2489 1932 2526 Senatores
1954 2494 1992 2526 et
2015 2501 2138 2527 eorum
2160 2490 2226 2526 filii
2247 2491 2412 2536 filiaeque

1322 2545 1466 2580 quoquo
1491 2538 1651 2580 tempore
1674 2534 1752 2570 nati
1773 2538 1941 2577 nataeve,
1964 2535 2121 2582 itemque
2141 2541 2303 2582 nepotes,
2326 2546 2410 2582 pro-

1320 2584 1473 2661 iepflssi
1502 2580 2410 2672 ffusgssffissffisszffiifl‘aigiiifflmffi

1321 2674 1436 2715 tores,
1473 2670 1534 2715 qui
1567 2670 1720 2706 liberum
1755 2674 2011 2714 commeatum,
2047 2671 2084 2707 id
2117 2675 2174 2708 est
2206 2671 2269 2708 ubi
2301 2671 2412 2708 velint

1321 2715 1486 2751 morandi
1505 2715 1694 2751 arbitrium
1713 2715 2004 2761 impetraverunt,
2028 2716 2246 2753 domicilium
2263 2716 2303 2753 in
2320 2717 2411 2753 urbe

1322 2764 1340 2795 7
1389 2760 1553 2797 retinent.
1602 2760 1671 2804 Qui
1705 2760 1833 2797 faenus
1870 2765 2056 2806 exercent,
2095 2762 2260 2799 omnibus
2346 2761 2412 2797 tri-

1320 2806 1431 2842 monii
1452 2805 1747 2842 intributionibus
1771 2805 1873 2852 fungi
1896 2806 2038 2851 debent,
2062 2807 2129 2844 etsi
2147 2817 2273 2854 posses
2329 2816 2410 2843 nem

1321 2851 1793 2950 nogsshailbgffiooumaqu
1814 2896 1905 2933 libro
1918 2897 2044 2943 primo
2063 2898 2156 2933 iuris
2172 2897 2410 2944 epitomarum

1321 2941 1511 2987 Mumceps
1549 2951 1630 2978 esse
1667 2941 1797 2978 desinit
1828 2942 2047 2978 senatoriam
2077 2942 2228 2988 adeptus
2355 2946 2410 2978 ta-

1321 2991 1405 3030 tem,
1435 2987 1462 3008 ¹⁹
1470 2991 1643 3041 quantum
1666 2986 1714 3022 ad
1736 2997 1903 3023 munera:
1929 2990 2103 3033 quantum
2125 2997 2209 3024 vero
2229 2986 2276 3023 ad
2321 2997 2410 3023 ono·

1321 3043 1407 3075 rem,
1431 3036 1585 3068 retinere
1609 3031 1766 3068 creditur
1789 3032 1972 3085 originem.
2020 3032 2173 3086 denique
2201 3032 2410 3068 manumissi

1322 3078 1368 3113 ab
1393 3088 1435 3114 eo
1460 3077 1537 3113 eius
1559 3077 1744 3123 municipii
1768 3077 1974 3113 efficiuntur
1991 3078 2198 3124 municipes,
2221 3077 2317 3113 unde
2336 3077 2407 3114 ori-

1326 3127 1340 3158 1
1388 3123 1505 3168 ginem
1536 3122 1658 3157 trahit.
1707 3122 1813 3158 Miles
1842 3122 1894 3159 ibi
1917 3122 2134 3159 domicilium
2155 3122 2289 3159 habere
2312 3121 2409 3159 vide-

1321 3172 1393 3211 tur,
1418 3168 1482 3203 ubi
1503 3171 1627 3209 meret,
1652 3167 1682 3202 si
1706 3168 1795 3203 nihil
1817 3168 1856 3203 in
1877 3167 1999 3213 patria
2047 3167 2214 3204 ossideat.

1368 3211 1423 3250 24
1447 3211 1651 3249 Seuerou
1683 3212 1774 3248 libro
1806 3212 1964 3249 secundo
2021 3216 2215 3260 eyestorum
2267 3211 2408 3249 Consti-

1322 3257 1521 3294 tutionibus
1543 3256 1747 3303 principum
1771 3258 1992 3303 continetur,
2024 3262 2065 3294 ut
2092 3257 2285 3304 pecuniae,
2316 3266 2409 3304 quae

1323 3313 1367 3338 ex
1398 3301 1608 3339 detrimento
1638 3302 1806 3347 solvitur,
1838 3312 1971 3339 usurae
1997 3313 2070 3339 non
2118 3306 2339 3338 raestentur:
2372 3305 2410 3338 et

1321 3348 1374 3384 ita
1396 3349 1628 3393 imperatores
1653 3348 1856 3384 Antoninus
1880 3351 1917 3384 et
1938 3347 2054 3384 Verus
2112 3348 2233 3393 ugusti
2253 3347 2406 3392 rescrip-

1322 3396 1446 3429 serunt
1468 3392 1524 3428 his
1548 3392 1683 3428 verbis:
1717 3392 1931 3428 ‘Humanum
1961 3397 2017 3429 est
2037 3392 2255 3438 reliquorum
2277 3402 2407 3428 usuras

1322 3442 1448 3485 ‘neque
1471 3437 1517 3473 ab
1540 3437 1637 3484 ipso,
1667 3438 1728 3484 qui
1756 3448 1802 3474 ex
1825 3437 2132 3475 administratione
2154 3437 2302 3474 honoris
2324 3437 2407 3474 reli·

1530 3552 1588 3594 (18)
1613 3550 1877 3593 libertorumque
1891 3550 2041 3597 Saviqny
2108 3553 2166 3592 (u)
2191 3550 2408 3585 contulerunt

1675 3598 1734 3639 (¹5)
1757 3596 1815 3630 sed
1833 3596 1987 3642 Kmsycr
2089 3600 2149 3638 (w)
2173 3596 2358 3640 puneribus
2376 3596 2411 3629 F

1982 3643 2045 3683 (ιε)
2070 3642 2215 3684 itemque
2226 3644 2361 3686 nepote·
2372 3642 2406 3675 et

1318 3689 1434 3730 neptes
1445 3699 1506 3720 scr.
1601 3689 1660 3727 (1⁹)
1685 3687 1747 3719 hoo
1758 3688 1868 3719 autem
1881 3687 1942 3720 i‘m.
1959 3687 2011 3719 F’
2076 3728 2079 3730 ,

2519 1467 2528 1567 i

2518 1571 2528 1690 ἒ

2523 1815 2528 1862 Ξ

2523 2018 2528 2103 ἐ
