2528 3918
107 157 163 189 m*
189 156 237 187 IN
265 154 461 187 POSSESS.
491 153 715 186 LEGATOR.

127 265 272 302 uaesiit:
313 264 533 301 testati-icem
563 263 660 310 apud
691 263 858 299 maritum
888 273 1011 306 suum,
1048 273 1092 300 ex
1116 273 1186 308 quo

103 279 212 347 alium
231 310 435 363 reliquerat,
460 320 518 345 res
542 308 750 354 deposuisse
772 319 845 344 non
868 312 996 344 exacta
1020 308 1187 344 cautione

103 356 351 402 depositioms:
386 366 433 391 an
456 365 499 391 ea
521 364 579 390 res
595 354 698 400 ‘patri
720 352 844 390 heredi
866 354 1008 390 restitui
1032 354 1187 389 debeat?

102 413 149 438 an
171 411 254 437 vero
303 401 448 437 uoniam
472 400 745 436 emolumentum
767 399 879 435 totius
901 399 1109 435 hereditatis
1141 398 1188 434 ad

101 447 212 482 filium
242 446 286 482 de
304 449 432 481 unctae
465 445 595 481 reverti
624 444 790 487 deberet,
822 454 844 479 a
870 443 919 479 ud
939 445 1107 480 maritum
1130 454 1186 480 re-

100 495 271 536 maneret,
295 491 392 536 apud
408 500 512 536 quem
526 489 591 526 dos
606 490 838 525 remansisset
882 489 1077 535 respondit,
1091 489 1187 535 quod

101 537 257 573 mulieris
286 536 474 572 mansisset
501 545 570 571 nec
592 535 632 570 in
655 535 739 570 dote
759 534 906 578 fuisset,
929 535 1187 570 restituendum

103 585 122 617 2
169 592 246 618 esse
275 581 408 617 heredi.
455 580 586 623 Tutor,
619 580 680 625 qui
709 583 746 615 et
778 581 926 616 coheres
948 580 1076 626 pupilli
1098 584 1186 622 erat,

102 628 250 663 absente
265 626 412 680 pupillo,
430 637 512 662 cum
525 625 789 661 admonuerunt
805 635 887 661 eum
899 625 1072 670 legatarii,
1086 624 1187 661 fidei-

102 673 280 708 commissi
311 671 453 707 nomine
481 671 520 706 in
550 670 702 707 solidum
733 670 811 716 ipse
835 670 939 707 cavit.
987 670 1187 716 quaesitum

100 721 172 760 est,
198 728 245 754 an
266 718 305 753 in
335 728 384 762 pu
410 717 510 752 illum
533 715 695 751 adultum
718 715 855 751 factum
879 715 997 752 danda
1020 716 1067 751 sit
1089 715 1186 751 utilis

102 763 208 799 actio.
255 773 388 808 respon
415 762 442 797 ‘t
463 761 631 798 dandam.

588 898 704 939 [ΠΡ.

101 967 159 1001 ΠΤ
183 967 234 1000 IN
257 966 592 1000 POSSESSIONEM
615 964 899 999 LEGATORUM
925 964 1018 998 VEL
1042 965 1189 998 FIDEI-

153 1011 478 1045 COMMISSORUM
501 1009 842 1089 SEssffifflORUM
865 1009 1011 1043 CAUSA
1033 1010 1143 1043 ESSE

149 1122 169 1161 1
183 1124 199 1145 ²
241 1122 434 1159 mmm
470 1121 560 1158 libro
593 1121 917 1169 quinquaqensimo
948 1121 1106 1158 secundo
1141 1120 1192 1157 ad

100 1169 255 1205 edictum
301 1168 339 1204 Si
369 1168 465 1214 quis,
499 1178 580 1203 cum
602 1168 732 1203 vetitus
765 1170 859 1203 esset
892 1167 979 1202 satis
1013 1167 1089 1202 acci
1117 1177 1188 1210 ere,

100 1224 187 1251 acce
214 1214 297 1256 erit,
330 1223 377 1248 an
399 1213 513 1258 repeti
537 1213 722 1249 satisdatio
746 1212 841 1248 ista³
863 1212 996 1264 possit,
1021 1216 1062 1247 ut
1111 1222 1188 1248 eres

101 1271 169 1296 con
195 1261 268 1295 icat
298 1259 569 1294 liberationem?
606 1262 642 1294 et
674 1258 815 1303 quidem
849 1258 903 1293 s1⁴
934 1257 1050 1293 sciens
1085 1257 1187 1292 heres

101 1305 299 1341 indebitum
332 1304 443 1346 cavit,
474 1307 635 1349 repetere
664 1314 737 1339 non
759 1306 890 1348 potest.
939 1302 1024 1348 quid
1049 1302 1186 1345 deinde,

101 1351 131 1386 si
148 1349 326 1395 ignoravit
342 1349 527 1385 remissam
550 1349 619 1384 sibi
642 1348 936 1384 satisdationem?
959 1351 1081 1393 potest
1103 1358 1186 1383 con—

100 1395 230 1431 dicere.
278 1395 308 1430 si
338 1405 421 1430 vero
451 1394 521 1429 hoc
552 1405 626 1429 non
648 1393 808 1439 potuisse
830 1393 963 1429 remitti
987 1392 1186 1435 crediderit,

101 1440 272 1486 numquid
304 1439 492 1475 condicere
526 1440 642 1484 possit
673 1439 733 1484 qui
763 1438 819 1474 ius
842 1438 1044 1484 ignoravit?
1069 1438 1186 1474 adhuc

100 1490 220 1521 tamen
234 1484 382 1530 benigne
398 1484 477 1538 quis
494 1484 622 1519 dixerit
633 1483 903 1520 satisdationem
916 1484 1056 1519 condici
1068 1494 1185 1529 posse.

101 1531 186 1577 quid
217 1530 360 1573 deinde,
393 1541 425 1566 sr
457 1530 646 1566 commissa
669 1530 716 1565 sit
738 1529 933 1574 stipulatio,
957 1528 1186 1565 fideiussores

99 1580 266 1622 putamus
291 1575 499 1621 exceptione
522 1575 576 1610 uti
598 1585 705 1620 posse
728 1585 775 1609 an
799 1575 896 1610 non?
927 1578 963 1610 et
985 1575 1098 1620 magis
1123 1580 1186 1615 est,

99 1626 140 1657 ut
170 1624 318 1657 utantur
350 1621 578 1666 exceptione,
611 1620 694 1665 quia
717 1630 762 1655 ex
783 1630 827 1655 ea
852 1630 963 1655 causa
985 1620 1189 1656 intercessit

103 1672 118 1702 1
166 1666 365 1709 satisdatio,
392 1677 435 1701 ex
451 1676 522 1711 qua
536 1676 609 1701 non
625 1665 758 1701 debuit.
793 1665 877 1701 Non
900 1665 956 1701 exi
981 1665 1007 1700 ‘t
1029 1669 1186 1711 praetor,

100 1716 141 1747 ut
156 1723 220 1758 per
233 1712 400 1747 heredem
414 1715 495 1754 stet,
521 1722 590 1756 quo
611 1711 727 1746 minus
752 1714 887 1753 caveat,
912 1720 951 1746 se
999 1714 1187 1747 contentus

99 1758 167 1793 fuit
190 1767 255 1803 per
277 1757 486 1803 legatarium
509 1757 563 1791 vel
586 1751 951 1792 fideiconhnissarium
975 1766 1047 1792 non
1078 1759 1187 1798 stare,

100 1814 169 1848 quo
194 1803 310 1838 minus
335 1802 367 1838 ei
391 1805 571 1837 caveatur.
618 1812 729 1847 quare
753 1801 784 1837 si
807 1812 881 1837 non
902 1801 1020 1845 fuerit,
1046 1802 1108 1847 qui
1133 1802 1186 1837 in-

99 1848 307 1894 terpelletur
324 1847 500 1883 cautionis
522 1847 675 1891 nomine,
699 1847 769 1882 hoc
793 1848 872 1882 est⁵
894 1846 925 1882 is
949 1856 972 1882 a
1018 1857 1066 1883 uo
1089 1847 1187 1892 lega-

100 1899 175 1929 tum
189 1893 316 1929 fideive
330 1893 557 1929 commissum
573 1892 735 1927 relictum
753 1896 818 1934 est,
838 1858 1039 1928 omnimodo
1056 1893 1190 1938 poterit

99 1939 291 1984 legatarius
324 1942 360 1974 et
391 1937 741 1973 fideicommissarius
772 1938 810 1972 in
844 1937 1111 1984 possessionem
1145 1949 1189 1973 ex

102 1985 170 2020 hoc
188 1984 305 2020 edicto
330 1983 433 2025 mitti,
458 1983 542 2028 quia
560 1993 682 2018 verum
705 1986 761 2019 est
782 1993 848 2028 per
871 1993 963 2026 eum,
990 1983 1048 2018 cui
1072 1983 1189 2018 caveri

99 2029 290 2076 oportebit,
314 2039 387 2064 non
411 2028 498 2071 fieri,
547 2039 592 2063 uo
617 2029 735 2064 minus
760 2031 940 2064 caveatur.
980 2039 1052 2064 non
1068 2031 1190 2064 tamen

99 2080 135 2111 ct
158 2074 345 2110 satisdatio
370 2073 475 2110 debet
498 2084 519 2109 o
549 2074 618 2109 erri
641 2074 827 2118 legatario,
851 2073 915 2109 sed
939 2073 1090 2118 sufficit,
1116 2074 1189 2110 sive

99 2120 311 2157 desideravit
334 2120 394 2155 et⁶
416 2130 490 2155 non
513 2122 678 2161 cavetur,
703 2119 775 2154 sive
798 2129 871 2154 non
894 2119 1044 2162 habeat,
1070 2130 1093 2154 a
1117 2130 1187 2164 quo

100 2169 119 2201 2
166 2165 255 2201 satis
285 2164 470 2200 desideret.
526 2163 564 2200 Si
595 2164 747 2200 debitori
776 2164 940 2200 liberatio
972 2165 1020 2200 sit
1048 2164 1187 2208 relicta,

98 2222 172 2247 non
185 2214 241 2247 est
254 2210 426 2255 exigenda
446 2210 576 2252 cautio,
591 2210 675 2255 quia
688 2210 797 2245 habet
813 2220 923 2255 penes
948 2220 987 2245 se
1009 2210 1186 2255 legatum:

100 2257 241 2302 quippe,
266 2256 298 2292 si
322 2255 564 2298 conveniatur,
589 2255 798 2300 exceptione
823 2255 895 2290 doli
919 2255 1004 2290 mali
1026 2256 1079 2290 uti
1103 2266 1186 2300 pos-

100 2306 119 2337 3
167 2302 235 2337 sit⁷
259 2301 291 2336 ei
323 2301 381 2336 cui
411 2301 567 2346 legatum
599 2300 779 2335 solutum⁸
811 2304 877 2336 est.
927 2300 1016 2335 Cum
1049 2304 1188 2337 constet

98 2347 252 2392 legatum
275 2357 347 2382 non
372 2346 503 2387 deberi,
533 2346 632 2381 divus
657 2346 742 2381 Pius
767 2345 814 2381 ad
832 2346 1023 2381 Aemilium
1046 2346 1187 2392 Eques-

99 2396 188 2427 trem
220 2392 404 2437 rescripsit
434 2402 506 2427 non
536 2391 665 2427 debere
718 2394 895 2427 raetorem
919 2391 1188 2427 satisdationem

101 2442 120 2472 4
168 2437 364 2472 admittere.
413 2437 516 2472 Tunc
546 2439 630 2472 ante
659 2446 680 2471 a
709 2436 793 2472 'tam
824 2437 1058 2472 hereditatem
1082 2437 1186 2472 satis-

100 2483 256 2518 dandum
288 2482 332 2517 de
362 2482 487 2527 legatis
518 2485 590 2524 est,
625 2492 705 2517 cum
729 2482 848 2517 adhuc
872 2482 1019 2518 dubium
1043 2486 1115 2524 est,
1141 2493 1186 2518 an

98 2528 277 2564 hereditas
294 2527 454 2563 adeatur.
492 2531 649 2563 ceterum
665 2527 695 2562 si
710 2530 845 2562 certum
870 2528 941 2563 sit⁹
963 2527 1188 2573 repudiatam

98 2574 154 2609 vel
183 2574 349 2609 omissam
379 2572 613 2608 hereditatem
635 2572 691 2608 vel
715 2573 900 2608 abstentos
914 2574 941 2594 ¹⁰
963 2574 1187 2609 necessarios

98 2618 259 2662 heredes,
282 2618 419 2654 frustra
432 2618 501 2654 hoc
517 2617 672 2653 edictum
696 2617 918 2662 imploratur,
945 2629 1026 2653 cum
1050 2622 1187 2654 certum

99 2665 145 2699 sit
168 2664 201 2699 le
225 2668 324 2699 atum
347 2663 403 2699 vel
426 2662 737 2699 fideicommissum
760 2673 833 2698 non
858 2662 980 2699 deberi
993 2665 1032 2698 ¹¹.

145 2707 170 2746 2
217 2719 302 2744 DEM
322 2709 413 2745 libro
437 2709 728 2755 septuaqensimo
752 2719 848 2744 nono
872 2708 922 2743 ad
943 2709 1099 2744 edictum
1146 2709 1185 2744 Si

99 2758 218 2790 autem
232 2758 367 2790 certum
385 2754 432 2789 sit
448 2753 683 2790 hereditatem
695 2754 723 2774 ¹²
746 2753 899 2788 necdum
913 2753 1046 2788 aditam
1063 2753 1186 2798 fuisse,

100 2811 166 2835 nec
190 2799 375 2835 satisdatio
399 2809 466 2835 nec
489 2799 668 2844 possessio
691 2798 810 2834 locum
833 2798 955 2834 habet.

146 2843 170 2883 3
195 2844 302 2881 IDEM
314 2845 405 2881 libro
430 2844 755 2890 quinquaqensimo
779 2844 936 2879 secundo
960 2844 1010 2879 ad
1032 2844 1186 2879 edictum

100 2890 138 2926 Si
152 2891 195 2932 is,
219 2900 243 2925 a
266 2900 335 2935 quo
351 2890 438 2926 satis
451 2890 595 2935 petitur,
621 2888 749 2925 offerat
764 2889 1001 2934 cognitionem
1017 2893 1053 2924 et
1073 2888 1184 2925 dicat:

100 2935 217 2972 ·h0die
237 2939 377 2971 constet
400 2934 444 2970 de
457 2935 484 2956 ¹³
506 2934 791 2978 fideicommisso,
815 2934 922 2969 hodie
937 2934 1107 2979 agamus’,
1133 2934 1185 2969 di-

100 2981 250 3016 cendum
267 2984 322 3016 est
338 2990 478 3016 cessare
495 2980 773 3024 satisdationem,
799 2990 879 3015 cum
902 2979 1018 3025 possit
1041 2984 1125 3014 ante
1142 2980 1185 3015 de

103 3029 118 3060 1
158 3025 429 3062 fideicommisso
445 3035 551 3070 quam
567 3025 612 3060 de
635 3025 866 3060 satisdatione
890 3029 1064 3060 constare.
1109 3024 1187 3060 Nec

100 3081 173 3106 non
202 3071 264 3106 illa
288 3070 442 3116 cognitio
467 3070 691 3116 imploranda
714 3070 780 3105 erit
803 3070 848 3105 ab
873 3070 1013 3112 herede,
1039 3070 1069 3105 si
1092 3069 1188 3106 forte

101 3115 240 3151 dicatur
256 3126 321 3168 per
335 3116 548 3151 calumniam
565 3115 652 3150 satis
672 3115 763 3160 peti:
789 3115 858 3150 hoc
883 3115 975 3150 enim
1000 3125 1188 3151 commune

102 3165 157 3196 est
179 3171 334 3196 ommum
357 3161 641 3197 satisdationum.
682 3160 782 3195 divus
806 3161 900 3196 enim
922 3160 1009 3196 Pius
1033 3160 1187 3206 rescrip-

102 3205 149 3241 sit
179 3216 259 3241 eum
290 3206 387 3251 apud
410 3216 515 3251 quem
537 3206 624 3241 satis
648 3205 799 3250 petitur,
834 3205 964 3241 debere
987 3205 1186 3251 explorare,

102 3261 186 3285 num
216 3261 281 3295 per
310 3251 522 3286 calumniam
554 3251 641 3286 satis
665 3254 825 3295 petatur:
863 3250 907 3286 de
932 3261 1002 3296 qua
1025 3261 1064 3286 re
1088 3261 1186 3286 sum-

102 3298 122 3329 2
169 3296 291 3330 matim
321 3295 427 3331 debet
451 3306 677 3342 cognoscere.
725 3295 764 3331 Si
786 3300 1000 3340 procurator
1023 3296 1110 3332 satis
1133 3297 1186 3332 le-

101 3343 265 3385 gatorum
294 3340 485 3384 desideret,
517 3342 548 3377 si
571 3341 712 3386 quidem
734 3340 942 3376 mandatum
966 3341 998 3376 ei
1022 3342 1087 3384 sit,
1112 3352 1187 3377 non

102 3384 249 3421 habebit
270 3395 415 3421 necesse
438 3386 482 3421 de
504 3390 583 3422 rato
608 3395 750 3428 cavere,
775 3385 840 3422 sed
862 3386 930 3421 erit
953 3386 985 3421 ei
1009 3386 1188 3422 satisdan-

103 3430 205 3465 dum:
231 3429 360 3466 sivero
377 3429 569 3474 dubitetur,
594 3441 641 3466 an
659 3430 866 3466 mandatum
890 3431 936 3466 sit
958 3431 1014 3467 vel
1037 3442 1110 3467 non
1128 3433 1187 3475 sit,

105 3478 124 3511 3
173 3475 217 3511 de
238 3478 317 3511 rato
336 3476 453 3510 cautio
471 3476 539 3511 erit
551 3476 733 3521 exigenda.
774 3475 813 3511 Si
828 3477 937 3511 semel
951 3475 1061 3512 fuerit
1077 3477 1186 3512 satis-

150 3589 190 3631 (1)
212 3589 278 3622 Ed.
291 3595 367 3622 1...3.
385 3596 412 3622 5.
429 3595 478 3627 13ς
504 3588 584 3622 Sab.
599 3597 627 3623 s.
642 3597 676 3628 ἰς
701 3590 786 3634 Pap.
801 3598 828 3624 4.
843 3597 947 3629 s...12;
971 3590 1060 3634 App.
1073 3598 1117 3624 14.
1131 3599 1184 3629 153

104 3635 337 3668 inc.1o.1·1.—
356 3634 440 3667 Bas.
455 3635 510 3675 44,
522 3641 569 3668 22.
581 3651 627 3658 ——
648 3635 698 3678 of
716 3635 792 3669 God.
807 3638 840 3677 6,
853 3642 889 3669 54
1003 3636 1047 3678 (2)
1072 3637 1119 3669 ad
1138 3641 1185 3676 §3

105 3680 148 3722 cfi
160 3679 206 3711 D.
220 3680 275 3720 36,
286 3686 315 3721 3,
326 3686 370 3720 14,
384 3686 396 3712 1
500 3679 542 3719 (3)
566 3679 615 3711 ita
627 3679 875 3714 Brencmannus

104 3724 147 3763 (5)
171 3722 262 3756 abest
273 3725 331 3757 ins.
345 3735 407 3757 sec.
424 3724 456 3756 Β
558 3723 604 3764 (6)
629 3723 661 3756 ei
673 3724 709 3757 17
801 3727 844 3764 (Ἴ)
870 3723 1054 3766 similisque
1064 3726 1109 3758 ait
1122 3728 1183 3760 ins.

106 3771 150 3806 (s)
173 3767 314 3800 solutam
327 3769 361 3801 F'
440 3771 485 3810 (9)
508 3767 583 3800 siF
665 3771 723 3810 (10)
749 3769 915 3801 obstentos
928 3770 962 3802 F
1047 3773 1102 3812 (ιι)
1130 3771 1185 3803 de-

1177 136 1257 184 541

2102 137 2288 180 XXXVI
2322 141 2344 178 4

1256 261 1391 304 datum,
1417 260 1618 307 quaesitum
1631 262 1697 302 est,
1722 270 1769 295 an
1794 260 1901 296 etiam
1924 271 2051 296 rursus
2076 260 2271 297 cavendum
2291 260 2347 302 sit,

1256 307 1285 343 si
1318 306 1413 342 forte
1444 307 1586 342 dicatur
1618 315 1748 350 egenos
1781 305 2008 341 fideiussores
2039 317 2118 342 esse
2148 306 2264 342 datos.
2314 310 2348 341 et

1255 352 1369 397 magis
1387 355 1451 394 est,
1477 354 1518 387 ut
1534 351 1650 386 caveri
1665 361 1739 385 non
1764 350 1909 386 debeat:
1936 351 2005 387 hoc
2030 352 2122 387 enim
2147 352 2247 387 divus
2262 351 2347 386 Pius

1255 396 1442 442 rescripsit
1457 396 1635 432 Pacuviae
1648 395 1874 431 Licinianae:
1899 396 2014 441 ipsam
2035 397 2126 432 enim
2145 397 2309 432 facilitati
2323 399 2347 417 ¹⁴

1256 452 1346 478 suae
1369 452 1565 488 expensum
1588 440 1684 477 ferre
1708 440 1848 483 debere,
1874 451 1965 486 quae
1988 442 2105 477 minus
2122 442 2347 478 fideiussores

1256 488 1407 523 idoneos
1424 487 1582 532 accepit:
1607 495 1724 531 neque
1741 486 1834 521 enim
1859 490 2001 530 oportet
2023 498 2086 532 per
2110 488 2250 533 singula
2272 498 2345 523 mo-

1255 536 1377 568 menta
1400 532 1543 568 onerari
1567 542 1659 574 eum,
1683 541 1706 566 a
1730 542 1800 576 quo
1826 532 1914 566 satis
1938 532 2082 576 petitur.

1301 576 1329 614 4
1353 576 1602 613 Parmam
1622 577 1713 613 libro
1739 577 1928 612 vicensimo
1949 581 2074 612 octavo
2099 580 2346 623 quaestionum

1255 623 1369 658 Plane
1391 622 1423 658 si
1445 633 1539 658 nova
1563 632 1675 658 causa
1698 621 1883 666 allegetur,
1909 621 2017 656 veluti
2041 622 2136 667 quod
2160 622 2349 659 fideiussor

1255 667 1451 703 decesserit
1481 671 1546 703 aut
1577 668 1684 703 etiam
1714 677 1790 702 rem
1820 666 2032 701 familiarem
2061 668 2243 712 inopinato
2274 668 2348 704 for-

1255 717 1366 748 tunae
1397 712 1532 758 impetu
1564 712 1741 755 amiserit,
1773 722 1927 757 aequum
1959 711 2026 747 erit
2054 714 2230 758 praestari
2263 724 2347 749 cau-

1254 758 1399 794 tionem.

1303 801 1328 840 5
1360 802 1557 839 ULPJANUS
1567 802 1658 838 libro
1674 803 1763 848 quin
1791 802 2002 849 uaqensimo
2018 803 2175 838 secundo
2191 804 2240 839 ad
2256 804 2349 840 edic-

1258 851 1333 884 tum
1378 848 1415 884 Is
1435 848 1494 884 cui
1511 848 1712 892 legatorum
1732 847 1757 882 fi
1785 848 1859 883 eive
1880 848 2148 883 commissorum
2162 850 2189 870 ¹⁵
2208 850 2349 885 nomine

1257 904 1331 929 non
1363 897 1510 929 cavetur
1540 893 1670 928 missus
1701 893 1739 928 in
1769 893 2034 938 possessionem
2065 904 2249 939 nunquam
2283 906 2349 940 pro

1259 939 1401 976 domino
1434 948 1513 974 esse
1542 938 1678 983 incipit.
1734 948 1801 973 nec
1839 941 1914 974 tam
1949 939 2130 983 possessio
2165 949 2284 975 rerum
2319 941 2348 975 ei

1258 995 1366 1030 quam
1381 983 1546 1020 custodia
1563 984 1690 1018 datur:
1715 994 1831 1028 neque
1846 983 1939 1018 enim
1964 984 2162 1028 expellendi
2184 984 2349 1021 heredem

1257 1031 1313 1065 ius
1343 1029 1473 1071 habet,
1505 1029 1568 1064 sed
1599 1029 1704 1064 simul
1734 1039 1815 1063 cum
1847 1039 1887 1063 eo
1938 1029 2094 1064 ossidere
2118 1029 2279 1072 iubetur,
2311 1035 2351 1065 ut

1258 1075 1384 1111 saltem
1397 1076 1425 1096 ²⁶
1447 1075 1567 1110 taedio
1617 1078 1787 1119 erpetuae
1802 1078 1904 1110 custo
1934 1074 1988 1109 'ae
2005 1078 2214 1119 extorqueat
2229 1075 2350 1110 heredi¹

1261 1124 1276 1155 1
1326 1121 1541 1156 cautionem.
1612 1119 1625 1154 i
1648 1120 1740 1155 alius
1766 1119 1886 1154 damni
1909 1119 2034 1155 infecti
2057 1120 2199 1155 nomine
2223 1120 2350 1155 missus

1258 1166 1305 1201 sit
1337 1165 1374 1200 in
1408 1165 1689 1211 possessionem,
1733 1164 1826 1200 alius
1861 1165 2060 1209 legatorum
2096 1165 2350 1201 servandorum

1259 1221 1380 1254 causa,
1404 1221 1512 1256 posse
1537 1221 1629 1254 eum,
1655 1210 1716 1256 qui
1739 1211 1936 1255 legatorum
1961 1210 2216 1246 servandorum
2241 1221 2352 1246 causa

1256 1257 1294 1291 in
1311 1256 1576 1301 possessionem
1592 1256 1722 1291 missus
1739 1259 1805 1298 est,
1832 1256 1938 1291 etiam
1958 1256 2078 1290 damni
2100 1255 2222 1291 infecti
2246 1257 2350 1291 satis-

1257 1302 1361 1337 dare:
1387 1302 1449 1347 qui
1469 1302 1500 1337 si
1524 1301 1761 1343 satisdederit‚
1787 1312 1860 1336 non
1884 1301 1989 1336 aliter
2013 1300 2184 1337 decedere
2207 1312 2351 1347 posses-

1258 1348 1357 1382 sione
1387 1347 1547 1389 debebit,
1580 1357 1687 1392 quam
1721 1347 1751 1382 ei
1784 1350 1930 1381 cautum
1957 1345 2065 1381 fuerit
2089 1347 2196 1381 etiam
2221 1357 2262 1382 eo
2286 1358 2350 1383 no-

1257 1395 1277 1427 2
1316 1393 1422 1434 mine,
1448 1392 1543 1438 quod
1557 1393 1583 1413 ¹⁷
1608 1402 1648 1428 se
1672 1391 1792 1427 damni
1814 1391 1937 1427 infecti
1954 1391 2132 1436 obligavit.
2170 1392 2207 1428 Si
2230 1393 2351 1437 plures

1255 1438 1418 1482 legatarii
1441 1438 1534 1472 mitti
1556 1438 1594 1472 in
1617 1437 1880 1483 possessionem
1906 1437 2198 1480 desideraverint,
2229 1448 2350 1474 omnes

1255 1483 1375 1519 venire
1392 1483 1524 1518 debent
1536 1483 1565 1504 ¹⁸
1586 1483 1625 1517 in
1641 1483 1921 1528 possessionem:
1946 1483 1976 1517 is
1995 1483 2087 1517 enim
2102 1482 2224 1528 quiex
2242 1494 2350 1520 causa

1255 1529 1454 1573 legatorum
1487 1528 1649 1573 possidet
1678 1529 1763 1571 sibi,
1797 1539 1870 1563 non
1895 1528 1956 1563 alii
1980 1528 2152 1573 possidet.
2200 1529 2271 1564 alia
2296 1535 2350 1565 est

1258 1584 1380 1616 causa,
1406 1584 1488 1609 cum
1512 1573 1706 1609 creditores
1730 1573 1782 1609 rei
1806 1573 2001 1609 servandae
2026 1584 2136 1609 causa
2161 1574 2351 1610 mittuntur

1257 1620 1294 1654 in
1323 1619 1605 1664 possessionem:
1636 1630 1719 1654 nam
1750 1619 1780 1654 is
1813 1620 1874 1664 qui
1905 1619 2066 1664 possidet
2088 1630 2161 1655 non
2185 1620 2263 1663 sibi,
2289 1621 2350 1655 sed

1258 1668 1277 1701 3
1320 1665 1485 1700 omnibus
1503 1664 1674 1709 possidet.
1712 1664 1780 1708 Qui
1803 1665 1903 1709 prior
1925 1664 2055 1700 missus
2080 1668 2135 1700 est
2157 1664 2349 1710 legatarius

1256 1710 1294 1745 in
1307 1710 1582 1755 possessionem,
1607 1721 1680 1745 non
1695 1709 1900 1754 praefertur
1913 1711 1940 1731 ¹⁹
1965 1710 1998 1745 ei
2021 1709 2083 1755 qui
2098 1714 2226 1755 postea
2242 1711 2350 1746 mitti-

1256 1760 1333 1791 tur:
1350 1755 1445 1790 inter
1459 1755 1653 1800 legatarios
1672 1755 1765 1790 enim
1781 1755 1918 1790 nullum
1933 1755 2092 1791 ordinem
2107 1756 2349 1800 observamus,

1259 1805 1280 1836 4
1328 1800 1390 1836 sed
1412 1800 1517 1836 simul
1539 1810 1661 1836 omnes
1680 1801 1878 1846 aequaliter
1894 1804 2047 1836 tuemur.
2082 1801 2278 1846 Postquam
2299 1803 2351 1839 rei

1257 1845 1453 1881 servandae
1478 1846 1672 1882 creditores
1697 1846 1882 1891 possidere
1906 1850 2119 1891 coeperunt,
2152 1846 2350 1891 legatorum

1258 1891 1514 1927 servandorum
1533 1891 1650 1937 gratia
1672 1891 1802 1927 missus
1826 1891 1863 1927 in
1885 1891 2149 1936 possessionem
2165 1893 2350 1929 creditori-

1258 1940 1278 1972 5
1325 1937 1393 1972 bus
1424 1937 1546 1982 potior
1575 1948 1649 1972 non
1677 1936 1880 1973 habebitur.
1929 1936 1997 1981 Qui
2027 1937 2065 1972 in
2087 1938 2350 1990 possessionem

1256 1982 1456 2027 legatorum
1480 1982 1736 2018 servandorum
1761 1992 1871 2018 causa
1893 1981 2065 2025 mittitur,
2089 1993 2128 2018 111
2178 1985 2349 2020 ossessio-

1256 2038 1337 2063 nem
1362 2027 1504 2072 quidem
1527 2038 1649 2063 rerum
1672 2027 1971 2063 hereditariamm
1995 2027 2148 2064 omnimo
2177 2039 2198 2064 o
2221 2030 2350 2073 veniet,

1256 2073 1326 2109 hoc
1361 2076 1416 2108 est
1449 2083 1571 2108 earum
1603 2083 1696 2118 quae
1726 2073 1764 2108 in
1796 2083 1906 2109 causa
1937 2073 2155 2109 hereditaria
2185 2079 2348 2116 manent:

1258 2128 1380 2154 earum
1413 2122 1551 2161 autem,
1584 2128 1676 2164 quae
1698 2118 1737 2153 in
1761 2128 1873 2154 causa
1896 2118 2113 2154 hereditaria
2136 2130 2209 2155 non
2233 2125 2350 2163 erunt,

1256 2174 1330 2199 non
1354 2163 1444 2199 alias
1468 2163 1641 2208 mittitur,
1676 2174 1783 2209 quam
1814 2163 1846 2199 si
1878 2163 1959 2199 dolo
1991 2164 2085 2200 malo
2108 2164 2147 2199 in
2171 2175 2214 2200 ea
2239 2176 2351 2202 causa

1258 2219 1337 2245 esse
1381 2209 1551 2244 desierint
1559 2209 1601 2253 2⁰,
1642 2219 1710 2245 nec
1744 2219 1818 2245 s·-
1846 2219 1905 2252 er,
1949 2209 2013 2245 sed
2049 2220 2161 2245 causa
2196 2212 2349 2256 cognita.

1257 2258 1277 2290 6
1325 2254 1532 2290 ‘Bonorum'
1563 2258 1684 2290 autem
1715 2264 1808 2300 appe
1838 2254 1958 2290 atione
1988 2255 2057 2290 hae
2095 2265 2152 2290 res
2189 2266 2349 2301 compre-

1255 2300 1389 2336 hensae
1419 2299 1655 2343 videbuntur,
1712 2310 1840 2335 uarum
1869 2300 2073 2345 proprietas
2105 2300 2152 2335 ad
2182 2301 2349 2337 heredem

1257 2348 1275 2379 7
1323 2345 1488 2390 pertinet.
1531 2345 1601 2381 Sed
1624 2349 1661 2381 et
1684 2356 1715 2381 si
1738 2346 1929 2390 vectigales
1954 2345 2030 2391 agri
2055 2349 2138 2381 sunt
2164 2349 2199 2380 et
2222 2346 2254 2381 si
2278 2358 2349 2392 qua

1255 2390 1406 2436 pignora
1436 2391 1603 2426 testatori
1635 2390 1739 2434 data,
1778 2391 1817 2426 in
1855 2401 1979 2427 eorum
2014 2401 2155 2436 quoque
2188 2392 2350 2428 mittetur

1258 2439 1276 2470 8
1324 2436 1600 2481 possessionem.
1655 2436 1727 2472 Sed
1766 2440 1802 2472 et
1837 2436 1875 2471 in
1914 2439 2041 2482 partus
2073 2436 2284 2472 ancillarum
2314 2442 2349 2473 et

1255 2480 1350 2517 fetus
1373 2491 1565 2527 pecorum,
1589 2482 1674 2517 item
1697 2481 1839 2517 fructus
1864 2491 1978 2526 aeque
2002 2482 2097 2517 omni
2121 2481 2226 2517 modo
2251 2482 2347 2527 lega-

1256 2529 1277 2562 9
1323 2527 1438 2562 tarius
1462 2530 1498 2563 et
1521 2527 1870 2563 fideicommissarius
1894 2527 2090 2562 mittentur.
2128 2526 2199 2562 Sed
2219 2528 2293 2562 et²¹
2318 2529 2349 2564 si

1254 2582 1331 2607 rem
1350 2572 1505 2608 alienam
1526 2572 1719 2608 defunctus
1737 2572 1833 2608 bona
1850 2571 1921 2607 fide
1940 2572 2074 2614 emerit,
2093 2571 2133 2607 in
2148 2573 2348 2617 possessio-

1255 2627 1336 2653 nem
1361 2618 1437 2653 eius
1460 2617 1674 2653 mittendum
1693 2617 1904 2663 legatarium
1922 2620 2081 2653 constat:
2107 2627 2190 2652 nam
2207 2622 2243 2653 et
2258 2619 2347 2654 haec

1259 2666 1299 2697 10
1347 2673 1405 2698 res
1436 2663 1474 2698 in
1506 2673 1617 2698 causa
1651 2663 1869 2698 hereditaria
1901 2666 1966 2698 est.
2013 2662 2052 2698 Si
2089 2662 2252 2707 deposita
2290 2675 2347 2700 res

1256 2708 1353 2753 apud
1377 2708 1585 2744 defunctum
1609 2708 1718 2744 fuerit
1740 2708 1796 2743 vel
1820 2707 2055 2751 commodata,
2079 2708 2199 2744 locum
2222 2709 2343 2745 missio

1255 2764 1328 2789 non
1360 2754 1486 2796 habet,
1529 2753 1614 2799 quia
1651 2764 1725 2789 non
1760 2756 1844 2788 sunt
1877 2753 1969 2788 istae
2003 2763 2061 2789 res
2095 2753 2344 2790 hereditariae.

1259 2801 1296 2833 11
1347 2798 1386 2834 Si
1411 2809 1454 2834 ex
1479 2799 1619 2834 duobus
1643 2798 1834 2834 heredibus
1858 2798 1950 2834 alter
1974 2798 2151 2835 satisdare
2174 2800 2221 2834 sit
2239 2810 2344 2845 para-

1255 2847 1333 2886 tus,
1365 2844 1457 2879 alter
1488 2855 1579 2887 non,
1610 2844 1649 2879 in
1671 2848 1809 2889 partem
1833 2843 1910 2879 eius
1934 2843 2056 2879 missio
2080 2844 2200 2880 locum
2223 2845 2347 2891 utique

1256 2889 1391 2924 habere
1415 2889 1530 2924 debet.
1571 2889 1670 2924 missi
1692 2890 1814 2934 itaque
1838 2889 2001 2934 legatarii
2023 2890 2216 2935 impedient
2240 2891 2344 2927 etiam

1255 2944 1347 2976 eum,
1373 2934 1434 2978 qui
1457 2934 1663 2976 satisdedit,
1695 2934 1749 2970 rei
1772 2934 2096 2970 administratione:
2127 2946 2238 2980 quare
2262 2947 2344 2972 sua-

1256 2979 1411 3014 dendum
1441 2979 1508 3015 erit
1537 2979 1676 3021 heredi,
1715 2983 1756 3014 ut
1784 2979 1822 3014 in
1853 2989 1971 3015 assem
2000 2980 2165 3022 satisdet,
2203 2992 2247 3016 ne
2281 2981 2343 3016 ad-

1259 3027 1298 3059 12
1345 3024 1560 3060 ministratio
1577 3024 1653 3060 eius
1668 3024 1892 3070 impediatur.
1933 3024 1972 3060 Si
1987 3025 2033 3060 ab
2047 3025 2242 3071 impuberis
2260 3027 2342 3061 sub-

1256 3069 1383 3105 stituto
1398 3069 1517 3114 legata
1532 3070 1604 3105 sint
1616 3070 1743 3106 relicta
1758 3073 1794 3106 et
1811 3070 1975 3115 impubes
1997 3070 2199 3113 decesserit,
2224 3071 2343 3106 missio

1255 3125 1329 3150 non
1353 3114 1469 3149 solum
1491 3115 1528 3149 in
1546 3124 1588 3149 ea
1604 3115 1710 3155 bona,
1736 3125 1828 3161 quae
1841 3116 2025 3151 testatoris
2042 3115 2196 3158 fuerunt,
2222 3127 2342 3151 verum

1256 3159 1303 3194 ad
1326 3169 1369 3194 ea
1391 3170 1551 3204 quoque,
1577 3170 1668 3205 quae
1691 3161 1855 3240 impubes
1880 3160 2049 3206 adquisiit
2071 3161 2210 3203 ,locum
2234 3162 2341 3195 habe—

1255 3205 1326 3240 bit:
1357 3215 1439 3239 nam
1463 3206 1552 3240 haec
1576 3215 1717 3250 quoque
1767 3205 1957 3242 ereditaria
1980 3210 2081 3242 sunt:
2113 3206 2191 3241 vivo
2224 3211 2341 3240 autem

1254 3250 1438 3295 impubere
1462 3260 1576 3295 neque
1598 3251 1718 3286 missio
1743 3261 1859 3297 neque
1883 3251 2069 3287 satisdatio
2087 3251 2204 3286 locum
2221 3251 2340 3285 habet.

1259 3298 1300 3330 13
1347 3294 1386 3330 Si
1408 3295 1512 3331 heres
1536 3306 1609 3331 non
1633 3296 1690 3338 sit,
1715 3306 1738 3331 a
1761 3307 1831 3342 quo
1855 3296 2164 3331 fideicommissum
2181 3296 2339 3330 relictum

1256 3343 1330 3383 est,
1356 3340 1419 3375 sed
1442 3340 1589 3376 alterius
1613 3341 1765 3377 nominis
1789 3352 1996 3382 successor,
2025 3340 2210 3375 dicendum
2235 3341 2340 3382 est22,

1255 3389 1297 3421 ut
1326 3385 1443 3421 edicto
1474 3385 1576 3422 locus
1605 3386 1652 3422 sit
1680 3391 1717 3423 et
1746 3387 1849 3423 dolus
1859 3387 1890 3408 ²³
1919 3386 1994 3421 eius
2019 3386 2065 3420 sit
2088 3385 2338 3420 aestimandus.

1260 3434 1300 3465 14
1348 3430 1418 3465 Sed
1441 3434 1477 3466 et
1500 3430 1531 3466 si
1553 3431 1693 3467 heredis
1717 3433 1820 3468 heres
1844 3432 1900 3474 sit,
1926 3431 1987 3476 qui
2011 3430 2092 3465 dolo
2109 3429 2204 3473 fecit,
2229 3440 2341 3475 aeque

1259 3478 1299 3511 15
1347 3486 1475 3511 nocere
1517 3475 1671 3512 debebit.
1726 3477 1859 3513 Dolum
1895 3475 2057 3520 accipere
2097 3475 2263 3510 debemus
2305 3479 2343 3509 et

1254 3590 1331 3623 bere
1344 3590 1379 3623 F
1445 3592 1503 3630 (12)
1527 3591 1711 3624 hereditate
1724 3591 1759 3623 F

1255 3636 1313 3675 (15)
1338 3634 1585 3669 commissarum
1601 3637 1638 3670 F

1828 3592 1886 3631 (13)
1911 3590 1999 3622 aeF
2059 3593 2115 3628 (14)
2138 3587 2347 3622 facilitateF

1767 3638 1823 3676 (16)
1848 3634 1965 3667 soltem
1983 3635 2018 3667 F
2147 3636 2203 3671 ‹17›
2228 3643 2296 3675 quo
2313 3634 2346 3666 F

974 3681 1016 3722 (4)
1041 3680 1069 3713 si
1083 3693 1143 3714 om.
1160 3682 1195 3714 F
1256 3682 1316 3721 (18)
1341 3679 1438 3713 debet
1450 3680 1487 3714 F
1554 3684 1613 3725 (19)
1637 3681 1806 3725 profertur
1818 3681 1852 3712 F
1920 3682 1982 3720 (2ο)
2008 3688 2073 3711 esse
2087 3688 2154 3711 esse
2166 3678 2299 3711 desierit
2312 3679 2344 3711 F

1256 3726 1314 3767 (21)
1339 3726 1373 3758 et
1385 3725 1435 3759 bis
1446 3725 1481 3758 F

1255 3770 1340 3803 Have
1351 3771 1408 3803 ins.

1613 3727 1675 3767 (22)
1701 3736 1775 3758 eum
1792 3734 1923 3765 quoque
1939 3723 2097 3756 satisdare
2114 3722 2232 3755 debere
2251 3725 2338 3757 simi-

1504 3771 1566 3814 (23)
1592 3770 1668 3804 dolo
1682 3771 1717 3803 F
