2528 3918
114 116 426 149 ERCISCUNDAE

113 233 186 267 ium
217 241 262 267 ex
291 228 480 266 heredibus
512 226 732 272 stipulator-is
765 230 930 261 acturum
954 235 976 260 a
999 235 1069 271 quo
1093 225 1201 260 fuerit

115 280 133 311 7
181 277 341 323 petitum.
391 273 465 310 Usu
487 272 608 308 fructu
640 271 744 306 uxori
774 271 892 316 legato
925 270 1039 306 donec
1072 270 1104 306 ei
1137 270 1201 305 dos

113 322 288 363 solvatur,
320 329 385 365 per
415 317 589 354 arbitrum
619 316 776 352 familiae
800 316 1033 351 erciscundae
1056 319 1130 351 tam
1152 315 1200 358 id,

113 367 209 412 quod
233 363 415 402 coheredis
439 363 581 398 nomine
605 372 648 397 ex
673 362 755 397 dote
779 361 936 397 solutum
967 362 1033 404 sit,
1064 360 1201 406 recipe-

112 422 192 447 rare
222 411 385 456 potest¹,
418 418 525 453 quam
561 411 602 442 ut
633 408 780 442 coheres
816 406 931 442 solvat
966 406 1062 442 effici
1095 416 1203 452 posse

113 460 132 492 8
181 455 324 492 Cassius
348 453 416 489 ait:
442 457 479 488 et
497 463 619 488 verum
639 456 704 488 est.
742 452 780 487 Si
799 452 868 487 duo
890 452 1082 487 coheredes
1103 451 1201 487 dam-

113 502 185 537 nati
209 500 279 536 sint
302 502 457 535 statuam
481 508 615 543 ponere
639 502 674 533 et
694 498 807 533 altero
829 501 993 532 cessante
1013 498 1105 532 alter
1124 507 1202 532 eam

110 546 252 588 fecerit,
276 555 348 580 non
372 554 449 579 esse
473 544 632 588 iniquum
656 543 815 578 Iulianus
840 543 891 577 ait
913 542 1070 578 familiae
1094 542 1201 577 ercis-

111 591 249 627 cundae
271 589 441 625 iudicium
466 589 564 631 dare,
588 592 628 624 ut
647 599 733 634 pars
753 588 1011 633 impendiorum
1031 587 1117 623 boni
1137 587 1201 622 viri

109 637 286 672 arbitratu
309 638 521 680 praestetur.

155 679 207 718 45
233 680 463 716 POMPONIUS
484 680 574 715 libro
600 680 704 714 tertio
725 678 862 714 decimo
883 678 933 713 ad
950 677 1127 714 Sabinum
1164 677 1201 712 Si

108 727 193 772 quid
225 725 408 761 contendis
442 736 485 761 ex
515 724 714 760 hereditate
744 723 830 759 mihi
861 727 981 759 tecum
1014 733 1201 759 commune

109 781 204 814 esse,
236 771 333 824 quod
365 781 428 815 ego
461 781 505 805 ex
536 770 608 805 alia
638 779 749 805 causa
772 779 890 804 meum
914 769 1098 814 proprium
1123 778 1201 820 esse

108 817 208 859 dico,
239 816 276 851 1d
306 816 344 851 in
366 815 522 851 familiae
546 814 779 851 erciscundae
802 814 973 849 iudicium
997 825 1069 850 non
1093 816 1198 849 vemt.

111 870 124 897 1
174 861 308 904 Dolus,
333 872 438 914 quem
463 871 585 896 servus
610 860 751 896 heredis
776 860 937 901 admisit,
969 860 1006 894 in
1030 859 1200 894 iudicium

106 907 261 943 familiae
285 906 515 943 erciscundae
539 916 612 941 non
635 905 749 947 venit,
782 905 849 940 nisi
882 905 912 940 si
937 905 1069 940 domini
1095 904 1200 948 culpa

106 954 142 988 in
166 953 235 988 hoc
260 956 348 995 erat,
374 952 470 997 quod
493 962 565 987 non
589 951 757 986 idoneum
782 961 922 986 servum
946 950 998 985 rei
1022 949 1199 985 communi

107 998 331 1043 applicuerit.
1129 1039 1136 1046 .

150 1041 203 1080 46
229 1042 389 1078 PAULUs
410 1042 500 1078 libro
524 1042 676 1088 septimo
700 1041 751 1076 ad
773 1040 948 1076 Sabinum
996 1040 1034 1075 Si
1050 1043 1198 1074 maritus

105 1089 171 1124 sub
197 1088 406 1124 condicione
430 1097 452 1122 a
474 1090 577 1132 patre
609 1087 714 1122 heres
744 1086 929 1121 institutus
962 1085 1026 1127 sit,
1057 1085 1199 1120 interim

105 1134 225 1170 uxoris
250 1133 294 1168 de
318 1133 401 1168 dote
425 1133 601 1167 actionem
622 1132 788 1177 pendere.
825 1131 931 1176 plane
950 1131 981 1166 si
1001 1134 1085 1176 post
1105 1140 1198 1165 mor-

104 1183 175 1215 tem
200 1179 313 1214 soceri
338 1178 527 1213 divortium
550 1177 687 1212 factum
711 1177 776 1220 sit,
810 1176 970 1222 quamvis
993 1175 1198 1221 pendente²

105 1224 313 1261 condicione
332 1223 565 1259 institutionis
578 1222 769 1258 dicendum
783 1226 837 1258 est
848 1220 1093 1273 praeceptioni
1105 1220 1197 1256 dotis

102 1270 221 1306 locum
253 1279 350 1312 esse,
384 1268 468 1314 quia
499 1271 639 1304 mortuo
672 1272 776 1314 patre
808 1267 984 1312 quaedam
1015 1266 1107 1302 fihos
1140 1276 1196 1301 se-

104 1319 261 1362 quuntur
286 1315 392 1350 etiam
417 1318 608 1359 antequam
632 1314 725 1348 fiant
747 1313 918 1355 heredes,
950 1315 991 1347 ut
1013 1311 1196 1347 matrimo-

103 1361 211 1402 nium,
237 1363 276 1395 ut
299 1359 412 1402 liberi,
437 1363 478 1394 ut
501 1359 628 1394 tutela.
664 1358 772 1404 igitur
796 1362 832 1394 et
851 1357 970 1393 dotem
989 1356 1197 1403 praecipere

103 1406 209 1441 debet
233 1405 293 1450 qui
317 1415 408 1440 onus
431 1404 647 1439 matrimonii
669 1407 753 1450 post
775 1406 926 1439 mortem
949 1402 1063 1448 patris
1087 1402 1195 1439 susti-

102 1451 198 1487 nuit:
225 1454 262 1486 et
282 1450 335 1486 ita
358 1449 552 1485 Scaevolae
575 1460 717 1495 quoque
740 1452 864 1484 nostro
887 1448 1002 1484 visum
1026 1451 1092 1483 est.

147 1494 200 1533 47
227 1496 456 1531 POMPONIUS
475 1495 567 1530 libro
590 1495 781 1530 vicensimo
804 1495 924 1540 primo
949 1493 1000 1529 ad
1021 1492 1196 1529 Sabinum

102 1542 143 1577 In
174 1541 305 1577 iudicio
340 1540 497 1575 familiae
533 1539 768 1576 erciscundae
801 1539 857 1575 vel
893 1539 1071 1574 communi
1109 1538 1195 1573 divi-

102 1587 221 1623 dundo
255 1586 303 1629 si,
337 1586 421 1621 dum
453 1596 510 1620 res
540 1586 579 1620 in
611 1585 759 1620 arbitrio
795 1585 858 1627 sit,
892 1584 936 1620 de
959 1584 1036 1620 iure
1059 1583 1196 1630 praedii

102 1632 345 1668 controversia
368 1631 424 1673 sit,
449 1631 569 1676 placet
592 1641 714 1666 omnes
740 1641 812 1673 eos,
837 1630 930 1665 inter
950 1640 1040 1675 quos
1061 1629 1196 1665 arbiter

102 1681 264 1723 sumptus
297 1677 361 1719 sit,
397 1680 433 1712 et
464 1686 569 1721 agere
600 1679 637 1711 et
667 1687 758 1721 opus
783 1686 913 1711 novum
938 1675 1105 1710 nuntiare
1128 1685 1194 1720 pro

101 1727 167 1759 sua
192 1732 366 1768 quemque
390 1725 493 1766 parte
516 1731 641 1767 posse,
676 1726 711 1756 et
734 1732 816 1757 cum
840 1720 1123 1756 adiudicationes
1147 1720 1194 1755 ab

102 1769 234 1804 arbitro
259 1768 359 1810 fiant,
386 1767 417 1802 si
440 1766 503 1802 uni
527 1767 753 1802 adiudicetur
775 1770 873 1802 totus
897 1765 1051 1809 fundus,
1078 1765 1195 1801 caveri

104 1817 262 1859 oportet,
298 1817 339 1848 ut
372 1822 465 1858 quae
498 1823 542 1848 ex
573 1812 629 1848 his
662 1812 865 1848 actionibus
889 1815 1037 1856 recepta
1059 1810 1195 1846 fuerint

101 1859 295 1894 reddantur
327 1862 391 1894 aut
421 1868 512 1904 quae
542 1858 580 1893 in
612 1868 671 1893 eas
703 1858 886 1910 impensae
917 1856 1038 1892 factae
1061 1856 1195 1891 fuerint

100 1908 345 1950 praestentur:
379 1907 415 1939 et
439 1904 486 1945 si,
513 1914 593 1938 cum
617 1914 674 1938 res
698 1903 735 1938 in
758 1902 889 1938 ludicio
915 1905 1027 1944 esset,
1062 1912 1103 1938 eo
1129 1912 1193 1937 no-

99 1951 192 1985 mine
216 1953 337 1986 actum
368 1960 442 1985 non
472 1948 600 1991 fuerit,
633 1959 713 1984 eum
744 1948 844 1993 sequi
875 1947 1050 2000 integram
1080 1947 1192 1982 actio-

100 2006 198 2038 nem,
231 1995 290 2030 cui
320 1998 418 2030 totus
450 1993 584 2029 fundus
617 1993 843 2029 adiudicatus
872 1992 1000 2035 fuerit,
1032 1996 1096 2027 aut
1127 2002 1192 2037 pro

103 2045 117 2075 1
168 2050 393 2085 quacumque
427 2043 530 2084 parte
565 2039 791 2074 adiudicatus
827 2038 904 2074 erit.
963 2038 1053 2074 Item
1100 2047 1193 2083 quae

98 2097 154 2120 res
178 2086 310 2121 moveri
335 2085 474 2130 possint
498 2088 533 2119 et
553 2085 590 2119 in
610 2095 654 2120 ea
672 2083 806 2119 iudicia
824 2083 977 2126 veniant,
1002 2083 1033 2118 si
1055 2083 1194 2118 interea

100 2132 291 2176 subreptae
315 2131 395 2173 sint,
420 2130 508 2165 furti
532 2140 636 2174 agere
661 2140 733 2172 eos,
759 2140 911 2175 quorum
934 2129 1025 2164 istae
1048 2139 1106 2164 res
1130 2139 1192 2174 pe-

99 2177 209 2212 riculo
235 2177 380 2218 fuerint,
404 2185 520 2221 posse.

145 2219 198 2259 48
224 2221 384 2257 Panos
412 2222 502 2256 libro
537 2220 747 2256 duodecimo
780 2220 831 2255 ad
853 2219 1029 2255 Sabinum
1076 2219 1114 2254 Si
1137 2219 1192 2254 fa-

100 2267 214 2302 miliae
238 2266 471 2303 erciscundae
495 2266 550 2301 vel
574 2265 753 2301 communi
778 2264 967 2300 dividundo
992 2264 1047 2300 vel
1071 2264 1194 2300 finium

100 2313 337 2357 regundorum
361 2315 480 2347 actum
506 2312 551 2346 sit
576 2314 610 2346 et
633 2322 727 2346 unus
749 2321 792 2346 ex
809 2310 1048 2355 litigatoribus
1071 2310 1193 2345 deces-

100 2359 184 2393 serit
207 2358 367 2403 pluribus
391 2356 581 2392 heredibus
605 2356 748 2398 relictis,
773 2366 846 2391 non
869 2359 989 2401 potest
1011 2356 1049 2391 in
1072 2359 1194 2401 partes

99 2403 267 2438 iudicium
300 2402 433 2444 scindi,
465 2402 528 2437 sed
559 2405 623 2436 aut
647 2412 769 2436 omnes
794 2401 944 2436 heredes
970 2401 1134 2446 accipere
1157 2400 1194 2436 id

101 2448 228 2484 debent
241 2452 305 2483 aut
317 2448 403 2483 dare
423 2459 532 2482 unum
551 2450 835 2492 procuratorem,
854 2447 892 2481 in
912 2457 1017 2492 quem
1038 2446 1194 2482 omnium

100 2494 241 2529 nomine
264 2493 436 2528 iudicium
461 2497 598 2537 agatur.

144 2537 197 2576 49
230 2538 425 2574 Urmiws
465 2538 557 2574 libro
601 2537 759 2573 secundo
792 2537 1077 2583 disputationum
1125 2537 1193 2582 Qui

100 2588 176 2619 erat
207 2585 310 2619 heres
343 2594 385 2619 ex
419 2587 521 2628 parte
543 2583 749 2625 institutus,
781 2585 991 2618 testatorem
1020 2582 1138 2618 iussus
1172 2593 1194 2618 a

124 2634 262 2665 raetore
287 2640 324 2664 se
353 2629 437 2664 elire
469 2639 627 2670 servum,
663 2628 721 2663 cui
753 2633 828 2663 erat
861 2631 1074 2663 testamento
1108 2628 1194 2663 data

114 2674 263 2717 ‘bertas‚
295 2675 308 2709 i
335 2685 376 2710 eo
409 2674 575 2709 distraxit
598 2673 815 2718 duplamque
837 2673 1000 2718 promisit
1023 2677 1059 2708 et
1083 2684 1126 2708 ex
1151 2683 1193 2708 ea

101 2720 264 2755 cautione
289 2723 484 2755 conventus
508 2719 708 2799 praestitit:
741 2719 943 2764 quaesitum
968 2722 1040 2760 est,
1066 2729 1114 2753 an
1136 2718 1190 2753 fa·

101 2765 213 2800 miliae
226 2765 457 2800 erciscundae
469 2765 506 2799 iu
531 2765 600 2799 icio
615 2767 866 2808 consequatur,
888 2763 984 2808 quod
1005 2774 1050 2799 ex
1063 2763 1193 2808 duplae

101 2810 327 2855 stipulatione
352 2811 473 2846 abest.»
502 2810 616 2854 primo
642 2809 843 2852 videamus,
877 2819 924 2843 an
947 2810 1005 2844 hic
1031 2809 1193 2844 debuerit

102 2855 243 2900 duplam
283 2866 418 2891 cavere.
465 2859 500 2890 et
534 2854 620 2890 mihi
654 2854 793 2889 videtur
828 2865 901 2890 non
937 2854 1119 2889 debuisse:
1156 2854 1193 2889 hi

102 2901 192 2936 enim
216 2901 355 2936 demum
380 2901 427 2935 ad
452 2900 582 2945 duplae
607 2900 810 2935 cautionem
833 2899 1106 2944 compelluntur,
1132 2900 1192 2945 qui

102 2950 224 2997 sponte
257 2957 323 2982 sua
355 2946 576 2981 distrahunt:
610 2948 767 2981 ceterum
791 2946 821 2981 si
845 2944 965 2980 officio
991 2945 1190 2980 distrahen-

101 2992 170 3026 t1s³
191 2991 370 3036 fungitur,
402 3003 474 3026 non
499 2991 604 3026 debet
627 2990 819 3035 adstringi,
852 3001 925 3026 non
948 2990 1059 3036 magis
1108 3001 1192 3025 uam

101 3036 131 3070 si
154 3037 231 3081 quis
255 3037 302 3071 ad
327 3036 589 3082 exsequendam
613 3036 825 3071 sententiam
849 3046 872 3071 a
895 3039 1061 3081 praetore
1109 3039 1191 3071 atus

103 3080 292 3117 distrahat:
318 3093 401 3116 nam
425 3085 460 3117 et
483 3082 542 3117 hic
566 3082 603 3116 in
628 3091 670 3116 ea
695 3081 904 3116 condicione
929 3084 993 3123 est,
1018 3091 1064 3116 ne
1086 3092 1190 3125 coga-

102 3128 160 3160 tur
181 3127 325 3172 implere
350 3127 445 3171 quod
471 3130 647 3172 coguntur
676 3126 714 3161 hi
747 3127 807 3171 qui
839 3137 904 3162 suo
939 3126 1085 3161 arbitrio
1119 3127 1190 3161 dis-

103 3171 263 3207 trahunt:
295 3183 378 3207 nam
410 3172 502 3207 inter
534 3171 693 3207 officium
717 3171 944 3216 suscipientis
970 3175 1006 3207 et
1028 3172 1190 3207 volunta-

102 3219 172 3251 tem
184 3216 436 3252 distrahentis⁴
460 3217 610 3252 multum
623 3217 781 3252 interest.
816 3220 1036 3262 quapropter
1053 3227 1093 3252 re
1113 3217 1189 3261 qui·

105 3259 182 3296 dem
219 3262 356 3307 integra
391 3262 656 3307 stipulationem
691 3261 823 3307 duplae
857 3261 1083 3307 interponere
1118 3273 1190 3297 non

104 3304 239 3348 debuit,
272 3307 335 3342 sed
367 3307 557 3343 decernere
589 3310 734 3352 praetor
766 3307 871 3342 debet
904 3318 982 3342 esse
1014 3307 1190 3352 emptori5

104 3349 268 3386 adversus
292 3352 458 3388 heredem
483 3352 692 3388 existentem
716 3352 892 3387 actionem
917 3363 960 3387 ex
992 3356 1127 3397 empto,
1161 3352 1190 3387 si

104 3404 158 3429 res
182 3395 353 3432 distracta
375 3397 502 3433 fuisset
525 3397 650 3432 evicta.
684 3397 714 3432 si
738 3401 858 3432 autem
881 3398 984 3432 heres
1005 3397 1135 3432 erravit
1153 3401 1191 3432 et

104 3440 195 3474 cavit
206 3445 241 3476 et
251 3451 372 3476 servus
384 3442 568 3486 perveniat
588 3441 634 3477 ad
655 3442 866 3484 libertatem,
887 3442 1069 3487 stipulatio
1093 3453 1187 3477 com-

104 3484 276 3520 mittetur:
309 3496 401 3530 quae
424 3487 455 3521 si
477 3487 585 3522 fuerit
610 3487 817 3529 commissa,
851 3498 893 3522 ae
919 3498 1003 3521 uum
1028 3487 1096 3522 erit
1119 3487 1188 3521 uti-

103 3529 168 3563 lem
200 3530 374 3565 actionem
405 3531 437 3566 ei
468 3531 637 3567 adversus
669 3532 878 3567 coheredem
927 3532 980 3567 ari
1004 3531 1190 3567 deficiente

106 3644 144 3683 (1)
168 3645 353 3686 reciperare
362 3647 484 3687 potest]
494 3646 676 3688 reciperari
686 3647 765 3680 Hal.
946 3648 987 3687 (2)
1014 3650 1149 3688 petente
1158 3646 1193 3678 F

106 3689 147 3727 (3)
173 3689 360 3722 distrahens
369 3703 430 3723 scr.
530 3691 573 3732 (4)
598 3691 688 3724 inter
696 3692 845 3724 officium
854 3691 1078 3732 suscipientes
1087 3694 1121 3723 et
1131 3702 1187 3723 vo·

105 3731 235 3765 luntate
245 3734 467 3766 distrahentes
479 3735 556 3767 Hal.
702 3736 744 3777 (5)
771 3737 915 3778 emptori
925 3735 1016 3775 F2S‚
1027 3736 1133 3768 actori
1142 3736 1188 3768 F¹

1201 99 1281 147 143
1344 75 1348 78 ’
2268 107 2365 149 x2

1272 226 1432 261 directo⁶
1455 226 1587 262 iudicio
1619 226 1774 262 familiae
1807 228 2058 270 erciscundae,
2091 239 2135 264 ne
2166 229 2203 263 in
2236 229 2365 265 damno

1271 275 1439 307 moretur.
1478 282 1559 306 nam
1584 275 1625 306 ut
1648 271 1805 307 familiae
1837 273 2068 309 erciscundae
2098 273 2228 309 iudicio
2262 285 2366 318 agere

1271 316 1349 362 quis
1374 316 1498 362 possit,
1524 328 1596 352 non
1621 320 1759 352 tantum
1782 317 1948 353 heredem
1970 329 2048 354 esse
2067 323 2220 364 oportet,
2245 330 2365 355 verum

1272 373 1314 397 ex
1340 373 1382 397 ea
1406 372 1517 398 causa
1541 373 1646 407 agere
1670 362 1724 397 vel
1748 363 1946 405 conveniri,
1982 374 2089 409 quam
2119 365 2230 408 gessit
2253 365 2365 410 quod-

1271 418 1340 452 que
1364 407 1525 449 admisit,
1550 411 1785 453 posteaquam
1808 407 1911 443 heres
1937 408 2084 444 effectus
2109 410 2173 445 sit:
2208 414 2366 446 ceterum

1272 457 1390 488 cessat
1421 452 1577 488 familiae
1610 453 1843 488 erciscundae
1875 454 1981 488 actio.
2029 458 2064 489 et
2095 454 2175 490 ideo
2208 455 2238 490 si
2270 459 2365 498 ante,

1272 508 1378 543 quam
1403 498 1482 543 quis
1506 498 1614 533 sciret
1637 509 1677 533 se
1698 498 1865 533 heredem
1889 509 1967 533 esse
1977 499 2001 541 ⁷,
2027 500 2063 534 in
2083 500 2280 536 hereditate
2300 501 2364 536 ali-

1272 543 1357 588 quid
1379 543 1546 588 gesserit,
1579 542 1736 579 familiae
1766 543 1999 579 erciscundae
2029 545 2160 580 iudicio
2193 557 2265 581 non
2300 546 2366 581 erit

1272 590 1386 630 locus,
1407 589 1491 634 quia
1511 599 1584 624 non
1603 589 1722 624 animo
1743 588 1884 623 heredis
1906 589 2058 633 gessisse
2069 590 2218 626 videtur.
2255 602 2366 636 quare

1272 634 1332 679 qui
1364 638 1447 668 ante
1479 633 1612 669 aditam
1645 634 1880 669 hereditatem
1911 634 1997 679 quid
2025 636 2152 679 gessit,
2188 637 2298 672 veluti
2335 637 2365 672 si

1270 683 1478 714 testatorem
1514 679 1692 724 sepelivit,
1735 679 1891 714 familiae
1928 680 2159 715 erciscundae
2195 682 2364 717 iudicium

1272 735 1343 759 non
1367 724 1494 759 habet:
1527 724 1591 759 sed
1623 724 1652 759 si
1683 728 1767 769 post
1791 725 1924 759 aditam
1948 725 2183 761 hereditatem
2206 727 2243 762 id
2266 727 2363 770 fecit,

1271 773 1530 814 consequenter
1565 769 1723 805 dicemus
1758 770 1914 805 familiae
1957 770 2189 807 erciscundae
2231 773 2362 808 iudicio

1271 815 1442 860 consequi
1466 825 1545 850 eum
1569 825 1676 860 posse
1700 819 1881 860 sumptum
1906 826 2010 860 quem
2033 816 2121 851 fecit
2143 817 2180 851 in
2204 816 2324 853 funus.

1315 859 1369 897 50
1394 860 1500 895 IDEM
1521 861 1613 896 libro
1637 865 1742 896 sexto
1767 862 1978 907 opinionum
2026 861 2125 905 Quae
2157 867 2259 906 pater
2291 863 2364 899 filio

1270 906 1493 950 emancipato
1519 905 1717 940 studiorum
1742 917 1853 941 causa
1873 916 2020 951 peregre
2039 907 2158 951 agenti
2176 908 2363 944 subminis-

1269 951 1394 993 travit,
1426 951 1456 986 si
1488 962 1561 986 non
1594 951 1761 986 credendi
1793 952 1909 986 animo
1943 955 2047 997 pater
2078 952 2217 988 misisse
2257 953 2365 988 fuerit

1270 996 1543 1041 comprobatus,
1568 996 1632 1032 sed
1655 997 1789 1042 pietate
1814 996 1933 1032 debita
1958 997 2104 1033 ductus:
2130 997 2167 1032 in
2190 999 2365 1034 rationem

1268 1042 1463 1086 portionis,
1496 1052 1588 1087 quae
1621 1052 1664 1076 ex
1696 1042 1857 1077 defuncti
1881 1043 1984 1077 bonis
2009 1042 2055 1077 ad
2080 1043 2231 1078 eundem
2255 1043 2365 1079 filium

1268 1087 1451 1132 pertinuit,
1478 1087 1678 1132 computari
1702 1087 1864 1132 aequitas
1889 1098 1961 1123 non
1984 1088 2133 1131 patitur.

1314 1131 1364 1169 51
1393 1132 1587 1168 IULIANUS
1604 1132 1695 1168 libro
1716 1137 1841 1168 octavo
1863 1133 2083 1178 diqestorum
2118 1133 2279 1175 Fundus,
2305 1134 2365 1179 qui

1268 1177 1360 1213 dotis
1384 1178 1526 1213 nomine
1550 1188 1675 1213 socero
1700 1178 1853 1213 traditus
1876 1177 1995 1220 fuerit,
2022 1189 2102 1213 cum
2127 1189 2230 1214 socer
2254 1178 2365 1215 filium

1268 1233 1313 1258 ex
1336 1223 1456 1268 aliqua
1480 1227 1584 1268 parte
1607 1223 1774 1258 heredem
1798 1223 2002 1266 instituerit,
2028 1234 2093 1268 per
2116 1224 2291 1259 arbitrum
2308 1225 2361 1259 fa-

1268 1268 1385 1303 miliae
1410 1268 1642 1304 erciscundae
1675 1269 1833 1313 praecipi
1866 1269 1917 1303 ita
1949 1269 2074 1311 debet,
2107 1273 2148 1304 ut
2179 1280 2222 1304 ea
2255 1280 2365 1305 causa

1267 1313 1330 1348 filii
1355 1314 1411 1356 sit,
1435 1314 1472 1348 in
1497 1324 1570 1359 qua
1594 1313 1719 1349 futura
1743 1316 1881 1356 esset⁸,
1906 1314 1936 1349 si
1961 1314 2025 1349 dos
2050 1325 2114 1359 per
2138 1315 2362 1360 praeceptio-

1267 1370 1349 1394 nem
1372 1359 1490 1404 legata
1513 1359 1651 1394 fuisset.
1696 1370 1807 1404 quare
1830 1359 1969 1395 fructus
1994 1364 2077 1404 post
2099 1360 2196 1394 litem
2222 1364 2363 1396 contes-

1266 1407 1379 1440 tatam
1403 1405 1563 1450 percepti
1587 1404 1634 1439 ad
1659 1415 1739 1439 eum
1764 1405 1944 1450 redigendi
1970 1409 2054 1440 sunt
2076 1405 2202 1440 habita
2224 1406 2364 1441 ratione

1266 1450 1526 1495 impensarum:
1560 1450 1621 1495 qui
1651 1460 1735 1485 vero
1767 1454 1851 1485 ante
1882 1451 1980 1485 litem
2013 1454 2251 1486 contestatam
2283 1462 2362 1496 per-

1267 1495 1362 1540 cepti
1385 1495 1539 1538 fuerint‚
1572 1495 1769 1541 aequaliter
1801 1496 1847 1531 ad
1879 1506 2001 1530 omnes
2033 1496 2184 1531 heredes
2208 1497 2362 1542 pertine·

1266 1540 1367 1576 bunt.
1405 1544 1440 1575 et
1462 1540 1705 1586 impensarum
1727 1541 1819 1577 ratio
1844 1541 1970 1576 haberi
1995 1541 2109 1584 debet,
2159 1542 2219 1576 uia
2243 1542 2363 1577 nullus

1267 1596 1372 1621 casus
1397 1586 1609 1621 intervenire
1633 1589 1772 1631 potest,
1806 1586 1867 1632 qui
1899 1587 1968 1622 hoc
2000 1597 2112 1631 genus
2163 1587 2363 1622 eductionis

1269 1634 1283 1666 1
1334 1631 1516 1676 impediat.
1566 1631 1603 1666 Si
1628 1642 1691 1676 ego
1718 1642 1740 1666 a
1764 1636 1799 1666 te
1822 1632 2057 1667 hereditatem
2081 1636 2203 1677 petere
2226 1632 2351 1668 vellem

1265 1679 1306 1712 tu
1330 1687 1469 1712 mecum
1492 1676 1648 1712 familiae
1673 1677 1904 1713 erciscundae
1929 1688 2044 1722 agere,
2071 1688 2117 1713 ex
2139 1688 2250 1713 causa
2273 1678 2362 1713 utri·

1266 1732 1335 1767 que
1360 1726 1522 1757 nostrum
1555 1733 1632 1758 mos
1663 1722 1839 1767 gerendus
1871 1726 1941 1757 est:
1976 1733 2059 1757 nam
2090 1723 2121 1758 si
2153 1733 2216 1768 ego
2249 1727 2363 1758 totam

1265 1767 1500 1802 hereditatem
1558 1767 1725 1803 ossideo⁹
1757 1772 1792 1803 et
1823 1772 1859 1803 te
1891 1779 1935 1803 ex
1965 1772 2069 1820 parte
2093 1768 2237 1803 dimidia
2260 1769 2360 1804 here-

1265 1812 1345 1848 dem
1366 1823 1444 1848 esse
1464 1824 1532 1848 con
1559 1816 1648 1856 teor,
1669 1812 1733 1848 sed
1753 1823 1775 1848 a
1796 1824 2045 1848 commuiuone
2066 1813 2249 1849 discedere
2270 1814 2361 1855 volo,

1264 1858 1455 1903 impetrare
1480 1858 1592 1894 debeo
1617 1858 1773 1893 familiae
1798 1858 2031 1894 erciscundae
2054 1859 2243 1901 iudicium,
2278 1860 2361 1904 quia

1265 1904 1367 1938 aliter
1398 1903 1505 1939 dividi
1535 1903 1629 1939 inter
1660 1914 1726 1939 nos
1758 1904 1938 1939 hereditas
1963 1915 2035 1939 non
2058 1908 2188 1949 potest.
2224 1904 2309 1939 item
2333 1905 2362 1939 si

1263 1952 1304 1984 tu
1327 1949 1458 1984 iustam
1483 1959 1629 1984 causam
1653 1949 1785 1992 habes,
1818 1960 1882 1994 pro
1910 1953 1964 1984 ter
1995 1960 2102 1994 quam
2135 1960 2199 1994 per
2223 1950 2361 1985 heredi-

1263 1995 1348 2029 tatis
1373 1995 1581 2039 petitionem
1605 1994 1724 2040 potius
1773 2005 1856 2030 uam
1897 1994 2037 2029 amiliae
2057 1995 2290 2030 erciscundae
2307 1995 2361 2030 iu·

1264 2039 1394 2074 dicium
1426 2040 1607 2085 negotium
1639 2040 1751 2075 distra
1779 2050 1837 2075 ere
1868 2040 1974 2082 velis,
2006 2040 2072 2075 tibi
2107 2051 2249 2085 quoque
2280 2051 2360 2085 per-

1264 2085 1475 2120 mittendum
1499 2085 1566 2121 erit
1588 2085 1823 2120 hereditatem
1846 2089 1987 2130 petere:
2011 2096 2094 2120 nam
2137 2085 2289 2120 uaedam
2303 2096 2359 2121 ve-

1265 2131 1368 2165 niunt
1391 2130 1427 2165 in
1451 2130 1660 2166 hereditatis
1685 2130 1913 2176 petitionem,
1946 2141 2039 2176 quae
2062 2131 2099 2165 in
2139 2131 2280 2166 amiliae
2306 2142 2359 2166 er-

1264 2175 1457 2211 ciscundae
1479 2175 1610 2211 iudicio
1636 2187 1708 2211 non
1733 2175 1975 2211 deducuntur:
2008 2176 2117 2211 veluti
2148 2176 2178 2211 si
2211 2187 2274 2221 ego
2300 2176 2360 2211 de-

1264 2221 1359 2256 bitor
1389 2221 1625 2257 hereditarius
1659 2222 1743 2263 sim,
1775 2221 1906 2256 iudicio
1938 2221 2095 2256 familiae
2129 2221 2362 2257 erciscundae

1263 2277 1336 2302 non
1362 2266 1589 2311 consequeris
1613 2267 1651 2302 id
1675 2266 1770 2311 quod
1795 2266 1964 2302 defuncto
1990 2267 2108 2308 debui,
2133 2277 2198 2312 per
2220 2267 2359 2302 heredi-

1263 2311 1348 2346 tatis
1373 2312 1581 2357 petitionem
1606 2312 1845 2357 consequeris.

1310 2355 1363 2393 52
1388 2356 1496 2392 IDEM
1516 2357 1606 2393 libro
1630 2358 1788 2393 secundo
1812 2358 1862 2392 ad
1880 2357 2040 2393 Urseium
2052 2358 2223 2393 Ferocem
2258 2357 2359 2392 Mae-

1263 2402 1359 2445 vius,
1392 2403 1453 2447 qui
1477 2413 1543 2438 nos
1567 2403 1715 2438 heredes
1739 2403 1845 2445 fecit,
1877 2413 1952 2437 rem
1986 2413 2210 2438 communem
2234 2403 2360 2437 habuit

1265 2459 1346 2483 cum
1368 2447 1488 2483 Attio:
1521 2448 1551 2483 si
1576 2459 1656 2483 cum
1681 2448 1780 2483 Attio
1807 2448 1986 2483 communi
2010 2447 2203 2483 dividundo
2230 2448 2358 2493 egisse-

1263 2504 1342 2528 mus
1368 2496 1403 2528 et
1427 2493 1531 2528 nobis
1557 2503 1598 2528 ea
1622 2505 1679 2528 res
1704 2493 1911 2528 adiudicata
1935 2497 2046 2535 esset,
2070 2497 2257 2528 venturam
2282 2504 2359 2528 eam

1267 2541 1281 2572 1
1331 2539 1369 2573 in
1392 2538 1548 2573 familiae
1572 2539 1804 2574 erciscundae
1823 2538 1954 2573 iudicio
1975 2538 2150 2573 Proculus
2169 2538 2229 2573 ait.
2276 2538 2357 2573 Ser-

1263 2594 1328 2619 vus
1351 2584 1442 2619 liber
1467 2587 1502 2619 et
1525 2584 1627 2619 heres
1653 2594 1731 2619 esse
1753 2584 1872 2618 iussus
1897 2583 1933 2618 id
1958 2583 2054 2628 quod
2079 2594 2123 2618 ex
2156 2583 2356 2619 rationibus

1287 2639 1353 2664 uas
1404 2629 1472 2664 atri
1496 2628 1649 2664 familias
1672 2630 1840 2674 gessisset
1853 2630 1881 2649 ¹⁰
1904 2639 2013 2673 penes
2038 2639 2077 2664 se
2101 2629 2269 2663 retineret
2301 2629 2356 2664 iu-

1287 2674 1355 2709 icio
1397 2674 1537 2710 amiliae
1562 2674 1794 2709 erciscundae
1819 2673 2054 2709 coheredibus
2089 2674 2161 2709 suis
2194 2679 2355 2719 praesta-

1263 2723 1283 2754 2
1331 2719 1394 2754 bit.
1443 2719 1595 2754 Arbiter
1618 2719 1774 2754 familiae
1799 2718 2029 2754 erciscundae
2051 2719 2145 2754 inter
2168 2730 2225 2755 me
2256 2723 2292 2755 et
2323 2724 2358 2755 te

1262 2768 1426 2810 sumptus
1465 2765 1617 2800 uaedam
1631 2764 1726 2806 mihi,
1749 2764 1925 2809 quaedam
1946 2764 2011 2799 tibi
2031 2764 2238 2800 adiudicare
2260 2765 2355 2800 vole-

1262 2810 1335 2852 bat,
1360 2820 1426 2854 pro
1476 2810 1507 2845 is
1531 2810 1638 2845 rebus
1664 2810 1817 2844 alterum
1841 2809 1943 2845 alteri
1968 2809 2258 2845 condemnandos
2277 2821 2355 2845 esse

1262 2855 1508 2899 intellegebat:
1530 2855 1731 2899 quaesitum
1752 2858 1815 2897 est,
1838 2865 1886 2889 an
1906 2855 2021 2899 possit
2040 2855 2250 2900 pensatione
2263 2855 2356 2890 ultro

1263 2900 1350 2935 citro
1378 2910 1423 2934 ue
1437 2900 1742 2935 condemnationis
1754 2900 1854 2935 facta
1867 2910 1947 2935 eum
1960 2900 2087 2942 solum,
2102 2901 2205 2935 cuius
2218 2911 2356 2935 summa

1263 2955 1348 2980 exce
1375 2948 1460 2987 eret,
1481 2945 1557 2980 eius
1578 2945 1764 2980 dumtaxat
1783 2956 1951 2987 summae,
1974 2956 2066 2990 quae
2085 2946 2136 2980 ita
2157 2946 2354 2987 excederet,

1262 2994 1281 3025 3
1330 2990 1512 3025 damnare.
1540 2994 1575 3025 et
1594 2991 1730 3035 placuit
1743 3001 1849 3036 posse
1860 2991 1897 3025 id
1910 2991 2084 3026 arbitrum
2096 2991 2226 3026 facere.
2266 2991 2353 3026 Cum

1261 3035 1416 3070 familiae
1448 3036 1680 3071 erciscundae
1710 3036 1765 3071 vel
1797 3036 1976 3071 communi
2007 3036 2199 3071 dividundo
2225 3036 2354 3081 agitur,

1261 3080 1447 3116 universae
1471 3091 1528 3116 res
1553 3081 1734 3116 aestimari
1757 3081 1907 3124 debent,
1940 3092 2012 3117 non
2045 3082 2265 3126 singularum
2298 3091 2353 3116 re-

1261 3137 1339 3161 rum
1362 3129 1495 3170 partes.

1307 3168 1358 3208 53
1393 3170 1588 3206 ULPJANUS
1617 3171 1708 3207 libro
1741 3172 1900 3207 secundo
1934 3183 2190 3218 responsorum
2238 3172 2351 3206 Pecu-

1262 3217 1373 3257 niam,
1399 3227 1505 3260 quam
1530 3216 1622 3251 filius
1648 3217 1891 3262 emancipatus
1915 3217 1966 3252 ita
1991 3216 2160 3258 credidit,
2194 3220 2234 3251 ut
2258 3217 2350 3260 patri

1260 3262 1475 3303 solveretur,
1507 3261 1558 3296 ita
1592 3261 1733 3296 demum
1763 3263 1801 3296 in
1831 3262 2066 3297 hereditatem
2089 3262 2202 3307 patris
2227 3272 2348 3295 nume-

1259 3306 1342 3349 rari,
1368 3306 1397 3341 si
1421 3306 1516 3350 patri
1539 3306 1709 3342 adversus
1733 3308 1844 3342 filium
1869 3307 2027 3343 eiusdem
2052 3306 2261 3352 quantitatis
2286 3316 2350 3339 no-

1259 3352 1352 3386 mine
1375 3351 1470 3386 actio
1495 3352 1735 3397 competebat.

1306 3395 1360 3432 54
1383 3396 1592 3432 Nmnms
1618 3397 1709 3433 libro
1742 3398 1845 3432 tertio
1869 3397 2158 3432 membranarum
2204 3395 2262 3429 Ex
2285 3395 2349 3429 he-

1258 3441 1409 3476 reditate
1427 3441 1531 3476 Lucii
1544 3441 1639 3484 Titii,
1665 3452 1757 3487 quae
1780 3443 1866 3477 mihi
1890 3447 1926 3477 et
1950 3442 2014 3476 tibi
2039 3440 2235 3476 communis
2259 3443 2347 3481 erat,

1258 3485 1361 3521 fundi
1383 3489 1522 3531 partem
1545 3497 1660 3522 meam
1691 3487 1861 3529 alienavi,
1894 3486 2021 3522 deinde
2053 3485 2208 3520 familiae
2240 3484 2349 3519 ercis—

1259 3530 1398 3566 cundae
1427 3530 1599 3568 iudicium
1628 3532 1723 3568 inter
1753 3542 1820 3568 nos
1844 3536 2031 3576 acceptum
2056 3534 2121 3566 est.
2158 3539 2274 3574 neque
2307 3539 2349 3564 ea

1259 3649 1301 3686 (6)
1327 3645 1504 3679 deficiente
1514 3645 1643 3678 directo
1652 3659 1713 3679 sec.
1724 3647 1770 3685 B,
1782 3646 1914 3678 derecto
1924 3645 1978 3684 ΙΝ,
1989 3644 2117 3677 defecto
2127 3642 2179 3676 F2

1259 3692 1300 3732 (Ἰ)
1326 3693 1360 3723 et
1367 3691 1445 3724 seF
1562 3693 1606 3732 (8)
1633 3694 1670 3723 ut
1680 3690 1828 3732 (fundus)
1840 3701 1877 3723 ea
1887 3701 1983 3722 causa
1996 3689 2055 3721 filii
2068 3689 2123 3729 sit,
2134 3699 2199 3729 qua
2209 3688 2342 3719 futurus

1259 3739 1345 3767 esset
1359 3750 1420 3771 scr.
1476 3739 1520 3777 (9)
1546 3736 1699 3777 postideo
1709 3736 1743 3767 F
1840 3737 1898 3775 (10)
1925 3738 1958 3765 et
1970 3736 2026 3766 ins.
2045 3734 2132 3774 libri,
2143 3734 2204 3766 del.
2215 3733 2350 3766 Reizius
