2528 3918
149 130 389 162 SILANIANO
419 130 477 161 ET
505 130 764 162 OLAUDIANO

196 239 220 278 7
244 240 351 278 IDEM
372 240 462 276 libro
486 241 542 276 sin
570 239 671 276 αἶαν-ἰ
690 239 740 275 ad
757 243 905 276 senatus
924 240 1124 276 consultum
1145 239 1239 277 Sila-

147 287 296 338 nianum
351 290 387 321 et
424 285 461 320 in
474 287 484 307 ¹
522 285 547 320 li
574 289 668 321 ertos
710 285 1029 321 extraordinarium
1069 286 1240 322 auxilium

148 331 362 414 11:³30&th
391 375 482 411 libro

543 375 824 422 aadraqensimo
861 378 968 412 sexto
1003 376 1053 411 ad
1085 377 1239 413 edictum

147 421 301 457 Senatus
334 421 496 456 consulto

559 420 721 456 isoniano
754 424 919 464 cavetur,
951 425 1010 463 ut,
1043 421 1074 457 si
1102 431 1240 467 poenae

148 466 324 502 obnoxius
355 475 478 501 servus
508 466 680 508 venisset,
714 466 927 511 quandoque
954 466 1238 503 animadversum

146 512 183 547 in
221 521 300 547 eum
336 515 447 553 esset,
483 514 524 546 ut
557 510 721 546 venditor
779 511 908 546 retium
941 516 1159 557 praestaret,
1194 522 1239 547 ue

152 561 164 591 1
216 556 367 602 emptori
386 556 551 591 injuriam
569 555 698 591 fecisse
717 556 750 591 vi
776 560 879 591 eatur
898 561 1055 592 senatus.
1090 557 1127 593 Si
1145 556 1239 592 filius

146 601 311 643 familias,
337 602 396 646 qui
419 602 456 636 in
477 601 652 637 castrensi
672 601 812 646 peculio
834 605 986 637 testatus
1008 606 1072 645 est,
1099 602 1238 638 occisus

147 647 212 689 sit,
242 646 444 682 omnimodo
476 646 514 681 id
546 645 806 682 defendendum
838 650 910 689 est,
942 651 1000 690 ut,
1035 658 1079 683 ex
1110 647 1238 693 quibus

147 691 291 727 casibus
316 691 362 726 ad
386 691 514 727 fiscum
536 691 650 737 patris
673 691 826 727 familias
851 692 947 727 bona
965 693 1158 738 pertinent,
1182 692 1238 728 his

147 737 292 772 casibus
317 741 353 772 et
375 737 481 772 huius
505 737 702 782 peculium,
730 737 851 782 potius
876 748 983 782 quam
1007 738 1055 773 ad
1077 737 1238 780 heredem

147 782 208 827 qui
227 781 451 827 deliquerunt
467 782 504 817 in
516 781 681 818 adeundo
699 785 736 817 et
747 782 920 818 similibus
936 783 1046 818 ultive
1059 794 1132 819 non
1144 786 1238 819 sunt.

193 825 218 865 9
253 826 378 863 sams
409 827 499 863 libro
531 827 683 874 septimo
717 827 854 863 decimo
887 828 938 863 ad
967 828 1122 864 edictam
1148 839 1239 875 pro-

146 872 301 908 vinciale
346 870 435 907 Cum
466 872 554 908 fisco
587 872 726 907 caduca
757 873 852 908 bona
884 873 1042 909 defuncti
1065 873 1237 909 addican-

146 922 206 952 tur
228 920 375 962 propter
397 917 549 953 inultam
572 921 734 959 mortem,
758 918 796 953 in
819 928 900 954 eum
923 918 1122 964 legatorum
1143 919 1237 954 actio

147 962 272 998 datur:
305 965 343 998 et
372 962 556 998 libertates
588 967 690 998 ratae
721 967 807 998 sunt
839 973 964 999 eorum
988 964 1143 1007 scilicet,
1177 963 1239 1009 qui

146 1011 293 1043 senatus
318 1007 483 1044 consulto
507 1008 746 1054 excipiuntur.

196 1052 246 1091 10
271 1052 432 1089 Panos
459 1053 551 1089 libro
583 1053 769 1100 sinqalari
789 1054 839 1089 ad
861 1059 1010 1089 senatus
1034 1054 1237 1090 consultum

146 1097 375 1134 Silanianum
423 1098 461 1134 Si
483 1098 720 1135 exheredatus
736 1098 844 1142 filius,
869 1104 1061 1144 antequam
1078 1099 1239 1135 adiretur

146 1143 260 1189 patris
276 1143 470 1184 hereditas,
494 1143 635 1180 occisus
660 1143 717 1187 sit,
742 1154 788 1180 ex
804 1148 932 1180 eventu
947 1145 1168 1190 inspicietur,
1185 1147 1238 1185 ut,

147 1189 178 1223 si
201 1188 299 1224 adita
314 1188 424 1224 fuerit
440 1188 632 1231 hereditas,
658 1190 762 1234 quasi
780 1190 885 1226 alieni
900 1190 1013 1226 fuisse
1030 1190 1236 1226 videantur:

146 1234 178 1269 si
200 1244 284 1270 vero
308 1234 451 1269 irritum
473 1237 727 1270 testamentum
750 1235 887 1271 factum
920 1235 985 1278 sit,
1018 1235 1102 1281 quia
1125 1234 1237 1288 ipsius

148 1287 269 1315 essent
293 1280 323 1315 si
346 1279 479 1315 viveret
487 1280 514 1322 2,
547 1280 666 1315 omnia
715 1280 838 1317 erinde
861 1284 1018 1326 aguntur
1051 1291 1095 1316 ac
1118 1291 1150 1316 si
1173 1280 1236 1316 do-

151 1329 164 1359 1
214 1325 332 1360 minus
349 1328 453 1360 esset.
503 1324 576 1360 Sub
595 1325 674 1360 divo
725 1326 848 1361 raiano
871 1326 1106 1362 constitutum
1122 1330 1177 1361 est
1194 1325 1238 1361 de

146 1369 202 1405 his
215 1370 364 1412 libertis,
374 1380 464 1415 quos
473 1369 573 1405 vivus
583 1371 848 1413 manumiserat,
882 1371 1104 1407 uaestionem
1112 1371 1239 1407 haberi

196 1413 244 1452 11
273 1414 554 1450 TBYPHOMNUS
601 1415 692 1451 libro
741 1426 851 1452 secun
877 1427 899 1452 o
951 1416 1237 1463 disputationum

146 1459 310 1505 idemque
333 1459 402 1496 erit
424 1463 461 1495 et
485 1459 529 1496 de
553 1459 620 1502 his,
645 1460 707 1506 qui
730 1461 786 1497 ius
810 1461 998 1497 anulorum
1022 1462 1214 1507 petierant.

195 1502 246 1542 12
271 1504 432 1541 Panos
452 1505 543 1540 libro
575 1506 761 1552 se‘nqalari
782 1507 832 1542 ad
864 1510 1013 1542 senatus
1035 1506 1236 1543 consultum

146 1549 400 1586 Silanianum³
458 1549 497 1585 Si
529 1560 652 1586 servus
684 1561 707 1586 a
737 1554 912 1587 testatore
944 1552 1064 1587 occiso
1097 1552 1237 1596 legatus

146 1596 192 1631 sit
216 1600 253 1631 et
275 1599 422 1640 praetor
440 1605 506 1640 pro
522 1595 681 1640 praemio
698 1597 867 1632 statuerit
882 1597 1033 1633 liberum
1049 1607 1130 1633 eum
1147 1607 1236 1639 esse,

146 1640 335 1676 dicendum
359 1644 415 1676 est
437 1651 510 1676 non
532 1641 696 1686 impediri
719 1641 932 1678 libertatem.

197 1684 246 1724 13
282 1685 511 1721 Vnivozmvs
519 1685 772 1722 Snmmmos
793 1687 884 1723 libro
908 1689 1066 1724 secundo
1091 1687 1237 1734 depub-

146 1731 225 1767 licis
247 1730 392 1767 iudiciis
446 1731 489 1766 In
520 1731 721 1776 cognitione
753 1733 870 1778 aperti
893 1733 1065 1768 adversus
1090 1736 1237 1769 senatus

147 1776 350 1812 consultum
373 1777 578 1812 testamenti
602 1777 690 1817 eius,
714 1778 776 1822 qui
800 1788 822 1813 a
844 1777 981 1813 familia
1005 1788 1071 1813 sua
1094 1778 1237 1814 occisus

148 1822 297 1864 dicatur,
355 1822 562 1867 uinquennii
584 1826 726 1867 tempus
752 1823 986 1858 constitutum
1010 1827 1066 1859 est
1089 1828 1238 1859 senatus

147 1867 309 1903 consulto
367 1877 455 1902 auro
480 1870 517 1902 et
539 1867 677 1912 Lepido
711 1868 963 1904 consulibus⁴z
998 1868 1094 1914 quod
1117 1872 1238 1904 tamen

146 1912 194 1947 ad
225 1916 415 1948 extraneos
446 1912 610 1957 pertinet.
666 1924 820 1959 namque
851 1924 933 1956 eos,
969 1913 1030 1958 qui
1053 1913 1238 1959 parricidii

146 1968 262 2038 pogna
292 1958 406 2037 101101ὲί
436 1961 611 2038 9088011111Ιέ
648 1969 788 2004 semper
819 1969 991 1995 accusare
1023 1958 1238 2003 permittitur

146 2014 188 2038 eo
216 2013 271 2038 em
296 2013 383 2039 sena
401 2013 444 2038 us
470 2013 556 2038 cons
613 2014 644 2039 0.

195 2047 245 2085 14
270 2047 507 2083 MAECIANUS
527 2049 619 2084 libro
643 2049 831 2084 undecimo
856 2048 1071 2103 depublioz’s
1094 2049 1238 2085 iudiciis

145 2093 387 2138 Excipiuntur
417 2097 564 2128 senatus
608 2094 772 2130 consulto
809 2094 991 2130 Silamano
1034 2094 1237 2147 impuberes

146 2138 249 2174 servi.
308 2138 460 2173 Trebius
492 2143 611 2174 autem
644 2138 845 2175 Germanus
876 2140 1015 2185 legatus
1050 2144 1158 2175 etiam
1194 2139 1237 2175 de

146 2184 330 2228 impubere
354 2183 446 2218 sumi
476 2183 581 2219 iussit
613 2185 826 2230 supplicium
856 2191 894 2221 et
923 2189 1043 2220 tamen
1066 2195 1139 2220 non
1162 2185 1238 2221 sine

147 2229 303 2264 ratione:
336 2238 421 2263 nam
451 2228 482 2264 is
514 2239 604 2274 puer
634 2239 700 2265 nec
732 2229 883 2265 multum
915 2240 938 2265 a
960 2230 1087 2275 puberi
1120 2234 1238 2266 aetate

147 2275 274 2310 aberat
297 2277 333 2309 et
357 2273 403 2308 ad
427 2273 537 2318 pedes
562 2274 695 2310 domini
721 2275 897 2311 cubuerat
914 2286 996 2312 cum
1014 2275 1238 2311 occideretur

145 2330 212 2355 nec
236 2322 363 2365 postea
387 2319 532 2355 caedem
563 2320 639 2355 eius
671 2320 886 2364 prodiderat.
942 2324 984 2356 ut
1006 2321 1101 2357 enim
1134 2331 1238 2367 opem

147 2364 239 2400 ferre
252 2374 333 2399 eum
346 2374 419 2399 non
431 2365 593 2408 potuisse
605 2366 807 2410 constabat,
825 2366 877 2401 ita
893 2366 1072 2402 silentium
1084 2367 1236 2411 praesti-

146 2410 232 2445 tisse
255 2409 362 2445 etiam
386 2414 514 2454 postea
538 2414 674 2445 certum
699 2414 788 2454 erat,
820 2415 857 2447 et
879 2411 936 2447 his
960 2411 1148 2447 dumtaxat
1170 2412 1236 2446 im-

146 2455 341 2535 pugeribius
358 2455 685 2535 εἳιιαξιιεΐοᾳῃεωέο
705 2456 807 2509 parci
823 2456 1082 2537 0101101101,ὦώ
1097 2461 1238 2537 tantum

147 2511 190 2535 su
238 2510 280 2535 eo
307 2510 362 2535 em
402 2510 443 2535 ec
461 2510 481 2535 ο
522 2511 642 2536 nissen
667 2511 676 2534 :
732 2512 770 2536 ui
792 2512 876 2538 vero
901 2512 1007 2538 minis
1077 2512 1119 2538 ve
1182 2513 1237 2537 ar-

146 2545 273 2590 ticipes
309 2544 428 2580 caedis
462 2544 615 2581 fuissent
653 2550 690 2582 et
709 2512 804 2582 qeius
836 2547 986 2589 aetatis,
1023 2513 1238 2593 quamqgam

146 2590 303 2625 nondum
327 2590 490 2635 puberis,
524 2595 566 2626 ut
595 2591 647 2626 rei
669 2591 888 2627 intellectum
924 2602 1053 2637 capere
1076 2597 1236 2637 possent,

145 2636 202 2670 his
225 2646 297 2670 non
321 2635 432 2687 magis
463 2635 503 2670 in
533 2635 643 2672 caede
675 2636 809 2672 domini
840 2647 946 2682 quam
977 2637 1015 2672 iii
1045 2638 1143 2673 ulla⁶
1168 2639 1239 2674 alia

148 2691 257 2715 causa
305 2690 381 2715 arci
404 2684 579 2726 oportere.

196 2724 246 2762 15
312 2735 507 2762 ARCJANUS
528 2726 619 2762 libro
650 2727 833 2773 sinqulari
863 2727 908 2762 de
931 2727 1153 2764 delatoribus
1200 2729 1238 2764 Si

147 2781 298 2815 sequens
335 2770 467 2815 gradus
505 2771 602 2807 ultus
632 2772 742 2807 fuerit
771 2783 895 2808 necem
925 2774 1129 2815 testatoris,
1167 2775 1238 2809 anfi

147 2816 266 2861 priore
289 2816 469 2852 hereditas
494 2816 541 2851 ad
556 2817 655 2852 illum
678 2817 943 2854 transferatur?
967 2822 1003 2853 et
1027 2818 1078 2852 ait
1090 2818 1235 2863 Papini-

148 2871 238 2896 anus
256 2871 328 2896 non
344 2871 422 2896 esse
434 2862 503 2897 hoc
515 2863 547 2897 ⁷:
571 2872 655 2897 nam
671 2873 788 2908 poena
803 2863 897 2898 illius
916 2863 1021 2898 huius
1042 2864 1238 2908 praemium

153 2910 166 2941 1
217 2916 295 2942 esse
318 2917 390 2942 non
414 2906 530 2942 debet.
579 2907 668 2943 Cum
691 2918 736 2944 ex
767 2912 870 2953 parte
902 2908 1051 2944 heredi⁸
1073 2909 1238 2945 instituto

148 2951 303 2996 legatum
327 2962 469 2997 quoque
492 2956 570 2987 erat
601 2956 639 2988 et
670 2953 708 2988 in
737 2953 944 2990 ulciscenda
975 2957 1089 2989 morte
1121 2964 1238 2990 cessa-

149 3000 267 3038 verat,
300 2995 371 3031 divi
394 2996 545 3033 Severus
576 3001 614 3034 et
636 2998 837 3035 Antoninus
873 2999 1135 3044 rescripserunt
1164 3002 1238 3034 tam

149 3041 354 3077 hereditatis
379 3042 579 3087 portionem
610 3053 717 3087 quam
749 3044 905 3096 legatum
937 3044 969 3079 ei
993 3043 1236 3080 auferendum.

150 3089 170 3119 2
217 3086 416 3122 Heredibus
440 3091 572 3130 autem,
597 3089 657 3133 qui
672 3089 710 3123 in
726 3089 933 3125 ulciscenda
949 3093 1063 3125 morte
1079 3089 1239 3125 defuncti

151 3135 386 3174 cessaverant,
410 3136 485 3167 tam
514 3137 728 3170 testamento
761 3144 869 3179 quam
901 3135 946 3169 ab
982 3135 1152 3170 intestato
1176 3145 1237 3169 au-

149 3175 312 3227 feruntur
327 3177 440 3212 bona:
466 3177 559 3214 forte
576 3182 612 3214 et
629 3179 660 3214 si
677 3180 779 3224 quasi
793 3183 967 3225 patronus
983 3180 1089 3223 venit,
1115 3189 1237 3225 quam-

150 3230 203 3255 vis
226 3219 264 3255 hi
286 3231 352 3256 suo
375 3222 451 3258 iure
475 3222 721 3259 admittantur.

189 3262 251 3316 ,16
275 3264 513 3319 Mae-anos
534 3268 625 3304 libro
660 3268 870 3305 duodecimo
895 3268 1115 3315 diqestoram
1162 3269 1237 3305 Do-

150 3320 246 3345 mino
270 3319 292 3344 a
315 3310 448 3346 familia
479 3313 598 3349 occiso
629 3324 752 3349 servus
786 3314 981 3349 communis
1012 3325 1137 3350 necem
1161 3315 1238 3351 eius

151 3354 303 3407 detexit:
340 3355 462 3392 favore
500 3358 676 3394 libertatis
716 3359 807 3394 liber
839 3358 980 3404 quidem
1009 3359 1089 3395 fieri
1121 3359 1238 3402 debet,

150 3403 256 3452 pretu
279 3403 398 3479 ausseim
420 3405 558 3445 partem
581 3403 649 3439 sibi
673 3404 935 3448 contingentem
951 3404 1089 3440 socium
1113 3415 1238 3441 conse-

151 3455 213 3490 qui
237 3455 325 3490 opor
342 3455 362 3480 e
381 3472 389 3480 .

201 3487 251 3525 17
278 3490 527 3526 MODESTINUS
547 3491 638 3528 libro
662 3496 787 3529 octavo
811 3504 852 3528 re
878 3493 1021 3528 alarum
1067 3494 1173 3530 Prius
1195 3494 1239 3530 de

151 3545 190 3570 se
214 3535 349 3569 familia
371 3536 570 3580 torquenda
586 3541 641 3573 est
655 3542 701 3576 et.
727 3538 756 3574 si
774 3548 841 3574 con
868 3542 998 3582 teatur,
1023 3543 1110 3575 tunc
1129 3539 1238 3575 inter-

150 3584 308 3624 rogetur,
333 3590 403 3625 quo
427 3580 620 3618 mandante
642 3581 817 3627 flagitium
841 3583 1035 3620 admissum
1058 3585 1116 3621 sit.

152 3696 192 3734 (ss
217 3694 254 3726 in
268 3706 328 3727 om.
341 3694 377 3727 F

154 3740 198 3778 (4)
224 3752 309 3772 anno
320 3752 353 3783 p.
371 3737 445 3772 Chr.
463 3740 501 3772 11

534 3696 576 3736 (2)
599 3695 751 3728 viverent
761 3697 795 3729 F

608 3741 650 3780 (5)
673 3742 764 3773 nulla
776 3740 828 3773 Ρ*
944 3743 986 3783 (6)
1010 3752 1030 3774 a
1042 3744 1102 3775 ins.
1117 3742 1234 3775 Schul-

1231 115 1315 162 413

927 3698 972 3738 (3)
997 3697 1195 3730 silinianum
1209 3697 1245 3730 F

2134 117 2347 160 XXVIIII
2377 122 2400 159 5

1358 237 1407 278 18
1433 238 1542 275 IDEM
1568 238 1660 276 libro
1695 250 1791 274 nono
1830 240 2042 286 reqularam
2096 239 2171 275 Et⁹
2201 240 2402 277 inofficioso

1308 288 1524 321 testamento
1551 284 1652 330 queri
1675 283 1769 319 idem
1804 289 1841 320 et
1863 290 2014 320 mortem
2037 285 2219 321 vindicare
2243 285 2403 322 defuncti

1308 340 1381 366 non
1404 330 1626 376 prohibetur,
1650 329 1758 374 idque
1781 329 1917 365 Paulus
1940 330 2134 375 respondit.

1357 373 1408 413 19
1433 375 1543 410 IDEM
1560 375 1651 410 libro
1677 378 1802 410 octavo
1809 375 2075 420 pandectarum
2124 376 2215 411 Cum
2238 376 2402 413 dominus

1309 420 1504 463 occiditur,
1537 420 1708 455 auxilium
1733 419 1767 455 ei
1790 419 1926 455 familia
1957 419 2050 457 ferre
2084 421 2191 457 debet
2225 425 2262 457 et
2295 422 2401 458 armis

1308 470 1345 502 et
1367 476 1476 501 manu
1500 468 1537 501 et
1562 465 1777 501 clamoribus
1802 469 1839 501 et
1863 465 2007 501 obiectu
2033 467 2211 511 corporis:
2239 467 2335 512 quod
2359 467 2401 510 si,

1309 521 1390 546 cum
1422 514 1564 556 posset,
1597 520 1670 546 non
1702 510 1842 553 tulerit,
1878 511 2003 546 merito
2037 511 2081 546 de
2113 522 2156 548 ea
2187 512 2403 558 supplicium

1307 556 1472 592 sumitur.

1354 598 1407 638 20
1433 601 1682 636 PAPJNIANUS
1694 600 1785 636 libro
1802 601 1960 637 secundo
1973 611 2229 647 responsorum
2275 603 2401 646 Heres,

1308 646 1369 692 qui
1393 647 1519 682 veneni
1543 656 1689 682 causam
1713 646 1959 691 persequitur,
1992 656 2050 681 res
2082 646 2314 683 hereditarias
2340 658 2400 683 ur-

1306 695 1457 771 guefltgs
1498 691 1663 727 ordinare
1703 692 1811 727 salvis
1852 691 2106 736 probationum
2146 692 2286 728 indiciis
2329 704 2402 729 non

1333 747 1373 771 ro
1400 737 1412 771 i
1438 740 1529 772 etur.

1307 747 1331 782 p
1355 779 1405 818 21
1434 781 1542 816 IDEM
1562 781 1654 817 libro
1677 785 1783 817 sexto
1807 792 1848 817 re
1894 792 2063 817 onsoram
2110 782 2262 828 Propter
2276 784 2403 820 veneni

1332 827 1553 863 uaestionem
1577 830 1719 871 tempus
1742 830 1850 872 peten
1877 837 1918 863 ae
1950 828 2190 872 possessionis
2222 839 2295 864 non
2318 840 2401 873 pro-

1305 838 1434 915 gei-tur,
1460 882 1541 907 cum
1557 882 1600 907 eo
1619 882 1760 916 quoque
1777 882 1952 918 suspenso
1971 872 2116 908 crimine
2131 876 2230 909 recte
2246 877 2400 918 petatur.

1307 917 1404 952 aliud
1428 917 1572 953 senatui
1595 917 1742 962 placuit,
1768 928 1850 952 cum
1874 928 1896 952 a
1918 917 2056 953 familia
2071 917 2235 954 dominus
2253 924 2401 955 necatus

1307 962 1448 1004 dicitur,
1473 973 1656 999 servorum
1679 962 1843 998 videlicet
1868 972 1990 1006 causa,
2027 973 2178 1043 quorum
2201 963 2402 1000 libertatem

1307 1007 1526 1053 quaestionis
1569 1007 1757 1043 habendae
1800 1008 1919 1052 gratia
1960 1018 2031 1053 neg
2043 1008 2099 1054 egi
2140 1019 2288 1045 necesse
2334 1013 2401 1045 est.

1310 1057 1323 1087 1
1375 1052 1516 1098 Neptis,
1543 1062 1635 1098 quae
1659 1054 1923 1098 possessionem
1941 1053 2042 1089 aviae
2065 1054 2229 1099 petierat,
2253 1058 2403 1091 mortem

1306 1098 1384 1134 eius
1406 1097 1633 1134 interfectam
1657 1098 1772 1134 sciens
1797 1109 1870 1134 non
1886 1098 2106 1135 defenderat.
2153 1098 2402 1136 fideicommis-

1306 1154 1397 1185 sum,
1422 1142 1519 1188 quod
1543 1144 1623 1179 avia
1648 1153 1693 1179 ex
1728 1144 1798 1179 alio
1823 1147 2037 1180 testamento
2070 1144 2170 1189 nepti
2193 1144 2335 1187 debuit,
2366 1145 2404 1180 in

1305 1188 1537 1225 restituendis
1560 1188 1650 1224 fisco
1674 1189 1775 1225 bonis
1799 1200 1872 1225 non
1888 1199 1968 1225 esse
1984 1189 2231 1225 deducendum
2273 1190 2403 1226 lacuit:

1306 1233 1410 1270 dolus
1434 1234 1528 1270 enim
1551 1233 1692 1270 heredis
1710 1234 1857 1280 punitus
1881 1238 1948 1270 est.
1996 1235 2027 1271 si
2044 1239 2164 1270 autem
2180 1245 2250 1280 neg
2263 1236 2404 1280 egentia

1306 1279 1434 1315 mulier
1456 1279 1733 1316 emolumentum
1757 1280 1933 1316 bonorum
1957 1281 2126 1322 amiserit,
2152 1280 2403 1318 fideicommis-

1307 1335 1387 1360 sum
1410 1334 1490 1360 esse
1513 1325 1739 1361 retinendum
1754 1325 1932 1370 integrato
1950 1325 2027 1361 iure
2043 1325 2154 1362 debiti
2169 1326 2319 1363 rationis
2336 1329 2399 1363 est.

1307 1372 1328 1405 2
1374 1369 1557 1406 Praesidis
1591 1370 1779 1416 iniquitate
1810 1371 1882 1407 reis
1913 1371 2035 1407 illatae
2067 1371 2187 1407 caedis
2226 1372 2402 1408 absolutis

1305 1415 1511 1458 heredibus,
1545 1416 1606 1461 qui
1629 1426 1703 1452 non
1726 1415 1949 1452 defunctorie
1973 1416 2131 1453 debitum
2157 1415 2316 1452 officium
2338 1417 2402 1452 im-

1305 1460 1511 1506 pleverant,
1547 1461 1709 1506 quamvis
1748 1472 1822 1497 non
1852 1465 2131 1507 provocassent,
2168 1461 2401 1503 hereditatem

1306 1505 1443 1541 auferri
1465 1516 1539 1542 non
1561 1510 1729 1552 oportere
1751 1507 1866 1543 visum
1889 1511 1956 1543 est.

1353 1548 1407 1588 22
1432 1550 1593 1587 Panas
1607 1551 1700 1587 libro
1712 1555 1818 1588 sexto
1836 1552 1973 1588 decimo
1984 1563 2241 1597 responsorum
2289 1553 2402 1590 Gaius

1307 1595 1410 1632 Seius
1435 1607 1517 1631 cum
1540 1596 1798 1642 languesceret,
1824 1601 1974 1642 questus
1997 1602 2054 1634 est
2077 1608 2116 1634 se
2133 1608 2270 1635 veneno
2288 1599 2405 1635 occidi

1307 1652 1330 1676 a
1346 1652 1449 1677 servo
1473 1651 1539 1676 suo
1557 1644 1593 1677 et
1613 1642 1665 1677 sic
1686 1642 1902 1687 exspiravit:
1927 1643 1987 1678 cui
2007 1643 2112 1679 heres
2136 1644 2274 1680 exstitit
2288 1644 2405 1680 Lucia

1307 1686 1404 1722 Titia
1428 1697 1530 1722 soror
1553 1689 1590 1722 et
1612 1690 1764 1723 mortem
1796 1688 1872 1723 eius
1905 1688 2051 1733 exsequi
2085 1689 2242 1734 neglexit
2264 1692 2302 1725 et
2323 1690 2405 1735 ipsa

1306 1735 1390 1777 post
1414 1742 1548 1767 annum
1564 1731 1741 1767 decimum
1761 1732 1934 1768 decessit:
1959 1733 2098 1769 exstitit
2109 1734 2171 1778 qui
2194 1734 2290 1770 bona
2312 1745 2403 1770 nun-

1306 1777 1414 1812 tiaret
1439 1776 1521 1812 Gaii
1544 1776 1634 1813 Seii:
1669 1787 1815 1822 quaero,
1849 1788 1896 1813 an
1926 1783 2042 1814 morte
2066 1778 2183 1815 Titiae
2207 1779 2402 1817 extinctum

1307 1822 1355 1858 sit
1379 1822 1522 1858 crimen.
1570 1822 1706 1858 Paulus
1729 1823 1915 1868 respondit
1946 1833 2104 1867 causam,
2129 1823 2173 1860 de
2197 1834 2270 1870 qua
2293 1835 2402 1870 quae-

1306 1867 1409 1910 ritur,
1436 1878 1517 1903 cum
1541 1867 1589 1903 sit
1637 1867 1831 1910 ecuniaria‚
1851 1872 1966 1904 morte
1988 1868 2152 1915 ingratae
2174 1869 2317 1906 heredis
2340 1880 2402 1906 ex-

1309 1912 1461 1948 tinctam
1482 1923 1556 1948 non
1579 1878 1701 1949 vigeri.

1353 1955 1406 1996 23
1433 1957 1671 1994 Maecianus
1678 1958 1771 1994 libro
1784 1959 1888 1994 tertio
1902 1958 2040 1995 decimo
2045 1959 2404 2005 fideicommissorum

1308 2002 1346 2038 Si
1370 2006 1568 2048 antequam
1598 2003 1787 2049 patefieret
1817 2006 2030 2040 testatorem
2053 2005 2222 2048 occisum,
2258 2005 2404 2042 tabulae

1307 2048 1515 2084 testamenti
1539 2052 1686 2093 apertae
1711 2052 1848 2088 essent,
1883 2049 2011 2086 deinde
2041 2050 2257 2086 innotuisset
2280 2050 2317 2086 id
2341 2050 2403 2087 ad·

1306 2094 1454 2129 missum
1483 2104 1581 2136 esse,
1615 2105 1727 2130 causa
1756 2094 1899 2139 cognita
1930 2098 2018 2140 puto
2043 2095 2326 2140 compellendum
2348 2096 2403 2132 in-

1306 2139 1471 2175 stitutum
1495 2139 1594 2175 adire
1618 2139 1864 2182 hereditatem,
1890 2150 1998 2185 quam
2021 2144 2228 2185 suspectam
2251 2140 2400 2185 diceret,

1307 2188 1345 2221 et
1367 2195 1413 2220 ex
1437 2184 1665 2220 Trebelliano
1690 2189 1838 2220 senatus
1863 2186 2027 2221 consulto
2051 2186 2254 2222 restituere.

1354 2227 1409 2266 24
1439 2229 1637 2266 ULPIANUS
1657 2230 1749 2266 libro
1788 2232 1850 2266 ain
1880 2232 2065 2276 uaqesimo
2090 2231 2140 2266 ad
2162 2231 2317 2268 edictum
2364 2231 2404 2269 Si

1307 2275 1386 2320 quis
1411 2275 1516 2320 quasi
1539 2279 1745 2320 suspectam

1305 2323 1451 2356 tenetur
1473 2320 1603 2356 edicto.

1353 2363 1407 2403 25
1435 2364 1560 2401 Gelos
1587 2365 1678 2401 libro
1709 2366 1858 2409 septimo
1891 2366 2028 2402 decimo
2053 2366 2104 2402 ad
2133 2366 2288 2403 edictum
2316 2379 2402 2411 pro-

1307 2411 1462 2447 vinciale
1507 2410 1604 2456 Lege
1629 2411 1795 2447 Cornelia
1819 2416 1966 2447 cavetur
2001 2411 2045 2447 de
2068 2412 2227 2457 praemio
2251 2422 2401 2449 accusa-

1307 2456 1408 2500 toris,
1433 2456 1494 2501 qui
1517 2456 1703 2501 requisivit
1725 2460 1763 2492 et
1785 2457 2002 2492 renuntiavit
2026 2467 2087 2492 eos
2112 2466 2246 2500 servos,
2273 2458 2334 2503 qui
2357 2468 2403 2494 ex

1306 2512 1351 2538 ea
1373 2501 1510 2537 familia
1534 2505 1618 2537 ante
1643 2502 1888 2553 quaestionem
1911 2502 2086 2546 fugerint,
2118 2506 2158 2536 ut
2180 2502 2219 2537 in
2242 2502 2401 2548 singulos

1307 2557 1428 2583 servos
1453 2557 1544 2599 quos
1559 2546 1751 2582 convicerit
1774 2548 1930 2591 quinque
1953 2557 2082 2582 aureos
2103 2557 2148 2583 ex
2166 2547 2270 2583 bonis
2291 2548 2403 2584 occisi

1307 2595 1381 2633 aut,
1407 2591 1438 2627 si
1461 2592 1544 2627 inde
1566 2591 1681 2636 redigi
1696 2602 1739 2628 ea
1756 2592 1937 2644 quantitas
1954 2603 2026 2628 non
2041 2592 2167 2637 possit,
2191 2602 2236 2628 ex
2251 2593 2400 2639 publico

1306 2637 1473 2683 accipiat.
1522 2636 1618 2682 quod
1641 2647 1840 2682 praemium
1863 2647 1937 2672 non
1959 2637 1997 2671 in
2019 2647 2142 2682 omnes
2166 2648 2301 2681 servos,
2340 2639 2402 2684 qui

1307 2683 1374 2718 sub
1400 2682 1525 2718 eodem
1548 2686 1646 2718 tecto
1669 2682 1793 2718 locove
1810 2682 1954 2725 fuerint,
1980 2683 2043 2718 sed
2066 2683 2103 2717 in
2120 2693 2182 2719 eos
2206 2683 2313 2724 solos,
2339 2684 2402 2729 qui

1310 2731 1323 2762 1
1366 2727 1512 2763 caedem
1525 2727 1761 2770 admisissent,
1779 2728 1983 2764 accusatori
2000 2728 2181 2763 tribuitur.
2206 2728 2401 2765 Praeterea

1308 2777 1473 2815 cavetur,
1506 2777 1548 2808 ut
1578 2772 1622 2808 de
1645 2772 1718 2813 his,
1752 2773 1813 2818 qui
1844 2775 1928 2808 ante
1959 2773 2205 2818 quaestionem
2238 2774 2401 2810 habitam

1306 2818 1473 2863 fugerint,
1499 2818 1530 2853 si
1553 2821 1679 2862 aperto
1703 2821 1919 2854 testamento
1942 2818 2048 2854 liberi
2072 2819 2199 2864 scripti
2214 2819 2399 2856 invenian-

1307 2866 1377 2906 tur,
1402 2863 1481 2907 lege
1504 2862 1548 2898 de
1573 2863 1712 2899 sicariis
1734 2862 1908 2898 iudicium
1930 2863 1996 2898 fiat
2018 2863 2080 2907 ita,
2117 2868 2158 2899 ut
2181 2874 2227 2900 ex
2249 2864 2400 2900 vinculis

1308 2918 1456 2944 causam
1479 2907 1602 2943 dicant
1624 2911 1660 2944 et
1684 2908 1838 2944 convicti
1854 2908 2001 2953 perinde
2026 2919 2069 2944 ac
2093 2909 2186 2945 servi
2205 2910 2402 2954 puniantur

1306 2957 1344 2989 et
1365 2953 1400 2989 ei
1423 2952 1484 2998 qui
1507 2953 1701 2989 convicerit
1723 2953 1805 2989 deni
1829 2954 1929 2989 aurei
1946 2954 2095 2999 praemii
2113 2955 2256 2991 nomine
2271 2955 2398 2991 daren-

1307 3000 1327 3034 2
1374 3001 1435 3033 tur
1458 3008 1503 3033 ex
1527 2998 1629 3033 bonis
1655 2998 1823 3034 damnati.
1877 2998 1937 3034 Ex
1958 2999 2029 3035 hoc
2052 2999 2170 3036 edicto
2194 3000 2291 3036 actio
2314 3010 2397 3045 pro-

1306 3043 1481 3078 ficiscitur
1505 3047 1631 3078 contra
1654 3053 1747 3086 eum,
1773 3044 1833 3089 qui
1856 3043 2026 3081 adversus
2050 3044 2207 3081 edictum
2222 3045 2399 3090 praetoris

1306 3088 1450 3123 tabulas
1474 3088 1679 3124 testamenti
1701 3089 1884 3134 aperuisse
1902 3089 2042 3126 dicetur
2065 3089 2122 3126 vel
2144 3090 2177 3126 si
2193 3089 2279 3136 quid
2301 3088 2397 3125 aliud

1306 3133 1436 3169 fecisse
1460 3132 1614 3168 dicetur:
1639 3143 1724 3169 nam
1739 3138 1781 3169 ut
1797 3144 1842 3170 ex
1858 3145 1969 3187 supra
1985 3135 2090 3171 dictis
2107 3138 2270 3180 apparet,
2293 3135 2397 3180 plura

1307 3182 1403 3220 sunt,
1417 3181 1566 3223 propter
1578 3189 1670 3223 quae
1684 3189 1801 3224 poena
1813 3179 1920 3215 edicti
1945 3181 2140 3216 constituta
2163 3184 2230 3215 est.
2277 3179 2395 3224 palam

1307 3228 1363 3259 est
1385 3226 1506 3258 autem
1529 3224 1739 3269 popularem
1763 3225 1940 3260 actionem
1963 3235 2063 3265 esse,
2097 3225 2197 3261 cuius
2220 3234 2338 3269 poena
2360 3224 2395 3259 in

1308 3271 1451 3305 centum
1475 3278 1605 3304 aureos
1629 3279 1673 3305 ex
1698 3270 1801 3305 bonis
1826 3270 1984 3306 damnati
2008 3270 2231 3306 extenditur:
2256 3272 2292 3304 et
2314 3268 2397 3304 inde

1306 3317 1446 3359 partem
1470 3313 1648 3349 dimidiam
1672 3315 1716 3358 ei,
1741 3315 1841 3351 cuius
1860 3326 1970 3361 opera
1986 3316 2169 3351 convictus
2187 3314 2263 3353 erit,
2290 3323 2395 3358 prae-

1306 3359 1367 3394 mii
1391 3359 1534 3394 nomine
1557 3369 1597 3395 se
1621 3359 1789 3396 daturum
1811 3364 1958 3406 praetor
1973 3361 2173 3405 pollicetur,
2197 3362 2336 3404 partem
2359 3358 2397 3394 iii

1306 3404 1492 3449 publicum
1514 3403 1755 3441 redacturum.

1353 3446 1406 3485 26
1432 3448 1636 3485 SGAEVOLA
1667 3450 1759 3486 libro
1790 3451 1973 3497 trigesimo
2005 3452 2136 3495 quarto
2175 3448 2395 3494 diqestorum

1307 3493 1650 3538 Fideicommissum,
1660 3526 1664 3531 ,
1675 3495 1770 3541 quod
1787 3506 1832 3531 ex
1854 3498 2068 3531 testamento
2083 3493 2206 3528 fratris
2221 3492 2395 3545 patruelis

1308 3538 1420 3575 Gaius
1445 3538 1547 3575 Seius
1572 3539 1668 3576 Titio
1693 3540 1866 3582 debebat,
1899 3540 1943 3574 ab
1967 3538 2158 3574 heredibus
2183 3537 2255 3572 Seii
2278 3537 2394 3573 Titius

1307 3583 1466 3629 accepit:
1492 3585 1693 3630 quaesitum
1716 3590 1782 3627 est,
1808 3595 1889 3620 cum
1911 3594 2034 3619 necem
2051 3583 2131 3618 Gaii
2149 3582 2220 3617 Seii
2243 3581 2394 3618 heredes

1796 2286 1855 2312 ere
1884 2277 2005 2312 'tatem
2030 2280 2179 2313 coactus
2204 2276 2296 2320 adit,
2329 2287 2403 2313 non

1307 3697 1375 3740 tiny
1468 3698 1513 3739 (7)
1537 3707 1678 3740 aequum
1692 3699 1752 3732 ins.
1856 3699 1900 3739 (s)
1924 3696 2043 3729 herede
2056 3695 2109 3728 F²
2209 3697 2252 3737 (9)
2279 3696 2320 3727 de
2333 3697 2393 3729 ins.

1307 3742 1379 3775 dett,
1408 3743 1540 3784 quidam
