2528 3918
123 135 234 168 smw
238 135 363 166 omm

125 244 276 282 *Maevio
306 243 457 280 fundum
482 243 567 280 darc
598 242 753 289 spondes
761 244 802 287 ¹2⁹,
862 243 923 279 uia
946 243 1122 279 incertum
1145 246 1211 286 est,

125 290 197 326 utri
218 300 342 326 eorum
366 289 575 335 adquisierit
598 289 794 332 actionem,
830 289 842 324 i
868 289 964 325 circo
988 289 1123 324 inutilis
1147 288 1211 324 sti-

124 335 262 382 pulatio
285 334 524 371 existimanda
546 338 614 370 est.

171 379 219 418 11
253 379 448 416 ULPJANUS
477 379 567 415 libro
591 379 896 426 quadraqensimo
922 385 1047 415 octavo
1072 379 1122 414 ad
1144 378 1212 414 Sa-

125 426 244 462 binum
291 425 363 462 Sed
394 424 425 461 si
452 424 522 461 sibi
551 428 616 459 aut
638 424 759 460 Primo
782 429 847 459 aut
870 424 1036 460 Secundo
1060 423 1212 459 dominis

124 471 197 507 suis
222 470 268 506 sti
294 471 415 506 ulatus
435 470 493 513 sit,
518 473 554 505 et
576 469 635 504 hic
654 468 865 505 tantundem
884 470 952 504 erit
974 468 1211 514 probandum,

124 515 218 562 quod
236 482 407 559 Issanus,
428 514 588 550 inutilem
607 525 686 550 esse
706 515 985 560 stipulationem.
1010 514 1074 550 sed
1091 517 1213 549 utrum

124 561 276 597 adiectio
308 561 443 596 inutilis
476 564 531 596 est
562 564 625 595 aut
638 562 648 581 ¹
688 564 766 595 tota
795 560 978 606 stipulatio
1009 559 1108 595 utilis
1139 569 1212 594 non

124 608 204 642 est?
238 610 325 652 puto
350 605 586 641 adiectionem
609 606 722 641 solam
747 616 826 641 esse
848 605 1026 641 inutilem:
1053 615 1095 640 eo
1119 604 1212 640 enim

124 651 220 697 quod
244 652 294 687 ait
317 652 436 695 ‘mihi’,
462 651 626 687 omnibus
651 650 820 696 adquisiit
840 661 884 686 ex
904 651 1079 696 stipulatu
1099 650 1212 685 actio-

123 707 214 733 nem.
261 707 308 732 an
339 707 421 742 ergo
451 697 487 731 in
520 700 720 732 ceterorum
751 706 906 741 persona
937 696 1068 732 solutio
1093 695 1212 730 locum

125 743 256 778 habeat
292 742 452 787 exemplo
493 745 683 777 extraneae
721 742 921 787 personae?
967 745 1004 777 et
1032 744 1122 786 puto
1157 740 1213 776 vel

124 788 212 823 solvi
243 788 294 823 eis
325 797 449 833 posse,
490 787 787 832 quemadmodum
825 797 907 822 cum
938 796 1002 831 ego
1035 786 1120 820 mihi
1150 789 1214 820 aut

125 833 219 868 Titio
258 832 419 878 stipuler.
476 843 541 867 cur
572 842 655 877 ergo
688 843 769 868 cum
798 832 918 867 Primo
950 835 1014 866 aut
1046 830 1212 867 Secundo

124 878 273 913 dominis
297 878 480 923 stipulatio
506 889 579 913 non
611 878 771 913 constitit
793 887 859 912 nec
884 877 1013 912 solutio
1038 877 1116 912 est?
1150 876 1213 911 illa

124 923 215 959 ratio
241 927 312 966 est,
338 923 422 969 quia
445 934 518 958 non
541 923 756 967 invenimus,
781 923 818 957 in
843 922 945 958 cuius
969 932 1124 967 persona
1147 922 1210 958 sti-

123 968 259 1014 pulatio
284 968 455 1010 constitit,
479 968 517 1003 in
541 968 643 1003 cuius
667 967 811 1004 solutio.

172 1011 223 1051 12
249 1013 303 1049 ΡΛ
312 1023 406 1049 nos
436 1014 526 1050 libro
550 1014 686 1050 decimo
716 1014 966 1066 quaestionum
1012 1010 1107 1046 Nam
1131 1022 1213 1047 cum

124 1063 274 1105 uterque
304 1058 529 1104 obligationis
561 1069 676 1104 capax
700 1063 762 1099 sit,
795 1069 868 1094 non
891 1057 1107 1100 invenimus,
1133 1056 1212 1102 quis

123 1104 285 1140 adiectus
309 1104 371 1147 sit,
396 1104 503 1150 (101οἳ
525 1115 598 1140 non
622 1109 691 1149 est,
717 1104 778 1150 qui
801 1108 923 1150 petere
946 1102 1072 1149 possit.

173 1148 222 1188 13
255 1149 449 1186 Uipsanas
478 1150 568 1186 libro
594 1150 898 1196 quadragensimo
923 1153 1048 1185 octavo
1073 1147 1123 1183 ad
1145 1146 1212 1183 Sa-

125 1196 242 1231 binum
291 1194 380 1230 Cum
412 1195 505 1231 enim
541 1194 735 1241 stipulatur
766 1194 908 1230 domino
940 1197 1005 1230 aut
1041 1197 1212 1229 extraneo

125 1252 263 1283 servus,
296 1244 488 1286 utrumque
526 1240 722 1276 consistet³
755 1244 790 1275 et
818 1240 856 1275 in
893 1238 1027 1275 domini
1057 1248 1214 1284 persona

125 1286 308 1332 stipulatio
338 1289 376 1321 et
401 1285 441 1321 in
465 1285 627 1321 extranei
655 1286 805 1321 solutio:
839 1289 878 1320 at
900 1284 959 1320 hic
987 1283 1030 1319 τὸ
1063 1283 1213 1325 cadram

124 1342 266 1367 001-10111
291 1331 320 1366 11
343 1330 611 1376 stipulationem
634 1335 671 1366 et
693 1331 917 1367 solutionem.

172 1375 223 1414 14
281 1386 446 1412 munus
482 1376 574 1412 libro
615 1377 720 1411 tertio
757 1377 807 1411 ad
849 1373 1008 1412 Urseium
1041 1375 1211 1411 Ferocem

123 1422 253 1458 Servus
277 1432 377 1458 meus
402 1432 483 1457 cum
506 1421 604 1468 apud
626 1421 744 1457 furem
767 1426 873 1464 esset,
898 1421 971 1457 furi
995 1420 1074 1456 dari
1097 1420 1212 1466 stipu-

123 1468 217 1503 latus
247 1471 321 1504 est:
358 1470 465 1512 negat
493 1466 566 1502 furi
595 1466 717 1502 deberi
741 1466 928 1511 Sabinus,
948 1466 1033 1512 quia
1057 1476 1099 1501 00
1124 1470 1212 1502 tem-

123 1523 225 1559 pore,
256 1524 326 1559 quo
359 1512 552 1558 stipulatus
585 1516 657 1556 est,
690 1512 723 1548 ei
753 1523 826 1548 non
859 1513 1022 1548 serviret:
1060 1511 1124 1547 sed
1147 1522 1213 1547 nec

124 1569 187 1604 ego
212 1569 257 1594 ex
280 1569 324 1594 ea
347 1557 577 1603 stipulatione
600 1568 705 1603 agere
727 1562 865 1603 potero.
908 1557 973 1594 sed
996 1557 1028 1593 si
1051 1557 1214 1592 detracta

122 1604 212 1640 furis
235 1614 391 1650 persona
413 1603 606 1649 stipulatus
631 1607 703 1647 est,
735 1603 823 1639 mihi
869 1603 988 1638 uidem
1011 1602 1059 1637 ad
1085 1602 1215 1637 uiritur

123 1649 235 1693 actio,
267 1648 332 1685 sed
360 1648 433 1684 furi
454 1659 522 1684 nec
544 1648 706 1684 mandati
729 1659 796 1684 nec
825 1659 848 1684 a
875 1658 898 1684 a
921 1648 1015 1684 actio
1041 1658 1063 1683 a
1090 1658 1213 1684 versus

123 1704 179 1730 me
202 1694 283 1730 dari
306 1693 423 1730 debet.

172 1738 222 1777 15
235 1742 249 1762 ⁵
272 1739 550 1775 Faoasa'mws
571 1739 661 1775 libro
686 1743 812 1775 octavo
836 1739 1100 1775 institutionum
1133 1738 1214 1774 Sive

124 1785 211 1821 mihi
241 1785 314 1821 sive
345 1784 415 1821 sibi
438 1784 511 1820 sive
535 1795 706 1821 conservo
730 1795 796 1820 suo
829 1784 902 1820 sive
924 1784 1213 1830 impersonaliter

123 1830 203 1866 dari
224 1841 348 1867 servus
370 1840 469 1866 meus
494 1829 698 1876 stipuletur,
721 1829 808 1877 mihi
831 1829 1007 1875 adquiret.

172 1873 223 1913 16
247 1875 407 1912 ΡΔσισει
428 1875 518 1912 libro
543 1879 674 1922 quarto
698 1877 909 1929 reqularum
956 1875 1087 1911 Servus
1111 1875 1212 1910 here-

129 1921 275 1960 ditarius
319 1920 442 1957 futuro
486 1921 611 1956 heredi
656 1920 866 1956 nominatim
902 1920 982 1956 dari
1021 1920 1067 1956 sti
1093 1921 1213 1955 ulatus

124 1966 213 2002 nihil
236 1966 338 2046 agit,f
360 1966 444 2012 quia
468 1965 709 2012 stipulationis
732 1970 893 2011 tempore
916 1967 1020 2003 heres
1074 1966 1213 2001 ominus

124 2012 200 2048 eius
223 2022 298 2048 non
335 2011 399 2047 uit.

174 2055 223 2094 17
250 2056 478 2092 Pomomvs
506 2057 596 2092 libro
627 2067 723 2092 nono
755 2057 805 2092 ad
832 2056 1006 2092 Sabinum
1054 2056 1093 2092 Si
1117 2067 1213 2092 com-

125 2103 240 2139 munis
265 2113 386 2138 servus
419 2112 519 2138 meus
550 2106 587 2138 et
609 2106 694 2137 tuus
719 2102 812 2137 viam
836 2102 891 2137 vel
922 2102 990 2137 iter
1013 2102 1070 2138 vel
1093 2105 1214 2137 actum

125 2148 172 2183 sti
197 2148 318 2184 uletur
356 2148 432 2183 sine
463 2147 665 2183 adiectione
694 2147 847 2183 nominis
877 2146 1009 2190 nostri,
1043 2157 1124 2183 cum
1147 2157 1212 2192 ego

125 2202 164 2229 so
179 2204 223 2229 00
245 2192 394 2228 fundum
417 2192 571 2228 vicinum
594 2192 759 2235 habeam,
784 2193 852 2228 soli
874 2192 964 2228 mihi
984 2202 1063 2229 eam
1087 2192 1212 2238 adqui·

124 2239 187 2275 rit:
212 2239 308 2284 quod
331 2242 367 2274 et
389 2238 445 2274 si⁶
473 2241 514 2273 tu
544 2237 695 2274 fundum
718 2238 870 2281 habeas,
902 2238 990 2275 mihi
1012 2248 1154 2284 quoque
1176 2237 1214 2274 in

125 2284 280 2320 solidum
302 2283 454 2320 servitus
477 2283 688 2328 adquiritur.

175 2327 225 2368 18
251 2328 497 2365 Pinarum
524 2329 615 2365 libro
641 2329 831 2364 vicensimo
855 2330 1006 2376 septimo
1032 2329 1212 2375 quaestio-

125 2386 210 2410 num
258 2374 297 2410 Si
330 2384 451 2410 servus
482 2374 679 2410 communis
702 2373 837 2410 Maevii
865 2378 901 2410 et
933 2374 1126 2410 castrensis
1149 2384 1211 2419 pe-

126 2420 212 2456 culii
241 2419 409 2456 defuncto
441 2419 516 2455 11110
545 2418 698 2455 familias
723 2419 850 2464 milite,
883 2423 1074 2465 antequam
1107 2419 1214 2455 adeat

125 2465 307 2501 institutus
343 2464 597 2506 hereditatem,
630 2464 836 2511 stipuletur,
868 2465 982 2507 socio,
1023 2465 1084 2510 qui
1116 2465 1212 2500 solus

127 2511 269 2546 interim
292 2510 456 2547 dominus
478 2510 676 2553 invenitur,
700 2514 778 2546 tota
802 2510 985 2556 stipulatio
1010 2514 1212 2555 quaeretur,

127 2556 294 2636 quoniam
313 2559 452 2602 partem
474 2566 548 2591 non
570 2555 658 2591 facit
680 2555 859 2591 hereditas
884 2555 982 2591 eius⁷
1008 2566 1099 2601 quae
1122 2567 1212 2591 non-

151 2613 211 2636 um
240 2605 304 2638 est.
352 2611 426 2637 non
457 2601 567 2643 enim,
598 2600 631 2636 si
685 2601 741 2636 uis
764 2600 931 2636 heredem
961 2601 1115 2636 existere
1138 2600 1212 2637 filio

126 2646 279 2683 familias
309 2646 439 2682 dixerit
464 2646 586 2682 statim
609 2649 646 2681 et
695 2645 903 2681 ereditatem
927 2646 1004 2681 eius
1026 2645 1098 2681 iam
1124 2657 1212 2689 esse,

128 2702 346 2737 consequens
371 2691 454 2733 erit,
489 2702 570 2726 cum
602 2691 812 2726 beneficium
843 2691 1094 2736 principalium
1127 2702 1211 2727 con-

128 2737 353 2773 stitutionum
375 2737 413 2771 in
436 2747 478 2772 eo
502 2736 622 2772 locum
644 2736 770 2778 habet,
802 2740 843 2771 ut
865 2735 961 2772 filius
991 2736 1145 2772 familias
1170 2737 1213 2773 de

126 2782 266 2828 peculio
290 2781 417 2817 testari
433 2781 565 2827 possit:
591 2781 685 2826 quod
701 2781 922 2826 privilegium
942 2786 1071 2826 cessat,
1095 2782 1212 2828 prius·

130 2831 146 2862 1
197 2837 303 2873 quam
321 2830 572 2863 testamentum
589 2825 747 2862 aditione
765 2826 873 2862 fuerit
890 2826 1148 2863 confirmatum.
1175 2827 1214 2863 Si

127 2882 251 2908 servus
275 2871 363 2907 Titii
385 2876 423 2907 et
444 2872 573 2907 Maevii
595 2875 750 2917 partem,
777 2882 869 2917 quae
893 2872 1026 2908 Maevii
1049 2876 1120 2916 est,
1145 2872 1214 2908 sibi

128 2917 207 2953 dari
236 2917 445 2963 stipuletur,
474 2917 574 2952 nulla
604 2917 651 2952 sti
676 2917 787 2953 ulatio
820 2921 891 2960 est,
930 2927 1026 2960 cum,
1062 2917 1093 2953 si
1116 2917 1212 2954 Titio

128 2962 207 2998 dari
234 2962 425 3008 stipulatus
453 2961 598 3005 fuisset,
662 2962 725 2997 itio
756 2962 1012 3016 adquireretur.
1062 2963 1158 3009 quod
1182 2964 1213 2999 si

128 3008 335 3053 simpliciter
371 3011 547 3052 concepta
578 3010 633 3043 est
665 3007 865 3053 stipulatio,
896 3008 1024 3044 veluti:
1063 3012 1212 3055 ‘partem

130 3057 219 3088 ‘eam
230 3054 254 3096 ⁸,
279 3063 371 3098 quae
393 3052 525 3088 Maevii
549 3056 619 3095 est,
645 3052 730 3088 dare
753 3053 943 3099 spondes?
975 3064 1046 3089 non
1070 3053 1211 3090 adiecto

131 3099 247 3140 ‘mihi'‚
283 3109 395 3143 prope
430 3102 502 3140 est,
534 3101 593 3140 ut,
626 3098 710 3143 quia
741 3098 818 3134 sine
850 3097 934 3135 vitio
959 3103 1134 3145 concepta
1158 3103 1213 3135 est

129 3143 332 3189 stipulatio,
378 3147 550 3189 sequatur
586 3142 661 3179 eius
699 3153 905 3224 plersonam,
947 3144 1049 3180 cuius
1080 3149 1211 3191 potest.

130 3192 150 3224 2
197 3188 327 3224 Servus
364 3193 470 3234 capto
509 3188 650 3223 domino
683 3198 705 3222 a
764 3189 930 3225 hostibus
963 3190 1104 3225 domino
1135 3190 1213 3225 dari

129 3233 175 3269 sti
201 3234 321 3269 ulatus
353 3238 417 3269 est.
466 3233 624 3287 quamvis
657 3243 748 3278 quae
779 3234 845 3269 sim
872 3234 987 3270 liciter
1018 3235 1213 3280 stipulatur

129 3289 169 3314 ve
206 3279 252 3314 ab
276 3278 345 3314 alio
370 3283 523 3324 accepit,
557 3278 665 3314 etiam
688 3277 735 3313 ad
758 3245 924 3314 1101080111
948 3280 1080 3326 captivi
1103 3281 1211 3325 perti-

129 3327 216 3359 nent
232 3323 399 3368 aliudque
421 3325 468 3360 sit
490 3324 578 3360 iuris
598 3324 636 3358 in
658 3333 813 3376 persona
836 3324 910 3367 filii,
934 3326 1019 3370 quia
1041 3335 1108 3361 nec
1125 3329 1213 3360 tunc

127 3368 197 3404 fuit
226 3369 265 3404 in
290 3373 489 3422 potestate,
521 3380 603 3405 cum
627 3372 672 3404 sti
698 3368 970 3411 ularetur,‘nec
1001 3374 1128 3416 postea
1151 3370 1213 3406 de-

128 3413 361 3459 prehendltur
384 3416 439 3458 (ut
457 3417 593 3458 servus)
616 3414 655 3449 in
703 3413 873 3449 ereditate
882 3414 908 3457 ⁹,
930 3418 1049 3451 tamen
1072 3416 1110 3451 in
1128 3426 1212 3462 pro—

130 3459 246 3504 posito
273 3462 394 3504 potest
424 3460 563 3504 quaeri.
596 3470 682 3495 num
706 3469 749 3494 ex
771 3458 840 3494 hac
871 3459 1101 3512 stipulatione
1125 3461 1214 3496 nihil

130 3503 344 3549 adquisitum
366 3504 489 3540 heredi
511 3505 670 3547 videtur,
702 3503 878 3549 quomodo
903 3515 934 3540 si
964 3515 1086 3542 servus
1110 3506 1213 3542 here-

129 3618 170 3659 (1)
194 3628 236 3650 011
253 3617 302 3650 F2
389 3619 432 3659 (2)
457 3618 501 3650 sit
512 3618 602 3661 quia]
615 3618 660 3650 sit
670 3618 784 3659 itaque
795 3630 856 3651 scr.
946 3621 990 3658 (3)
1014 3619 1172 3652 consistat
1186 3620 1220 3652 F

131 3665 173 3703 (4)
198 3665 234 3695 id
246 3670 311 3696 est.-
336 3662 554 3704 aequabilitas
623 3665 666 3704 (5)
692 3665 731 3707 cf.
748 3664 827 3696 Inst.
842 3664 874 3704 3,
886 3669 918 3696 17
927 3676 981 3707 pr.
1053 3666 1097 3706 (6)
1122 3664 1211 3706 quod

130 3707 159 3739 si
172 3709 204 3739 et
215 3720 277 3740 scr.
372 3712 414 3748 (7)
440 3708 511 3741 eius
522 3709 582 3741 del.
676 3713 720 3748 (8)
744 3718 848 3740 meam
867 3709 898 3740 F
978 3712 1021 3750 (9)
1045 3709 1211 3742 heredita-

131 3752 242 3786 temF
301 3753 360 3794 (ιο)
384 3751 546 3795 relinquit
563 3754 595 3785 F
649 3755 704 3794 (11)
730 3753 856 3785 dederit
871 3754 898 3785 S
954 3755 1013 3797 (12)
1040 3755 1211 3798 ch.41‚

1202 115 1292 164 73?

2107 126 2315 168 XXXXV
2347 131 2371 168 3

1283 241 1434 277 ditarius
1466 240 1637 277 defuncto
1661 246 1725 277 aut
1748 244 1854 279 etiam
1879 245 1998 281 heredi
2031 247 2152 283 futuro
2177 247 2371 294 stipulatus

1281 287 1420 323 fuisset.
1468 287 1531 322 sed
1554 286 1593 322 in
1615 286 1684 322 hac
1709 289 1827 340 specie
1850 301 1973 327 servus
1996 291 2070 327 filio
2095 294 2371 339 exaequabitur:

1281 343 1365 368 nam
1396 335 1433 368 et
1464 332 1496 368 si
1517 331 1614 367 filius
1646 334 1779 378 captivi
1813 336 1909 387 patri
1945 347 2009 372 suo
2042 338 2234 383 stipulatus
2264 339 2374 375 fuerit

1281 377 1380 420 dari,
1414 387 1472 413 res
1503 376 1543 412 in
1599 376 1741 412 endenti
1772 384 1839 414 ent
1871 385 1907 415 01
1937 382 1967 417 01
1998 387 2101 428 pater
2123 383 2221 429 apud
2251 384 2372 420 hostes

1281 422 1487 466 decesserit,
1511 433 1535 457 n
1587 422 1644 457 ius
1661 424 1831 459 momenti
1847 425 2023 462 videbitur
2044 427 2155 464 fuisse
2177 430 2371 474 stipulatio,

1282 474 1301 502 3
1350 468 1518 513 quoniam
1543 467 1619 510 alii,
1652 478 1726 502 non
1756 468 1825 504 sibi
1857 470 2047 515 stipulatus
2072 478 2136 508 est.
2185 474 2273 509 Cum
2298 485 2372 510 ser·

1280 524 1345 548 vus
1377 512 1599 549 fructuarius
1632 523 1761 559 operas
1793 524 1877 549 suas
1909 518 2063 553 locasset
2094 522 2130 554 et
2161 530 2201 555 eo
2232 521 2374 556 nomine

1280 559 1471 638 ffiuniam
1506 559 1545 593 in
1583 568 1697 594 annos
1738 558 1895 604 singulos
1927 560 2005 596 dari
2044 563 2233 608 stipulatus
2267 569 2371 608 esset,

1334 604 1382 639 'to
1406 603 1528 639 fructu
1560 603 1703 639 domino
1736 604 1870 639 residui
1901 608 2069 651 temporis
2093 609 2230 654 adquiri
2257 611 2371 655 stipu-

1281 649 1450 685 lationem
1468 649 1629 685 Iulianus
1653 649 1828 694 scriptum
1851 650 1994 696 reliquit
2006 655 2044 688 ¹⁰.
2081 665 2172 698 quae
2197 656 2372 691 sententia

1281 694 1368 729 mihi
1398 694 1539 730 videtur
1567 694 1772 730 firmissima
1803 695 1941 731 ratione
1965 698 2135 734 subnixa:
2177 710 2259 735 nam
2283 701 2314 736 si
2336 701 2374 736 in

1281 749 1396 775 annos
1428 740 1522 775 forte
1551 741 1708 785 quinque
1738 740 1870 776 locatio
1903 741 2002 777 facta
2033 744 2096 787 sit,
2129 746 2295 789 quoniam
2319 747 2372 780 in-

1282 789 1420 820 certum
1452 789 1524 829 est,
1565 785 1705 820 fructus
1743 785 1782 820 in
1823 796 1927 831 quem
1968 787 2059 823 diem
2092 789 2284 826 duraturus
2316 791 2372 835 sit,

1282 830 1504 875 singulorum
1541 840 1717 866 annorum
1749 830 1851 866 initio
1893 831 2065 878 cuiusque
2098 835 2182 869 anni
2220 836 2374 880 pecunia

1281 874 1484 911 fructuario
1517 879 1766 920 quaereretur:
1806 877 2003 912 secundum
2035 889 2125 923 quae
2149 890 2221 916 non
2244 882 2374 916 transit

1282 920 1328 956 ad
1352 921 1505 956 alterum
1529 921 1727 966 stipulatio,
1752 921 1816 958 sed
1840 922 2032 967 unicuique
2056 928 2193 959 tantum
2218 925 2371 970 adquiri-

1281 971 1354 1008 tur,
1380 970 1554 1011 quantum
1576 967 1669 1002 ratio
1693 967 1781 1003 iuris
1804 967 1989 1012 permittit.
2016 979 2097 1004 nam
2122 974 2158 1005 et
2182 981 2262 1005 cum
2282 971 2374 1006 idem

1283 1021 1406 1047 servus
1437 1011 1490 1046 ita
1521 1011 1729 1056 stipuletur:
1764 1015 1946 1058 ‘quantam
1975 1015 2163 1058 pecuniam
2192 1015 2258 1050 tibi
2280 1016 2375 1051 intra

1284 1057 1396 1091 ‘illum
1420 1056 1514 1092 diem
1538 1056 1688 1100 dedero,
1725 1062 1866 1092 tantam
1888 1058 1966 1093 dari
1991 1060 2145 1104 spondes
2156 1061 2183 1095 ‘2'
2220 1061 2257 1096 in
2287 1072 2373 1106 pen—

1283 1102 1381 1138 denti
1405 1106 1478 1145 est,
1513 1102 1592 1148 quis
1618 1113 1662 1138 ex
1686 1103 1861 1149 stipulatu
1890 1104 1938 1139 sit
1967 1104 2155 1141 habiturus
2179 1107 2372 1142 actionem:

1282 1147 1314 1183 si
1343 1147 1437 1183 enim
1467 1158 1511 1183 ex
1546 1158 1586 1183 re
1618 1148 1808 1184 fructuarii
1841 1149 1898 1184 vel
1930 1150 2047 1195 operis
2084 1150 2157 1186 suis
2189 1153 2374 1196 pecuniam

1283 1192 1466 1236 dedero¹²,
1499 1193 1719 1237 fructuario,
1754 1195 1785 1229 si
1807 1204 1892 1230 vero
1916 1195 2071 1239 aliunde,
2097 1195 2238 1232 domino
2262 1197 2374 1243 stipu-

1282 1239 1368 1273 latio
1394 1243 1599 1284 quaeretur.

1332 1282 1423 1321 1912
1455 1283 1658 1320 SCAEVOLA
1693 1284 1785 1320 libro
1819 1286 1922 1320 tertio
1957 1286 2092 1321 decimo
2126 1288 2375 1332 quaestionum

1283 1329 1321 1364 Si
1355 1329 1494 1365 alienus
1531 1339 1653 1365 servus
1690 1330 1831 1365 duobus
1872 1331 1989 1366 bonae
2022 1330 2107 1367 fidei
2141 1332 2296 1368 serviens
2332 1343 2376 1368 ex

1282 1374 1390 1410 unius
1422 1385 1546 1410 eorum
1569 1385 1608 1410 re
1633 1374 1816 1420 adquirat,
1841 1377 1933 1411 ratio
1958 1376 2061 1419 facit,
2086 1380 2127 1412 ut
2150 1378 2184 1412 ei
2206 1387 2251 1413 ex
2275 1378 2374 1413 cuius

1282 1430 1321 1456 re
1346 1420 1518 1466 ad'quisiit
1532 1421 1557 1442 ¹³
1588 1420 1626 1456 id
1647 1424 1766 1456 totum
1787 1421 1820 1456 ei
1843 1421 2029 1466 adquirat,
2061 1422 2133 1458 sive
2156 1423 2190 1458 ei
2213 1424 2376 1468 solisive

1283 1466 1386 1512 quasi
1417 1466 1558 1501 duobus
1589 1466 1738 1501 serviat:
1763 1476 1849 1501 nam
1869 1470 1907 1502 et
1929 1467 1966 1502 in
1989 1467 2081 1502 veris
2112 1468 2262 1505 dominis
2287 1480 2374 1514 quo-

1283 1511 1376 1547 tiens
1400 1511 1544 1556 utrique
1568 1511 1780 1556 adquiritur,
1804 1512 1937 1547 totiens
1949 1517 2071 1558 partes
2096 1513 2253 1559 adquiri:
2280 1518 2374 1550 cete·

1282 1567 1361 1592 rum
1384 1556 1415 1592 si
1433 1557 1496 1592 alii
1514 1567 1587 1592 non
1608 1556 1828 1602 adquiratur,
1854 1558 1964 1593 alium
1984 1559 2136 1593 solidum
2156 1559 2376 1600 habiturum.

1282 1602 1391 1647 igitur
1415 1602 1539 1637 eadem
1558 1602 1651 1637 ratio
1676 1603 1744 1638 erit
1763 1606 1801 1638 et
1822 1603 1860 1637 in
1883 1614 1948 1648 pro
1978 1604 2081 1645 osito,
2106 1609 2147 1639 ut
2167 1605 2227 1640 hic
2250 1615 2373 1640 servus

1283 1648 1440 1690 alienus,
1474 1647 1535 1693 qui
1558 1647 1645 1683 mihi
1669 1651 1706 1683 et
1727 1648 1794 1684 tibi
1817 1649 1914 1684 bona
1952 1649 2007 1684 'de
2031 1649 2157 1693 servit,
2181 1650 2267 1685 mihi
2291 1651 2374 1686 soli-

1283 1692 1368 1728 dum
1397 1703 1443 1728 ex
1470 1703 1510 1728 re
1542 1703 1621 1728 mea
1653 1693 1837 1738 adquirat,
1871 1694 1955 1739 quia
1984 1695 2050 1730 tibi
2073 1705 2145 1730 non
2168 1699 2288 1740 potest
2311 1696 2375 1731 ad-

1284 1738 1388 1783 quiri,
1412 1737 1536 1784 (11110Μ
1559 1749 1632 1774 11011
1656 1738 1703 1774 011
1726 1749 1771 1774 ex
1794 1749 1834 1774 re
1857 1742 1932 1774 tua.

1329 1782 1382 1821 20
1403 1784 1460 1819 ΡΑ
1468 1793 1562 1819 ULUS
1579 1784 1670 1820 libro
1717 1785 1818 1820 uinto
1838 1785 1975 1821 decimo
1994 1787 2244 1832 quaestionum
2267 1786 2376 1822 Liber

1282 1829 1388 1864 homo
1424 1829 1521 1864 bona
1552 1829 1622 1864 fide
1651 1829 1697 1863 m'
1725 1830 1738 1864 i
1768 1830 1896 1866 servit:
1937 1831 2131 1876 stipulatur
2162 1842 2206 1867 ex
2235 1843 2273 1867 re
2297 1842 2376 1867 mea

1283 1874 1339 1910 vel
1363 1884 1407 1910 ex
1431 1875 1550 1920 operis
1576 1874 1650 1910 suis
1670 1875 1841 1920 Stichum,
1867 1876 1928 1921 qui
1951 1877 2063 1922 ipsius
2083 1881 2153 1913 est:
2178 1878 2290 1922 magis
2309 1882 2374 1920 est,

1285 1924 1326 1955 ut
1349 1919 1436 1954 mihi
1460 1920 1505 1955 ad
1532 1920 1644 1962 uirat‚
1682 1920 1766 1965 quia
1789 1925 1826 1956 et
1850 1922 1881 1956 si
1904 1931 2026 1957 servus
2051 1926 2144 1958 esset
2166 1933 2286 1966 meus,
2311 1923 2373 1958 ad-

1286 1965 1443 2011 quireret
1466 1931 1577 2017 1011111
1613 1976 1680 2001 1100
1705 1966 1798 2001 enim
1822 1967 1911 2002 illud
1943 1967 2014 2003 dici
2039 1967 2159 2012 debet,
2192 1968 2294 2014 quasi
2315 1968 2375 2003 ille

1307 2021 1425 2056 uoque
1463 2021 1501 2046 in
1539 2011 1679 2056 peculio
1719 2011 1794 2047 eius
1831 2016 1937 2048 esset.
1985 2012 2049 2048 sed
2088 2013 2119 2048 si
2151 2024 2196 2048 ex
2227 2024 2266 2049 re
2296 2024 2375 2049 mea

1309 2056 1462 2098 tichum‚
1503 2056 1565 2100 qui
1601 2066 1702 2092 meus
1742 2060 1812 2101 est,
1850 2057 2060 2103 stipulatur,
2099 2058 2167 2094 sibi
2199 2059 2373 2104 adquiret.

1287 2104 1301 2135 1
1351 2101 1459 2146 Apud
1479 2101 1686 2137 Labeonem
1708 2101 1761 2137 ita
1784 2102 1956 2148 scriptum
1982 2107 2051 2138 est:
2076 2103 2188 2139 filium
2212 2108 2247 2139 01
2266 2104 2375 2139 11110111

1281 2146 1320 2181 111
1343 2157 1410 2182 000
1441 2150 1619 2192 potestate
1650 2150 1755 2192 pater
1782 2148 1974 2184 intestatus
2003 2149 2146 2194 reliquit
2159 2150 2202 2184 ¹⁵:
2235 2149 2308 2184 filia
2333 2159 2373 2184 00

1282 2192 1401 2227 01111110
1424 2192 1494 2227 fuit
1518 2202 1669 2238 semper,
1694 2197 1736 2228 ut
1759 2193 1977 2229 existimaret
2000 2193 2087 2229 nihil
2111 2194 2158 2229 ad
2182 2205 2220 2230 se
2243 2205 2288 2230 ex
2311 2195 2372 2230 he-

1281 2237 1435 2273 reditate
1466 2238 1580 2283 patris
1609 2238 1808 2283 pertinere:
1851 2239 1977 2275 deinde
2015 2239 2128 2274 frater
2159 2240 2234 2276 eius
2265 2240 2373 2275 filiam

1281 2283 1485 2329 procreavit
1508 2286 1545 2319 et
1574 2293 1654 2318 eam
1675 2283 1850 2320 infantem
1879 2284 2022 2330 reliquit
2033 2286 2076 2320 ¹⁵:
2110 2289 2247 2321 tutores
2272 2296 2372 2320 servo

1283 2329 1376 2363 avito
1402 2329 1478 2364 eius
1501 2329 1549 2363 im
1577 2333 1782 2373 eraverunt,
1814 2333 1856 2364 ut
1880 2330 1924 2364 ab
1951 2341 2001 2374 eo,
2028 2330 2085 2365 cui
2108 2341 2166 2366 res
2190 2331 2246 2366 avi
2269 2331 2371 2366 here-

1283 2373 1405 2409 ditatis
1429 2339 1683 2417 vendiderunt,
1715 2375 1966 2420 stipularetur,
1992 2379 2126 2421 quanta
2148 2376 2302 2428 pecunia
2325 2375 2371 2410 ad

1283 2429 1363 2454 eum
1391 2419 1630 2465 pervenisset:
1664 2429 1708 2455 ex
1732 2430 1775 2455 ea
1805 2420 2033 2465 stipulatione
2070 2421 2191 2466 ¹⁶qu1d
2213 2421 2371 2467 pupillae

1282 2464 1500 2509 adquisitum
1524 2464 1589 2507 sit,
1622 2469 1707 2510 peto
1731 2466 1920 2501 rescribas.
1968 2466 2121 2502 Paulus:
2153 2469 2208 2502 est
2231 2466 2371 2511 quidem

1282 2520 1404 2545 verum
1438 2511 1535 2546 bona
1564 2509 1635 2545 fide
1666 2521 1871 2555 possessum
1908 2521 2046 2547 servum
2077 2522 2121 2546 ex
2143 2522 2183 2547 re
2213 2512 2289 2547 eius
2314 2511 2370 2546 cui

1282 2554 1391 2591 servit
1423 2555 1655 2600 stipulantem
1683 2556 1884 2601 possessori
1916 2556 2121 2602 adquirere:
2160 2556 2223 2592 sed
2247 2557 2278 2592 si
2300 2566 2369 2598 res,

1282 2610 1375 2646 quae
1411 2611 1455 2636 ex
1486 2600 1686 2637 hereditate
1718 2602 1775 2636 avi
1799 2612 2003 2637 communes
2026 2601 2186 2646 fuerunt,
2226 2602 2264 2637 in
2286 2611 2368 2637 ven-

1282 2646 1452 2681 ditionem
1481 2646 1691 2682 hereditatis
1723 2651 1896 2682 venerunt
1909 2649 1947 2689 ¹⁷,
1986 2658 2060 2684 non
2088 2647 2229 2683 videtur
2258 2657 2302 2682 ex
2330 2657 2370 2682 re

1281 2691 1440 2771 pgpillae
1474 2695 1590 2727 totum
1632 2691 1785 2737 pretium
1825 2692 1991 2737 stipulari
2029 2692 2178 2739 ideoque
2210 2692 2370 2737 utrisque

1281 2747 1304 2772 a
1353 2736 1449 2772 uirit.

1360 2781 1378 2819 1
1417 2782 1448 2816 V
1449 2792 1645 2818 nummus
1665 2783 1756 2818 libro
1774 2783 1897 2829 primo
1922 2784 1972 2818 sti
1996 2782 2196 2819 ulationum
2233 2782 2270 2817 Si
2294 2792 2368 2816 ser·

1282 2838 1346 2863 vus
1369 2828 1566 2863 communis
1588 2828 1641 2863 ita
1665 2828 1873 2873 stipuletur:
1906 2828 1965 2863 ‘ka
1981 2828 2080 2864 endis
2103 2827 2277 2863 Ianuariis
2307 2827 2366 2861 de-

1282 2876 1370 2908 ‘cem
1399 2872 1495 2908 Titio
1534 2877 1598 2908 aut
1634 2873 1774 2909 Maevio
1812 2873 1981 2917 dominis,
2022 2877 2101 2908 uter
2131 2883 2251 2908 eorum
2282 2876 2367 2906 tunc

1282 2918 1402 2960 ‘vivet,
1434 2918 1520 2953 dare
1551 2918 1706 2963 spondes
1716 2918 1759 2960 ?’,¹
1792 2919 1953 2954 inutilem
1990 2929 2066 2954 esse
2101 2917 2364 2962 stipulationem

1280 2963 1440 2999 Iulianus
1464 2964 1604 3007 scribit,
1636 2963 1720 3007 quia
1749 2974 1821 2998 non
1850 2964 2006 3009 possit¹⁸
2034 2964 2071 2998 in
2099 2962 2264 3008 pendenti
2287 2971 2365 2996 esse

1281 3009 1327 3045 sti
1354 3009 1464 3044 ulatio
1494 3019 1560 3043 nec
1592 3018 1783 3056 apparere,
1816 3008 1889 3043 utri
1919 3019 2041 3044 eorum
2065 3008 2111 3043 sit
2140 3006 2363 3052 adquisitum.

1327 3019 1381 3091 {2
1406 3054 1612 3089 Nsflarws
1633 3054 1723 3088 libro
1746 3054 1902 3089 seeundo
1927 3064 2178 3100 responsorum
2219 3051 2365 3102 Seryum

1280 3099 1517 3135 fructuarium
1542 3109 1585 3133 ex
1617 3108 1656 3133 re
1680 3098 1812 3133 domini
1836 3099 2008 3134 inutiliter
2031 3097 2227 3133 fructuario
2252 3101 2363 3140 stipu-

1280 3144 1360 3186 lari,
1385 3144 1529 3179 domino
1554 3153 1599 3179 ex
1622 3154 1662 3178 re
1684 3143 1872 3179 fructuarii
1897 3145 2031 3179 utiliter
2054 3142 2227 3187 stipulari.

1327 3187 1380 3227 23
1411 3188 1572 3224 Panos
1600 3189 1690 3224 libro
1722 3200 1818 3225 nono
1850 3190 1900 3224 ad
1932 3189 2114 3224 Plautium
2161 3185 2295 3220 Eadem
2319 3185 2363 3219 de

1281 3246 1324 3270 οο
1349 3233 1501 3270 dicenda
1523 3238 1618 3276 sunt,
1643 3233 1701 3269 cui
1724 3244 1812 3270 usus
1834 3234 1971 3278 legatus
1996 3237 2060 3268 est.
2353 3272 2361 3280 ·

1329 3277 1383 3317 24
1414 3279 1621 3315 Nssaurms
1649 3278 1740 3314 libro
1772 3280 1927 3315 secundo
1957 3285 2208 3324 responsorum
2259 3273 2309 3307 Et
2332 3283 2363 3324 01

1283 3325 1434 3360 duorum
1462 3334 1551 3359 usus
1574 3323 1712 3359 fructus
1737 3324 1800 3366 sit,
1832 3323 1926 3369 quod
1949 3333 1994 3358 ex
2022 3321 2139 3366 operis
2162 3318 2236 3353 suis
2260 3318 2362 3352 alten

1282 3380 1404 3405 eorum
1429 3369 1620 3414 stipulatus
1645 3369 1702 3411 sit,
1726 3380 1792 3414 pro
1817 3378 1859 3403 ea
1882 3368 2065 3403 dumtaxat
2086 3367 2198 3410 parte,
2223 3373 2267 3398 ex
2291 3372 2362 3406 qua

1282 3426 1369 3450 usus
1391 3413 1533 3450 fructus
1555 3414 1633 3450 eius
1657 3414 1713 3458 sit,
1738 3413 1887 3458 adquiri.
2166 3454 2173 3461 ·
2351 3427 2365 3459 .-

1327 3457 1381 3497 25
1415 3459 1642 3495 VENULEIUS
1663 3459 1752 3494 libro
1777 3457 1984 3493 duodecimo
2008 3454 2277 3505 stipulatzonum
2324 3450 2361 3486 S1

1283 3515 1405 3541 servus
1437 3504 1674 3540 hereditarius
1710 3503 1898 3548 stipulatus
1930 3500 2037 3535 fuerit
2066 3503 2102 3533 et
2134 3497 2361 3532 fideiussores

1299 2058 1305 2069 1

1280 3626 1305 3660 1,
1317 3625 1364 3660 28,
1377 3625 1393 3651 3
1471 3620 1528 3659 (13)
1554 3618 1585 3650 ei
1598 3628 1637 3650 ex
1650 3616 1744 3648 cuius
1757 3625 1792 3647 re
1803 3613 1964 3655 adquisiit
1976 3613 2038 3645 del.
2114 3613 2172 3651 (14)
2197 3609 2286 3652 (10οᾱ
2295 3622 2358 3643 scr.

1280 3665 1339 3704 (15)
1364 3662 1527 3704 relinquit
1540 3663 1575 3696 F
1680 3663 1740 3702 (16)
1766 3670 1807 3691 ne
1819 3661 1877 3692 ins.
1894 3659 1926 3690 F
2036 3658 2094 3697 (17)
2119 3656 2296 3687 venierunt
2311 3654 2360 3687 F*

1280 3710 1341 3749 (18)
1366 3708 1443 3749 quia
1456 3709 1558 3749 possit
1571 3717 1637 3738 non
1651 3718 1710 3737 scr.

2044 3802 2087 3837 9³
