2528 3918
184 116 436 161 XXXXVII
466 122 504 162 3.
529 122 555 161 4

674 267 733 306 111
743 266 770 305 ¹.

508 342 572 375 DE
595 342 736 376 TlGNO
759 343 938 393 IUNOTO.

231 419 247 457 1
285 419 479 456 Uheuzws
507 418 599 454 libro
628 419 834 466 triqensimo
857 420 1008 467 septimo
1032 418 1082 454 ad
1109 418 1262 455 edictum

182 466 258 501 Lex
300 463 486 500 duodecim
523 463 727 500 tabularum
764 475 880 516 neque
918 464 1055 500 solvere
1090 463 1264 509 permittit

182 511 318 555 tignum
348 508 517 545 furtivum
547 508 695 544 aedibus
726 509 781 545 vel
810 509 920 545 vineis
957 509 1119 544 iunctum
1148 519 1194 545 ne
1220 519 1263 545 ue

182 555 362 591 vindicare
385 557 422 598 (q
423 553 495 589 uod
516 553 743 599 providenter
765 554 824 590 lex
846 554 981 596 effecit,
1012 564 1057 589 ne
1086 553 1141 589 vel
1164 563 1207 590 ae

181 600 263 636 ficia
291 599 360 635 sub
382 599 451 635 hoc
478 602 669 652 praetextu
692 598 881 635 diruantur
904 598 960 634 vel
983 598 1164 634 vinearum
1184 598 1262 651 cul-

181 650 264 680 tura
279 645 475 687 turbetur):
499 643 615 679 sedin
629 654 720 688 eum,
741 644 801 690 qui
821 643 1003 679 convictus
1024 647 1079 679 est
1094 643 1262 687 iunxisse,

186 695 200 725 1
249 690 287 725 in
317 689 465 742 duplum
496 688 560 724 dat
587 689 774 725 actionem.
822 688 925 733 Tigni
954 691 1074 723 autem
1104 698 1126 723 a
1177 688 1261 724 ella-

181 735 279 771 tione
309 734 511 786 continetur
541 734 654 770 omnis
683 734 847 776 materia,
889 743 933 768 ex
961 743 1034 778 qua
1065 743 1107 768 ae
1171 734 1263 769 cium

182 783 340 821 constet,
375 779 569 824 vineaeque
597 779 811 815 necessaria.
859 777 953 813 unde
990 777 1133 823 quidam
1163 779 1264 813 aiunt

182 824 337 870 tegulam
367 834 508 878 quoque
538 827 575 859 et
604 823 758 877 lapidem
789 826 826 859 et
848 827 977 859 testam
1001 827 1208 868 ceteraque,
1233 823 1264 858 si

182 880 253 915 qua
275 868 448 904 aedificiis
470 872 556 905 sunt
579 868 679 904 utilia
698 868 808 913 (tigna
831 868 923 903 enim
946 878 970 903 a
992 867 1142 920 tegendo
1167 868 1264 904 dicta

182 915 311 957 sunt2),
343 913 413 949 hoc
437 913 588 958 amplius
621 918 656 949 et
679 914 812 948 calcem
836 916 871 948 et
893 913 1063 948 harenam
1087 913 1264 958 tignorum

180 958 812 1040 fffisffssffissfflssnmzssssassz
826 957 1265 1048 ἛοιξέἓῖξιὲἱὲωιῖΡέἕέι

180 1049 339 1102 perticae
369 1048 591 1101 pedamenta.
639 1048 710 1083 Sed
742 1053 777 1083 et
805 1047 850 1083 ad
879 1048 1118 1101 exhibendum
1146 1048 1265 1084 danda

181 1098 238 1130 est
267 1094 378 1131 actio.
417 1104 484 1130 nec
515 1093 607 1129 enim
644 1093 746 1138 parci
784 1096 927 1138 oportet
963 1093 1011 1136 ei,
1053 1093 1115 1138 qui
1148 1093 1264 1128 sciens

181 1140 334 1192 alienam
364 1149 439 1175 rem
469 1138 627 1174 aedificio
656 1138 802 1174 inclusit
837 1120 1029 1174 vinxitve3:
1069 1149 1143 1174 non
1173 1138 1264 1173 enim

181 1185 234 1221 sic
253 1195 335 1221 eum
355 1184 583 1220 convenimus
604 1182 706 1236 quasi
723 1182 976 1228 possidentem,
996 1182 1059 1218 sed
1077 1182 1141 1226 ita,
1162 1183 1265 1228 quasi

182 1230 263 1266 dolo
287 1229 382 1265 malo
404 1228 539 1272 fecerit,
564 1239 634 1273 quo
657 1227 775 1263 minus
796 1228 992 1273 possideat.

227 1273 253 1313 2
276 1275 383 1311 IDEM
403 1274 493 1310 libro
517 1273 822 1326 quadraqensimo
844 1273 1003 1308 secundo
1027 1272 1077 1308 ad
1091 1271 1265 1309 Sabinum

181 1320 252 1356 Sed
275 1320 306 1356 si
335 1329 531 1371 proponas
550 1317 639 1362 tigni
666 1317 787 1353 furtivi
817 1318 958 1353 nomine
980 1318 1128 1354 aedibus
1152 1318 1264 1371 iuncti

179 1369 320 1407 actum,
345 1363 534 1400 deliberari
556 1363 704 1408 poterit,
729 1373 776 1398 an
799 1363 1021 1399 extrinsecus
1045 1363 1091 1399 sit
1114 1363 1166 1399 rei
1189 1363 1264 1399 vin-

182 1410 325 1446 dicatio.
374 1414 410 1445 et
432 1418 511 1445 esse
533 1418 607 1444 non
629 1407 765 1444 dubito.

666 1569 746 1608 1111
754 1568 781 1608 ⁴.

181 1647 223 1681 SI
258 1647 317 1689 IS,
352 1646 434 1683 QUI
467 1645 770 1679 TESTAMENTO
801 1646 944 1678 LIBER
973 1647 1083 1680 ESSE
1115 1647 1266 1680 IUSSUS

181 1692 309 1733 ERIT,
350 1691 462 1724 POST
498 1690 693 1723 MORTEM
726 1691 896 1724 DOMINI
930 1692 1053 1724 ANTE
1088 1692 1266 1724 ADITAM

181 1735 517 1771 HEREDITATEM
547 1735 840 1818 {351}ssssngfo
833 1735 960 1814 UR,AUT
991 1736 1266 1770 CORRUPISSE

231 1858 250 1896 1
286 1858 480 1895 Uipuivvs
507 1857 597 1893 libro
636 1858 844 1910 triqeusimo
876 1861 1001 1894 octavo
1034 1859 1084 1895 ad
1113 1859 1265 1895 edictum

183 1904 222 1940 Si
252 1903 335 1939 dolo
365 1902 460 1938 malo
489 1902 586 1944 eius,
607 1902 680 1947 qui
702 1903 793 1938 liber
815 1913 894 1939 esse
924 1903 1042 1940 iussus
1067 1905 1150 1948 erit,
1184 1908 1267 1949 post

182 1953 333 1985 mortem
365 1947 499 1984 domini
527 1952 610 1983 ante
641 1947 773 1983 aditam
809 1948 1043 1984 hereditatem
1079 1950 1115 1984 in
1150 1950 1266 1992 bonis,

207 2005 276 2030 uae
315 1993 390 2029 eius
421 1993 584 2035 fuerunt,
615 1993 676 2037 qui
705 2003 786 2045 eum
822 1993 974 2029 liberum
1002 2005 1081 2030 esse
1111 1994 1266 2037 iusserit,

199 2044 320 2076 actum
342 2049 421 2074 esse
445 2038 600 2081 dicetur,
625 2049 695 2090 quo
719 2038 836 2090 minus
860 2049 905 2073 ex
927 2039 983 2075 his
1007 2039 1110 2075 bonis
1135 2040 1181 2075 ad
1204 2040 1267 2075 he-

182 2085 303 2121 redem
326 2083 482 2137 aliquid⁵
538 2086 724 2118 ervemret:
754 2083 791 2118 ιιι
814 2093 895 2118 eum
923 2084 1019 2120 intra
1041 2096 1175 2120 annum
1198 2085 1266 2120 uti-

186 2134 202 2165 1
251 2130 320 2165 lem
343 2128 455 2181 dupli
465 2129 503 2163 iu
530 2128 634 2163 cium
658 2127 774 2164 datur.
821 2128 922 2164 Haec
945 2134 1064 2165 autem
1087 2130 1193 2172 actio,
1227 2133 1269 2165 ut

182 2175 305 2211 Labeo
331 2173 488 2225 scripsit,
513 2174 713 2208 naturalem
734 2173 854 2218 potius
877 2174 914 2208 in
937 2185 977 2210 se
1001 2185 1137 2228 quam
1132 2175 1267 2211 civilem

183 2221 295 2256 habet
317 2222 547 2264 aequitatem,
571 2218 603 2254 si
625 2218 766 2264 quidem
789 2219 900 2254 civilis
924 2219 1044 2255 deficit
1067 2220 1180 2256 actio:
1205 2220 1267 2272 sed

186 2269 317 2301 natura
347 2274 500 2316 aequum
528 2268 583 2299 est
614 2274 686 2299 non
722 2273 801 2299 esse
827 2264 1040 2316 impunitum
1075 2276 1172 2309 eum,
1208 2266 1269 2310 qui

188 2312 254 2346 hac
277 2320 341 2356 spe
364 2309 537 2345 audacior
558 2308 676 2344 factus
701 2313 772 2353 est,
805 2309 888 2353 quia
918 2320 1037 2363 neque
1057 2314 1098 2345 ut
1128 2321 1268 2346 servum

184 2367 223 2392 se
248 2355 404 2392 coerceri
453 2364 533 2390 osse
555 2354 727 2399 intellegit
758 2364 822 2399 spe
844 2354 1057 2391 imminentis
1080 2355 1267 2398 libertatis,

183 2412 229 2437 ne
254 2411 299 2437 ue
328 2404 370 2435 ut
397 2365 549 2434 ligerum
589 2399 768 2440 damnari,
800 2399 884 2444 quia
912 2400 1103 2436 hereditati
1132 2400 1269 2436 furtum

184 2447 286 2489 fecit,
324 2446 395 2481 hoc
433 2448 488 2480 est
518 2444 698 2487 dominae,
738 2444 901 2480 dominus
932 2450 1053 2482 autem
1084 2446 1268 2482 dominave

184 2503 256 2527 non
284 2493 438 2544 possunt
467 2489 601 2525 habere
630 2489 718 2524 furti
748 2489 927 2526 actionem
950 2501 1032 2526 cum
1064 2500 1166 2527 servo
1190 2501 1266 2534 suo,

185 2536 345 2588 quamvis
373 2538 500 2588 postea
529 2534 575 2570 ad
597 2534 799 2570 libertatem
828 2536 1029 2580 pervenerit
1057 2536 1112 2571 vel
1135 2536 1266 2572 aliena-

183 2587 243 2618 tus
268 2582 332 2626 sit,
366 2580 436 2616 nisi
459 2580 490 2615 si
517 2583 646 2625 postea
678 2589 818 2632 quoque
850 2581 1137 2616 contrectaverit.
1186 2591 1206 2617 e
1228 2592 1268 2617 re

183 2627 306 2672 itaque
337 2635 415 2661 esse
442 2629 590 2678 praetor
618 2625 756 2678 putavit
779 2624 1007 2661 calliditatem
1031 2630 1067 2661 et
1095 2627 1267 2672 protervi-

184 2676 296 2708 tatem
322 2671 466 2713 horum,
506 2670 567 2715 qui
602 2669 818 2706 hereditates
849 2669 893 2706 de
893 2672 1128 2725 populantur,
1169 2671 1268 2725 dupli

186 2721 207 2752 2
254 2716 417 2752 actione⁶
435 2725 611 2751 coercere.
646 2714 749 2750 Non⁷
770 2715 859 2751 alias
878 2716 1058 2751 tenebitur
1074 2716 1143 2752 iste
1160 2717 1267 2752 liber-

186 2767 257 2804 tus,
282 2771 389 2806 quam
411 2760 443 2796 si
466 2760 547 2795 dolo
572 2759 657 2805 quid
680 2759 872 2812 dissipasse
920 2765 1128 2806 roponatur.
1162 2762 1269 2808 culpa

186 2810 307 2842 autem
328 2805 409 2850 negl
453 2805 619 2850 entiaque
642 2804 734 2840 servi
766 2809 851 2850 post
873 2806 897 2840 li
923 2810 1073 2842 ertatem
1096 2811 1268 2843 excusata

186 2856 258 2894 est,
298 2850 361 2886 sed
393 2815 500 2895 cffipa
537 2849 618 2885 dolo
653 2850 821 2902 proxima
854 2850 973 2886 dolum
1011 2856 1266 2904 repraesentat.

186 2895 337 2949 proinde
360 2895 391 2930 si
414 2894 499 2946 quid
522 2894 642 2929 damni
672 2894 770 2930 dedit
793 2895 868 2930 sine
891 2895 989 2939 dolo,
1022 2897 1178 2932 cessabit
1200 2897 1269 2933 ista

187 2942 300 2984 actio,
331 2940 489 2991 quamvis
518 2939 607 2974 alias
631 2940 776 2984 Aquilia
806 2944 949 2976 tenetur
977 2941 1023 2977 ob
1046 2941 1132 2984 hoc,
1173 2942 1269 2988 quod

188 2987 355 3022 damnum
378 2984 707 3037 qualiterqualiter⁸
730 2984 876 3021 dederit.
916 2986 1025 3022 habet
1038 2986 1168 3039 itaque
1191 2998 1268 3023 cer-

187 3036 263 3067 tum
285 3031 392 3066 finem
414 3029 485 3066 ista
507 3029 621 3071 actio,
652 3034 694 3064 ut
716 3034 751 3064 et
774 3029 855 3066 dolo
886 3031 1013 3066 fecerit
1035 3031 1103 3067 iste
1127 3035 1163 3067 et
1183 3035 1267 3078 post

187 3080 336 3129 mortem
361 3073 495 3111 domini
516 3078 553 3110 et
576 3078 659 3109 ante
682 3074 815 3110 aditam
837 3075 1079 3112 hereditatem.
1113 3080 1268 3113 ceterum

188 3122 219 3158 si
243 3121 319 3157 sine
342 3119 440 3163 dolo,
472 3123 537 3155 aut
559 3118 641 3154 dolo
666 3119 823 3171 quidem,
854 3131 976 3157 verum
1005 3121 1083 3157 vivo
1115 3122 1267 3174 domino,

188 3177 262 3202 non
297 3165 476 3201 tenebitur
515 3164 584 3199 hac
614 3168 771 3199 actione:
809 3166 893 3209 quin
921 3166 1028 3202 immo
1059 3170 1096 3202 et
1126 3167 1156 3202 si
1186 3171 1269 3220 post

187 3214 337 3247 mortem
366 3213 451 3262 post
484 3209 617 3245 aditam
657 3209 927 3254 ”hereditatem,
967 3211 1123 3247 cessabit
1153 3211 1266 3247 actio:

189 3266 272 3292 nam
301 3255 365 3291 ubi
394 3254 492 3290 adita
518 3253 697 3290 hereditas
727 3258 800 3297 est,
840 3256 910 3291 iam
939 3256 1042 3302 quasi
1070 3256 1160 3292 liber
1183 3267 1267 3292 con·

189 3305 210 3338 3
255 3300 367 3336 veniri
388 3303 518 3346 potest.
559 3298 653 3344 Quid
675 3302 805 3341 tamen,
830 3301 860 3336 si
884 3301 951 3337 sub
975 3301 1184 3337 condicione
1207 3311 1268 3337 ac-

190 3346 286 3392 cepit
313 3345 534 3380 libertatem?
580 3353 665 3379 ecce
702 3344 858 3380 nondum
897 3345 988 3381 liber
1025 3349 1096 3382 est.
1136 3346 1199 3382 sed
1229 3350 1270 3382 ut

189 3401 313 3427 servus
334 3393 455 3442 potest
478 3388 653 3425 coerceri.
682 3387 815 3424 idcirco
840 3390 1026 3426 dicendum
1049 3395 1104 3426 est
1128 3401 1269 3427 cessare

190 3440 211 3471 4
258 3436 352 3470 hanc
387 3434 574 3470 actionem.
621 3432 692 3469 Sed
721 3433 784 3469 ubi
813 3434 959 3470 libertas
991 3437 1162 3489 competit
1184 3447 1267 3472 con-

189 3481 310 3523 tinuo,
342 3478 530 3515 dicendum
553 3482 608 3515 est
631 3488 737 3523 posse
759 3483 796 3515 et
825 3479 953 3515 debere
976 3481 1069 3516 hanc
1092 3481 1269 3517 actionem

235 3597 274 3638 (1)
300 3594 436 3629 Sab.—
446 3594 532 3628 Bas.
543 3596 649 3636 60,12,
659 3601 705 3627 93.
716 3601 752 3628 94
821 3594 864 3635 (2)
888 3592 983 3636 tigna
994 3594 1082 3627 enim
1094 3605 1113 3626 a
1126 3595 1267 3638 tegendo

191 3640 279 3673 dieta
290 3642 369 3673 sunt
380 3639 442 3674 dol.
535 3639 579 3681 (3)
602 3639 753 3671 iunxitve
766 3638 945 3682 Hoffmann

237 3689 278 3724 (ι)
305 3685 384 3718 Sab.
398 3692 423 3718 i.
436 3691 471 3724 23
496 3685 561 3718 Ed.
575 3690 602 3717 ³.
615 3701 662 3707 —
685 3684 763 3716 Bas.
778 3686 833 3724 6⁰,
846 3691 877 3717 13
993 3688 1034 3720 (5)
1058 3683 1187 3725 aliquid
1203 3684 1264 3717 del.

193 3730 236 3765 (ἃ)
261 3728 468 3771 dupliatione
481 3728 541 3769 Ρ,
554 3728 593 3762 de
605 3728 830 3770 publicatione
844 3728 892 3761 F·
953 3737 994 3766 (η
1019 3733 1126 3760 autem
1143 3731 1200 3761 ins.
1219 3729 1267 3761 F*

1253 116 1342 164 774

1334 3641 1385 3671 tas
1396 3638 1554 3681 competit
1566 3639 1628 3671 del.

1491 98 1622 181 ἿΒΕ
1650 130 1791 163 ‘nouo
1821 131 1998 163 nmero.
2047 132 2087 164 sl
2114 133 2156 166 Is
2184 133 2262 175 Qm
2289 135 2408 167 TEST.

1569 200 1599 209 x
1608 205 1611 207 ,

1331 243 1351 275 5
1399 239 1478 276 dari
1495 239 1666 278 adversus
1683 251 1775 285 eum,
1800 240 1861 287 qui
1883 240 2043 293 pervenit
2063 240 2110 277 ad
2127 241 2336 279 libertatem.
2371 243 2410 280 Si

1331 295 1456 321 servus
1486 295 1582 338 pure
1609 284 1748 340 legatus
1778 290 1862 322 ante
1895 285 2029 322 aditam
2063 286 2292 324 hereditatem
2326 288 2411 341 quid

1331 329 1513 382 admiserit
1529 341 1568 365 m
1587 329 1794 375 hereditate,
1817 330 2005 367 dicendum
2025 335 2090 374 est,
2114 332 2197 377 quia
2219 331 2412 369 domimum

1331 378 1352 409 6
1398 373 1436 409 ιιι
1458 384 1501 410 eo
1525 378 1696 418 mutatur,
1720 358 1804 412 huic
1825 376 1958 429 actioni
1980 378 2097 412 locum
2114 386 2204 412 esse.
2239 377 2289 412 Et
2305 387 2410 423 gene·

1330 419 1452 454 raliter
1487 419 1656 462 dicimus,
1720 431 1766 456 uo
1805 431 1892 457 casu
1921 421 1958 455 in
1993 431 2095 456 servo
2133 420 2323 457 dominium
2357 423 2412 459 vel

1331 467 1490 500 mutatur
1523 463 1580 500 vel
1612 464 1787 501 amittitur
1820 465 1875 501 vel
1908 465 2056 501 libertas
2083 466 2259 518 competit
2269 468 2297 488 ¹⁰
2330 472 2413 512 post

1331 508 1555 544 intervallum
1572 509 1752 545 modicum
1770 510 1889 546 aditae
1905 510 2124 553 hereditatis,
2148 521 2191 547 eo
2213 521 2299 547 casu
2319 511 2412 547 hanc

1334 557 1351 586 7
1401 554 1578 589 actionem
1613 553 1873 599 indulgendam.
1926 555 1997 591 Sed
2029 556 2059 591 si
2090 555 2413 592 fideicommissaria

1331 597 1478 634 libertas
1498 609 1599 634 servo
1620 598 1705 634 data
1712 565 1783 642 gsit,
1807 599 2013 652 quidquid¹¹
2033 601 2071 636 in
2089 600 2286 637 hereditate
2303 602 2411 636 male-

1332 642 1402 678 ficii
1426 642 1586 687 admisit,
1618 626 1789 696 numquid
1818 654 1891 680 non
1920 645 2018 696 prius
2043 648 2191 690 cogatur
2212 645 2314 681 heres
2338 656 2412 699 ma-

1332 687 1532 731 numittere,
1582 698 1664 723 uam
1686 689 1716 723 si
1735 688 1971 724 satisfecerit?
1995 694 2049 725 est
2068 693 2188 725 autem
2207 690 2413 735 saepissime

1332 738 1368 767 et
1391 743 1414 767 a
1437 732 1517 769 divo
1524 699 1666 769 idai-co
1690 738 1727 769 et
1749 734 1795 769 ab
1818 734 2032 779 imperatore
2062 739 2184 770 nostro
2209 745 2289 770 cum
2336 739 2414 771 atre

1332 777 1543 823 rescriptum
1589 789 1662 814 non
1706 778 1869 858 imtpediri
1913 778 2274 815 fideicommissariam
2307 746 2414 816 Eber-

1333 826 1459 865 tatem,
1498 833 1589 867 quae
1623 834 1712 869 pure
1769 827 1829 858 ata
1865 827 1929 859 est.
1977 823 2077 860 divus
2109 834 2195 860 sane
2228 824 2373 860 Marcus
2387 826 2413 846 ¹²

1333 867 1516 920 rescripsit
1535 868 1710 903 arbitrum
1729 878 1773 903 ex
1794 868 1987 904 continenti
2006 868 2170 912 dandum,
2195 869 2292 922 apud
2310 880 2414 914 quem

1333 912 1425 948 ratio
1450 917 1623 957 ponatur:
1663 913 1726 949 sed
1748 914 1817 948 hoc
1848 913 2062 958 rescriptum
2085 913 2131 949 ad
2154 915 2327 950 rationem
2349 925 2413 959 po-

1334 957 1487 992 nendam
1514 958 1671 1010 pertinet
1702 963 1823 1000 actus,
1857 968 1961 1003 quem
1991 968 2112 994 servus
2143 958 2413 995 administravit

1333 1002 1490 1038 arbitror
1511 1002 1618 1047 igitur
1637 1006 1673 1038 et
1691 1003 1750 1038 hic
1771 1014 1878 1048 posse
1897 1003 1990 1038 hanc
2009 1003 2183 1039 actionem
2204 1014 2281 1040 com
2309 1008 2412 1039 etere

1334 1050 1354 1081 8
1402 1047 1507 1082 ‘Ante
1531 1047 1664 1082 aditam
1694 1048 1936 1084 hereditatem’
1968 1048 2020 1084 sic
2055 1049 2216 1108 accipere
2247 1048 2290 1085 de
2316 1059 2414 1085 emus

1335 1094 1429 1127 ‘ante
1455 1102 1537 1127 uam
1566 1093 1621 1128 vel
1651 1093 1696 1128 ab
1726 1104 1797 1129 uno
1832 1093 1981 1128 adeatur
2004 1093 2210 1129 hereditas’:
2247 1104 2331 1129 nam
2353 1093 2415 1130 ubi

1333 1139 1353 1171 9
1400 1147 1442 1172 ve
1476 1148 1569 1173 unus
1591 1137 1675 1181 adit,
1699 1138 1867 1191 competit
1886 1138 2044 1189 libertas.
2079 1137 2117 1174 Si
2134 1138 2291 1184 pupillus
2311 1139 2414 1175 heres

1332 1181 1517 1218 institutus
1543 1182 1589 1218 sit
1611 1186 1648 1218 et
1671 1193 1693 1218 a
1725 1183 1919 1219 substituto
1944 1183 2019 1218 eius
2049 1182 2196 1219 libertas
2227 1184 2312 1219 data
2341 1194 2414 1220 me-

1333 1227 1461 1279 ilioque
1497 1231 1656 1279 tempore
1725 1228 1875 1263 uaedam
1910 1227 2160 1264 admittantur:
2207 1229 2239 1264 si
2275 1229 2415 1274 quidem

1332 1271 1411 1308 vivo
1433 1272 1571 1325 pupillo
1597 1273 1682 1318 quid
1718 1273 1810 1308 uerit
1833 1273 1978 1316 factum,
2002 1273 2121 1309 locum
2140 1284 2211 1309 non
2230 1284 2309 1310 esse
2331 1274 2415 1309 huic

1333 1317 1482 1352 actioni.
1509 1317 1564 1352 sin
1583 1328 1664 1354 vero
1685 1322 1768 1371 post
1785 1323 1946 1361 mortem,
1969 1323 2158 1363 antequam
2203 1319 2258 1354 uis
2281 1330 2330 1365 pu
2355 1319 2415 1355 illo

1336 1365 1377 1397 10
1425 1362 1644 1406 succederet,
1669 1363 1844 1398 actionem
1866 1364 1971 1399 istam
1994 1364 2112 1399 locum
2135 1363 2182 1398 ha
2208 1373 2278 1399 ere.
2352 1374 2416 1416 aec

1333 1407 1427 1443 actio
1463 1408 1581 1443 locum
1615 1390 1724 1444 h’abet
1754 1420 1826 1444 non
1860 1414 2000 1443 tantum
2029 1408 2068 1461 ιιι
2097 1408 2220 1453 rebus,
2258 1419 2352 1462 quae
2379 1409 2417 1444 in

1334 1452 1436 1487 bonis
1466 1452 1613 1488 fuerunt
1643 1454 1839 1497 testatoris,
1871 1453 1935 1489 sed
1968 1457 2003 1489 et
2026 1453 2057 1488 si
2086 1436 2228 1489 heredi's
2256 1453 2417 1490 interfuit

1334 1497 1455 1533 dolum
1478 1498 1609 1533 malum
1632 1498 1824 1534 admissum
1847 1509 1920 1534 ιιοιι
1943 1508 2040 1543 esse,
2074 1509 2143 1543 quo
2166 1498 2283 1535 minus
2308 1499 2354 1534 ad
2377 1509 2417 1535 se

1333 1542 1542 1588 perveniiet.
1591 1546 1627 1578 et
1661 1543 1741 1578 ideo
1773 1543 1943 1579 Scaevola
1982 1526 2120 1589 plenius
2149 1547 2282 1579 tractat
2320 1548 2357 1580 et
2386 1544 2417 1580 si

1335 1598 1412 1622 cam
1433 1598 1508 1623 rem
1529 1588 1766 1640 subripuisset
1784 1599 1918 1632 servus,
1943 1599 2049 1633 quam
2069 1588 2258 1625 defunctus
2278 1588 2416 1634 pignori

1334 1637 1560 1685 acceperat,
1557 1633 1652 1668 hanc
1676 1634 1852 1669 actionem
1875 1634 2101 1670 honorariam
2124 1634 2242 1687 locum
2264 1634 2414 1670 habere:

1334 1677 1474 1730 plemus
1506 1677 1598 1714 enim
1634 1689 1779 1714 causam
1814 1679 1990 1715 bonorum
2028 1679 2086 1714 hic
2123 1678 2316 1724 accipimus
2351 1691 2416 1731 pro

1335 1722 1501 1758 utilitate.
1547 1733 1630 1758 nam
1660 1724 1692 1759 si
1723 1723 1761 1758 ιιι
1790 1723 1909 1759 locum
1939 1723 2134 1760 deficientis
2157 1723 2243 1759 furti
2265 1724 2417 1760 actionis

1335 1771 1491 1821 propter
1505 1768 1710 1804 servitutem
1733 1768 1826 1804 hanc
1850 1769 2025 1804 actionem
2049 1768 2233 1804 substituit
2260 1774 2416 1814 praetor,

1336 1813 1526 1848 verisimile
1546 1817 1601 1849 est
1622 1813 1660 1848 in
1680 1814 1842 1850 omnibus
1862 1814 1979 1850 causis
2003 1824 2095 1856 eum,
2118 1813 2157 1849 in
2203 1814 2308 1850 uibus
2330 1814 2416 1850 furti

1335 1857 1404 1909 agi
1415 1858 1550 1902 potuit,
1575 1858 1815 1894 substituisse.
1852 1863 1888 1894 et
1909 1859 1947 1894 in
1970 1869 2107 1894 summa
2129 1869 2193 1904 pro
2220 1863 2302 1894 atur
2324 1859 2415 1895 hanc

1336 1902 1511 1938 actionem
1541 1907 1576 1938 et
1606 1904 1644 1938 in
1673 1904 1780 1939 rebus
1813 1904 2005 1949 pigneratis
2035 1908 2071 1939 et
2101 1904 2139 1939 ιιι
2161 1904 2268 1940 rebus
2292 1904 2416 1940 alienis

1337 1948 1432 1984 bona
1467 1948 1536 1983 fide
1600 1949 1749 1984 ossessis
1780 1949 1898 1984 locum
1934 1949 2083 1984 habere:
2115 1948 2208 1984 idem
2239 1953 2275 1985 et
2303 1949 2347 1985 de
2377 1959 2416 1985 re

1339 1996 1376 2028 11
1427 2004 1563 2029 commo
1590 1998 1650 2029 ata
1672 1994 1847 2029 testatori.
1891 1993 1982 2030 Item
2005 1995 2036 2030 si
2058 1994 2196 2029 fructus
2245 1999 2301 2030 ost
2322 2005 2415 2030 mor-

1335 2041 1406 2073 tem
1436 2039 1618 2074 testatoris
1650 2043 1838 2084 perceptos
1867 2039 1925 2074 hic
1956 2050 2095 2082 servus,
2126 2050 2189 2092 qui
2233 2039 2418 2075 'bertatem

1334 2083 1518 2134 prospicit,
1544 2085 1835 2129 contrectaverit,
1860 2084 1960 2120 locus
1985 2085 2052 2120 erit
2073 2083 2158 2120 huic
2180 2084 2329 2121 actioni:
2355 2085 2418 2121 sed

1336 2132 1371 2163 et
1394 2128 1425 2164 si
1447 2132 1572 2174 partus
1592 2129 1646 2164 vel
1670 2129 1765 2164 fetus
1788 2132 1871 2174 post
1892 2133 2042 2165 mortem
2062 2129 2246 2183 adgnatos,
2271 2133 2417 2165 tantun-

1339 2175 1380 2208 12
1428 2173 1505 2208 dem
1537 2173 1604 2209 erit
1634 2174 1833 2210 dicendum.
1879 2173 2071 2210 Praeterea
2099 2185 2131 2210 si
2151 2174 2313 2220 impubes
2335 2179 2418 2221 post

1335 2222 1485 2254 mortem
1508 2219 1621 2264 patris
1639 2219 1836 2271 quaesierit
1866 2219 1918 2255 rei
1941 2220 2133 2255 dominium
2157 2229 2286 2263 eaque,
2318 2224 2417 2256 ante-

1337 2273 1444 2308 quam
1473 2264 1667 2309 impuberis
1696 2264 1875 2300 hereditas
1898 2264 2063 2306 adeatur,
2094 2264 2330 2309 subripiatur,
2363 2265 2416 2300 lo-

1340 2312 1380 2344 13
1428 2319 1510 2343 cum
1533 2309 1667 2345 habere
1697 2310 1802 2344 istam
1825 2310 1999 2345 actionem
2023 2309 2210 2345 dicendum
2234 2314 2298 2346 est
2347 2309 2417 2346 Sed

1337 2358 1373 2388 et
1390 2353 1427 2388 in
1451 2354 1624 2396 omnibus,
1650 2365 1741 2399 quae
1758 2354 1919 2390 interfuit
1935 2354 2076 2391 heredis
2095 2365 2168 2390 non
2186 2365 2264 2390 esse
2280 2364 2416 2397 aversa,

1341 2402 1381 2434 14
1428 2398 1547 2434 locum
1569 2381 1678 2434 ha’bet
1700 2400 1790 2435 haec
1814 2400 1919 2435 actio.
1963 2399 2046 2435 Non
2067 2404 2207 2435 tantum
2229 2403 2348 2435 autem
2371 2382 2418 2436 ad

1338 2444 1415 2480 sola
1444 2444 1541 2479 furta
1570 2444 1641 2480 ista
1672 2444 1765 2480 actio
1795 2445 1967 2490 pertinet,
2004 2444 2067 2480 sed
2095 2445 2202 2480 etiam
2232 2445 2278 2480 ad
2301 2445 2418 2480 omnia

1342 2493 1379 2524 15
1428 2489 1567 2533 damna,
1589 2499 1830 2541 quaecumque
1842 2471 2029 2524 hereditati
2041 2500 2163 2525 servus
2177 2489 2284 2525 dedit.
2308 2490 2416 2525 Scae-

1336 2534 1418 2570 vola
1441 2535 1492 2569 ait
1514 2535 1749 2579 possessionis
1780 2534 1915 2570 furtum
1938 2534 2031 2569 fieri:
2071 2534 2221 2579 denique
2243 2535 2274 2570 si
2296 2535 2416 2571 nullus

1337 2580 1383 2615 sit
1403 2589 1610 2632 possessor,
1641 2578 1778 2617 furtum
1800 2583 1919 2633 negat
1929 2578 2021 2615 fieri:
2055 2579 2188 2616 idcirco
2212 2584 2331 2615 autem
2353 2580 2415 2615 he-

1335 2624 1481 2660 reditati
1499 2624 1633 2659 furtum
1652 2635 1725 2659 non
1747 2624 1835 2667 fieri,
1860 2624 1944 2670 quia
1961 2625 2220 2677 possessionem
2238 2624 2417 2662 hereditas

1337 2680 1409 2706 non
1430 2669 1550 2712 habet,
1560 2680 1666 2723 ‘quae
1688 2669 1775 2704 facti
1798 2674 1853 2705 est
1875 2674 1912 2706 et
1936 2670 2055 2705 animi.
2103 2669 2167 2705 sed
2188 2680 2255 2706 nec
2277 2670 2417 2722 heredis

1338 2719 1392 2750 est
1413 2715 1604 2760 possessio,
1629 2718 1819 2760 antequam
1868 2714 2041 2758 ossideat,
2074 2715 2158 2760 quia
2178 2714 2357 2750 hereditas
2380 2715 2417 2750 in

1336 2770 1418 2796 eum
1440 2759 1478 2795 id
1500 2764 1639 2795 tantum
1658 2759 1824 2795 transfun
1863 2764 1888 2803 t,
1914 2760 2009 2805 quod
2028 2764 2081 2795 est
2103 2759 2320 2802 hereditatis,
2344 2771 2416 2796 ιιοιι

1340 2809 1380 2841 16
1427 2809 1547 2840 autem
1576 2805 1646 2840 fuit
1683 2805 1862 2857 possessio
1901 2805 2121 2841 hereditatis.
2172 2804 2266 2840 Illud
2294 2814 2417 2840 verum

1337 2854 1410 2893 est,
1443 2850 1474 2885 si
1501 2853 1621 2903 potest
1652 2850 1741 2885 alias
1771 2850 1875 2886 heres
1904 2849 1952 2886 ad
1981 2860 2086 2885 suum
2115 2850 2313 2895 pervenire,
2343 2860 2416 2886 non

1337 2905 1416 2931 esse
1439 2895 1666 2931 honorariam
1689 2895 1782 2930 hanc
1807 2895 1984 2931 actionem
2007 2895 2250 2937 tribuendam,
2275 2905 2355 2930 cum
2378 2895 2415 2930 in

1340 2944 1378 2975 17
1426 2940 1463 2975 ι(1
1487 2940 1581 2985 quod
1603 2939 1744 2975 intersit
1766 2940 2012 2976 condemnatio
2037 2939 2111 2976 fiat.
2151 2939 2301 2976 Praeter
2321 2940 2415 2975 hanc

1337 2985 1514 3021 actionem
1532 2995 1610 3021 esse
1634 2988 1670 3020 et
1685 2984 1955 3021 vindicationem
1978 2985 2030 3021 rei
2050 2988 2201 3027 constat,
2227 2995 2307 3020 cum
2326 2985 2416 3020 haec

1342 3033 1380 3066 18
1427 3030 1521 3066 actio
1545 3029 1590 3065 ad
1613 3029 1877 3066 similitudinem
1899 3030 1987 3066 furti
2010 3034 2200 3083 competat.
2240 3029 2330 3066 Item
2351 3030 2414 3065 he-

1336 3074 1413 3111 redi
1435 3075 1633 3128 ceterisque
1655 3075 1921 3111 successoribus
1953 3080 2154 3121 competere
2175 3074 2281 3110 istam
2303 3075 2411 3111 actio

1339 3123 1380 3156 19
1427 3130 1507 3156 nem
1537 3119 1726 3155 dicendum
1759 3123 1824 3155 est.
1877 3119 1915 3155 Si
1945 3120 2065 3165 plures
2095 3119 2186 3155 servi
2216 3119 2414 3155 libertatem

1337 3169 1552 3218 acceperunt
1587 3169 1624 3200 et
1662 3164 1743 3200 dolo
1780 3165 1875 3200 malo
1913 3165 1997 3210 quid
2025 3164 2248 3207 admiserint,
2287 3163 2416 3210 singuli

1337 3211 1589 3246 convenientur
1611 3209 1647 3244 in
1671 3209 1832 3253 solidum,
1856 3210 1926 3246 hoc
1949 3214 2004 3246 est
2025 3210 2062 3245 in
2086 3209 2243 3262 duplum.
2280 3212 2317 3244 et
2333 3219 2414 3244 cum

1337 3266 1380 3291 ex
1403 3254 1532 3291 delicto
1558 3254 1831 3297 conveniantur,
1855 3255 2016 3300 exemplo
2039 3253 2127 3289 furti
2149 3254 2268 3290 nullus
2292 3264 2414 3289 eorum

1335 3300 1556 3343 liberatur¹³‚
1581 3299 1649 3335 etsi
1671 3309 1763 3334 unus
1784 3303 1978 3336 conventus
1999 3298 2226 3352 praestiterit.

1380 3342 1407 3382 2
1435 3344 1557 3380 θΑιυις
1584 3344 1674 3380 libro
1707 3345 1810 3380 tertio
1842 3344 1977 3381 decimo
2007 3344 2057 3379 ad
2086 3344 2238 3379 edictum
2266 3344 2413 3396 provin-

1338 3390 1431 3426 ciale
1465 3389 1503 3424 Si
1524 3389 1632 3434 paulo
1656 3393 1755 3431 ante,
1780 3399 1886 3434 quam
1909 3392 2044 3424 statuta
2066 3389 2214 3425 libertas
2237 3388 2412 3442 optigeriss

1336 3433 1507 3471 amoverit
1544 3434 1678 3479 aliquid
1709 3444 1831 3470 servus
1862 3438 1926 3470 aut
1963 3433 2179 3478 corruperit,
2214 3432 2413 3486 ignorantia

1337 3478 1470 3516 domini
1498 3489 1571 3514 non
1592 3478 1788 3515 introducit
1815 3479 1910 3515 hanc
1932 3479 2126 3515 actionem:
2157 3477 2308 3525 ideoque
2329 3477 2414 3514 licet

1335 3595 1381 3635 (8)
1404 3592 1549 3635 qualiter
1562 3594 1625 3626 del.
1639 3592 1691 3625 Ρ*
1766 3595 1812 3635 (9)
1836 3594 1972 3625 tamen
1959 3606 2018 3626 ins.
2032 3592 2084 3625 Γ*

1706 3642 1759 3678 (ιι)
1785 3636 1843 3679 qui
1855 3637 1937 3680 quid
1948 3638 2030 3671 Hal.

1505 3685 1564 3724 (13)
1587 3682 1748 3716 liberetur
1765 3683 1799 3716 F

2164 3594 2222 3633 (10)
2247 3590 2300 3624 vel
2310 3590 2411 3624 liber-

1335 3683 1415 3717 ker-k
2107 3637 2167 3680 (12)
2189 3636 2270 3669 Pius
2279 3635 2410 3671 Noord-

2517 3107 2528 3319 i

2506 3321 2528 3809 ἐ
