2528 3918
81 87 83 90 ’
143 110 231 142 vm.
259 110 530 142 morasca
560 110 781 142 sonvrrmae

146 224 186 258 14
231 221 263 257 is
298 221 356 257 cui
392 220 602 256 donabatur.
650 219 753 263 Quod
788 219 818 254 si
854 220 1069 254 concesserit
1103 219 1225 256 decem

142 266 312 309 vendere,
343 265 402 301 ille
425 265 580 310 quinque
601 263 816 306 vendiderit,
849 263 1037 299 dicendum
1069 268 1123 300 est
1153 276 1225 301 non

142 321 221 347 esse
243 310 481 357 repellendum
505 309 732 344 creditorem:
757 309 796 344 in
821 309 1038 344 contrarium
1061 320 1133 345 non
1159 310 1226 345 erit

142 356 391 402 quaerendum,
416 354 501 400 quin
523 358 620 389 recte
643 354 762 389 vendit
775 356 805 396 ¹,
829 354 860 389 si
882 353 994 398 pluris
1018 355 1224 397 vendiderit,

143 404 183 436 15
232 411 338 446 quam
358 398 534 435 concessit
553 398 716 434 creditor.
763 398 846 434 Non
855 398 996 434 videtur
1007 404 1126 435 autem
1139 410 1224 435 con-

141 446 294 482 sensisse
317 443 489 487 creditor,
521 444 553 479 si
574 443 710 479 sciente
733 454 774 479 eo
799 444 939 480 debitor
960 454 1035 479 rem
1058 445 1224 481 vendide-

140 490 198 534 rit,
223 501 304 526 cum
325 489 404 525 ideo
427 499 557 534 passus
581 493 636 524 est
658 489 792 524 veniri²
816 489 911 534 quod
934 489 1071 525 sciebat
1093 490 1226 535 ubique

164 536 177 571 i
224 545 267 571 us
290 534 358 570 sibi
382 534 523 569 durare.
560 534 622 569 sed
645 534 676 569 si
699 534 951 579 subscripserit
973 534 1068 570 forte
1099 535 1136 570 in
1167 539 1223 569 ta-

140 546 232 616 8151110
262 579 466 625 emptionis,
498 579 721 615 consensisse
751 578 909 622 videtur,
940 579 1009 614 nisi
1038 580 1225 615 manifeste

139 628 312 671 appareat
342 623 529 669 deceptum
553 625 641 659 esse'.
677 624 773 669 quod
804 625 985 660 observari
1017 629 1159 670 oportet
1190 628 1225 661 et

141 673 182 706 16
228 670 259 706 si
282 670 359 705 sine
381 670 522 714 scriptis
547 670 776 704 consenserit.
825 669 863 704 Si
895 669 1046 705 debitori
1078 680 1223 706 conces-

138 725 217 752 sum
240 715 287 750 sit
310 718 346 750 et
367 714 470 750 heres
495 715 569 750 eius
589 714 793 757 vendiderit,
817 718 937 760 potest
955 714 1043 750 facti
1063 716 1223 767 quaestio

139 770 235 803 esse,
268 759 353 805 quid
383 759 556 794 intellexit
588 759 753 795 creditor.
788 759 852 795 sed
873 763 971 796 recte
1002 771 1140 796 venisse
1171 760 1222 795 di-

138 805 289 841 cendum
331 808 403 840 est:
452 805 522 839 hae
564 805 656 840 enim
698 805 913 857 suptilitates
957 805 1002 840 ab
1047 805 1223 841 iudicibus

141 853 179 885 17
227 860 300 886 non
323 849 568 885 admittuntur.
615 849 653 884 Si
677 849 817 885 debitor
835 850 930 885 forte
949 861 1121 886 concessa
1138 861 1222 886 ven-

138 895 272 931 ditione
302 894 446 930 desierit
475 894 658 947 possidere
689 899 725 930 et
756 905 868 931 novus
891 905 1079 940 possessor
1101 896 1222 931 vendi-

137 940 238 983 derit,
263 950 311 975 an
329 940 433 975 duret
450 950 589 984 plgnu8‚
615 940 718 985 quasi
735 950 911 985 personae
928 941 1126 986 permiserit
1146 951 1221 976 cre-

137 985 257 1021 ditor?
293 984 388 1030 quod
411 988 447 1020 et
469 985 581 1030 magis
606 989 678 1020 est:
711 996 794 1020 nam
825 985 856 1021 si
887 996 978 1021 novo
1010 986 1222 1031 possessori,

135 1041 207 1066 non
243 1030 393 1065 debitori
422 1040 446 1066 a
476 1040 546 1075 quo
577 1030 602 1065 h
651 1031 815 1066 othecam
849 1031 1007 1075 accepit,
1045 1031 1224 1066 concessit

135 1075 291 1111 creditor
312 1075 482 1118 vendere,
514 1075 617 1110 dicen
642 1086 701 1110 um
733 1079 788 1111 est
818 1085 947 1111 nocere
979 1077 1011 1111 ei
1043 1077 1221 1121 exceptio-

137 1123 178 1156 18
225 1130 317 1156 nem.
365 1120 436 1155 Sed
459 1120 489 1156 si
511 1121 604 1155 intra
628 1131 759 1156 annum
782 1125 847 1156 aut
869 1121 1050 1157 biennium
1071 1132 1222 1157 consen-

135 1166 221 1202 serit
252 1165 407 1201 creditor
437 1165 604 1208 vendere,
639 1170 723 1211 post
756 1166 825 1201 hoc
860 1170 999 1211 tempus
1035 1167 1220 1202 vendendo

137 1213 178 1246 19
225 1221 296 1247 11011
321 1210 438 1246 aufert
468 1210 596 1255 pignus
629 1211 806 1246 creditori.
855 1211 892 1246 Si
924 1211 1079 1247 creditor
1109 1213 1221 1258 hypo-

133 1256 296 1292 thecaria
327 1266 413 1291 usus
438 1266 460 1291 a
483 1266 690 1301 possessore
720 1257 790 1292 litis
823 1257 1103 1292 aestimationem
1135 1268 1220 1292 con-

133 1306 278 1337 secutus
301 1301 408 1336 fuerit
432 1304 468 1336 et
491 1311 512 1336 a
537 1301 695 1336 debitore
718 1305 818 1346 petat
841 1301 1010 1344 debitum,
1034 1306 1122 1348 puto
1149 1302 1221 1338 doli

132 1346 218 1381 mali
242 1347 486 1391 exceptionem
510 1346 543 1381 ei
565 1346 798 1382 obstaturam.

179 1388 205 1429 9
237 1390 491 1426 Μοοεεφωυε
518 1391 608 1427 libro
641 1396 771 1437 quarto
802 1402 1056 1438 responsorum
1104 1392 1219 1427 Titius

133 1435 341 1481 Sempronio
365 1436 515 1471 fundum
539 1436 676 1481 pignori
700 1437 797 1472 dedit
821 1440 856 1472 et
887 1437 1036 1472 eundem
1068 1436 1219 1472 fundum

158 1485 259 1526 ostea
279 1480 370 1516 Gaio
391 1480 471 1516 Seio
494 1482 632 1526 pignori
656 1482 763 1524 dedit,
788 1486 896 1527 atque
918 1482 970 1517 ita
992 1482 1083 1517 idem
1104 1482 1219 1517 Titius

132 1492 214 1562 gem
240 1527 342 1562 ronio
375 1531 411 1561 et
441 1525 530 1561 Gaio
556 1526 636 1561 Seio
668 1526 817 1562 fundum
849 1527 1000 1562 eundem
1034 1528 1072 1562 in
1103 1538 1219 1563 assem

131 1582 198 1606 ven
237 1571 299 1614 dit,
323 1571 449 1616 quibus
474 1571 611 1616 pignori
634 1576 717 1607 ante
741 1572 887 1607 dederat
909 1572 947 1607 in
970 1572 1122 1608 solidum
1146 1574 1218 1608 sin-

131 1617 232 1661 gulis.
270 1627 422 1661 quaero,
455 1626 502 1651 an
525 1617 726 1652 venditione
749 1617 961 1662 interposita
982 1618 1039 1653 ius
1063 1618 1218 1663 pignoris

132 1662 346 1696 exstinctum
377 1662 423 1697 sit
446 1672 489 1696 ac
512 1672 577 1706 per
599 1662 668 1697 hoc
691 1662 747 1697 ius
772 1663 887 1698 solum
911 1663 1099 1707 emptionis
1123 1663 1219 1715 apud

131 1707 255 1742 ambos
279 1707 523 1752 permanserit.
570 1707 794 1743 Modestinus
818 1708 1002 1752 respondit
1025 1707 1218 1743 domimum

131 1753 176 1788 ad
201 1762 261 1788 eos
286 1752 330 1787 de
354 1752 482 1797 quibus
507 1753 688 1797 quaeritur
711 1753 897 1805 emptionis
920 1753 998 1788 iure
1020 1753 1217 1797 pertinere:

132 1808 212 1833 cum
225 1807 437 1833 consensum
448 1801 571 1832 mutuo
591 1797 783 1832 venditioni
803 1797 942 1833 dedisse
961 1808 1026 1843 pro
1053 1801 1218 1841 onantur,

135 1846 148 1877 1
198 1843 347 1878 invicem
359 1842 626 1887 pigneraticiam
639 1843 816 1878 actionem
829 1853 890 1878 eos
902 1853 974 1878 non
986 1843 1034 1877 ha
1062 1853 1131 1878 ere.
1158 1843 1218 1878 Ti-

130 1888 202 1923 tius
227 1888 307 1923 Seio
331 1887 519 1932 pecuniam
551 1887 618 1922 sub
650 1887 796 1932 pignore
827 1887 930 1923 fundi
962 1887 1125 1923 dederat:
1158 1888 1219 1933 qui

129 1932 263 1968 fundus
288 1943 368 1968 cum
401 1936 495 1967 esset
525 1932 576 1967 rei
607 1933 796 1984 publicae³
820 1936 903 1968 ante
934 1932 1130 1977 obligatus,
1162 1943 1217 1968 se-

131 1977 270 2013 cundus
303 1977 457 2013 creditor
486 1987 674 2021 pecuniam
706 1979 757 2013 rei
779 1978 946 2023 publicae
969 1987 1046 2012 eam
1070 1978 1216 2013 solvit⁴z

131 2023 193 2058 sed
216 2023 378 2058 Maevius
403 2022 554 2065 exstitit,
588 2023 647 2067 qui
671 2023 814 2058 dicebat
837 2026 920 2058 ante
942 2033 1017 2058 rem
1039 2023 1218 2068 publicam

130 2068 198 2102 sibi
230 2067 380 2103 fundum
416 2067 610 2111 obligatum
644 2067 776 2103 fuisse:
818 2068 1065 2103 inveniebatur
1099 2072 1217 2103 autem

129 2113 290 2148 Maevius
321 2113 555 2147 instrumento
588 2113 763 2148 cautionis
788 2123 869 2148 cum
892 2123 931 2148 re
954 2112 1098 2158 publica
1120 2113 1217 2149 facto

130 2168 153 2193 a
176 2158 256 2193 Seio
280 2157 484 2193 interfuisse
508 2161 544 2192 et
566 2158 830 2203 subscripsisse,
855 2169 924 2203 quo
950 2162 1094 2194 caverat
1117 2157 1218 2194 Seius

129 2203 281 2238 fundum
304 2203 392 2237 nulli
415 2202 476 2238 alii
499 2212 578 2238 esse
609 2203 823 2248 obligatum:
857 2213 1010 2248 quaero,
1045 2213 1093 2238 an
1123 2203 1217 2238 actio

130 2248 250 2293 aliqua
271 2248 309 2282 in
332 2258 406 2283 rem
427 2247 565 2283 Maevio
591 2258 670 2283 com
698 2252 792 2284 etere
815 2252 945 2293 potest.
992 2247 1217 2284 Modestinus

129 2293 313 2338 respondit
331 2293 470 2338 pignus,
495 2293 577 2327 cui⁵
599 2293 630 2327 is
680 2304 698 2328 e
722 2304 792 2338 quo
817 2293 1001 2338 quaeritur
1024 2294 1215 2336 consensit,

129 2338 270 2373 minime
294 2348 373 2373 eum
397 2337 550 2373 retinere
572 2348 688 2383 posse.

177 2382 228 2420 10
264 2382 321 2418 ΡΑ
329 2392 424 2418 ULUs
455 2383 546 2418 libro
581 2384 684 2418 tertio
720 2383 969 2429 quaestionum
1021 2383 1216 2419 Voluntate

130 2428 312 2463 creditoris
345 2428 472 2472 pignus
506 2427 645 2463 debitor
674 2427 832 2464 vendidit
864 2430 899 2462 et
929 2431 1057 2472 postea
1104 2428 1216 2463 lacuit

128 2473 222 2508 inter
245 2483 325 2507 eum
350 2477 386 2507 et
410 2476 622 2517 emptorem,
645 2477 687 2507 ut
709 2483 732 2508 a
754 2472 956 2508 venditione
979 2473 1075 2508 disce
1102 2478 1213 2508 erent.

127 2517 184 2553 ius
207 2518 394 2562 pignorum
417 2518 553 2552 salvum
576 2518 643 2553 erit
666 2517 850 2554 creditori:
883 2527 966 2552 nam
997 2518 1092 2553 sicut
1116 2518 1214 2553 debi-

129 2563 217 2604 tori,
241 2563 293 2597 ita
316 2566 351 2597 et
376 2562 540 2598 creditori
563 2562 750 2607 pristinum
773 2563 828 2598 ius
851 2562 1068 2605 restituitur,
1101 2573 1215 2608 neque

129 2608 224 2642 omni
246 2607 350 2642 modo
376 2607 529 2643 creditor
552 2608 679 2652 pignus
702 2607 850 2642 remittit
860 2608 884 2650 ⁸,
909 2608 972 2642 sed
990 2608 1042 2643 ita
1061 2608 1213 2650 demum,

129 2652 160 2687 si
184 2656 321 2697 emptor
343 2662 417 2687 rem
439 2653 592 2687 retineat
614 2663 680 2688 nec
703 2653 831 2688 reddat
853 2651 1038 2687 venditori.
1075 2656 1110 2688 et
1132 2653 1212 2689 ideo

562 2769 604 2799 (2)
628 2765 743 2798 venire
754 2764 808 2798 F²

738 2814 780 2850 (5)
807 2810 876 2851 oui]
891 2809 950 2842 ubi
964 2822 1025 2843 scr.

131 2766 169 2805 (1)
194 2765 387 2797 vendiderit
397 2778 460 2798 scr.

130 2811 173 2850 (4)
198 2819 268 2842 eam
282 2809 394 2850 solvit]
408 2809 549 2842 exsolvit
562 2810 643 2843 Hal.

1215 93 1297 142 269

901 2767 943 2806 (3)
969 2775 1004 2797 re
1016 2765 1154 2807 publica
1166 2765 1219 2799 F²

1098 2812 1141 2851 (6)
1167 2822 1218 2843 re·

2244 102 2386 145 XX6

1295 220 1325 255 si
1347 219 1481 255 iudicio
1506 230 1648 300 quogue
1671 225 1819 273 accepto
1843 222 2006 257 venditor
2037 223 2223 259 absolutus
2255 224 2302 259 sit
2331 224 2385 259 vel

1295 265 1381 310 quia
1410 275 1483 300 non
1513 270 1571 301 tra
1597 266 1681 301 ebat
1703 267 1739 300 in
1763 266 1800 301 id
1824 267 1920 311 quod
1943 268 2091 303 interest
2115 268 2384 311 condemnatus,

1295 309 1433 344 salvum
1443 310 1522 346 fore
1540 311 1670 356 pignus
1692 311 1857 346 creditori
1878 312 2066 347 dicendum
2087 317 2158 348 est:
2180 314 2269 349 haec
2292 314 2384 349 enim

1295 354 1458 390 accidere
1481 356 1699 400 potuissent,
1733 356 1870 391 etiamsi
1894 367 1967 391 non
1990 358 2174 393 voluntate
2199 359 2383 395 creditoris

1293 399 1520 436 vendidisset.
1570 400 1731 436 Creditor
1762 412 1903 446 quoque
1934 403 1964 436 si
2019 403 2030 437 i
2078 414 2120 438 us
2152 404 2317 439 distraxit
2349 408 2384 440 et

1295 446 1361 479 ex⁷
1384 445 1586 481 venditione
1608 456 1789 481 recessum
1812 446 1922 481 fuerit
1951 414 2017 482 vel)
2031 414 2142 483 {inemo
2173 449 2383 492 redhibitus,

1295 489 1488 525 dominium
1519 491 1566 526 ad
1596 490 1791 527 debitorem
1821 491 2019 527 revertitur.
2067 493 2229 539 idemque
2261 498 2316 530 est
2346 495 2384 530 in

1295 535 1469 578 omnibus,
1494 536 1623 581 quibus
1645 546 1854 572 concessum
1877 541 1931 571 est
1949 547 2023 572 rem
2043 538 2191 573 alienam
2213 540 2381 576 vendere:

1294 590 1367 615 non
1391 581 1483 615 enim
1507 581 1590 626 quia
1614 581 1806 617 dominium
1829 581 2071 625 transferunt,
2104 583 2181 618 ideo
2215 585 2260 619 ab
2286 596 2340 620 em
2368 606 2382 612 -

1293 628 1371 660 tore
1393 626 1449 661 ius
1472 627 1546 662 reci
1571 627 1666 661 iunt:
1692 627 1756 662 sed
1777 627 1816 662 in
1838 627 2027 672 pristinam
2051 638 2195 663 causam
2215 640 2271 665 res
2292 641 2331 666 re
2355 631 2384 665 it

1292 670 1453 706 resoluta
1474 681 1542 706 ven
1567 672 1688 707 itione.

1342 714 1389 752 11
1417 716 1527 751 IDEM
1545 716 1635 752 libro
1661 720 1791 763 quarto
1811 727 2066 764 responsorum
2111 718 2246 755 Lucius
2267 721 2383 756 Titius

1294 771 1375 796 cum
1406 765 1500 796 esset
1530 762 1634 797 uxori
1665 772 1752 797 suae
1777 761 1889 797 Gaiae
1913 762 2015 797 Seiae
2046 762 2186 799 debitor
2216 766 2281 800 sub
2306 767 2382 811 pig-

1292 816 1380 842 nore
1404 807 1477 842 sive
1499 807 1703 852 hypotheca
1725 807 1962 852 praediorum,
1988 808 2111 844 eadem
2160 810 2280 845 raedia
2302 822 2382 846 cum

1293 861 1405 886 uxore
1436 862 1502 887 sua
1534 852 1638 887 Seiae
1668 852 1846 898 Septiciae
1883 853 2078 888 communis
2152 855 2207 890 iae
2241 857 2383 892 nomine

1294 896 1375 932 Sem
1401 897 1501 932 ronio
1526 897 1654 932 marito
1680 898 1755 933 eius
1786 898 1908 933 futuro
1939 898 1978 932 in
2009 898 2127 933 dotem
2152 900 2265 935 dedit:
2299 912 2381 946 pos-

1292 945 1353 977 tea
1401 941 1545 977 efuncto
1577 942 1691 978 Lucio
1723 943 1817 978 Titio
1850 942 2008 988 Septicia
2037 943 2111 979 filia
2142 945 2313 980 abstinuit
2345 957 2383 982 se

1292 987 1491 1022 hereditate
1513 991 1681 1032 paterna:
1715 998 1866 1033 quaero,
1899 999 1946 1023 an
1969 992 2083 1024 mater
2107 989 2181 1025 eius
2205 990 2379 1036 hypothe-

1293 1042 1372 1067 cam
1394 1033 1559 1078 persequi
1581 1033 1707 1078 possit.
1755 1033 1890 1068 Paulus
1914 1034 2099 1078 respondit
2120 1035 2278 1115 gignoris
2303 1037 2380 1081 qui-

1293 1077 1371 1112 dem
1406 1078 1658 1122 obligationem
1693 1079 1920 1124 praediorum
1956 1079 2087 1121 Gaiam,
2147 1090 2253 1123 e1am‚
2291 1092 2382 1126 quae

1292 1123 1367 1157 viro
1398 1133 1464 1167 pro
1497 1122 1571 1158 filia
1603 1124 1782 1159 communi
1812 1124 1850 1159 in
1882 1124 2001 1159 dotem
2025 1124 2149 1160 eadem
2173 1125 2272 1161 danti
2297 1137 2381 1161 con-

1292 1167 1421 1210 sensit,
1455 1178 1536 1203 cum
1562 1169 1758 1204 communis
1782 1169 1876 1204 filiae
1899 1170 2041 1204 nomine
2065 1170 2253 1214 darentur,
2277 1171 2380 1206 remi-

1290 1213 1380 1248 sisse
1403 1213 1526 1256 videri‚
1551 1214 1802 1259 obligationem
1825 1218 1945 1250 autem
1968 1216 2193 1260 personalem
2243 1227 2380 1252 01εονο-

1289 1268 1409 1294 rasse:
1443 1258 1506 1294 sed
1530 1259 1699 1295 adversus
1724 1270 1821 1302 eam,
1856 1270 1947 1305 quae
2004 1261 2091 1296 atris
2122 1261 2207 1296 here
2232 1262 2319 1297 itate
2343 1272 2382 1298 se

1290 1303 1474 1346 abstinuit,
1499 1304 1678 1340 actionem
1701 1315 1774 1340 non
1798 1315 1876 1340 esse
1900 1305 1971 1340 dan
1997 1315 2065 1340 am.

1340 1346 1390 1385 12
1414 1348 1524 1384 IDEM
1538 1349 1630 1385 libro
1643 1351 1768 1396 quinto
1781 1361 2038 1396 responsorum
2083 1351 2219 1386 Paulus
2232 1361 2379 1396 respon·-

1290 1393 1340 1428 dit
1364 1394 1612 1439 Sempronium
1644 1395 1880 1440 antiquiorem
1912 1396 2123 1431 creditorem
2156 1397 2381 1432 0011501111οιιέ

1288 1442 1379 1482 10111,
1414 1450 1495 1474 011111
1528 1439 1668 1475 debitor
1700 1441 1849 1476 eandem
1872 1451 1947 1476 rem
1970 1441 2075 1476 tertio
2101 1441 2267 1477 creditori
2291 1442 2380 1477 obli-

1287 1488 1406 1529 garet,
1430 1485 1486 1520 ius
1511 1496 1614 1520 suum
1638 1486 1793 1538 pignoris
1817 1486 1993 1522 remisisse
2016 1486 2143 1529 videri,
2178 1497 2250 1522 non
2275 1487 2380 1523 etiam

1288 1529 1433 1564 tertium
1455 1531 1493 1564 in
1516 1531 1633 1565 locum
1657 1541 1733 1566 elus
1757 1531 1983 1574 successisse,
2009 1536 2044 1566 et
2066 1531 2146 1566 ideo
2171 1531 2277 1567 medii
2302 1542 2378 1567 cre-

1289 1574 1413 1610 ditoris
1431 1575 1611 1610 meliorem
1631 1586 1777 1611 causam
1798 1576 1972 1611 effectam.
2006 1576 2099 1611 idem
2119 1576 2379 1612 observandum

1292 1623 1305 1654 1
1358 1623 1413 1654 est
1444 1625 1480 1655 et
1510 1620 1541 1655 si
1571 1631 1629 1656 res
1660 1621 1805 1666 publica
1828 1621 1932 1656 tertio
1955 1621 2036 1657 loco
2062 1621 2262 1657 crediderit.
2311 1622 2379 1666 Qui

1288 1665 1444 1709 pignoris
1475 1665 1552 1701 iure
1582 1675 1657 1700 rem
1687 1670 1968 1711 persequuntur,
2004 1677 2027 1702 a
2059 1666 2298 1702 vindicatione
2327 1667 2380 1702 rei

1290 1719 1349 1745 eos
1370 1710 1540 1745 removeri
1559 1711 1685 1753 solere,
1709 1711 1740 1746 si
1759 1711 2027 1756 qualiscumque
2045 1722 2231 1764 possessor
2251 1713 2379 1747 offerre

1289 1754 1410 1789 vellet:
1445 1765 1560 1800 neque
1591 1756 1685 1791 enim
1708 1756 1814 1792 debet
1837 1757 1959 1801 quaeri
1983 1756 2027 1792 de
2049 1767 2127 1792 11110
2149 1757 2378 1802 possessoris,

1290 1810 1370 1835 cum
1394 1800 1450 1835 ius
1474 1801 1635 1845 petitoris
1659 1804 1883 1836 removeatur
1906 1802 2023 1837 soluto
2047 1802 2206 1847 pignore.
2370 1802 2373 1807 '

1338 1842 1387 1882 13
1416 1845 1696 1882 TRYPHONINUS
1724 1846 1814 1882 libro
1847 1850 1972 1882 octavo
2008 1847 2293 1893 disputationum
2340 1846 2379 1889 Si

1289 1889 1469 1926 deferente
1493 1890 1669 1927 creditore
1691 1891 1822 1927 iuravit
1845 1891 1985 1927 debitor
2008 1902 2047 1927 se
2071 1892 2156 1927 dare
2179 1903 2252 1927 non
2272 1903 2378 1936 opor.-v

1288 1939 1374 1976 tere,
1398 1935 1527 1980 pignus
1550 1936 1733 1979 liberatur,
1759 1938 1842 1981 quia
1864 1936 2012 1982 perinde
2032 1937 2197 1979 habetur,
2221 1941 2328 1982 atque
2348 1937 2379 1979 si

1287 1979 1419 2015 iudicio
1452 1981 1638 2017 absolutus
1671 1985 1782 2017 esset:
1814 1991 1897 2016 nam
1922 1986 1957 2017 et
1980 1982 2010 2016 si
2034 1992 2056 2016 a
2078 1981 2196 2017 iudice
2219 1982 2379 2027 quamvis

1287 2035 1352 2070 per
1374 2024 1540 2060 iniuriam
1560 2026 1745 2062 absolutus
1763 2026 1810 2061 sit
1827 2026 1976 2069 debitor,
2001 2031 2121 2062 tamen
2140 2027 2268 2072 pignus
2289 2027 2378 2062 libe-.

1287 2073 1399 2105 ratur.

1337 2114 1387 2151 14
1418 2114 1552 2150 LABEO
1586 2115 1677 2151 libro
1713 2117 1839 2162 quinto
1867 2118 2116 2163 posteriorum
2152 2128 2175 2152 a
2205 2117 2377 2152 Iauoleno

1288 2161 1564 2206 epitomatorum
1612 2159 1700 2196 Cum
1725 2161 1852 2196 colono
1876 2161 1942 2196 tibi
1966 2162 2149 2205 convenit,
2174 2166 2215 2197 ut
2237 2162 2379 2197 invecta

1286 2204 1480 2250 importata
1510 2206 1649 2251 pignori
1681 2209 1817 2248 essent,
1851 2206 1964 2242 donec
1995 2217 2130 2242 merces
2161 2207 2228 2241 tibi
2259 2207 2378 2242 soluta

1287 2254 1351 2285 aut
1374 2249 1599 2285 satisfactum
1623 2255 1733 2286 esset:
1768 2250 1895 2287 deinde
1926 2252 2099 2287 mercedis
2123 2252 2266 2287 nomine
2289 2251 2376 2287 fide-

1285 2295 1459 2330 iussorem
1491 2305 1513 2330 a
1545 2296 1671 2331 colono
1696 2296 1878 2348 accepisti.
1916 2296 2139 2332 satisfactum
2169 2297 2234 2332 tibi
2266 2297 2377 2338 videri

1287 2340 1448 2375 existimo
1474 2344 1510 2375 et
1532 2340 1612 2376 ideo
1635 2341 1736 2376 illata
1759 2342 1923 2386 pignori⁸
1947 2351 2024 2377 esse
2048 2341 2193 2377 desisse.

1335 2383 1386 2422 15
1411 2383 1615 2421 Scaevoia
1648 2386 1739 2422 libro
1763 2390 1869 2422 sexto
1894 2386 2114 2433 dz'qestorum
2158 2386 2268 2422 Primi
2299 2396 2375 2421 cre÷

1287 2429 1421 2472 ditoris,
1446 2431 1507 2475 qui
1529 2431 1668 2476 pignori
1690 2431 1838 2476 praedia
1863 2435 2072 2476 acceperat,
2098 2434 2133 2466 et
2155 2431 2374 2476 posterioris,

1287 2475 1345 2510 cui
1368 2475 1512 2520 quidam
1535 2486 1579 2510 ex
1601 2475 1713 2511 isdem
1736 2475 1858 2511 fundis
1890 2477 1964 2511 dati
1996 2480 2115 2518 erant,
2149 2476 2195 2511 ad
2227 2475 2374 2516 eandem

1285 2530 1476 2565 personam
1487 2520 1667 2556 hereditas
1685 2521 1894 2556 devenerat:
1910 2521 2048 2556 debitor
2060 2520 2242 2563 offerebat,
2261 2531 2373 2565 quan-

1285 2569 1360 2599 tum
1384 2575 1407 2600 a
1429 2566 1627 2610 posteriore
1652 2566 1827 2601 creditore
1851 2570 2034 2601 mutuatus
2058 2566 2188 2600 fuerat.
2224 2576 2373 2611 respon-

1286 2609 1337 2644 dit
1358 2610 1555 2654 cogendum
1575 2611 1738 2656 accipere
1758 2611 1855 2646 salvo
1875 2612 1951 2645 iure
1970 2611 2126 2655 pignoris
2146 2610 2274 2656 prioris
2288 2621 2370 2646 con-

1284 2658 1435 2690 tractus.

1291 2768 1384 2800 misit
1396 2768 1450 2801 Ι«”’2

1543 2771 1584 2810 (7)
1611 2771 1662 2809 ex]
1676 2780 1695 2801 a
1709 2770 1780 2803 edd.
1877 2770 1921 2810 (8)
1946 2769 2101 2812 pignoris
2114 2769 2150 2802 F
2157 2769 2167 2789 ¹
