2528 3918
187 115 365 158 xvn2

232 234 285 276 57
318 235 513 274 Urmnvs
540 234 631 271 libro
663 235 873 283 triqenseno
904 236 955 273 ad
975 235 1150 274 Sabinum
1195 235 1274 272 Nec

186 280 538 329 praetermittendum
562 289 641 316 0000
662 279 883 327 Pomponius
906 282 957 317 ait
972 282 1024 318 ita
1043 282 1184 318 demum
1203 282 1273 317 hoc

186 338 265 364 esse
287 337 427 369 verum,
459 325 491 362 si
520 325 694 362 honestae
725 330 762 362 et
783 326 903 363 licitae
925 327 977 363 rei
1000 328 1154 363 societas
1179 326 1274 362 coita

186 374 251 409 sit:
285 376 441 408 ceterum
471 370 502 407 si
532 370 697 407 maleficii
730 372 884 408 societas
916 372 1011 408 coita
1034 373 1098 415 sit,
1131 375 1274 408 constat

185 418 319 453 nullam
341 426 420 452 esse
438 416 656 452 societatem.
691 417 903 463 generaliter
926 417 1019 452 enim
1039 417 1194 453 traditur
1216 427 1272 452 re-

184 474 263 498 rum
287 461 555 497 inhonestarum
578 461 711 498 nullam
734 471 813 498 esse
836 463 1053 498 societatem.

231 504 284 545 58
308 506 417 542 Iesu
442 506 534 543 libro
565 507 774 560 qunsimo
798 508 922 554 primo
953 507 1003 543 ad
1034 507 1188 544 edictum
1235 506 1274 542 Si

183 552 221 588 id
243 551 340 598 113011
371 551 450 598 quis
480 551 518 587 in
548 555 756 588 societatem
788 552 939 588 contulit
971 553 1184 588 exstinctum
1215 552 1271 595 sit,

183 597 391 637 videndum.
423 607 470 632 an
501 608 568 643 pro
592 598 690 634 socio
715 608 819 651 agere
868 597 966 633 ossit.
1003 600 1200 633 tractatum
1222 597 1273 632 ita

184 647 240 678 est
262 653 284 677 a
310 642 359 678 ud
383 641 523 678 Celsum
545 642 636 679 libro
661 647 811 689 septimo
859 643 1051 688 igestorum
1071 642 1118 678 ad
1137 642 1271 688 epistu-

183 689 254 724 lam
307 687 432 723 ornelii
456 687 606 724 Felicis:
639 699 719 724 cum
742 692 815 724 tres
840 698 949 733 equos
972 688 1124 724 haberes
1148 691 1185 724 01
1208 698 1271 733 ego

183 744 305 776 unum,
329 733 537 769 societatem
561 733 707 776 coimus,
732 737 774 768 ut
798 736 947 778 accepto
973 744 1064 778 equo
1084 743 1163 769 meo
1184 743 1271 778 qua-

184 778 318 831 drigam
341 778 511 814 venderes
536 782 571 814 et
594 789 639 814 01
660 779 774 824 pretio
800 783 963 823 quartam
987 779 1074 814 mihi
1092 778 1269 814 redderes.

182 824 214 859 si
243 824 351 870 igitur
380 827 463 859 ante
492 823 731 859 venditionem
761 834 873 869 equus
905 834 1004 859 meus
1028 828 1189 859 mortuus
1213 823 1270 866 sit,

182 873 406 915 nonputare
429 879 469 905 00
492 868 616 905 Celsus
641 869 692 904 ait
715 869 923 904 societatem
955 879 1099 905 manere
1130 879 1196 904 nec
1228 878 1272 904 ex

206 914 296 950 retio
331 925 502 960 equorum
536 918 679 950 tuorum
712 918 851 959 partem
886 914 1026 950 deberi:
1070 925 1144 950 non
1179 914 1272 949 enim

182 925 369 996 flabendae
399 960 609 1012 quadrigae,
641 959 702 995 sed
733 958 939 994 vendendae
964 960 1095 995 coitam
1118 959 1270 995 societa-

183 1007 265 1040 tem.
302 1008 459 1041 ceterum
472 1007 482 1026 ¹
507 1016 538 1040 Sl
560 1005 597 1040 id
621 1009 741 1040 actum
766 1004 924 1048 dicatur,
948 1008 990 1040 ut
1013 1004 1185 1050 quadriga
1208 1004 1270 1040 fie-

182 1054 237 1085 ret
266 1060 379 1096 eaque
410 1050 733 1086 communicaretur
762 1053 872 1095 tuque
902 1050 940 1085 in
972 1060 1015 1086 03
1045 1053 1118 1086 tres
1149 1053 1271 1095 partes

182 1095 345 1138 haberes,
371 1106 435 1141 ego
460 1099 633 1141 quartam,
659 1105 732 1130 non
755 1094 861 1130 dubie
885 1095 1004 1131 adhuc
1028 1096 1115 1131 socii
1135 1105 1268 1131 sumus.

185 1144 199 1176 1
249 1141 339 1176 Item
371 1140 495 1176 Celsus
529 1144 679 1183 tractat,
716 1139 747 1175 si
777 1140 967 1185 pecuniam
998 1141 1270 1176 contulissemus

181 1185 229 1222 ad
251 1197 405 1222 mercem
437 1186 621 1221 emendam
653 1189 688 1220 et
718 1195 798 1220 mea
827 1185 982 1230 pecunia
1011 1186 1182 1231 perisset,
1214 1186 1271 1221 cui

182 1231 326 1277 perierit
349 1241 401 1266 ea.
439 1235 474 1266 et
498 1231 558 1273 ait,
583 1231 614 1266 si
636 1233 720 1275 post
744 1230 969 1266 collationem
993 1231 1118 1274 evenit,
1143 1235 1185 1266 ut
1207 1241 1269 1276 pe-

181 1276 288 1312 cunia
318 1277 467 1322 periret,
504 1275 599 1321 quod
629 1286 702 1310 non
733 1275 852 1318 fieret,
887 1276 957 1311 nisi
988 1276 1142 1312 societas
1175 1277 1270 1312 coita

181 1326 286 1364 esset,
310 1322 451 1367 utrique
470 1321 597 1366 perire,
621 1324 663 1356 ut
681 1324 771 1366 puta
790 1321 820 1356 si
838 1321 1003 1367 pecunia,
1023 1332 1105 1357 cum
1123 1332 1270 1367 peregre

180 1370 384 1412 portaretur
408 1366 455 1401 ad
478 1376 630 1402 mercem
654 1365 849 1408 emendam,
873 1366 996 1411 periit:
1022 1367 1053 1403 si
1076 1377 1159 1403 vero
1183 1370 1267 1402 ante

180 1412 417 1454 collationem,
440 1415 675 1457 posteaquam
699 1421 777 1446 eam
797 1411 1024 1455 destinasses,
1048 1415 1136 1448 tunc
1155 1412 1270 1458 perie-

180 1457 270 1500 rit²‚
296 1457 381 1492 nihil
406 1466 447 1492 eo
472 1457 615 1492 nomine
638 1457 886 1502 consequeris,
918 1457 1052 1503 inquit,
1084 1457 1167 1503 quia
1199 1468 1271 1493 non

180 1505 200 1538 2
247 1502 410 1538 societati
432 1502 549 1547 periit.
598 1501 636 1537 Si
659 1501 754 1537 filius
772 1501 926 1538 familias
946 1503 1155 1538 societatem
1175 1502 1269 1538 coie-

179 1547 244 1590 rit,
277 1547 403 1582 deinde
435 1547 679 1592 emancipatus
712 1557 735 1582 a
764 1551 867 1593 patre
890 1547 1017 1591 fuerit,
1041 1548 1139 1594 apud
1161 1548 1269 1583 Iulia-

179 1603 264 1628 num
289 1592 481 1638 quaeritur,
506 1603 553 1627 an
576 1592 700 1628 eadem
721 1592 875 1628 societas
900 1592 1004 1629 duret
1027 1603 1073 1628 an
1096 1603 1178 1630 vero
1200 1593 1271 1628 alia

178 1637 235 1679 sit,
260 1637 290 1673 si
312 1637 406 1673 forte
428 1640 513 1683 post
535 1637 854 1683 emancipationem
876 1638 915 1673 in
934 1639 1142 1674 societatem
1162 1638 1269 1674 dura-

177 1685 254 1718 tum
287 1685 351 1718 est.
399 1682 560 1718 Iulianus
592 1682 735 1728 scripsit
764 1683 855 1719 libro
887 1687 1015 1729 quarto
1047 1684 1183 1720 decimo
1216 1683 1269 1719 di-

177 1731 358 1780 gestorum
393 1727 543 1764 eandem
577 1728 785 1764 societatem
817 1728 966 1772 durare,
1002 1729 1142 1765 initium
1175 1729 1269 1765 enim

177 1773 239 1808 m³
272 1773 328 1809 his
364 1773 610 1809 contractibus
643 1773 922 1818 inspiciendum:
968 1773 1107 1810 duabus
1150 1778 1270 1810 autem

177 1818 378 1854 actionibus
399 1818 573 1864 agendum
591 1829 680 1861 esse,
701 1829 774 1854 una
793 1819 964 1855 adversus
983 1823 1134 1872 patrem,
1154 1820 1269 1855 altera

177 1863 347 1899 adversus
379 1863 507 1899 filium:
545 1874 626 1899 cum
649 1867 753 1909 patre
784 1864 829 1899 de
853 1875 913 1907 eo,
947 1875 1048 1900 cuius
1080 1865 1154 1901 dies
1185 1868 1270 1900 ante

178 1909 497 1954 emancipationem
521 1909 645 1952 cessit,
671 1919 754 1944 nam
778 1909 853 1945 eius
876 1910 1065 1963 temporis,
1091 1921 1162 1956 quo
1185 1913 1270 1956 post

177 1954 498 1999 emancipationem
521 1954 674 1990 societas
699 1954 860 1997 duravit,
884 1955 972 1990 nihil
995 1960 1181 2001 praestare
1203 1965 1267 2001 pa-

176 2002 268 2034 trem
292 2010 313 2035 o
340 2003 452 2035 ortet:
486 2010 567 2035 cum
598 1999 670 2035 filio
702 2003 822 2035 autem
853 2000 897 2036 de
920 2004 1073 2046 utroque
1096 2005 1268 2046 tempore,

176 2043 213 2079 id
237 2049 292 2080 est
315 2010 358 2097 fic
381 2048 460 2080 tota
482 2045 673 2087 societate,
698 2055 781 2080 nam
805 2049 842 2080 et
865 2045 896 2081 si
920 2045 1024 2091 quid,
1050 2046 1184 2099 inquit,
1209 2056 1267 2082 so-

178 2089 255 2125 cius
278 2088 342 2124 filu
365 2093 448 2135 post
471 2090 607 2126 emanci
634 2090 788 2126 ationem
810 2090 873 2125 filii
897 2091 978 2126 dolo
1010 2091 1155 2134 fecerit,
1191 2091 1267 2127 eius

178 2137 198 2170 3
245 2145 318 2170 11011
348 2134 461 2180 patri,
498 2135 561 2171 sed
632 2136 663 2171 'o
696 2135 790 2171 actio
816 2135 935 2171 danda
959 2140 1023 2171 est.
1071 2136 1110 2172 Si
1145 2146 1267 2172 servus

177 2190 277 2216 meus
308 2179 515 2215 societatem
546 2190 628 2216 cum
660 2180 754 2216 Titio
792 2181 916 2216 coierit
950 2185 986 2216 et
1021 2181 1196 2217 alienatus
1230 2181 1267 2216 in

177 2225 301 2261 eadem
331 2225 585 2270 permanserit,
622 2229 742 2270 potest
773 2225 843 2261 dici
874 2226 1086 2262 alienatione
1116 2226 1208 2262 servi
1232 2231 1268 2261 et

176 2270 332 2316 priorem
363 2270 570 2306 societatem
593 2269 730 2306 finitam
755 2274 791 2306 et
813 2280 858 2306 ex
878 2271 1015 2317 integro
1040 2272 1189 2307 alteram
1212 2271 1265 2306 in-

178 2316 355 2357 choatam,
380 2319 488 2361 atque
510 2316 590 2351 ideo
615 2320 651 2351 et
674 2315 760 2350 mihi
780 2319 816 2351 et
835 2317 984 2362 emptori
1004 2317 1181 2352 actionem
1200 2327 1265 2362 pro

177 2360 276 2397 socio
301 2365 521 2405 competere,
552 2360 637 2396 item
668 2364 743 2396 tam
774 2360 943 2397 adversus
976 2372 1034 2397 me
1064 2372 1170 2407 quam
1202 2361 1265 2396 ad-

176 2416 299 2441 versus
331 2409 525 2451 emptorem
556 2416 601 2441 01
630 2405 687 2441 1110
712 2406 830 2441 033010
855 2416 948 2451 quae
971 2410 1056 2442 ante
1080 2406 1264 2442 alienatio-

176 2461 257 2486 nem
279 2450 483 2485 inciderunt
505 2451 660 2486 dandam
683 2451 879 2494 actionem,
905 2461 948 2486 ex
971 2452 1116 2497 reliquis
1140 2451 1264 2487 adver-

177 2506 238 2532 sus
263 2505 317 2530 ein
344 2499 458 2531 torem
481 2496 607 2531 solum.

222 2538 276 2578 59
338 2550 530 2576 oupomvs
546 2541 638 2576 libro
658 2540 867 2577 duodecimo
887 2541 938 2577 ad
955 2540 1131 2578 Sabinum
1164 2541 1264 2577 Adeo

176 2589 290 2621 morte
312 2585 401 2621 socii
424 2585 572 2621 solvitur
595 2585 760 2629 societas,
784 2590 826 2621 ut
847 2596 914 2622 nec
938 2587 984 2622 ab
1008 2586 1108 2622 initio
1132 2586 1266 2632 pacisci

176 2631 363 2684 possimus,
388 2634 428 2666 ut
451 2631 554 2666 heres
579 2631 685 2667 etiam
704 2631 875 2667 succedat
893 2631 1068 2668 societati.
1105 2632 1195 2667 11300
1214 2631 1265 2667 113

175 2687 213 2711 111
236 2676 383 2728 privatis
408 2676 639 2712 societatibus
663 2676 730 2711 ait:
762 2676 823 2712 in⁴
847 2677 1018 2713 societate
1041 2677 1266 2729 vectigalium

177 2721 285 2757 nihilo
309 2722 425 2756 minus
449 2725 568 2757 manet
591 2721 745 2757 societas
769 2725 805 2758 et
827 2726 910 2767 post
932 2725 1082 2758 mortem
1102 2722 1265 2765 ahcuius‚

177 2766 240 2801 sed
263 2766 314 2800 ita
337 2765 498 2807 demum,
530 2766 560 2802 si
584 2777 669 2812 pars
694 2766 854 2803 defuncti
879 2766 926 2802 ad
949 2777 1139 2813 personam
1163 2767 1263 2802 here-

177 2811 232 2846 dis
245 2810 320 2846 eius
342 2810 522 2855 adscripta
542 2812 598 2854 sit,
619 2816 660 2847 ut
679 2812 801 2847 heredi
822 2822 963 2858 quoque
983 2811 1138 2848 conferri
1158 2823 1263 2857 opor-

176 2859 268 2891 teat:
302 2855 397 2900 quod
428 2856 544 2900 ipsum
576 2867 619 2891 ex
650 2867 761 2892 causa
792 2857 1052 2892 aestimandum
1077 2862 1141 2893 est.
1179 2857 1264 2902 quid

177 2900 282 2940 enim,
300 2901 330 2935 si
351 2901 380 2935 is
400 2906 559 2936 mortuus
579 2902 636 2944 sit,
660 2907 807 2948 propter
827 2902 928 2938 cuius
949 2913 1094 2948 operam
1114 2903 1265 2938 maxime

175 2945 330 2982 societas
363 2946 458 2980 coita
491 2946 536 2980 sit
568 2952 631 2981 aut
654 2947 729 2982 sine

181 2994 194 3026 1
246 3001 317 3026 303
349 2991 487 3043 possit?
533 2991 635 3035 Quod
666 2992 702 3027 in
734 3002 813 3028 aea
843 2997 907 3028 aut
937 2993 1111 3028 adulterio

177 3035 268 3071 derit
291 3046 427 3077 socius,
454 3045 496 3070 ex
520 3037 633 3072 medio
659 3048 730 3072 non
756 3042 810 3073 est
832 3038 980 3074 laturus.
1016 3038 1047 3073 si
1071 3038 1130 3083 qui
1180 3049 1262 3073 vero

177 3080 259 3117 dolo
284 3085 404 3116 nostro
429 3081 548 3116 socius
574 3081 691 3117 damni
716 3084 860 3127 oeperit,
885 3093 907 3117 a
931 3083 1033 3118 nobis
1057 3087 1203 3128 repetet.

222 3122 276 3163 60
301 3124 406 3161 locu
427 3125 517 3160 libro
538 3128 642 3161 tertio
663 3127 799 3163 decimo
820 3128 870 3163 ad
888 3127 1061 3164 Sabinum
1109 3127 1262 3170 Socium,

176 3170 237 3216 qui
259 3170 297 3206 in
320 3180 374 3213 eo,
399 3169 495 3222 quod
518 3181 562 3205 ex
585 3171 755 3207 societate
778 3173 866 3208 lucri
889 3172 1025 3208 faceret
1035 3174 1059 3215 ⁵,
1083 3172 1261 3209 reddendo

176 3225 311 3251 moram
335 3214 515 3257 adhibuit,
541 3226 622 3250 cum
646 3226 689 3251 ea
711 3218 864 3261 pecunia
886 3217 963 3263 ipse
987 3228 1073 3253 usus
1096 3218 1153 3259 sit,
1177 3229 1262 3253 usu-

175 3270 236 3296 ras
260 3270 402 3313 quoque
426 3270 506 3295 eum
530 3265 713 3305 praestare
733 3261 860 3298 debere
878 3262 1001 3299 Labeo
1022 3262 1083 3305 ait,
1108 3262 1171 3298 sed
1191 3273 1263 3298 non

176 3316 279 3351 quasi
302 3315 441 3347 usuras,
466 3304 530 3340 sed
553 3305 647 3350 quod
671 3307 757 3341 socii
777 3307 916 3342 intersit
935 3318 1069 3343 moram
1089 3317 1170 3342 eum
1190 3318 1262 3343 non

176 3350 399 3386 adhibuisse:
432 3349 495 3385 sed
526 3350 555 3385 si
587 3354 652 3385 aut
681 3361 767 3386 usus
793 3362 835 3387 03
857 3353 1011 3397 11003313
1033 3363 1106 3388 non
1130 3353 1177 3388 sit
1200 3355 1263 3387 aut

176 3405 311 3431 moram
336 3405 407 3430 non
430 3394 573 3437 fecerit,
606 3399 732 3430 contra
764 3406 858 3431 esse:
891 3398 975 3432 item
1006 3401 1090 3442 post
1113 3400 1262 3433 mortem

177 3440 264 3476 socii
298 3440 430 3475 nullam
462 3439 570 3475 taleni
600 3440 881 3477 aestimationem
912 3453 956 3477 ex
989 3442 1087 3478 facto
1122 3442 1262 3478 heredis

180 3488 194 3520 1
244 3484 456 3527 faciendam,
476 3484 561 3530 quia
572 3489 685 3521 morte
700 3486 786 3521 socii
799 3486 983 3522 dirimatur
994 3488 1159 3523 societas.
1195 3486 1261 3523 So-

176 3530 254 3566 0130
285 3540 367 3566 0313
396 3530 578 3566 resisteret
608 3530 853 3567 communibus
877 3533 986 3568 servis
1009 3532 1192 3568 venalibus
1216 3531 1263 3568 ad

777 2958 823 2983 uo
847 2948 1000 2983 societas
1026 2948 1263 3027 3113113101τὲζί

1171 3004 1209 3028 er
1235 3004 1262 3027 i-

177 3645 218 3685 (1)
231 3645 333 3677 ceteri
346 3645 379 3678 F
431 3646 475 3686 (2)
489 3643 692 3677 destinasses
706 3647 827 3684 tamen,
842 3645 982 3687 periei-it
992 3659 1055 3679 scr.
1115 3648 1157 3687 (3)
1171 3646 1261 3679 enim

176 3688 214 3722 in
228 3690 264 3728 S,
278 3700 319 3722 en
333 3690 366 3723 F
459 3691 501 3730 (4)
526 3689 763 3723 societatibus:
777 3690 862 3722 31111
874 3702 937 3723 scr.
951 3703 1018 3724 cum
1033 3691 1063 3724 S
1072 3698 1185 3725 contra
1196 3691 1261 3725 FB

177 3735 220 3774 (5)
246 3734 370 3767 fecerat
381 3734 619 3780 Bynkerslioek
694 3738 739 3777 (e)
763 3738 899 3779 putaret
909 3735 944 3767 F

1260 109 1343 158 226

1019 3737 1062 3778 (¹1)
1086 3736 1221 3769 redatae
1232 3735 1268 3769 F

1339 235 1460 290 fugam
1480 237 1756 284 erumpentibus,
1775 237 1982 275 vulneratus
2002 242 2075 275 est:
2094 211 2303 287 impensam,
2323 250 2429 285 quam
2483 251 2486 254 ’

1340 293 1378 317 13
1410 282 1569 319 031311ᾱο
1602 293 1641 319 00
1671 282 1817 327 fecerit,
1849 294 1921 319 non
1945 288 2220 321 consecuturum
2243 295 2307 332 pro
2331 285 2428 322 socio

1341 327 1483 363 actione
1506 327 1629 364 Labeo
1654 328 1715 372 ait,
1740 329 1824 374 quia
1845 328 1882 364 id
1905 339 1978 365 non
2000 329 2038 365 13
2061 330 2280 374 00010131031,
2305 340 2427 376 quam-

2335 130 2426 162 mo
2467 163 2476 175 -,

1340 372 1565 425 ν10.111·ο11101·
1588 373 1795 409 societatem
1817 374 2004 420 inpensum
2027 375 2084 418 sit,
2109 375 2214 411 sicuti
2234 376 2265 411 si
2283 379 2429 421 propter
2487 399 2492 418 a
2513 412 2521 432 ἱ,

1341 421 1549 454 societatem
1579 428 1657 454 eum
1688 418 1852 455 heredem
1886 420 1964 465 quis
1987 420 2172 456 instituere
2195 420 2344 457 desisset
2365 424 2428 456 aut

1340 463 1495 508 legatum
1517 464 1814 509 praetermisisset
1838 469 1901 500 aut
1918 465 2170 511 patrimonium
2189 476 2293 502 suum
2312 465 2426 510 negle-

1340 508 1480 553 gentius
1505 507 1804 545 administrasset:
1837 520 1920 545 nam
1943 520 2010 546 nec
2035 511 2300 563 compendium,
2333 510 2427 563 quod
2485 511 2486 514 ’

1340 556 1488 598 propter
1511 554 1717 590 societatem
1740 554 1774 590 ei
1797 555 2020 600 contigisset,
2043 559 2179 591 veniret
2201 556 2238 591 in
2261 555 2427 599 medium,
2492 565 2507 573 V

1340 597 1449 633 veluti
1480 598 1509 634 si
1540 609 1606 644 pro
1632 602 1688 635 ter
1717 599 1923 635 societatem
1953 600 2057 636 heres
2086 600 2215 637 fuisset
2243 601 2428 637 institutus

1340 646 1405 678 aut
1428 643 1514 689 quid
1537 644 1570 680 ei
1617 647 1763 680 onatum
1787 648 1891 680 esset.

1387 685 1437 726 61
1471 688 1667 725 Utin-uivus
1693 689 1784 726 libro
1817 690 2023 737 triqensimo
2047 690 2172 737 primo
2203 690 2254 726 ad
2275 690 2427 727 edictum
2486 681 2507 734 f*

1341 732 1545 769 Secundum
1575 734 1750 770 Iulianum
1773 738 1893 770 tamen
1925 738 1960 770 et
1991 734 2087 780 quod
2117 735 2261 771 medicis
2292 746 2357 781 pro
2389 745 2428 772 se

1341 778 1464 814 datum
1489 783 1544 815 est
1565 780 1724 825 recipere
1772 783 1877 822 otest,
1903 779 1999 833 quod
2020 790 2143 816 verum
2166 784 2230 816 est.

1387 822 1440 861 62
1465 824 1695 861 Poupomvs
1715 825 1743 860 li
1764 836 1806 861 ro
1834 828 1938 860 tertzo
1958 825 2094 862 decimo
2114 825 2165 861 ad
2182 825 2356 862 Sabinum
2391 825 2427 862 Si
2488 814 2517 866 ⁷53]

1341 868 1455 905 Titius
1486 880 1567 905 cum
1599 880 1669 915 quo
1693 870 1779 905 mihi
1802 870 1955 906 societas
1979 873 2058 906 erat
2079 870 2272 906 decesserit
2295 881 2428 924 egoque
2487 897 2492 900 -

1340 924 1422 950 cuin
1452 916 1640 960 putarem⁶
1663 914 1748 950 Titii
1770 915 2003 951 hereditatem
2026 915 2074 951 ad
2097 915 2216 951 Seium
2239 920 2427 961 pertinere,

1341 960 1574 996 communiter
1604 971 1686 996 cum
1717 970 1758 997 00
1782 970 1839 996 res
1863 960 2079 996 vendiderim
2102 964 2139 996 et
2159 965 2297 1007 partem
2318 971 2427 1007 pecu·
2487 982 2490 983 ν

1339 1004 1421 1041 11130
1445 1015 1488 1041 01
1518 1005 1719 1041 venditione
1748 1005 1916 1041 redactae
1946 1015 2031 1051 ego,
2061 1009 2200 1052 partem
2224 1006 2326 1042 Seius
2359 1006 2423 1042 ab·
2483 1029 2486 1034 .
2508 995 2514 998 Δ

1339 1050 1496 1094 stulerit,
1528 1054 1583 1094 te,
1615 1050 1675 1097 qui
1706 1060 1746 1086 re
1774 1060 1859 1086 vera
1882 1050 1976 1086 Titio
1999 1051 2103 1087 heres
2127 1061 2185 1094 es,
2217 1055 2356 1097 partem
2379 1051 2426 1087 ad

1338 1106 1395 1131 me
1410 1095 1602 1131 redactae⁷
1625 1096 1798 1142 pecuniae
1814 1096 1996 1132 societatis
2012 1096 2143 1132 iudicio
2162 1107 2235 1132 non
2257 1107 2428 1133 consecu-
2484 1131 2487 1134 .

1338 1144 1458 1176 turum
1481 1141 1629 1177 Neratio
1655 1145 1691 1176 et
1712 1141 1872 1177 Aristoni
1894 1141 2071 1186 placebat,
2096 1142 2179 1187 quia
2201 1152 2301 1178 meae
2325 1141 2426 1178 dum-

1338 1189 1442 1221 taxat
1475 1186 1589 1231 partis
1623 1187 1741 1232 pretia
1774 1187 2031 1232 percepissem,
2072 1197 2188 1233 neque
2220 1188 2392 1223 interesse
2402 1187 2428 1231 ⁸,

1338 1235 1459 1267 utrum
1489 1242 1554 1277 per
1584 1242 1623 1267 se
1652 1235 1773 1277 partes
1803 1242 1901 1268 meas
1931 1232 2166 1268 vendidissem
2197 1243 2245 1268 311
2268 1243 2426 1269 commu-

1338 1277 1432 1312 niter
1466 1287 1548 1312 cum
1583 1287 1647 1320 eo,
1681 1277 1742 1322 qui
1772 1277 1927 1323 reliquas
1958 1281 2079 1324 partes
2110 1277 2157 1314 ad
2188 1288 2227 1314 00
2276 1278 2428 1314 ertinere

1339 1321 1483 1358 diceret.
1521 1322 1676 1375 alioquin
1702 1325 1927 1366 eventurum,
1959 1327 2001 1358 ut
2031 1323 2156 1366 etiam,
2189 1323 2219 1359 si
2267 1333 2313 1359 uo
2339 1323 2428 1359 socii

1338 1377 1414 1403 rem
1434 1367 1666 1410 vendiderint,
1692 1367 1863 1413 unusquis
1888 1368 1957 1403 ue⁹
1980 1368 2075 1414 quod
2098 1368 2146 1404 ad
2169 1378 2208 1404 00
2256 1368 2429 1404 ervenerit

1338 1416 1477 1458 partem
1500 1413 1604 1448 alteri
1626 1413 1809 1448 societatis
1832 1412 1869 1447 iu
1897 1413 1963 1449 'cio
1988 1417 2172 1458 praestare
2191 1413 2235 1449 de
2262 1416 2331 1449 eat.
2365 1412 2428 1449 sed

1339 1468 1405 1494 nec
1428 1461 1465 1494 te
1489 1468 1532 1493 ex
1554 1462 1677 1503 parte,
1711 1468 1818 1504 quam
1848 1458 2055 1494 hereditatis
2114 1459 2259 1494 etitione
2288 1458 2382 1494 forte
2405 1468 2428 1494 a

1339 1502 1421 1539 Seio
1446 1507 1704 1539 consecuturus
1736 1504 1804 1543 sis,
1836 1503 2025 1549 quicquam
2049 1515 2084 1539 m
2124 1504 2132 1512 '
2157 1507 2342 1549 praestare
2366 1503 2426 1540 de-

1337 1548 1441 1591 bere,
1474 1549 1558 1594 quia
1582 1548 1677 1594 quod
1700 1548 1747 1584 ad
1770 1548 1889 1595 Seium
1920 1549 2138 1595 pervenerit,
2170 1553 2312 1585 tuarum
2343 1559 2426 1595 par-

1338 1594 1427 1629 tium
1450 1594 1599 1639 pretium
1623 1594 1670 1629 sit
1693 1604 1759 1629 nec
1783 1594 1830 1629 ad
1853 1604 1909 1630 me
1932 1595 2121 1630 habentem
2134 1596 2162 1616 ¹⁰
2185 1605 2303 1630 meum
2328 1594 2426 1640 quic-

1339 1649 1446 1684 quam
1470 1649 1515 1674 ex
1537 1649 1580 1675 eo
1603 1638 1720 1675 redire
1743 1639 1883 1675 debeat.

1385 1681 1438 1722 63
1471 1683 1667 1720 mmmm
1693 1684 1786 1720 libro
1818 1684 2028 1730 triqensimo
2052 1685 2177 1731 primo
2201 1684 2252 1720 ad
2272 1684 2426 1721 edictum

1337 1729 1472 1765 Verum
1496 1732 1551 1765 est
1573 1728 1669 1775 quod
1682 1730 1707 1751 ¹¹
1733 1729 1865 1765 Sabino
1890 1729 2048 1772 videtur,
2082 1729 2221 1765 etiamsi
2250 1740 2323 1765 3011
2346 1729 2426 1765 331-

1337 1784 1519 1810 versorum
1541 1775 1718 1810 bonorum
1741 1774 1829 1810 socii
1852 1777 1947 1817 sunt,
1972 1774 2035 1810 sed
2058 1774 2162 1810 unius
2181 1775 2244 1817 rei,
2269 1778 2427 1811 attamen

1337 1820 1374 1855 in
1397 1820 1434 1855 id
1457 1820 1552 1872 quod
1574 1819 1694 1855 facere
1716 1823 1868 1865 possunt
1891 1820 2030 1865 quodve
2054 1819 2134 1855 dolo
2159 1820 2252 1856 malo
2275 1819 2427 1855 fecerint

1338 1876 1407 1911 quo
1431 1875 1548 1900 minus
1572 1865 1728 1910 possint,
1761 1864 1989 1900 condemnari
2020 1868 2195 1910 oportere.
2231 1865 2301 1901 hoc
2334 1865 2426 1900 enim

1337 1921 1511 1946 summam
1534 1910 1708 1946 rationem
1731 1910 1860 1953 habet,
1893 1921 1974 1946 cum
1997 1910 2151 1946 societas
2175 1910 2230 1946 ius
2278 1910 2424 1946 uodam-

1340 1959 1355 1991 1
1405 1955 1510 1991 modo
1542 1955 1776 1991 fraternitatis
1807 1955 1844 1990 in
1876 1965 1915 1991 se
1945 1955 2088 1991 habeat.
2136 1955 2250 1991 Viden
2276 1967 2336 1991 uin
2360 1959 2426 1998 est,

1337 2011 1384 2036 an
1419 2005 1455 2036 et
1483 2000 1684 2036 fideiussori
1715 2000 1803 2036 socii
1834 2000 1871 2035 id
1902 2000 2079 2046 praestari
2111 2000 2240 2036 debeat
2271 2011 2319 2036 an
2341 2011 2424 2037 vero

1336 2046 1524 2092 personale
1547 2045 1758 2081 beneficium
1781 2045 1838 2088 sit,
1863 2045 1959 2091 quod
1983 2045 2094 2091 magis
2117 2055 2237 2082 verum
2261 2049 2325 2082 est.
2363 2045 2426 2082 sed

1336 2091 1367 2127 si
1390 2092 1448 2127 hic
1471 2091 1660 2127 fideiussor
1683 2091 1786 2143 quasi
1810 2090 1975 2127 defensor
1999 2091 2086 2127 socii
2108 2090 2279 2127 iudicium
2303 2101 2424 2127 susce-

1363 2137 1448 2179 erit,
1480 2136 1640 2182 proderit
1671 2136 1757 2171 sibi:
1790 2146 1945 2181 namque
1975 2136 2134 2172 Iulianus
2169 2136 2260 2172 libro
2294 2140 2423 2182 quarto

1335 2147 1472 2217 gecimo
1509 2181 1725 2226 digestorum
1759 2181 1904 2226 scripsit
1937 2181 2159 2217 defensorem
2193 2181 2282 2218 socii
2315 2182 2352 2217 in
2389 2180 2425 2217 id

1336 2226 1431 2272 qnod
1451 2227 1569 2262 socius
1588 2226 1709 2262 facere
1727 2230 1848 2271 potest
1867 2226 2094 2262 condemnari
2113 2230 2290 2272 oportere.
2314 2226 2424 2262 idem-

1335 2282 1404 2317 que
1428 2275 1464 2306 et
1486 2272 1523 2307 in
1546 2271 1690 2316 patroni
1709 2271 1895 2307 defensore
1916 2271 2080 2317 accipere
2091 2272 2120 2293 ¹²
2142 2271 2272 2308 debere
2296 2272 2364 2307 ait:
2389 2275 2426 2308 et

1334 2317 1458 2362 utique
1480 2316 1573 2352 idem
1597 2317 1663 2352 erit
1685 2316 1722 2351 iii
1746 2317 1936 2359 universis,
1969 2316 2029 2361 qui
2058 2316 2096 2351 in
2126 2316 2164 2352 id
2187 2317 2283 2362 quod
2305 2316 2424 2353 facere

1336 2365 1355 2397 2
1400 2365 1555 2414 possunt
1587 2362 1856 2397 conveniuntur.
1904 2362 2005 2397 Patri
2036 2365 2155 2397 autem
2188 2362 2244 2398 vel
2281 2362 2423 2398 domino

1335 2417 1433 2449 00011,
1459 2407 1489 2442 01
1511 2406 1611 2442 1110011
1636 2417 1759 2442 eorum
1782 2406 1934 2442 societas
1959 2411 2145 2442 contracta
2167 2407 2225 2448 sit,
2249 2418 2321 2443 non
2345 2417 2424 2443 esse

1334 2452 1427 2487 hanc
1452 2452 1697 2497 exceptionem
1728 2451 1940 2495 dandam¹³‚
1973 2452 2057 2497 quia
2087 2463 2154 2488 nec
2185 2452 2306 2488 heredi
2336 2452 2423 2488 socii

1335 2497 1534 2542 ceterisque
1553 2497 1821 2532 successoribus
1841 2497 1910 2533 hoc
1929 2497 2187 2542 praestabitur:
2214 2497 2297 2550 quia
2311 2498 2337 2518 ¹⁴
2357 2507 2423 2533 nec

1335 2546 1534 2577 ceterorum
1554 2541 1743 2577 heredibus
1762 2542 2083 2585 successoribusve,
2104 2553 2194 2588 quos
2214 2553 2251 2578 in
2271 2542 2309 2577 id
2328 2541 2422 2588 quod

1335 2590 1354 2623 3
1401 2586 1521 2623 facere
1543 2591 1696 2632 possunt
1719 2587 1965 2630 convenimus,
1995 2587 2088 2623 idem
2118 2591 2333 2633 praestatur.
2381 2586 2422 2623 Id

1334 2632 1431 2713 33011
1460 2631 1582 2668 facere
1613 2632 1732 2668 socius
1762 2636 1883 2678 potest
1912 2632 2207 2678 quemadmodum
2231 2633 2421 2668 aestiman-

1359 2688 1419 2712 um
1442 2677 1514 2712 sit?
1549 2681 1585 2713 et
1607 2677 1743 2722 placuit
1766 2688 1837 2713 non
1862 2677 1992 2713 debere
2016 2677 2143 2714 deduci
2175 2688 2235 2714 aes
2268 2678 2422 2713 alienum

1358 2722 1430 2758 uod
1454 2722 1603 2758 debetur
1626 2732 1649 2757 a
1671 2722 1788 2758 socio:
1813 2723 1866 2758 ita
1889 2727 1925 2758 et
1943 2723 2137 2758 Marcellus
2161 2723 2250 2759 libro
2272 2723 2420 2768 septimo

1334 2734 1550 2813 digestorum
1574 2768 1728 2813 scripsit,
1753 2767 1819 2803 nisi
1843 2767 1956 2810 forte,
1980 2768 2114 2813 inquit,
2139 2778 2183 2803 01
2205 2768 2284 2814 11103
2307 2768 2420 2804 socie·

1334 2815 1355 2847 4
1401 2816 1476 2848 tate
1506 2812 1688 2848 debeatur.
1731 2813 1825 2848 -Item
1848 2812 2055 2855 videndum,
2089 2823 2135 2848 an
2159 2813 2278 2848 cautio
2301 2813 2421 2848 veniat

1332 2858 1369 2892 in
1400 2858 1468 2893 hoc
1499 2857 1669 2893 iudicium
1693 2858 1768 2893 eius
1792 2857 1889 2903 quod
1913 2857 2033 2893 facere
2056 2858 2174 2893 socius
2198 2869 2270 2894 non
2294 2858 2419 2904 possit,

1333 2902 1469 2938 scilicet
1492 2902 1589 2938 nuda
1612 2902 1817 2948 promissio:
1851 2902 1946 2947 quod
1977 2903 2087 2948 magis
2112 2903 2300 2938 dicendum
2325 2903 2418 2938 arbi-

1333 2951 1353 2982 5
1401 2952 1486 2983 tror.
1535 2947 1583 2989 Si,
1609 2958 1689 2983 cum
1713 2951 1785 2982 tres
1810 2948 1897 2982 socii
1921 2952 2058 2990 essent,
2092 2948 2201 2993 egerit
2233 2959 2314 2984 cum
2345 2958 2417 2984 uno

1333 3003 1376 3028 ex
1408 2993 1514 3028 sociis
1539 2993 1658 3028 socius
1683 2996 1718 3028 et
1740 2997 1878 3037 partem
1902 3003 2003 3028 suain
2027 2993 2200 3038 integram
2223 2994 2271 3029 sit
2294 3003 2418 3029 conse-

1333 3042 1455 3080 cutus,
1488 3037 1615 3073 deinde
1645 3037 1735 3072 alius
1769 3038 1887 3073 socius
1920 3049 2000 3073 cum
2024 3038 2147 3074 eodem
2172 3048 2193 3073 a
2217 3042 2254 3073 at
2277 3042 2313 3074 et
2336 3048 2418 3083 par-

1331 3087 1402 3118 tem
1426 3082 1595 3128 consequi
1618 3082 1790 3127 integram
1815 3093 1885 3118 non
1910 3083 2061 3128 poterit,
2087 3083 2170 3128 quia
2209 3093 2312 3119 acere
2335 3083 2418 3118 soli-

1332 3128 1415 3163 dum
1447 3138 1519 3163 non
1550 3131 1686 3172 potest,
1720 3138 1766 3163 an
1798 3128 1855 3163 hic
1912 3129 1948 3163 ui
1979 3128 2093 3163 minus
2125 3132 2340 3164 consecutus
2364 3131 2419 3164 est

1332 3183 1413 3209 cum
1436 3182 1477 3208 eo
1502 3182 1605 3217 agere
1628 3172 1743 3218 possit
1768 3173 1828 3218 qui
1852 3139 2003 3208 soffidum
2027 3173 2165 3218 accepit
2189 3174 2234 3208 ad
2259 3184 2415 3209 commu-

1330 3217 1503 3253 nicandas
1525 3221 1647 3262 partes
1670 3218 1763 3253 inter
1787 3228 1860 3260 eos,
1884 3218 1920 3253 id
1944 3222 1999 3253 est
2022 3218 2291 3263 exaequandas,
2340 3217 2418 3253 3301

1330 3263 1490 3308 1311133111
1522 3262 1569 3297 011
1601 3273 1644 3297 ex
1679 3263 1801 3298 eadem
1833 3263 2003 3298 societate
2034 3263 2142 3298 alium
2176 3263 2275 3308 plus,
2309 3230 2417 3298 11113111

1330 3307 1446 3342 minus
1472 3308 1666 3352 consequi?
1700 3307 1804 3343 0011ιεί
1827 3308 1936 3353 magis
1961 3311 2034 3350 est,
2065 3311 2106 3342 ut
2135 3318 2201 3353 pro
2233 3308 2329 3343 socio
2354 3317 2415 3343 ac-

1330 3352 1427 3388 tione
1447 3353 1615 3398 consequi
1636 3353 1759 3398 possit,
1779 3356 1821 3387 ut
1840 3353 2025 3398 utriusque
2042 3353 2158 3398 portio
2181 3356 2414 3398 exaequetur:

1332 3400 1352 3432 6
1399 3407 1491 3442 quae
1514 3397 1692 3433 sententia
1715 3398 1824 3433 habet
1847 3397 2071 3443 aequitatem.
2119 3397 2276 3443 Tempus
2297 3402 2414 3433 autem

1331 3447 1534 3488 spectamus
1566 3446 1739 3488 quantum
1762 3442 1882 3478 facere
1905 3443 2023 3478 socius
2047 3443 2160 3488 possit
2181 3443 2232 3478 rei
2255 3442 2415 3478 iudican-

1331 3489 1350 3521 7
1398 3486 1476 3522 dae.
1524 3487 1603 3523 Hoc
1626 3497 1768 3540 quoque
1790 3486 1911 3523 facere
1934 3487 2012 3532 quis
2036 3497 2141 3540 posse
2160 3487 2299 3523 videtur
2318 3486 2415 3533 quod

2476 3739 2525 3791 {ss

2477 3796 2526 3815 ‘¹¹⁴

2472 3775 2528 3918 i

1330 3531 1412 3567 dolo
1435 3531 1522 3567 fecit
1544 3542 1614 3578 quo
1638 3542 1754 3567 minus
1783 3532 1915 3578 possit:
1947 3543 2014 3568 nec
2046 3543 2139 3568 emm
2173 3543 2325 3579 30113313
2358 3536 2412 3568 001

1724 3646 1769 3687 (ο)
1794 3645 1940 3679 01301110.
1955 3646 2028 3680 edd.

1707 3693 1762 3732 (11)
1787 3691 1829 3723 ad
1843 3693 1901 3724 ins.
1916 3691 1951 3724 F

1657 3736 1716 3778 (u)
1742 3736 1822 3779 quia
1834 3736 1896 3770 del.

2099 3647 2160 3687 (10)
2183 3645 2360 3679 habentem
2373 3646 2412 3688 S,

2105 3694 2163 3732 (12)
2187 3691 2338 3724 accidere
2349 3703 2410 3726 scr.

1991 3737 2050 3778 (111)
2073 3735 2144 3778 sed]
2157 3739 2192 3769 01
2202 3749 2264 3771 ecr-

1332 3646 1377 3687 (8)
1402 3645 1581 3678 interesset
1591 3658 1652 3680 scr.

1331 3690 1505 3723 adventem
1518 3691 1553 3724 F

1331 3737 1391 3777 (10)
1416 3735 1526 3769 danda
1537 3736 1572 3769 F

2482 2682 2506 2762 ij'ae
2491 2646 2500 2663 a>
2488 2567 2502 2626 sm..
2495 2518 2502 2540 .,
2485 2483 2488 2486 ’

2480 2763 2506 2942 amb-mffl-Teitvs

2486 2986 2498 3003 ν
2484 2948 2504 2982 1.νᾴ
