2528 3918
179 104 297 147 vnn
327 105 353 146 2

223 225 297 264 11¹
337 225 532 262 Uzmnvs
566 223 659 261 libro
698 228 824 262 octavo
856 224 994 262 decimo
1025 225 1076 262 ad
1105 225 1260 262 edictum

176 273 263 308 Item
286 271 383 307 Mela
406 270 540 312 scribit,
565 269 607 312 si,
633 280 714 305 cum
736 269 812 316 pila
834 269 979 316 quidam
1001 270 1175 313 luderent,
1199 280 1259 306 ve-

174 317 373 354 hementius
397 315 476 361 quis
498 315 573 361 pila
590 324 768 367 percussa
789 315 827 351 in
849 316 1005 352 tonsoris
1029 326 1157 351 manus
1181 325 1261 351 eam

175 362 342 399 deiecerit
365 365 401 396 et
423 360 476 396 sic
506 369 618 403 servi,
651 370 757 406 quem
787 364 914 396 tonsor
943 361 1144 404 habebat²‚
1176 360 1261 405 gula

174 408 221 443 sit
243 405 406 453 praecisa
436 404 603 441 adiecto⁸
633 405 795 442 cultello:
827 405 865 440 in
889 416 1114 451 quocumque
1138 415 1261 441 eorum

174 453 279 498 culpa
302 451 358 494 sit,
383 461 463 486 eum
485 450 562 496 lege
583 450 728 496 Aquilia
749 451 871 486 teneri.
919 451 1094 486 Proculus
1117 450 1155 486 in
1178 454 1259 485 ton-

174 507 254 534 sore
286 506 365 532 esse
395 494 555 540 culpam:
592 499 630 531 et
659 506 746 531 sane
776 495 806 531 si
836 495 883 531 ibi
907 495 1097 538 tondebat,
1131 495 1195 531 ubi
1218 504 1263 530 ex

174 540 430 579 consuetudine
440 540 633 576 ludebatur
643 540 698 576 vel
713 540 775 576 ubi
793 540 965 575 transitus
984 540 1152 585 frequens
1173 545 1261 583 erat,

173 591 228 623 est
250 585 345 632 quod
368 585 402 622 ei
423 585 635 631 imputetur:
668 586 828 631 quamvis
860 595 925 620 nec
956 585 1069 620 illud⁴
1092 585 1185 621 male
1209 585 1261 620 di-

174 636 296 675 catur,
328 631 359 667 si
388 631 427 666 in
456 630 537 666 loco
569 630 771 676 periculoso
805 631 927 666 sellam
950 630 1097 665 habenti
1123 629 1261 666 tonsori

176 681 190 713 1
240 687 280 713 se
302 676 380 722 quis
404 676 630 719 commiserit,
654 676 770 722 ipsum
794 675 837 710 de
861 686 900 711 se
923 675 1024 720 queri
1047 675 1187 711 debere.
1224 675 1262 710 Si

172 723 263 759 alius
286 721 412 764 tenuit,
436 721 528 757 alius
551 721 739 763 interemit,
764 721 794 756 is
819 721 879 765 qui
902 720 1028 763 tenuit,
1053 721 1157 766 quasi
1175 730 1260 756 cau-

173 771 192 803 2
241 778 318 803 sam
328 766 453 803 mortis
465 766 834 812 praebuit,infactum
847 765 988 801 actione
1000 769 1152 801 tenetur.
1190 764 1262 801 Sed

172 812 203 849 si
234 812 355 866 plures
386 821 527 848 servum
557 811 816 857 percusserint,
854 814 973 846 utrum
1004 821 1127 846 omnes
1159 811 1261 856 quasi

172 857 368 894 occiderint
397 860 605 899 teneantur,
639 856 832 892 videamus,
869 859 904 891 et
928 856 959 891 si
1007 856 1125 892 uidem
1148 866 1260 901 appa-

171 906 227 939 ret
250 903 353 939 cuius
375 902 451 938 ictu
474 902 639 947 perierit,
670 901 729 936 ille
759 900 862 946 quasi
895 901 973 936 occi
1001 901 1068 937 erit
1098 905 1258 937 tenetur:

195 948 268 985 uod
290 947 322 984 si
344 958 418 983 non
441 950 611 993 apparet,
647 956 768 982 omnes
800 945 902 991 quasi
926 946 1124 982 occiderint
1146 946 1261 982 teneri

172 960 333 1030 iulianus
357 993 426 1035 ait,
452 996 488 1028 et
510 993 541 1028 si
565 1002 646 1027 cum
670 1002 740 1027 uno
765 995 911 1036 agatur,
945 992 1053 1027 ceteri
1076 1002 1149 1027 non
1171 992 1259 1027 libe-

171 1042 317 1075 rantur:
354 1048 437 1074 nam
472 1047 516 1072 ex
547 1037 622 1081 lege
652 1036 795 1081 Aquilia
827 1036 924 1081 quod
954 1036 1045 1072 alius
1069 1037 1259 1082 praestitit,

173 1087 193 1120 3
241 1084 350 1120 alium
373 1094 446 1119 non
469 1083 612 1124 relevat,
638 1092 718 1117 cum
742 1081 788 1117 sit
810 1091 937 1126 poena.
984 1081 1109 1118 Celsus
1125 1082 1259 1125 scribit,

171 1129 202 1166 si
226 1129 316 1165 alius
339 1127 520 1164 mortifero
551 1127 719 1162 vulnere⁵
741 1127 978 1171 percusserit,
1011 1127 1103 1163 alius
1134 1131 1261 1173 postea

172 1174 440 1216 exanimaverit,
472 1172 625 1218 priorem
657 1171 798 1217 quidem
830 1182 903 1207 non
934 1173 1048 1208 teneri
1071 1172 1176 1218 quasi
1198 1183 1259 1208 00-

172 1219 315 1262 ciderit,
348 1218 410 1254 sed
433 1218 536 1263 quasi
558 1217 812 1260 vulneraverit,
845 1217 929 1262 quia
953 1227 998 1253 ex
1021 1218 1091 1253 alio
1116 1217 1262 1253 vulnere

170 1265 285 1311 periit,
310 1263 541 1310 posteriorem
564 1262 688 1304 teneri,
713 1262 797 1306 quia
821 1262 962 1298 occidit.
1022 1263 1093 1298 uod
1114 1267 1150 1298 et
1161 1263 1259 1298 Mar-

171 1314 192 1345 4
240 1309 327 1345 cello
351 1308 489 1344 videtur
513 1311 548 1343 et
572 1311 626 1343 est
648 1307 880 1353 probabilius.
917 1307 955 1343 Si
978 1319 1002 1353 p
1017 1319 1099 1344 ures
1122 1308 1262 1344 trabem

171 1354 365 1391 deiecerint
388 1357 423 1389 et
445 1353 622 1388 hominem
646 1353 905 1398 oppresserint,
939 1363 1052 1398 aeque
1082 1353 1261 1389 veteribus

171 1403 191 1436 5
238 1400 357 1445 placet
380 1408 501 1434 omnes
525 1398 601 1442 lege
623 1397 769 1443 Aquilia
800 1398 923 1433 teneri.
970 1398 1061 1434 Item
1092 1409 1174 1434 cum
1206 1409 1260 1442 eo,

195 1444 231 1480 ui
254 1454 378 1480 canem
401 1443 601 1478 irritaverat
623 1447 658 1478 et
689 1443 876 1485 effecerat,
908 1447 950 1478 ut
979 1443 1134 1489 aliquem
1166 1454 1260 1480 mor-

196 1494 287 1531 eret,
320 1489 478 1535 quamvis
504 1499 583 1524 eum
606 1499 679 1523 non
702 1489 836 1531 tenuit,
868 1488 1045 1525 Proculus
1076 1500 1134 1525 res
1161 1488 1262 1524 ondit

170 1534 333 1580 Aquiliae
368 1534 543 1569 actionem
579 1543 675 1569 esse:
712 1533 775 1569 sed
806 1533 967 1569 Iulianus
1004 1545 1085 1570 eum
1144 1545 1261 1570 emum

170 1579 311 1625 Aquilia
344 1579 457 1614 teneri
491 1579 561 1621 ait,
597 1579 658 1624 qui
689 1578 805 1614 tenuit
836 1583 871 1614 et
902 1579 1020 1615 effecit
1042 1583 1084 1615 ut
1106 1580 1154 1615 ali
1179 1590 1260 1615 uem

170 1624 366 1660 morderet:
392 1628 548 1659 ceterum
572 1623 602 1659 si
625 1635 697 1659 non
721 1624 848 1667 tenuit,
872 1623 1059 1660 infactum
1072 1635 1161 1670 agen
1188 1636 1258 1660 um.

170 1673 190 1705 6
238 1669 344 1714 Legis
368 1672 488 1704 autem
511 1668 676 1714 Aquiliae
699 1669 793 1704 actio
819 1679 879 1704 ero
905 1670 1085 1721 competit,
1109 1670 1180 1706 hoc
1204 1674 1260 1706 est
1284 1672 1286 1675 ’

170 1718 190 1749 7
238 1714 390 1750 domino.

170 1770 294 1802 essem,
319 1759 487 1795 damnum
507 1759 638 1794 iniuria
658 1759 782 1794 datum
794 1763 898 1803 esset,
923 1760 1084 1796 Iulianus
1104 1761 1156 1795 ait
1171 1760 1259 1806 legis

169 1805 332 1851 Aquiliae
355 1805 532 1840 actionem
555 1804 641 1839 mihi
665 1809 866 1850 competere
889 1815 1036 1850 meque,
1071 1816 1153 1841 cum
1177 1815 1258 1841 coe-

170 1853 190 1886 8
236 1861 323 1896 pero
356 1850 560 1892 redhibere,
592 1849 658 1885 tibi
680 1850 938 1885 restituturum.
988 1850 1059 1886 Sed
1082 1851 1113 1886 si
1135 1861 1259 1886 servus

168 1896 264 1932 bona
274 1895 344 1931 fide
363 1895 470 1931 alicui
489 1894 629 1938 serviat,
650 1905 697 1930 an
717 1895 749 1930 ei
770 1895 940 1940 competit
950 1896 1117 1941 Aquiliae
1136 1896 1259 1932 actio?

171 1944 196 1977 9*
237 1944 274 1976 01
295 1941 406 1985 magis
428 1940 467 1975 in
489 1939 626 1975 factum
650 1940 745 1976 actio
777 1940 845 1975 erit
876 1940 1006 1976 danda.
1055 1941 1169 1984 Eum,
1201 1941 1259 1977 0111

168 1986 377 2022 vestimenta
400 1985 626 2021 commodata
642 1989 736 2028 sunt,
762 1996 835 2021 non
853 1996 973 2031 posse,
999 1986 1029 2022 si
1049 1987 1162 2022 scissa
1180 1985 1258 2022 fue-

167 2032 250 2074 rint,
273 2031 351 2076 lege
370 2030 511 2076 Aquilia
534 2041 640 2075 agere
662 2030 822 2066 Iulianus
846 2031 907 2074 ait,
932 2031 996 2067 sed
1016 2031 1159 2067 domino
1180 2042 1258 2067 eam

171 2080 212 2111 10
260 2079 471 2122 competere.
530 2077 589 2110 An
622 2075 843 2112 fructuarius
878 2076 933 2111 vel
967 2077 1135 2112 usuarius
1172 2077 1258 2122 legis

168 2121 332 2166 Aquiliae
354 2121 531 2156 actionem
554 2121 722 2163 haberet,
753 2121 914 2156 Iulianus
936 2125 1089 2157 tractat:
1124 2126 1160 2157 et
1194 2133 1257 2167 ego

167 2171 254 2212 puto
278 2166 403 2202 melius
427 2166 514 2201 utile
537 2166 705 2201 iudicium
730 2176 774 2201 ex
797 2167 866 2202 hac
891 2177 1003 2202 causa
1027 2167 1195 2202 dandum.

217 2209 268 2248 12
292 2210 451 2247 PAULvs
478 2211 569 2247 libro
601 2211 738 2246 decimo
762 2211 812 2247 ad
833 2210 1009 2247 Sabinum
1056 2211 1127 2247 Sed
1160 2216 1196 2247 et
1228 2212 1259 2247 si

167 2256 394 2310 proprietatis
407 2255 569 2292 dominus
581 2256 819 2292 vulneraverit
839 2266 981 2292 servum
1000 2257 1055 2292 vel
1075 2257 1258 2299 occiderit,

166 2311 203 2338 111
227 2312 296 2347 quo
329 2312 416 2337 usus
446 2301 587 2336 fructus
617 2311 717 2336 meus
749 2306 820 2343 est,
857 2301 975 2337 danda
1010 2306 1064 2337 est
1094 2302 1181 2337 mihi
1211 2302 1258 2338 ad

168 2347 366 2392 exemplum
389 2346 474 2392 legis
496 2346 661 2391 Aquiliae
691 2346 787 2387 actio
816 2346 854 2381 in
885 2357 966 2382 eum
995 2357 1060 2392 pro
1093 2347 1259 2392 portione

167 2402 254 2428 usus
277 2391 427 2434 fructus,
453 2395 492 2427 ut
515 2391 621 2427 etiam
645 2401 689 2426 ea
736 2402 795 2427 ars
815 2392 900 2427 anni
918 2392 956 2427 in
977 2392 1258 2428 aestimationem

167 2438 296 2479 veniat,
321 2447 392 2482 qua
414 2436 572 2472 nondum
595 2447 683 2472 usus
722 2440 847 2472 ructus
870 2447 970 2472 meus
993 2437 1074 2472 fuit.

215 2479 265 2520 13
298 2481 491 2518 ULPIANUS
507 2481 598 2517 libro
611 2485 736 2518 octavo
749 2481 886 2518 decimo
899 2482 949 2516 ad
959 2482 1113 2518 edictum
1148 2483 1259 2518 Liber

168 2527 272 2563 homo
304 2537 370 2562 suo
401 2527 542 2562 nomine
572 2527 695 2562 utilem
726 2527 891 2572 Aquiliae
920 2527 1031 2562 habet
1061 2528 1256 2563 actionem:

169 2572 338 2607 directam
362 2572 453 2607 enim
485 2582 557 2607 non
588 2572 716 2614 habet,
750 2572 918 2617 quoniam
951 2572 1116 2608 dominus
1147 2583 1257 2608 mem-

168 2617 311 2652 brorum
335 2627 479 2652 suorum
504 2627 606 2652 nemo
630 2616 779 2653 videtur.
815 2617 854 2652 fu
880 2617 953 2652 ‘tivi
973 2622 1094 2653 autem
1113 2618 1257 2654 nomine

172 2666 184 2695 1
237 2661 399 2697 dominus
434 2662 552 2697 habet.
601 2662 759 2698 Iulianus
792 2662 863 2698 scri
889 2663 936 2704 it,
969 2663 999 2698 si
1029 2664 1136 2699 homo
1167 2663 1258 2699 liber

169 2707 263 2742 bona
281 2706 351 2741 fide
370 2706 454 2741 mihi
473 2707 614 2749 serviat,
638 2707 755 2752 ipsum
774 2707 849 2752 lege
865 2708 1010 2753 Aquilia
1028 2708 1114 2743 mihi
1131 2708 1255 2744 teneri.

169 2754 189 2787 2
236 2751 274 2786 Si
296 2761 418 2787 servus
441 2751 676 2789 hereditarius
708 2752 913 2795 occidatur,
944 2754 1145 2798 quaeritur,
1177 2754 1256 2799 quis

168 2796 336 2842 Aquilia⁶
361 2801 462 2841 agat,
494 2807 575 2832 cum
607 2797 770 2833 dominus
801 2798 920 2833 nullus
951 2798 999 2834 sit
1021 2799 1128 2834 huius
1152 2799 1254 2835 servi.

169 2846 205 2877 et
235 2841 286 2876 ait
317 2841 440 2876 Celsus
479 2841 590 2886 legem
623 2842 763 2878 domino
795 2842 925 2878 damna
955 2843 1054 2879 salva
1086 2854 1165 2880 esse
1194 2855 1255 2880 vo-

167 2886 294 2922 luisse:
339 2886 502 2921 dominus
538 2897 576 2921 er
599 2888 645 2922 ο7
679 2887 860 2923 hereditas
894 2888 1096 2924 habebitur.
1145 2899 1257 2934 quare

170 2933 191 2967 3
238 2931 337 2967 adita
359 2931 555 2966 hereditate
575 2898 680 2967 {eres
702 2933 836 2984 poterit
859 2933 1022 2979 experiri.
1071 2933 1110 2969 Si
1133 2944 1256 2971 servus

166 2975 307 3021 legatus
324 2980 412 3028 post
434 2976 566 3011 aditam
588 2977 822 3013 hereditatem
845 2978 892 3014 sit
922 2979 1080 3022 occisus,
1114 2989 1256 3024 compe·

168 3026 243 3057 tere
265 3021 352 3066 legis
375 3021 538 3073 Aquiliae
562 3022 738 3057 actionem
767 3023 957 3068 legatario,
990 3024 1022 3059 si
1052 3025 1150 3060 non⁸
1172 3028 1257 3069 post

167 3069 318 3102 mortem
341 3076 433 3101 servi
456 3065 622 3111 adgnovit
644 3067 817 3112 legatum:
851 3068 949 3114 quod
981 3068 1012 3104 si
1042 3069 1256 3115 repudiavit,

169 3121 390 3157 consequens
411 3120 488 3146 esse
508 3110 559 3162 ait
575 3111 733 3148 Iulianus
753 3112 880 3156 dicere,
900 3113 1025 3150 heredi
1043 3118 1254 3160 competere.

218 3155 270 3194 14
302 3155 463 3192 Panas
490 3155 580 3191 labro
611 3157 801 3193 vicensimo
832 3158 990 3194 secundo
1021 3159 1073 3195 ad
1101 3159 1256 3195 edictum

168 3201 239 3238 Sed
261 3201 293 3237 si
314 3200 327 3237 i
353 3210 393 3236 se
415 3200 518 3236 heres
542 3210 621 3235 eum
644 3202 831 3246 occiderit,
864 3203 1000 3240 dictum
1023 3208 1078 3240 est
1101 3204 1256 3240 dandam

167 3247 205 3283 in
229 3256 309 3282 eum
345 3245 502 3291 egatario
526 3246 712 3281 actionem.

217 3289 268 3330 15
299 3290 495 3328 Uzmnvs
511 3290 600 3326 libro
621 3295 745 3327 octavo
765 3291 901 3329 decimo
913 3293 1127 3330 adedictum
1161 3293 1255 3329 Huic

439 1714 477 1749 Si
499 1714 536 1749 in
560 1724 601 1749 eo
625 1714 779 1757 homine,
805 1725 910 1760 quem
933 1715 999 1750 tibi
1017 1714 1259 1751 redhibiturus

168 3337 368 3390 scripturae
390 3344 612 3416 0008οἓἓοοε
636 3340 690 3371 081
712 3335 845 3380 dicere,
869 3342 927 3381 ut,
959 3338 991 3374 si
1014 3342 1099 3374 ante
1122 3338 1256 3375 aditam

167 3381 399 3419 hereditatem
421 3390 499 3416 0001
547 3384 607 3416 101
629 3380 766 3426 legatus
790 3392 930 3426 servus,
962 3383 1059 3429 apud
1089 3383 1256 3420 heredem

169 3497 210 3538 (ι)
237 3501 254 3535 ς
269 3503 287 3530 2
299 3511 344 3525 -
355 3494 507 3529 Iulianus
519 3494 549 3527 11.
564 3500 584 3527 ε.
599 3493 619 3527 l.
632 3501 664 3527 51
679 3498 696 3533 ς
710 3501 723 3527 1
878 3497 920 3537 (2)
946 3496 1103 3539 habebat]
1116 3496 1256 3530 radebat

171 3542 242 3574 edd.
256 3552 326 3574 eum
337 3539 375 3574 Β
557 3540 600 3580 (3)
623 3538 887 3581 111-110018οᾱ10οω
900 3541 938 3581 F,
953 3542 1105 3583 praecisa
1121 3542 1254 3576 deiecto

169 3586 221 3619 vel
231 3584 385 3629 praecisa
396 3583 528 3617 adiecto
541 3584 629 3626 dett,
642 3583 795 3625 praecisa
808 3584 927 3617 adacto
939 3588 1011 3619 edd.
1090 3588 1133 3629 (4)
1157 3586 1256 3621 inum

172 3630 204 3664 F
290 3631 333 3673 (a)
358 3628 544 3662 rainer-F
624 3629 669 3670 (o)
693 3628 842 3670 aquiliae
853 3629 914 3663 FS
1003 3633 1046 3673 (7)
1071 3633 1163 3675 ergo]
1177 3643 1255 3666 vero

168 3687 230 3709 scr.
335 3676 380 3717 (8)
403 3675 486 3716 1100]
495 3674 544 3708 εἰσ
554 3673 615 3707 FS
625 3685 694 3707 cum
706 3673 743 3707 B
750 3684 765 3708 .·
767 3675 879 3717 fuitne
890 3674 966 3707 vel?

169 3720 205 3754 F
211 3719 222 3740 ¹
277 3720 337 3762 (10)
356 3726 435 3764 post
445 3718 616 3753 tenebitur
626 3719 704 3753 add.
718 3718 749 3751 si
760 3718 968 3752 coniunctim
981 3719 1112 3754 duobus
1123 3722 1255 3765 legetur

1248 98 1327 148 126

2177 117 2240 149 AD
2267 117 2420 151 LEGE!

1328 228 1511 260 remaneat
1540 225 1706 271 Aquiliae
1737 225 1832 262 actio
1864 235 1930 271 per
1960 226 2195 263 hereditatem
2230 227 2420 273 adquisita.

1329 269 1425 315 quod
1449 270 1480 305 si
1510 270 1716 307 vulneratus
1747 270 1795 307 sit
1825 274 1910 306 ante
1939 270 2073 307 aditam
2103 272 2355 316 hereditatem,
2384 274 2422 310 10

1329 314 1527 350 hereditate
1574 315 1692 351 uidem
1715 316 1810 352 actio
1834 316 2025 359 remansit,
2059 316 2124 353 sed
2157 317 2283 354 cedere
2306 328 2350 354 ea
2371 318 2423 355 le-

1333 362 1347 394 1
1397 360 1534 405 gatario
1550 326 1735 397 qheredem
1770 365 1923 406 oportet.
1984 361 2023 397 Si
2057 372 2181 398 servus
2215 363 2423 400 vulneratus

1330 404 1511 440 mortifere
1545 410 1672 451 postea
1704 406 1810 441 ruina
1838 406 1894 442 vel
1926 406 2115 452 naufragio
2149 407 2206 443 vel
2242 408 2313 445 alio
2347 409 2423 444 ictu

1330 449 1505 486 maturius
1529 451 1685 496 perierit,
1710 451 1753 486 de
1776 451 1897 487 occiso
1923 451 1981 504 agi
2003 463 2076 488 non
2099 462 2218 497 posse,
2243 453 2306 489 sed
2321 454 2424 499 quasi

1332 494 1377 530 de
1410 495 1615 538 vulnerato,
1651 495 1715 531 sed
1745 496 1776 532 si
1805 506 2045 532 manumissus
2080 497 2136 533 vel
2171 498 2347 534 alienatus
2380 509 2424 534 ex

1331 540 1475 575 vulnere
1497 540 1613 586 periit,
1638 541 1741 586 quasi
1764 540 1808 576 de
1831 541 1951 577 occiso
1976 542 2032 587 agi
2055 552 2162 588 posse
2180 543 2340 579 Iulianus
2360 544 2422 579 ait.

1331 585 1420 620 haec
1442 585 1496 620 ita
1517 589 1591 621 tam
1614 586 1730 628 varie,
1763 586 1848 631 quia
1878 597 2000 622 verum
2032 591 2087 623 est
2118 598 2200 623 eum
2222 598 2246 624 a
2267 593 2305 624 te
2328 589 2423 625 occi·

1331 640 1410 665 sum
1432 633 1520 666 tunc
1544 641 1626 666 cum
1647 631 1880 674 vulnerabas,
1913 631 2009 677 quod
2039 636 2181 668 mortuo
2217 643 2258 669 eo
2283 633 2424 670 demum

1331 675 1516 720 apparuit:
1549 676 1611 711 at⁹
1639 675 1678 711 in
1708 676 1892 722 superiore
1924 687 1996 712 non
2020 682 2076 712 est
2098 688 2208 722 passa
2230 678 2335 714 ruina
2359 689 2422 724 ap·

1356 730 1457 755 arere
1488 731 1535 755 an
1565 721 1612 756 sit
1641 722 1794 756 occisus.
1831 721 1895 757 sed
1927 722 1957 757 si
1990 722 2213 758 vulneratum
2243 724 2425 760 mortifere

1358 765 1483 800 berum
1507 769 1543 801 et
1564 766 1731 802 heredem
1755 776 1832 802 esse
1862 766 2028 810 iusseris,
2061 767 2189 804 deinde
2219 768 2423 813 decesserit,

1330 809 1496 846 heredem
1520 810 1595 847 eius
1618 821 1723 857 agere
1745 811 1890 857 Aquilia
1913 822 1986 847 non
2009 822 2128 857 posse,

1380 852 1431 892 16
1464 855 1702 892 MAROIANUS
1729 856 1821 892 libro
1853 861 1984 903 quarto
2015 858 2227 904 reqularum
2273 859 2358 904 quia
2386 859 2423 895 in

1332 911 1413 936 eum
1437 911 1559 936 casum
1582 911 1641 937 res
1663 902 1843 947 pervenit,
1876 912 1899 937 a
1922 913 1992 948 quo
2015 902 2174 948 incipere
2196 914 2269 940 non
2291 908 2422 949 potest.

1380 943 1431 982 17
1463 945 1659 982 ULPIANUS
1678 947 1770 983 libro
1794 950 1920 983 octavo
1945 947 2083 984 decimo
2107 948 2157 983 ad
2179 948 2335 984 edictum
2381 948 2421 985 si

1331 990 1495 1026 dominus
1519 1002 1660 1027 servum
1683 1002 1788 1027 suum
1812 992 2001 1035 occiderit,
2034 993 2150 1029 bonae
2172 993 2257 1029 fidei
2279 1004 2424 1039 posses·

1330 1036 1404 1117 {otri
1426 1037 1483 1102 vet}
1504 1036 1536 1072 01
1555 1037 1615 1082 qui
1633 1037 1774 1083 pignori
1791 1037 1933 1083 accepit
1950 1037 1988 1073 in
2007 1037 2144 1074 factum
2165 1039 2307 1075 actione
2325 1043 2423 1076 tene-

1355 1093 1368 1116 1
1385 1092 1439 1116 ur.

1380 1123 1431 1164 18
1455 1126 1616 1163 Panas
1643 1127 1735 1163 libro
1769 1127 1906 1163 decimo
1930 1127 1981 1163 ad
2002 1127 2178 1164 Sabinum
2224 1128 2296 1165 Sed
2327 1133 2364 1165 et
2394 1130 2427 1166 si

1330 1172 1361 1207 is
1393 1172 1455 1218 qui
1484 1171 1625 1218 pignori
1657 1183 1798 1208 servum
1829 1173 1971 1218 accepit
2001 1173 2133 1209 occidit
2165 1185 2246 1209 eum
2268 1175 2325 1210 vel
2346 1175 2423 1211 vul·

1330 1217 1479 1260 neravit,
1503 1218 1581 1263 lege
1602 1218 1747 1263 Aquilia
1771 1222 1808 1253 et
1829 1218 2065 1263 pigneraticia
2090 1220 2271 1255 conveniri
2292 1224 2424 1266 potest,

1330 1262 1394 1298 sed
1417 1263 1590 1299 alterutra
1614 1266 1804 1299 contentus
1829 1273 1908 1298 esse
1931 1263 2075 1299 debebit
2097 1268 2210 1300 actor.

1379 1306 1430 1346 19
1462 1307 1658 1344 Urmiws
1677 1308 1768 1344 libro
1790 1312 1915 1344 octavo
1935 1308 2073 1345 decimo
2096 1309 2147 1345 ad
2164 1309 2319 1345 edictum
2354 1309 2426 1347 Sed

1330 1353 1361 1389 si
1385 1363 1608 1390 communem
1631 1364 1772 1389 servum
1803 1353 1976 1389 occiderit
2006 1354 2105 1399 quis,
2137 1355 2282 1400 Aquilia
2312 1356 2425 1392 teneri

1330 1408 1411 1434 eum
1435 1398 1559 1434 Celsus
1584 1398 1653 1434 ait:
1677 1398 1772 1434 idem
1797 1402 1852 1434 est
1875 1402 1912 1433 et
1935 1399 1965 1434 si
1987 1399 2242 1435 vulneraverit:

1376 1441 1430 1482 20
1454 1443 1672 1480 [110111ῑί11νο
1692 1443 1998 1490 quadraqensimo
2017 1445 2175 1480 secundo
2188 1445 2239 1480 ad
2249 1444 2424 1482 Sabinum

1330 1489 1467 1524 scilicet
1489 1500 1555 1534 pro
1581 1499 1624 1525 ea
1646 1493 1762 1534 parte,
1786 1499 1852 1534 pro
1878 1499 1950 1534 qua
1973 1488 2137 1525 dominus
2163 1494 2218 1525 est
2241 1491 2303 1536 qui
2327 1493 2423 1536 agat.

1376 1532 1426 1571 21
1446 1536 1471 1555 ¹¹
1495 1534 1605 1569 IDEM
1630 1534 1722 1570 libro
1755 1538 1880 1570 octavo
1913 1534 2050 1570 decimo
2083 1535 2133 1570 ad
2163 1535 2317 1571 edictum
2362 1537 2425 1571 Ait

1329 1579 1404 1615 lex:
1443 1582 1451 1598 ‘
1479 1579 1580 1614 uanti
1613 1579 1644 1615 is
1679 1579 1787 1614 homo
1818 1579 1856 1613 in
1889 1590 1931 1614 eo
1963 1590 2058 1615 anno
2093 1580 2238 1624 plurimi
2270 1580 2421 1617 fuisset'.

1330 1635 1423 1670 quae
1447 1635 1466 1660 0
1482 1625 1610 1660 ausula
1633 1624 1918 1659 aestimationem
1941 1625 2051 1660 habet
2074 1624 2213 1668 damni,
2238 1625 2335 1670 quod
2359 1626 2422 1661 da-

1332 1673 1347 1704 1
1397 1674 1474 1705 tum
1498 1673 1563 1705 est.
1610 1670 1738 1704 Annus
1762 1673 1882 1704 autem
1904 1673 2082 1705 retrorsus
2107 1675 2354 1716 computatur,
2379 1682 2424 1707 ex

1329 1726 1399 1760 quo
1425 1715 1505 1760 quis
1530 1715 1671 1751 occisus
1696 1718 1769 1750 est:
1803 1714 1899 1759 quod
1931 1715 1961 1750 si
1992 1714 2175 1751 mortifere
2204 1715 2313 1752 fuerit
2345 1717 2423 1752 vul-

1329 1764 1475 1796 neratus
1508 1763 1545 1796 et
1575 1764 1704 1805 postea
1735 1763 1818 1804 post
1847 1760 1994 1804 longum
2015 1760 2239 1796 intervallum
2262 1766 2424 1797 mortuus

1329 1805 1395 1849 sit,
1427 1805 1511 1841 inde
1542 1815 1675 1840 annum
1706 1805 1973 1840 numerabimus
2005 1805 2200 1841 secundum
2231 1807 2420 1850 Iulianum,

1330 1861 1375 1886 ex
1422 1861 1469 1886 uo
1493 1850 1699 1886 vulneratus
1714 1850 1742 1871 ¹²
1765 1854 1838 1892 est,
1871 1850 1956 1885 licet
1980 1849 2104 1886 Celsus
2137 1855 2264 1887 contra
2286 1852 2421 1887 scribit.

1330 1899 1350 1931 2
1425 1896 1469 1931 ed
1492 1900 1615 1931 utrum
1639 1905 1770 1940 corpus
1795 1894 1872 1930 eius
1896 1895 2009 1931 solum
2034 1896 2273 1939 aestimamus,
2299 1898 2424 1942 quanti

1327 1941 1438 1977 fuerit
1473 1952 1555 1977 cum
1591 1940 1830 1983 occideretur,
1867 1951 1916 1976 an
1948 1940 2069 1986 potius
2105 1942 2231 1986 quanti
2263 1942 2424 1978 interfuit

1328 1990 1452 2022 nostra
1475 1997 1548 2022 non
1572 1996 1650 2022 esse
1669 1985 1854 2021 occisum?
1878 1990 1914 2021 et
1931 1986 2002 2022 hoc
2021 1986 2099 2022 iure
2117 1987 2262 2030 utimur,
2286 1992 2328 2023 ut
2347 1988 2422 2023 eius

1329 2032 1425 2077 quod
1447 2032 1598 2067 interest
1619 2030 1685 2066 fiat
1708 2031 1920 2066 aestimatio.

1375 2074 1429 2114 22
1462 2076 1520 2112 ΡΑ
1528 2086 1624 2112 ULUS
1652 2076 1744 2112 libro
1775 2077 1968 2112 vicensimo
1999 2076 2157 2112 secundo
2189 2077 2239 2112 ad
2267 2077 2422 2113 edictum

1327 2121 1483 2158 Proinde
1507 2122 1538 2157 si
1562 2132 1702 2157 servum
1726 2121 1899 2164 occidisti,
1925 2131 2030 2166 quem
2053 2122 2121 2157 sub
2140 2132 2259 2167 poena
2277 2122 2421 2158 traden-

1300 2176 1302 2178 ’
1331 2171 1346 2202 1
1396 2167 1481 2202 dum
1504 2167 1661 2212 promisi,
1685 2166 1823 2201 utilitas
1843 2167 1940 2202 venit
1958 2166 1996 2201 in
2015 2167 2086 2202 hoc
2105 2167 2286 2202 iudicium.
2333 2167 2422 2203 Item

1328 2222 1460 2248 causae
1484 2213 1627 2257 corpori
1657 2211 1889 2249 cohaerentes
1921 2211 2171 2254 aestimantur,
2204 2212 2235 2248 si
2266 2212 2346 2258 quis
2378 2223 2422 2248 ex

1328 2257 1508 2293 comoedis
1533 2260 1597 2292 aut
1620 2267 1637 2292 s
1697 2256 1885 2301 phoniacis
1909 2260 1974 2291 aut
1991 2257 2149 2302 gemellis
2168 2261 2232 2292 aut
2249 2257 2422 2303 quadriga

1328 2307 1392 2338 aut
1416 2313 1460 2338 ex
1482 2302 1562 2347 pari
1585 2313 1645 2337 mu
1660 2312 1761 2336 arum
1785 2312 1897 2336 unum
1919 2302 1975 2336 vel
1998 2312 2107 2337 unam
2131 2302 2319 2338 occiderit:
2345 2313 2419 2338 non

1328 2348 1444 2383 solum
1479 2347 1574 2382 enim
1608 2347 1784 2392 perempti
1820 2347 1981 2391 corporis
2017 2347 2218 2383 aestimatio
2253 2347 2421 2383 facienda

1328 2396 1400 2435 est,
1431 2392 1496 2428 sed
1519 2396 1555 2427 et
1579 2392 1656 2427 eius
1679 2392 1772 2427 ratio
1795 2392 1921 2427 haberi
1944 2392 2069 2435 debet,
2100 2403 2170 2437 quo
2196 2397 2317 2429 cetera
2340 2403 2419 2429 cor-

1326 2448 1418 2483 pora
1441 2437 1642 2482 depretiata
1665 2441 1759 2472 sunt.

1373 2480 1426 2520 23
1459 2482 1654 2518 ULPIANUS
1669 2482 1760 2518 libro
1780 2485 1906 2518 octavo
1926 2482 2063 2518 decimo
2083 2482 2134 2518 ad
2144 2482 2298 2519 edictum
2332 2482 2420 2518 Inde

1326 2528 1498 2564 Neratius
1535 2527 1678 2570 scribit,
1712 2527 1743 2562 si
1773 2537 1895 2563 servus
1925 2527 2029 2562 heres
2059 2527 2243 2563 institutus
2275 2528 2418 2563 occisus

1329 2578 1344 2608 1
1395 2573 1461 2616 sit,
1494 2572 1600 2608 etiam
1630 2572 1840 2608 hereditatis
1872 2572 2157 2608 aestimationem
2179 2573 2308 2608 venire.
2355 2573 2415 2608 Iu-

1326 2619 1442 2654 lianus
1474 2618 1543 2661 ait,
1576 2618 1607 2653 si
1630 2627 1753 2653 servus
1776 2617 1868 2653 liber
1890 2621 1927 2653 et
1949 2617 2052 2653 heres
2076 2627 2155 2653 esse
2177 2618 2296 2653 iussus
2321 2618 2417 2654 occi-

1327 2674 1388 2699 sus
1399 2663 1518 2705 fuerit,
1540 2673 1586 2698 ne
1611 2673 1656 2698 ue
1676 2663 1910 2698 substitutum
1928 2673 2045 2707 neque
2062 2662 2256 2708 legitimum
2277 2663 2416 2699 actione

1325 2709 1410 2754 legis
1423 2674 1807 2753 Aquiliae‘iiereditatis
1828 2708 2108 2760 aestimationem
2128 2713 2416 2760 consecuturum,

1326 2764 1418 2800 quae
1430 2764 1532 2789 servo
1546 2757 1748 2799 competere
1767 2763 1840 2788 non
1885 2757 1995 2788 otmt:
2022 2763 2115 2797 quae
2135 2757 2311 2789 sententia
2333 2764 2417 2789 vera

1326 2803 1391 2835 est.
1427 2799 1533 2844 pretii
1551 2798 1659 2844 igitur
1677 2798 1852 2834 solummo
1879 2809 1900 2833 ο
1920 2797 1997 2833 fieri
2016 2798 2310 2841 aestimationem,
2333 2799 2417 2844 quia

1325 2845 1395 2880 hoc
1418 2844 1591 2879 interesse
1615 2843 1730 2879 solum
1762 2842 1947 2879 substituti
1977 2843 2174 2878 videretur:
2209 2854 2272 2889 ego
2296 2848 2417 2880 autem

1324 2893 1413 2935 puto
1438 2899 1504 2924 000
1535 2889 1642 2934 1110111
1671 2888 1748 2924 fieri
1779 2888 2080 2930 aestimationem,
2113 2889 2218 2934 quia,
2250 2889 2281 2924 si
2311 2889 2416 2925 heres

1326 2938 1346 2970 2
1394 2938 1489 2970 esset
1501 2935 1538 2977 ¹³,
1564 2938 1600 2969 et
1621 2933 1712 2969 liber
1735 2937 1839 2969 esset.
1887 2932 1986 2968 Idem
2016 2933 2175 2969 Iulianus
2210 2934 2353 2977 scribit,
2384 2934 2417 2970 si

1324 2979 1509 3015 institutus
1539 2978 1642 3015 fuero
1674 2978 1741 3014 sub
1774 2977 1984 3014 condicione
2016 2978 2066 3014 ‘si
2097 2978 2258 3014 Stichum
2288 2989 2414 3015 manu-

1325 3024 1465 3060 misero'
1490 3028 1527 3059 et
1550 3023 1693 3059 Stichus
1717 3023 1765 3058 sit
1787 3023 1926 3058 occisus
1947 3027 2032 3068 post
2051 3028 2202 3060 mortem
2221 3024 2414 3067 testatoris,

1324 3069 1362 3105 in
1385 3069 1668 3104 aestimationem
1693 3068 1800 3103 etiam
1823 3068 2031 3104 hereditatis
2055 3069 2210 3114 pretium
2240 3079 2296 3104 me
2328 3080 2413 3105 con·

1325 3118 1548 3150 secuturum:
1573 3117 1721 3159 propter
1744 3113 1959 3149 occisionem
1978 3114 2071 3149 enim
2087 3113 2217 3150 defecit
2232 3114 2412 3150 condicio:

1325 3159 1422 3205 quod
1445 3159 1476 3195 si
1498 3159 1576 3195 vivo
1600 3162 1773 3194 testatore
1797 3158 1938 3194 occisus
1970 3159 2036 3201 sit,
2067 3159 2275 3195 hereditatis
2307 3159 2413 3195 aesti-

1324 3205 1517 3240 mationem
1541 3213 1692 3246 cessare,
1717 3204 1801 3249 quia
1823 3207 2018 3239 retrorsum
2065 3203 2166 3239 uanti
2187 3204 2330 3249 plurimi
2346 3204 2415 3240 fuit

1325 3252 1345 3285 3
1391 3249 1590 3302 inspicitur.
1648 3248 1747 3284 Idem
1780 3248 1941 3284 Iulianus
1975 3249 2046 3284 scri
2070 3249 2100 3284 it
2132 3249 2414 3285 aestimationem

1324 3294 1477 3330 hominis
1500 3293 1611 3331 occisi
1633 3293 1681 3330 ad
1705 3293 1742 3329 id
1764 3297 1903 3338 tempus
1926 3292 2069 3336 referri,
2102 3304 2173 3339 quo
2204 3294 2344 3339 plurimi
2376 3294 2414 3330 in

1325 3349 1367 3375 eo
1399 3349 1494 3375 anno
1524 3339 1612 3375 fuit:
1647 3342 1684 3375 et
1705 3338 1786 3374 ideo
1818 3342 1855 3374 et
1884 3338 1915 3374 si
1945 3339 2101 3384 pretioso
2133 3338 2264 3384 pictori
2294 3339 2414 3385 pollex

1323 3383 1433 3420 fuerit
1454 3384 1639 3430 praecisus
1663 3387 1700 3420 et
1720 3383 1816 3419 intra
1847 3393 1999 3427 annum,
2030 3395 2100 3429 quo
2132 3384 2412 3430 praecideretur,

1324 3497 1462 3531 Stichus
1469 3501 1504 3530 et
1513 3498 1599 3531 alter
1612 3508 1726 3530 eorum
1738 3497 1887 3530 occisum
1899 3497 2140 3540 repudiaverit,
2154 3501 2238 3540 puto
2249 3498 2411 3531 coniunc-

1323 3546 1395 3575 tum
1404 3542 1511 3576 solum
1549 3553 1622 3576 osse
1633 3541 1772 3585 Aquilia
1783 3552 1894 3584 agere,
1907 3542 1988 3584 quia
2000 3546 2089 3575 retro
2102 3542 2290 3576 adcrevisse
2303 3542 2409 3576 domi-

1322 3588 1418 3621 nium
1437 3589 1468 3621 ei
1489 3588 1523 3621 vi
1547 3591 1659 3621 eretur
1677 3587 1758 3622 Sex
1770 3587 1792 3621 l.
1805 3594 1851 3621 ³4.
1865 3594 1901 3621 35
1921 3588 1953 3621 Ιι.
1969 3595 1989 3621 ε.
2011 3588 2172 3622 contr-017·
2185 3588 2266 3623 οεΒ

1323 3634 1379 3676 (u)
1405 3638 1422 3674 ς
1436 3641 1448 3668 1
1463 3650 1507 3663 =
1519 3633 1672 3668 Iulianus
1683 3633 1714 3666 Ιι.
1728 3639 1751 3666 e.
1764 3632 1787 3667 l.
1799 3640 1831 3667 51
1846 3636 1863 3672 ς
1877 3639 1894 3666 2
2087 3635 2147 3676 (12)
2171 3632 2364 3667 vulneratos
2378 3632 2413 3666 F

1077 3678 1121 3719 (9)
1147 3680 1183 3710 at
1195 3690 1254 3711 om.
1323 3679 1382 3721 (1³)
1405 3678 1436 3711 si
1448 3679 1543 3712 heres
1554 3679 1654 3719 esset]
1667 3677 1697 3711 si
1709 3680 1898 3720 superesset
1908 3690 1971 3711 scr.
