2528 3918
147 135 264 176 QUAE:
293 137 343 170 m
371 138 587 171 summan
616 139 794 173 CREDI‘P.

147 255 161 287 1
211 251 381 297 Quaeque
404 262 471 298 per
492 262 574 289 eum
598 262 720 295 eosve,
751 251 813 298 qui
833 251 886 288 ita
910 254 1053 289 creatus
1077 252 1232 289 creative

144 299 283 342 essent,
311 301 395 333 acta
424 297 524 334 facta
550 301 722 352 gestaque
746 301 847 341 sunt,
878 301 959 334 rata
982 298 1230 335 habebuntur:

143 343 264 387 eisque
298 343 461 379 actiones
495 346 533 380 et
561 354 599 379 ln
618 353 696 380 ,eos
727 342 835 379 utiles
867 347 1092 389 competunt:
1131 347 1167 380 et
1201 343 1232 380 si

166 398 248 423 uem
271 392 457 425 curatores
480 388 663 424 mitterent
686 388 733 424 ad
757 388 935 434 agendum
958 389 1014 425 vel
1038 389 1230 426 defenden-

143 399 237 475 iium,
262 433 315 468 uti
337 433 395 470 ius
418 438 531 470 esset:
564 444 631 470 nec
654 434 701 470 ab
725 444 768 470 eo
793 434 901 477 satis,
934 444 1049 480 neque
1079 434 1123 471 de
1150 437 1231 470 rato

143 489 256 524 neque
279 478 477 515 iudicatum
501 478 608 521 solvi,
640 479 782 515 nomine
814 479 890 516 eius
921 480 1024 516 cuius
1052 480 1150 516 bona
1171 490 1230 516 ve·

143 527 252 559 neant
274 524 446 569 exigetur,
474 524 538 560 sed
561 525 703 560 nomine
726 525 839 570 ipsius
865 526 1041 561 curatoris
1066 526 1126 571 qui
1149 535 1231 561 eum

142 572 162 604 2
207 569 315 605 misit.
363 569 402 606 Si
432 570 553 615 plures
582 573 702 605 autem
735 571 1001 606 constituantur
1032 574 1230 613 curatores,

142 614 266 650 Celsus
279 616 290 637 ¹
313 614 365 650 ait
386 615 424 650 in
447 615 601 652 solidum
625 625 686 651 eos
707 618 744 651 et
762 626 868 661 agere
888 620 924 651 et
941 616 1133 661 conveniri,
1157 626 1230 652 non

141 670 206 706 pro
230 660 468 706 portionibus.
517 660 613 706 quod
646 661 677 696 si
707 671 773 706 per
799 662 962 706 regiones
985 661 1121 697 suerint
1144 672 1230 697 con-

140 705 256 741 stituti
288 709 492 748 curatores,
531 716 626 742 unus
657 705 751 742 forte
781 707 834 742 rei
864 707 1029 751 Italicae,
1070 707 1161 743 alius
1192 707 1231 742 in

140 750 334 795 provincia,
358 755 447 796 puto
471 751 634 796 regiones
658 762 721 787 eos
746 762 831 788 suas
857 763 1068 788 conservare
1087 752 1229 788 debere.

141 800 160 831 3
207 796 409 841 Quaeritur,
434 807 482 832 an
504 796 635 832 invitus
659 800 805 833 curator
827 797 907 833 fieri
926 801 1064 844 potest:
1089 801 1126 834 et
1142 797 1229 834 Cas-

140 841 213 877 sius
231 841 357 878 scribit
373 842 550 878 neminem
568 842 718 878 invitum
738 853 780 878 co
805 843 937 878 endum
955 843 1034 879 fieri
1053 843 1230 879 bonorum

139 891 353 930 curatorem,
378 887 475 932 quod
497 887 615 923 verius
640 891 706 923 est.
741 899 785 924 vo
801 889 965 924 untarius
983 889 1103 934 itaque
1120 899 1228 934 quae-

138 932 270 968 rendus
296 937 367 977 est,
397 932 467 968 nisi
490 937 526 969 et
549 943 679 978 magna
701 934 916 970 necessitate
941 937 977 969 et
1004 934 1229 979 imperatoris

139 980 159 1013 4
206 978 355 1013 arbitrio
369 978 439 1014 hoc
454 978 638 1031 procedat,
659 982 701 1014 ut
714 982 751 1014 et
767 979 899 1015 invitus
921 984 1116 1015 crearetur.
1151 979 1229 1016 Nec

139 1023 341 1059 omnimodo
367 1023 581 1060 creditorem
605 1034 683 1060 esse
708 1028 851 1070 oportet
874 1035 972 1067 eum,
1021 1025 1060 1060 ui
1083 1028 1230 1061 curator

139 1072 158 1103 5
207 1068 453 1114 constituitur,
486 1069 551 1105 sed
581 1074 735 1115 possunt
766 1074 802 1106 et
830 1081 904 1106 non
935 1081 995 1106 cre
1023 1071 1143 1107 'tores.
1191 1070 1230 1107 Si

138 1118 210 1150 tres
243 1118 426 1151 curatores
456 1114 592 1151 fuerint
620 1120 656 1151 et
679 1126 773 1151 unus
797 1125 842 1151 ex
864 1116 921 1151 his
945 1116 1035 1151 nihil
1058 1116 1227 1162 attigerit,

139 1170 185 1194 an
215 1159 254 1195 in
284 1169 384 1203 eum,
416 1160 477 1205 qui
508 1160 598 1196 nihil
628 1160 762 1206 tetigit,
799 1161 894 1197 actio
925 1161 1045 1196 danda
1076 1162 1156 1197 est?
1193 1165 1230 1197 et

138 1205 284 1241 Cassius
307 1205 488 1241 existimat
509 1206 655 1242 modum
679 1206 795 1242 actori
818 1218 890 1242 non
910 1206 1040 1242 debere
1059 1206 1230 1243 constitui

136 1261 314 1296 posseque
343 1261 424 1287 eum
454 1262 535 1287 cum
566 1262 637 1297 quo
669 1252 746 1287 vult
777 1252 941 1298 experiri.
989 1255 1080 1298 puto
1114 1252 1229 1288 cassii

137 1296 350 1331 sententiam
371 1296 562 1332 veriorem:
595 1297 832 1342 spectandum
856 1297 966 1340 enim,
991 1297 1078 1343 quid
1100 1297 1227 1333 redac-

135 1344 211 1376 tum
236 1345 300 1384 est,
325 1353 398 1377 non
421 1342 508 1394 quid
530 1342 577 1377 ad
602 1346 805 1378 curatorem
827 1353 937 1379 unum
955 1344 1166 1389 pervenerit,
1192 1348 1228 1380 et

135 1387 186 1421 ita
215 1387 368 1430 utimur,
400 1387 469 1423 nisi
496 1387 630 1423 invitus
661 1388 780 1424 factus
813 1392 885 1425 est:
917 1398 1000 1424 nam
1030 1388 1061 1424 si
1084 1389 1136 1424 ita
1159 1392 1226 1432 est,

135 1431 324 1468 dicendum
347 1443 421 1468 non
443 1443 526 1468 eum
550 1433 843 1470 conveniendum.

180 1475 205 1515 3
234 1478 379 1514 Cusus
408 1478 500 1514 libro
529 1479 721 1514 vicensimo
751 1481 883 1525 quarto
913 1479 1135 1526 diffestorum
1189 1479 1227 1515 Si

134 1522 255 1568 plures
271 1523 429 1559 eiusdem
443 1524 619 1560 bonorum
637 1527 822 1560 curatores
841 1525 931 1560 facti
947 1527 1041 1568 sunt,
1067 1524 1105 1560 in
1121 1535 1226 1569 quem

133 1579 258 1604 eorum
274 1569 352 1605 vult
369 1572 481 1613 actor,
505 1569 543 1604 in
564 1569 717 1605 solidum
735 1570 768 1606 ei
787 1570 895 1605 datur
913 1570 1008 1606 actio
1026 1573 1102 1605 tam
1120 1580 1226 1615 quam

134 1613 248 1659 quivis
272 1624 396 1650 eorum
419 1614 457 1649 in
480 1614 633 1651 solidum
657 1619 750 1660 aget.

180 1659 206 1696 4
230 1659 426 1695 Paemws
439 1659 465 1695 I
467 1669 582 1696 vsws
602 1660 694 1696 libro
704 1661 828 1707 primo
847 1660 892 1696 cle
910 1661 1228 1697 constitutionibus

132 1704 372 1750 Imperatores
384 1705 589 1741 Antoninus
609 1710 645 1741 et
659 1705 776 1742 Verus
789 1706 944 1752 Augusti
962 1706 1227 1752 rescripserunt

132 1750 237 1786 bonis
267 1761 333 1796 per
362 1754 563 1787 curatorem
593 1761 638 1787 ex
669 1755 816 1788 senatus
846 1751 1011 1788 consulto
1041 1751 1225 1789 distractis

133 1795 268 1831 nullam
291 1796 469 1832 actionem
492 1807 537 1832 ex
562 1800 645 1832 ante
668 1801 768 1841 gesto
786 1797 990 1834 fraudatori
1009 1801 1223 1842 competere.

178 1839 204 1879 5
228 1840 423 1877 IULIANUS
445 1842 536 1878 libro
561 1842 867 1889 quadraqensimo
891 1853 930 1878 se
959 1843 1043 1878 timo
1069 1843 1224 1889 diqesto-

132 1898 212 1922 rum
260 1886 300 1923 Si
329 1886 471 1923 debitor
501 1886 580 1923 foro
613 1887 763 1923 cesserit
791 1891 829 1924 et
858 1898 917 1924 cre
945 1888 1054 1924 'tores
1084 1888 1225 1933 privato

133 1932 282 1968 consilio
307 1932 457 1968 coierint
480 1936 518 1969 et
540 1932 712 1987 elegerint
740 1944 868 1978 unum,
898 1944 964 1979 per
993 1943 1098 1978 quem
1130 1934 1226 1969 bona

132 1977 378 2014 distrahantur
402 1981 439 2013 et
461 1978 580 2024 portio
602 1978 712 2023 ipsis,
745 1989 837 2025 quae
867 1989 912 2015 ex
935 1978 1084 2015 redacto
1109 1978 1224 2023 fieret,

131 2023 347 2067 solveretur,
379 2034 463 2059 mox
495 2023 672 2060 exstiterit
703 2024 815 2068 alius,
869 2025 907 2060 ui
939 2034 978 2061 se
1010 2023 1224 2061 creditorem

130 2068 247 2104 dicat:
279 2068 415 2104 nullam
446 2068 591 2115 quidem
622 2068 801 2106 actionem
824 2081 846 2106 a
871 2080 996 2107 versus
1020 2073 1226 2107 curatorem

130 2113 295 2157 habebit,
327 2114 391 2150 sed
419 2115 516 2151 bona
546 2114 719 2152 debitoris
745 2126 817 2151 una
841 2126 924 2151 cum
948 2118 1118 2153 curatore
1140 2126 1224 2151 ven-

131 2159 215 2196 dere
237 2159 388 2205 poterit‚
418 2160 470 2196 ita
498 2164 556 2203 ut,
587 2169 680 2206 quae
703 2171 727 2196 a
750 2165 918 2198 curatore
941 2164 979 2197 et
1002 2171 1025 2196 a
1048 2160 1225 2198 creditore

130 2215 176 2241 ex
197 2204 302 2241 bouis
327 2205 608 2250 contrahantur,
640 2206 806 2243 omnibus
839 2217 904 2253 pro
929 2206 1095 2253 portione
1117 2217 1224 2253 prae-

131 2253 324 2287 starentur.

606 2390 705 2430 VIII
717 2390 744 2430 ¹.

130 2455 255 2494 QUAE
287 2456 338 2489 IN
361 2456 586 2490 FRAUDEM
610 2456 909 2490 CREDITORUM
932 2457 1083 2491 FACTA
1106 2457 1224 2492 SUNT

454 2501 514 2535 UT
537 2501 898 2536 RESTITUANTUR.

178 2564 198 2604 1
232 2565 429 2603 Uzmzws
457 2567 549 2604 libro
573 2578 666 2604 sexa
693 2568 829 2604 ausimo
853 2571 959 2605 sexto
990 2569 1041 2605 ad
1068 2569 1222 2606 edictum

128 2611 192 2647 Ait
222 2615 386 2658 praetor:
427 2612 539 2658 ‘Quae
571 2579 809 2650 fraudztionis
843 2624 955 2650 causa
1007 2617 1086 2651 esta
1117 2618 1224 2651 erunt

129 2661 224 2693 ‘cum
242 2667 296 2700 eo,
321 2658 383 2703 qui
400 2657 563 2694 fraudem
583 2669 656 2694 non
672 2659 900 2704 ignoraverit,
926 2659 969 2696 de
1012 2660 1043 2696 is
1062 2661 1223 2697 curatori

129 2703 318 2739 ‘bonorum
340 2703 397 2739 vel
419 2703 468 2748 ei,
501 2703 559 2740 cui
582 2704 627 2739 de
650 2714 694 2740 ea
716 2714 756 2739 re
779 2703 957 2741 actionem
981 2705 1091 2741 dare³
1115 2716 1221 2751 opor-

129 2748 247 2792 ‘tebit,
276 2747 373 2783 intra
404 2758 555 2791 annum,
586 2760 655 2794 quo
679 2749 892 2795 experiundi
915 2753 1076 2795 potestas
1100 2750 1220 2794 fuerit,

129 2792 318 2829 ‘actionem
350 2793 457 2830 dabo.
504 2794 612 2840 idque
641 2794 750 2831 etiam
781 2795 953 2832 adversus
984 2795 1122 2841 ipsum,
1161 2798 1221 2842 qui

135 2842 146 2874 ι
197 2838 372 2874 ‘fraudem
396 2838 492 2883 fecit,
518 2840 693 2876 servabo’.
741 2839 956 2876 Necessario
981 2845 1128 2886 praetor
1150 2842 1221 2878 hoc

129 2883 285 2920 edictum
306 2884 515 2930 proposuit,
540 2895 610 2930 quo
635 2885 752 2922 edicto
778 2886 958 2922 consuluit
982 2886 1220 2924 creditoribus

127 2928 328 2966 revocando
360 2939 422 2973 ea,
479 2940 700 2976 uaecumque
731 2931 769 2967 in
798 2931 961 2967 fraudem
986 2942 1110 2968 eorum
1133 2933 1219 2969 alie-

128 2977 149 3010 2
194 2978 282 3010 nata
311 2978 407 3011 sunt.
495 2975 521 3010 ‘t
552 2985 636 3020 ergo
668 2981 815 3021 praetor
846 2980 949 3022 ‘quae
981 2977 1220 3015 fraudationis

128 3023 253 3056 ‘causa
281 3024 384 3066 gesta
416 3020 545 3057 erunt’.
597 3021 688 3057 haec
717 3023 828 3058 verba
857 3023 1039 3067 generalia
1069 3027 1154 3059 sunt
1184 3027 1221 3060 et

128 3065 312 3102 continent
339 3065 377 3101 in
409 3076 448 3102 se
478 3076 619 3102 omnem
650 3067 792 3103 omnino
823 3068 861 3103 in
889 3067 1054 3104 fraudem
1085 3069 1220 3105 factam

127 3110 183 3147 vel
207 3110 458 3147 alienationem
476 3111 532 3147 vel
552 3122 810 3158 quemcumque
830 3116 1067 3149 contractum.
1105 3114 1219 3159 quod-

128 3166 280 3209 cumque
303 3156 411 3201 igitur
432 3156 570 3192 fraudis
595 3166 707 3193 causa
729 3157 866 3195 factum
889 3162 961 3202 est,
992 3159 1133 3195 videtur
1162 3160 1218 3196 his

127 3201 244 3237 verbis
275 3202 456 3246 revocari,
489 3202 748 3248 qualecumque
778 3203 904 3240 fuerit:
937 3214 1022 3240 nam
1051 3205 1123 3240 late
1147 3205 1219 3241 ista

126 3246 237 3282 verba
260 3250 397 3292 patent.
444 3247 518 3284 sive
549 3257 634 3292 ergo
664 3258 741 3284 rem
771 3249 939 3285 alienavit
962 3250 1035 3286 sive
1059 3250 1215 3296 accepti-

126 3291 260 3328 latione
282 3292 339 3328 vel
361 3295 470 3345 pacto
495 3292 650 3339 aliquem
673 3293 849 3337 liberavit,

173 3334 207 3385 2·
223 3335 331 3373 Imm
346 3337 438 3374 labro
458 3338 724 3385 septuaqesimo
745 3340 850 3375 tertio
870 3340 920 3375 ad
938 3341 1093 3377 edictum
1109 3341 1218 3377 videm

128 3381 197 3418 erit
210 3382 455 3428 probandum:
480 3387 515 3419 et
531 3384 562 3420 si
575 3384 727 3429 pignora
741 3383 869 3421 liberet
886 3385 941 3422 vel
962 3396 1067 3432 quem
1085 3386 1218 3423 alium⁴

126 3427 164 3463 in
187 3427 351 3463 fraudem
375 3427 617 3465 creditorum⁶
638 3433 841 3475 praeponat

173 3469 198 3511 3
224 3471 332 3508 Imm
351 3471 442 3509 lae'bro
464 3475 695 3520 scxaqesimo
713 3478 819 3511 sexto
843 3474 893 3511 ad
909 3475 1064 3512 edictum
1106 3477 1162 3513 vel
1185 3476 1218 3513 ei

126 3517 294 3563 praebuit
316 3518 562 3565 exceptionem
585 3520 658 3555 sive
682 3529 721 3556 se
745 3519 915 3565 obligavit
933 3520 1218 3558 fraudandorum

128 3562 345 3599 creditorum
368 3573 481 3600 causa
504 3564 577 3601 sive
600 3564 801 3601 numeravit
818 3565 1009 3611 pecuniam
1027 3567 1083 3603 vel
1103 3567 1216 3614 quod-

129 3674 310 3765 (ἠριῒζέῗᾱῗ
320 3679 398 3759 iffi.
412 3731 617 3764 9.10.12.13;
642 3723 903 3765 Sab.14.15.1·1;
928 3725 1014 3770 Pap.
1028 3734 1072 3762 ιο.
1094 3735 1218 3766 is...22;

128 3767 218 3812 App.
233 3776 261 3803 s.
275 3775 314 3804 n.
327 3775 447 3804 ηψπ.
459 3786 505 3795 -
517 3769 604 3804 Bas.
618 3769 650 3813 9,
664 3776 694 3805 s.
705 3786 753 3794 —
767 3769 818 3814 Gjt
834 3768 912 3805 Cod.
926 3771 959 3814 9,
973 3779 1008 3807 ιε

1220 126 1308 174 677

1078 3773 1122 3816 (3)
1147 3772 1221 3806 dari

2058 134 2273 178 XXXXII
2304 137 2343 179 7.
2367 137 2392 178 8

1303 264 1385 289 cum
1409 263 1456 307 ue
1478 253 1577 290 aliud
1603 253 1688 289 fecit
1707 255 1744 290 in
1762 255 1925 293 fraudem
1944 260 2173 304 creditorum,
2196 260 2317 308 palam
2340 265 2396 298 est

1306 303 1318 334 1
1371 310 1390 335 e
1430 301 1525 335 ctum
1550 299 1670 335 locum
1694 299 1840 337 habere.
1885 303 1997 341 Gesta
2019 305 2259 343 fraudationis
2283 318 2396 344 causa

1301 344 1466 390 accipere
1496 345 1666 380 debemus
1699 355 1771 394 non
1804 347 1918 384 solum
1950 360 2010 390 ea.
2050 361 2143 397 quae
2178 353 2394 389 contrahens

1300 390 1451 435 gesserit
1474 389 1621 442 aliquis,
1650 400 1775 427 verum
1799 392 1905 428 etiam
1929 395 1960 431 si
1984 395 2077 433 forte
2100 396 2186 433 data
2210 408 2321 444 opera
2345 398 2392 434 ad

1300 435 1472 470 iudicium
1504 446 1577 471 non
1608 434 1726 472 adfuit
1753 436 1810 471 vel
1841 437 1938 474 litem
1967 441 2056 477 mori
2092 441 2253 487 patiatur
2286 443 2340 479 vel
2372 454 2394 479 a

1301 480 1464 517 debitore
1487 491 1560 516 non
1583 481 1693 526 petit,
1727 484 1768 516 ut
1790 485 1951 528 tempore
1972 486 2160 531 liberetur,
2192 491 2257 524 aut
2287 499 2392 525 usum

1301 529 1321 561 2
1368 526 1526 562 fructum
1557 526 1614 562 vel
1643 526 1850 563 servitutem
1882 530 2023 566 amittit.
2079 532 2129 567 Et
2163 533 2225 578 qui
2259 533 2393 579 aliquid

1301 571 1397 613 fecit,
1422 575 1464 606 ut
1487 571 1629 607 desinat
1651 571 1787 607 habere
1811 574 1907 618 quod
1930 575 2050 619 habet,
2075 577 2122 613 ad
2145 577 2215 614 hoc
2235 578 2391 615 edictum

1326 617 1466 653 ertinet.

1300 628 1323 662 p
1346 660 1372 698 4
1400 661 1455 697 ΡΑ
1465 671 1508 698 Ul.
1516 672 1560 699 vs
1589 662 1682 699 libro
1711 664 1968 710 sexaqensimo
2000 669 2126 702 octavo
2159 668 2209 703 ad
2236 669 2391 705 edictum

1299 708 1340 742 In
1364 706 1528 743 fraudem
1552 707 1674 744 facere
1696 707 1809 744 videri
1833 709 1943 744 etiam
1967 720 2064 753 eum,
2094 712 2155 757 qui
2184 724 2255 749 non
2280 714 2393 751 facit⁶

1300 752 1396 798 quod
1420 752 1528 788 debet
1550 753 1690 797 facere,
1720 753 1998 799 intellegendum
2022 760 2096 799 est,
2128 757 2164 793 id
2188 762 2242 795 est
2265 759 2295 795 si
2318 771 2391 796 non

1300 802 1426 833 utatur
1449 798 1701 835 servitutibus:

1346 842 1370 880 5
1405 843 1529 879 Gaws
1557 844 1649 879 libro
1681 845 1874 881 vicensimo
1904 850 2011 881 sexto
2044 847 2094 882 ad
2122 848 2274 885 edictum
2301 861 2389 897 pro-

1298 889 1453 924 vinciale
1500 889 1564 924 sed
1588 893 1624 924 et
1646 889 1678 925 si
1701 901 1777 926 rem
1801 900 1903 926 suam
1926 902 1993 937 pro
2018 891 2188 929 derelicto
2213 894 2390 938 habuerit,

1299 938 1340 969 ut
1364 934 1444 978 quis
1469 944 1548 970 eam
1572 945 1675 970 suam
1698 935 1811 971 faciat

1346 977 1396 1017 6⁷
1427 979 1624 1016 Hammo-s
1645 981 1736 1017 libro
1761 981 2017 1028 sexaqense'mo
2041 987 2147 1020 sexto
2172 985 2221 1020 ad
2239 986 2393 1022 edictum

1300 1024 1404 1070 Quod
1437 1028 1578 1068 autem,
1614 1035 1695 1061 cum
1728 1027 1843 1071 possit
1873 1026 2009 1072 aliquid
2040 1038 2231 1073 quaerere,
2261 1042 2333 1066 non
2356 1032 2394 1068 id

1299 1070 1383 1115 agit,
1408 1074 1450 1106 ut
1472 1070 1650 1116 adquirat,
1676 1071 1723 1107 ad
1746 1072 1817 1108 hoc
1841 1071 1999 1108 edictum
2023 1083 2097 1109 non
2114 1075 2285 1120 pertinet:
2311 1088 2391 1122 per-

1299 1116 1390 1151 tinet
1428 1116 1522 1152 enim
1562 1117 1719 1152 edictum
1759 1117 1807 1153 ad
1850 1117 2097 1155 deminuentes
2141 1121 2393 1165 patrimonium

1298 1172 1421 1204 suum,
1454 1172 1527 1197 non
1551 1162 1599 1197 ad
1623 1173 1704 1205 eos,
1739 1163 1801 1209 qui
1822 1163 1861 1198 id
1883 1167 2010 1208 agunt,
2043 1174 2088 1200 ne
2119 1165 2392 1211 locupletentur.

1302 1210 1315 1242 1
1365 1206 1469 1243 Unde
1494 1207 1524 1242 si
1549 1207 1629 1252 quis
1653 1207 1734 1244 ideo
1760 1208 1961 1244 condicioni
1985 1219 2059 1245 non
2082 1215 2203 1256 paret,
2229 1222 2274 1247 ne
2298 1222 2393 1248 com·

1297 1252 1461 1288 mittatur
1484 1252 1689 1298 stipulatio,
1721 1253 1760 1289 in
1790 1264 1835 1289 ea
1866 1254 2079 1291 condicione
2103 1259 2177 1301 est,
2206 1267 2252 1292 ne
2282 1256 2394 1293 faciat

1298 1301 1318 1332 2
1365 1298 1450 1333 huic
1487 1298 1605 1334 edicto
1642 1298 1773 1335 locum.
1828 1299 1985 1335 Proinde
2023 1304 2060 1336 et
2096 1302 2158 1347 qui
2193 1302 2395 1348 repudiavit

1297 1343 1533 1379 hereditatem
1564 1344 1619 1379 vel
1649 1344 1844 1389 legitimam
1875 1345 1931 1380 vel
1962 1347 2284 1391 testamentariam,
2322 1359 2394 1384 non

1298 1392 1353 1425 est
1375 1388 1413 1424 in
1436 1399 1480 1425 ea
1504 1399 1633 1432 causa,
1658 1395 1699 1426 ut
1723 1390 1808 1426 huic
1832 1390 1952 1427 edicto
1976 1391 2096 1427 locum
2119 1391 2249 1429 faciat:
2280 1393 2395 1429 noluit

1297 1433 1392 1470 enim
1424 1434 1633 1479 adquirere,
1673 1446 1748 1471 non
1788 1446 1894 1471 suum
1928 1437 2112 1482 proprium
2142 1438 2394 1484 patrimonium

1297 1482 1317 1514 3
1366 1479 1550 1515 deminuit.
1599 1479 1713 1515 Simili
1737 1481 1843 1517 modo
1869 1481 2062 1517 dicendum
2087 1487 2142 1519 est
2169 1487 2206 1519 et
2229 1484 2259 1519 si
2282 1483 2393 1520 filium

1297 1535 1402 1560 suum
1425 1525 1674 1570 emancipavit,
1700 1530 1741 1561 ut
1764 1538 1830 1562 suo
1850 1527 2000 1562 arbitrio
2022 1527 2130 1563 adeat
2149 1529 2392 1573 hereditatem,

1296 1574 1318 1605 4
1365 1580 1509 1606 cessare
1543 1571 1613 1606 hoc
1644 1571 1814 1607 edictum.
1869 1571 1941 1607 Sed
1970 1577 2006 1608 et
2035 1573 2124 1609 illud
2153 1575 2390 1619 probandum,

1296 1615 1328 1651 si
1351 1615 1509 1660 legatum
1527 1617 1740 1662 repudiavit,
1767 1627 1910 1653 cessare
1930 1618 2097 1663 edictum,
2122 1620 2219 1664 quod
2234 1620 2390 1660 Iulianus

1297 1665 1316 1696 5
1367 1671 1509 1706 quoque
1539 1662 1675 1698 scribit.
1724 1663 1763 1698 Si
1795 1673 1938 1699 servum
1968 1674 2074 1699 suum
2102 1665 2270 1701 heredem
2292 1665 2392 1702 insti-

1296 1709 1414 1742 tutum
1438 1707 1624 1752 alienavit,
1655 1710 1697 1743 ut
1719 1708 1822 1744 iussu
1846 1709 2016 1754 emptoris
2042 1710 2166 1754 adeat,
2197 1711 2228 1747 si
2253 1711 2393 1757 quidem

1295 1753 1332 1787 in
1362 1752 1568 1788 venditione
1600 1753 1700 1789 nulla
1728 1753 1829 1790 fraus
1860 1759 1934 1797 est,
1967 1755 2032 1791 sed
2054 1756 2092 1791 in
2115 1756 2312 1794 hereditate
2336 1758 2393 1800 sit,

1297 1800 1417 1833 cessat
1446 1797 1622 1842 edictum,
1654 1799 1739 1844 quia
1763 1799 1866 1835 licuit
1889 1799 1924 1835 ei
1946 1800 2055 1836 etiam
2078 1801 2268 1847 repudiare
2290 1802 2391 1838 here-

1297 1843 1463 1878 ditatem:
1504 1847 1543 1879 at
1579 1844 1611 1879 si
1642 1844 1680 1879 in
1710 1844 1723 1880 i
1749 1855 1791 1880 sa
1822 1846 1917 1881 servi
1948 1846 2164 1883 alienatione
2194 1847 2295 1884 fraus
2328 1852 2392 1891 est,

1296 1889 1544 1932 revocabitur,
1577 1899 1706 1935 quema
1731 1890 1877 1926 modum
1909 1891 1940 1926 si
1965 1901 2046 1927 eum
2071 1892 2107 1927 in
2130 1892 2295 1929 fraudem
2318 1904 2393 1929 ma-

1297 1937 1318 1969 6
1364 1934 1601 1970 numississet.
1649 1935 1759 1981 Apud
1782 1936 1990 1972 Labeonem
2019 1938 2193 1983 scriptum
2222 1942 2278 1974 est
2300 1949 2392 1982 eum,

1296 1979 1357 2024 qui
1380 1990 1485 2015 suum
1509 1979 1674 2026 recipiat,
1689 1981 1834 2016 *nullam
1855 1982 1968 2018 videri
1987 1982 2150 2018 fraudem
2168 1983 2299 2028 facere,
2313 1985 2393 2020 ,hoc

1296 2027 1351 2060 est
1375 2035 1467 2068 eum,
1493 2025 1555 2070 qui
1579 2026 1676 2071 quod
1700 2026 1769 2062 sibi
1787 2027 1938 2063 debetur
1955 2033 2159 2074 receperat:
2186 2039 2267 2065 eum
2287 2029 2391 2072 enim,

1296 2080 1401 2116 quem
1430 2072 1601 2116 praeses⁸
1631 2071 1782 2107 invitum
1814 2072 1952 2109 solvere
1983 2078 2108 2119 cogat,
2147 2075 2194 2109 im
2222 2085 2292 2110 une
2320 2086 2390 2112 non

1295 2115 1435 2152 solvere
1466 2116 1629 2162 iniquum
1661 2127 1758 2153 esse:
1792 2120 1908 2153 totum
1938 2119 2031 2154 enim
2061 2120 2131 2155 hoc
2162 2130 2181 2155 e
2207 2120 2317 2156 ictum
2347 2121 2392 2156 ad

1296 2164 1505 2198 contractus
1529 2162 1720 2208 pertinere,
1745 2163 1783 2198 in
1808 2164 1938 2208 quibus
1959 2175 2001 2201 se
2025 2169 2172 2210 praetor
2193 2177 2265 2201 non
2281 2165 2391 2202 inter-

1296 2210 1314 2239 ’7
1363 2207 1476 2252 ponit,
1502 2212 1543 2243 ut
1566 2211 1656 2288 {truta
1678 2208 1830 2254 pignora
1853 2209 2158 2256 venditionesque.
2200 2210 2389 2247 Sciendum

1294 2252 1475 2288 Iulianum
1499 2254 1571 2289 scri
1599 2264 1658 2289 ere
1682 2264 1798 2308 eoque
1820 2254 1899 2290 iure
1922 2266 1989 2292 nos
2014 2256 2085 2300 uti,
2118 2259 2176 2300 ut,
2209 2257 2270 2302 qui
2293 2256 2391 2292 debi-

1295 2301 1369 2333 tam
1430 2298 1593 2334 ecuniam
1626 2303 1764 2345 recepit
1795 2303 1899 2342 ante,
1940 2311 2048 2346 quam
2088 2302 2184 2337 bona
2221 2301 2391 2338 debitoris

1294 2343 1394 2388 possi
1421 2347 1568 2387 eantur,
1607 2345 1768 2390 quamvis
1804 2345 1921 2382 sciens
1956 2346 2186 2392 prudensque
2221 2347 2390 2383 solvendo

1294 2399 1368 2424 non
1393 2399 1472 2425 esse
1495 2390 1657 2435 recipiat,
1682 2401 1756 2426 non
1774 2390 1899 2427 timere
1917 2392 1987 2427 hoc
2006 2392 2181 2429 edictum:
2207 2392 2277 2429 sibi
2300 2393 2391 2433 enim

1293 2434 1461 2479 vigilavit.
1499 2435 1561 2480 qui
1585 2446 1669 2471 vero
1688 2440 1779 2481 'post
1801 2437 1898 2472 bona
1920 2447 2090 2482 possessa
2109 2438 2267 2474 debitum
2287 2448 2389 2474 suum

1294 2480 1442 2525 recepit,
1467 2480 1563 2516 hunc
1587 2481 1627 2517 in
1650 2481 1851 2527 portionem
1875 2483 2074 2518 vocandum
2099 2483 2387 2536 exaequandum-

1294 2535 1364 2571 que
1388 2525 1517 2561 ceteris
1542 2526 1800 2563 creditoribus:
1833 2538 1948 2573 neque
1979 2529 2072 2564 enim
2102 2529 2225 2564 debult
2253 2528 2389 2574 praeri-

1292 2581 1379 2616 pere
1404 2571 1532 2607 ceteris
1556 2574 1640 2616 post
1664 2573 1760 2608 bona
1783 2583 1971 2618 possessa,
2005 2584 2087 2610 cum
2118 2574 2189 2609 iam
2212 2584 2279 2619 par
2303 2585 2387 2610 con-

1294 2619 1314 2651 8
1362 2616 1456 2652 dicio
1476 2617 1633 2652 omnium
1651 2617 1869 2654 creditorum
1887 2618 1986 2654 facta
2001 2622 2107 2655 esset.
2138 2619 2218 2655 Hoc
2235 2619 2388 2655 edictum

1293 2671 1374 2697 eum
1399 2665 1559 2705 coercet,
1591 2662 1652 2707 qui
1675 2663 1793 2699 sciens
1819 2674 1900 2699 eum
1923 2664 1962 2699 in
1985 2664 2147 2700 fraudem
2173 2665 2387 2700 creditorum

1291 2707 1362 2742 hoc
1397 2706 1518 2743 facere
1555 2708 1733 2753 suscepit,
1774 2709 1870 2754 quod
1907 2709 1946 2744 in
1976 2709 2139 2745 fraudem
2174 2709 2388 2746 creditorum

1292 2751 1420 2788 fiebat:
1454 2763 1566 2798 quare
1595 2754 1626 2789 si
1652 2753 1736 2798 quid
1760 2753 1797 2788 in
1821 2754 1986 2790 fraudem
2010 2755 2228 2791 creditorum
2251 2755 2388 2791 factum

1291 2798 1354 2841 sit,
1381 2797 1412 2833 si
1435 2800 1556 2834 tamen
1579 2798 1609 2834 is
1635 2799 1696 2844 qui
1721 2799 1816 2844 cepit
1839 2800 2032 2845 ignoravit,
2059 2811 2201 2836 cessare
2224 2800 2388 2836 videntur

1292 2846 1312 2878 9
1359 2843 1470 2879 verba
1494 2843 1612 2879 edicti.
1661 2844 1856 2880 Praeterea
1886 2845 1976 2880 illud
2007 2845 2192 2881 sciendum
2217 2850 2272 2881 est
2294 2856 2386 2887 eum,

1292 2889 1354 2934 qui
1379 2889 1687 2925 consentientibus
1714 2889 1953 2926 creditoribus
1979 2891 2114 2936 aliquid
2137 2901 2159 2926 a
2178 2890 2387 2926 fraudatore

1290 2934 1345 2969 vel
1369 2933 1455 2970 emit
1478 2934 1533 2970 vel
1558 2934 1751 2979 stipulatus
1776 2939 1831 2971 est
1860 2935 1917 2972 vel
1949 2936 2035 2982 quid
2067 2936 2165 2972 aliud
2197 2935 2385 2977 contraxit,

1290 2990 1364 3015 non
1396 2979 1509 3015 videri
1544 2980 1581 3015 in
1611 2980 1801 3015 fraudem⁹
1838 2981 2056 3017 creditorum
2095 2981 2240 3017 fecisse:
2282 2991 2385 3017 nemo

1290 3025 1384 3060 enim
1407 3024 1548 3060 videtur
1571 3025 1743 3061 fraudare
1768 3036 1840 3070 eos,
1867 3027 1928 3072 qui
1952 3027 2070 3063 sciunt
2092 3030 2127 3062 et
2147 3025 2383 3062 consentiunt.

1295 3074 1334 3105 10
1383 3069 1421 3105 Si
1445 3070 1532 3115 quid
1558 3081 1638 3105 cum
1662 3071 1798 3116 pupillo
1822 3075 1963 3116 gestum
1987 3072 2034 3108 sit
2060 3072 2097 3107 in
2120 3071 2282 3106 fraudem
2308 3081 2383 3106 cre-

1291 3115 1465 3158 ditorum,
1490 3115 1614 3151 Labeo
1640 3116 1690 3150 ait
1715 3116 1918 3152 omnimodo
1942 3117 2200 3159 revocandum,
2231 3116 2262 3151 si
2285 3115 2382 3151 frau-

1290 3160 1366 3196 dati
1389 3159 1462 3196 sint
1487 3160 1692 3203 creditores,
1719 3162 1803 3206 quia
1825 3162 1952 3207 pupilli
1972 3161 2184 3207 ignorantia,
2210 3171 2302 3205 quae
2320 3171 2384 3206 per

1289 3208 1444 3242 aetatem
1469 3205 1653 3251 contingit,
1678 3217 1752 3243 non
1776 3207 1883 3243 debet
1907 3218 1985 3243 esse
2011 3206 2173 3252 captiosa
2198 3205 2383 3241 creditori-

1294 3255 1329 3286 11
1379 3250 1449 3286 bus
1475 3254 1511 3286 et
1533 3251 1603 3296 ipsi
1627 3251 1789 3288 lucrosa:
1823 3263 1936 3298 eoque
1969 3252 2045 3287 iure
2079 3251 2221 3286 utimur.
2271 3249 2384 3286 Simili

1289 3295 1396 3332 modo
1421 3296 1572 3331 dicimus
1597 3299 1633 3331 et
1657 3296 1687 3332 si
1713 3297 1771 3333 cui
1795 3297 1966 3334 donatum
1990 3300 2054 3339 est,
2079 3306 2152 3331 non
2176 3305 2265 3347 esse·
2274 3306 2382 3340 quae-

1288 3340 1451 3383 rendum,
1477 3351 1525 3376 an
1549 3341 1683 3378 sciente
1708 3353 1761 3385 eo,
1788 3343 1847 3379 cui
1871 3343 2052 3385 donatum,
2075 3344 2215 3386 gestum
2237 3345 2293 3393 sit,
2319 3340 2383 3376 sed

1288 3387 1358 3422 hoc
1390 3389 1547 3429 tantum,
1581 3396 1629 3422 an
1661 3386 1874 3424 fraudentur
1906 3387 2118 3423 creditores:
2151 3395 2218 3421 nec
2242 3385 2383 3420 videtur

1287 3431 1418 3467 iniuria
1447 3431 1555 3467 adfici
1587 3431 1619 3468 is
1653 3433 1713 3478 qui
1745 3433 1936 3486 ignoravit,
1977 3442 2057 3467 cum
2087 3431 2227 3466 lucrum
2262 3433 2380 3483 exter:

1288 3479 1453 3522 queatur,
1477 3487 1552 3513 non
1575 3476 1743 3513 damnum
1766 3478 1957 3522 infligatur.
2004 3477 2041 3511 in
2064 3476 2131 3511 hos
2154 3478 2285 3518 tamen,
2319 3486 2382 3520 qui

1287 3522 1495 3567 ignorantes
1526 3522 1573 3558 ab
1607 3532 1648 3558 eo
1680 3523 1741 3568 qui
1771 3522 1937 3558 solvendo
1962 3531 2035 3557 non
2059 3520 2106 3556 sit
2127 3519 2378 3556 liberalitatem

1288 3570 1526 3613 acceperunt,
1570 3567 1744 3604 hactenus
1782 3567 1876 3603 actio
1916 3566 1985 3602 erit
2020 3564 2156 3608 danda,
2199 3568 2375 3611 quatenus

1289 3683 1362 3716 edd.
1422 3683 1467 3724 (4)
1491 3681 1634 3715 aliorum
1648 3681 1801 3724 Krueyer
1859 3682 1901 3722 (5)
1927 3679 2125 3713 creditorem
2137 3692 2199 3713 scr.
2257 3680 2304 3721 (s)
2329 3679 2379 3712 sa-

1289 3727 1357 3759 ciat
1371 3726 1421 3759 F²
1518 3728 1562 3769 (τ)
1591 3732 1606 3766 5
1622 3734 1639 3761 s
1654 3742 1698 3755 =-
1709 3725 1756 3758 D.
1770 3726 1826 3768 50,
1839 3732 1883 3767 ιι,
1895 3732 1946 3759 145
2048 3726 2095 3767 (s)
2117 3726 2251 3768 praetor
2265 3737 2327 3759 van
2343 3726 2381 3758 de

1299 3772 1411 3807 Water
1503 3772 1550 3815 (9)
1574 3770 1690 3805 fraudo
1702 3770 1737 3803 F
