2528 3918
163 127 436 172 XXXXVIII
469 130 532 171 19.
556 129 611 171 20

165 250 493 289 ‘administrationis
521 260 610 287 suae
638 253 708 287 tem
735 260 778 287 us
802 250 1014 288 interdIcere
1038 251 1146 287 alicui
1169 255 1247 288 arte

169 301 181 332 1
232 301 311 334 ‘sua
339 296 392 332 uti
420 307 493 332 non
523 297 665 342 potest'.
731 295 811 331 dem
841 297 1026 343 respondit
1056 306 1153 340 eum,
1186 296 1247 342 qui

163 353 229 378 suo
254 342 409 378 admisso
433 341 667 378 decurionum
691 341 862 378 honorem
885 342 1018 386 amisit,
1046 352 1118 377 non
1142 351 1247 387 posse

162 387 200 423 in
231 386 356 434 poenis
387 386 559 424 evitandis
595 386 798 424 decurionis
833 386 898 424 mii
931 387 1103 424 honorem
1134 386 1245 422 vindi-

654 570 728 611 XX
736 570 762 610 ¹.

418 635 480 669 m:
504 636 638 670 BONIS
663 636 992 671 DAMNATORUM.

215 699 231 738 1
263 700 549 738 eamr-:maros
576 702 667 739 libro
693 704 816 751 primo
848 702 892 737 de
923 703 1003 737 iure
1022 701 1106 747 fisci
1127 704 1162 736 et
1178 711 1248 747 po-

162 746 245 794 puli
288 745 528 783 Damnatione
562 747 659 784 bona
687 748 933 794 publicantur,
970 757 1052 782 cum
1082 748 1146 781 aut
1176 746 1249 781 vita

163 791 332 827 adimitur
354 795 418 827 aut
440 792 581 835 civitas,
611 796 676 829 aut
704 792 839 830 servilis
872 791 1034 828 condicio
1057 791 1247 836 irrogatur.

167 840 180 871 1
231 836 354 871 Etiam
382 837 437 873 si²
470 837 531 883 qui
559 842 645 875 ante
675 837 839 883 concepti
869 840 907 873 et
935 841 1019 882 post
1048 836 1248 872 damnatio-

163 891 243 917 nem
266 882 341 917 nati
365 885 463 925 sunt,
494 883 677 929 portiones
701 894 746 919 ex
768 882 873 918 bonis
892 886 1039 935 patrum
1062 882 1247 917 damnato-

163 929 183 962 2
229 937 310 962 rum
339 927 534 972 accipiunt.
581 928 721 964 Liberis
748 931 867 963 autem
890 931 942 962 ita
965 927 1106 963 demum
1129 927 1246 972 portio

162 975 182 1007 3
229 971 410 1016 tribuitur,
434 972 467 1009 si
488 973 592 1009 iustis
616 973 751 1019 nuptiis
774 973 850 1008 nati
873 972 953 1008 sint.
996 972 1135 1008 Liberis
1159 972 1247 1014 eius,

162 1017 221 1053 cui
259 1027 344 1063 pars
387 1017 532 1053 dimidia
574 1018 761 1054 dumtaxat
800 1018 977 1054 bonorum
1019 1017 1142 1053 ablata
1181 1020 1247 1060 est,

161 1065 283 1108 partes
307 1072 379 1099 non
402 1062 553 1099 dantur:
583 1063 692 1110 idque
721 1067 759 1100 et
789 1062 860 1099 divi
891 1063 1023 1099 fratres
1053 1063 1247 1108 rescripse-

162 1112 255 1143 runt.

207 1150 233 1190 2
259 1152 365 1188 Imm
383 1153 474 1190 libro
497 1157 601 1189 sexto
625 1153 671 1189 de
689 1153 955 1205 coquitionibus
1000 1152 1083 1189 Non
1106 1156 1147 1188 ut
1169 1152 1248 1198 quis

161 1197 198 1233 in
216 1208 396 1234 carcerem
413 1198 542 1234 ductus
558 1202 624 1241 est,
649 1209 665 1234 s
694 1198 796 1234 ohari
812 1208 893 1234 eum
910 1202 1062 1244 oportet,
1087 1198 1151 1234 sed
1166 1202 1250 1251 post

162 1243 509 1279 condemnationem:
534 1243 641 1289 idque
690 1244 765 1279 'vus
789 1243 994 1279 Hadrianus
1017 1243 1128 1279 rescri
1154 1247 1212 1279 sit.

207 1285 233 1327 3
269 1288 465 1324 ULPIANUS
501 1289 591 1325 libro
632 1289 840 1335 triqenst’mo
872 1290 978 1324 tertio
1013 1288 1063 1324 ad
1095 1300 1114 1324 e
1141 1290 1248 1325 ictum

161 1333 323 1379 Quinque
355 1334 491 1379 legibus
521 1333 711 1370 damnatae
744 1333 885 1370 mulieri
919 1333 985 1370 dos
1022 1333 1247 1387 publicatur:

161 1378 371 1433 maiestatis,
394 1379 447 1415 vis
471 1379 645 1425 publicae,
679 1379 873 1425 parricidii,
896 1378 1055 1423 veneficl,
1087 1378 1132 1415 de
1156 1379 1248 1416 sica-

161 1435 241 1460 rus:

206 1468 233 1506 4
258 1469 504 1505 Pammmvs
525 1469 616 1505 libro
639 1469 796 1505 secundo
820 1469 866 1505 de
887 1469 1062 1505 adulteris
1107 1473 1144 1506 et
1173 1480 1248 1506 om·

160 1524 232 1595 fles)
256 1514 399 1551 omnino
431 1514 581 1550 maritus
611 1514 728 1551 salvas
757 1515 917 1551 actiones
957 1518 1084 1552 contra
1121 1514 1249 1551 fiscum

187 1570 209 1595 a
233 1564 280 1596 et.

207 1604 231 1642 5
272 1604 467 1641 Uzennvvs
503 1604 594 1641 libro
629 1605 837 1651 trtyensimo
871 1606 976 1641 tertio
1015 1605 1065 1641 ad
1094 1605 1248 1642 edictum

161 1650 233 1686 Sed
264 1649 295 1686 si
326 1649 399 1685 alia
429 1650 506 1695 lege
535 1649 663 1695 capitis
687 1650 813 1696 punita
837 1650 902 1694 sit,
934 1660 1026 1696 quae
1049 1651 1107 1686 lex
1130 1651 1249 1687 dotem

161 1706 234 1731 non
256 1694 437 1740 publicat,
471 1695 555 1740 quia
578 1695 679 1741 prius
703 1705 807 1731 serva
829 1706 967 1742 poenae
991 1695 1165 1740 efficitur,
1189 1707 1249 1732 ve-

161 1751 241 1775 rum
263 1744 318 1776 est
341 1740 459 1776 dotem
483 1740 602 1776 mariti
623 1740 725 1776 lucro
746 1740 883 1783 cedere,
907 1741 1011 1787 quasi
1028 1745 1171 1778 mortua
1191 1741 1248 1778 sit.

165 1790 179 1821 1
229 1784 333 1830 Quod
356 1785 388 1821 si
411 1785 600 1830 deportata
623 1786 670 1822 sit
686 1785 761 1821 filia
779 1785 944 1829 familias,
967 1786 1164 1822 Marcellus
1187 1787 1249 1829 ait,

162 1841 255 1912 31⁰oe
278 1831 458 1867 sententia
481 1835 516 1866 et
538 1841 623 1866 vera
646 1834 719 1873 est,
750 1841 822 1866 non
853 1831 977 1876 utique
1002 1832 1045 1867 de
1074 1832 1250 1868 ortatione

187 1876 307 1912 'ssolvi
329 1875 610 1911 matrimonium:
635 1886 719 1911 nam
744 1887 825 1912 cum
847 1876 962 1913 libera
984 1888 1019 1912 m
1058 1878 1111 1913 ier
1133 1887 1248 1913 rema-

162 1924 262 1965 neat,
293 1921 383 1956 nihil
414 1921 580 1967 prohibet
602 1926 639 1957 et
661 1921 776 1957 virum
800 1921 919 1957 mariti
943 1922 1167 1958 affectionem
1191 1923 1250 1958 et³

161 1966 344 2002 mulierem
367 1966 490 2002 uxoris
515 1966 669 2002 animum
693 1966 858 2003 retinere.
894 1967 925 2003 si
944 1968 1052 2012 igitur
1069 1978 1112 2004 eo
1131 1968 1249 2003 animo

161 2011 289 2047 mulier
316 2011 440 2055 fuerit,
473 2015 515 2047 ut
543 2011 724 2048 discedere
747 2022 770 2047 a
791 2012 920 2048 marito
945 2013 1044 2055 velit,
1077 2013 1128 2048 ait
1151 2013 1248 2048 Mar-

162 2057 273 2092 cellus
303 2060 390 2092 tunc
419 2060 559 2103 patrem
587 2056 631 2092 de
661 2057 745 2093 dote
768 2061 944 2093 acturum.
993 2058 1057 2094 sed
1082 2059 1113 2094 si
1136 2062 1250 2094 mater

160 2102 314 2138 familias
349 2101 397 2137 sit
428 2105 465 2137 et
494 2101 636 2137 interim
668 2106 855 2138 constante
886 2103 1111 2140 matrimonio
1142 2103 1251 2139 fuerit

162 2147 370 2193 deportata,
403 2146 521 2182 dotem
552 2157 663 2192 penes
693 2147 861 2183 maritum
889 2158 1090 2185 remanere:
1122 2152 1250 2195 postea

163 2203 245 2228 vero
281 2191 455 2228 dissoluto
490 2192 715 2228 matrimonio
746 2203 853 2238 posse
883 2203 962 2229 eam
993 2204 1110 2239 agere,
1148 2193 1251 2239 quasi

162 2237 394 2273 humanitatis
418 2236 551 2273 intuitu
573 2237 681 2273 hodie
703 2242 790 2273 nata
812 2238 965 2275 actione.

208 2280 234 2320 6
262 2282 366 2318 Imm
384 2282 475 2318 libro
496 2282 632 2318 decimo
656 2282 702 2318 de
716 2282 844 2329 officio
857 2284 1093 2331 proconsulis
1138 2283 1250 2319 Divus

163 2327 366 2363 Hadrianus
395 2327 564 2373 Aquilio⁴
596 2327 763 2363 Braduae
790 2328 842 2364 ita
870 2329 1072 2382 rescripsit:
1106 2328 1249 2365 ‘Panni-

163 2373 333 2409 ‘culariae
364 2382 475 2408 causa
504 2372 800 2418 quemadmodum
831 2373 991 2419 intellegi
1021 2373 1168 2417 debeat,
1206 2384 1250 2410 ex

163 2419 253 2465 ‘ipso
273 2418 418 2472 nomine
441 2421 603 2472 apparet.
636 2429 737 2472 ‘non’
753 2418 847 2454 enim
875 2419 972 2473 bona
1002 2419 1252 2473 damnatorum

163 2463 423 2545 ssi'ssxfflffit
445 2462 901 2555 ἒὲἕῖἑῗῗέὲιῗᾛωῗῖἕέξ
921 2464 1252 2555 2115,Ἓὲκῆἓῆίὲ

163 2554 296 2590 ‘dicare
333 2553 495 2589 debebit:
531 2554 595 2590 sed
625 2557 757 2590 vestem
789 2565 860 2600 qua
890 2554 921 2591 is
952 2554 1063 2591 fuerit
1091 2555 1250 2598 indutus,

164 2602 239 2634 ‘aut
261 2599 463 2635 nummulos
487 2598 525 2634 in
547 2599 742 2635 ventralem
752 2600 776 2644 ⁵,
807 2610 897 2645 quos
920 2599 1036 2636 victus
1061 2600 1117 2636 sui
1140 2610 1251 2636 causa

163 2645 212 2680 ‘in
235 2647 404 2690 promptu
427 2643 610 2686 habuerit,
642 2648 706 2680 aut
728 2645 822 2681 leves
846 2645 991 2689 anulos,
1019 2645 1057 2681 id
1081 2649 1136 2681 est
1159 2655 1251 2691 quae

164 2691 274 2725 ‘rem‘⁸
306 2700 378 2725 non
410 2689 573 2725 excedit⁷
605 2700 796 2726 aureorum
819 2690 985 2735 quinque.
1032 2690 1191 2736 alioquin
1220 2690 1252 2726 si

164 2734 255 2780 ‘quis
293 2734 482 2770 damnatus
521 2734 630 2779 digito
669 2735 837 2771 habuerit
873 2739 938 2771 aut
967 2735 1252 2782 sardonychica⁸

164 2783 240 2815 ‘aut
262 2779 368 2815 aliam
391 2789 566 2824 gemmam
590 2780 708 2825 magni
730 2780 836 2826 pretii
864 2780 921 2816 vel
948 2780 980 2816 si
1009 2781 1105 2826 quod
1134 2781 1250 2817 chiro-

165 2825 352 2878 ‘graphum
382 2834 532 2869 magnae
563 2826 737 2870 pecuniae
764 2825 802 2861 in
833 2825 914 2861 sinu
936 2825 1120 2869 habuerit,
1152 2826 1251 2862 nullo

165 2874 254 2906 ‘iure
276 2868 367 2905 illud
389 2869 426 2904 in
450 2870 697 2915 pannicularia
719 2870 860 2907 ratione
883 2870 1118 2907 retinebitur’.
1161 2881 1250 2917 pan-

164 2914 339 2951 nicularia
361 2918 446 2950 sunt
468 2924 522 2958 ea,
546 2925 639 2959 quae
661 2915 699 2951 in
720 2915 919 2952 custodiam
941 2920 1107 2961 receptus
1129 2927 1251 2953 secum

164 2959 301 2996 attulit:
327 2970 344 2995 s
371 2959 454 3002 olia,
479 2959 609 3005 quibus
631 2960 777 2997 indutus
802 2971 840 2998 es
892 2972 974 2997 cum
998 2961 1077 3007 quis
1098 2961 1146 2998 ad
1166 2973 1251 3008 sup-

164 3005 309 3051 plicium
357 3004 493 3047 ucitur,
525 3008 567 3040 ut
594 3009 631 3041 et
658 3006 737 3051 ipsa
766 3016 859 3060 appe
909 3007 961 3043 tio
985 3006 1153 3043 ostendit.
1199 3007 1252 3042 ita

164 3060 280 3096 neque
310 3049 555 3095 speculatores
583 3050 679 3086 ultro
703 3051 772 3087 sibi
794 3051 974 3088 vindicent
996 3062 1112 3098 neque
1134 3052 1250 3098 optio·

164 3106 227 3131 nes
258 3105 302 3131 ea
332 3094 550 3139 desiderent,
582 3095 711 3141 quibus
743 3096 935 3141 spoliatur,
969 3107 1040 3143 quo
1071 3101 1251 3134 momento

189 3141 244 3177 uis
267 3140 416 3186 punitus
440 3140 528 3184 est⁹,
552 3140 646 3176 hanc
670 3141 844 3177 rationem
863 3153 935 3178 non
955 3142 1165 3188 compendio
1184 3153 1251 3179 suo

164 3153 295 3222 debent
316 3184 500 3231 praesides
523 3189 679 3228 vertere,
710 3186 775 3222 sed
802 3197 867 3222 nec
891 3186 968 3233 pati
990 3187 1154 3233 optiones
1177 3187 1251 3224 sive

165 3230 499 3267 commentarienses
522 3240 567 3267 ea
589 3230 743 3276 pecunia
766 3231 877 3274 abuti,
902 3232 966 3268 sed
989 3232 1122 3268 debent
1141 3233 1188 3268 ad
1206 3243 1251 3269 ea

164 3276 309 3318 servari,
334 3285 425 3321 quae
447 3275 525 3311 iure
573 3275 753 3311 raesidum
776 3277 893 3312 solent
916 3277 1066 3331 erogari,
1098 3281 1139 3314 ut
1161 3281 1251 3323 puta

164 3321 415 3356 chartiaticum
427 3322 455 3342 ¹⁰
484 3321 544 3366 qui
570 3320 697 3357 usdam
732 3320 947 3358 officialibus
978 3322 1061 3359 inde
1091 3323 1249 3359 subscri-

164 3366 259 3408 bere,
284 3365 338 3401 vel
361 3365 392 3400 si
415 3365 476 3411 qui
499 3366 642 3402 fortiter
663 3365 815 3402 fecerint
837 3367 977 3409 milites,
1004 3367 1088 3404 inde
1110 3368 1162 3404 eis
1186 3368 1249 3404 do-

165 3421 269 3447 nare:
298 3410 474 3446 barbaros
498 3411 605 3447 etiam
627 3411 711 3447 inde
733 3412 913 3447 munerari
937 3413 1119 3450 venientes
1142 3413 1189 3449 ad
1212 3423 1251 3450 se

164 3457 219 3491 vel
239 3455 426 3501 legationis
445 3455 498 3492 vel
519 3456 668 3493 alterius
685 3455 739 3492 rei
758 3467 879 3493 causa.
915 3457 1125 3504 plerumque
1143 3458 1251 3494 etiam

208 3571 249 3610 (ι)
275 3568 339 3603 Ed.
354 3576 378 3603 1.
392 3576 427 3607 ις
453 3568 533 3601 Sab.
547 3575 628 3603 ama.
643 3576 687 3603 10.
702 3576 748 3609 ¹¹3
773 3570 835 3603 inc.
849 3575 878 3603 ο.
898 3586 945 3594 -
964 3569 1050 3603 Bas.
1065 3572 1120 3612 60,
1138 3577 1184 3605 82.
1203 3589 1248 3596 -

168 3614 196 3646 C
211 3638 218 3645 .
236 3615 314 3647 Cod.
327 3614 359 3655 9,
373 3621 408 3647 48
479 3616 521 3652 (2)
545 3613 585 3656 si]
598 3613 652 3646 his
664 3613 700 3647 F
758 3615 802 3655 (3)
826 3615 860 3647 ot
872 3614 932 3648 del.
950 3613 1001 3648 Γ*
1073 3615 1119 3657 (4)
1142 3614 1249 3649 Atilio

199 3683 206 3690 .
221 3659 422 3702 Auqustt'nus
502 3660 546 3701 (5)
571 3658 727 3692 vetralem
741 3659 775 3692 F
847 3660 895 3702 (6)
917 3669 968 3693 1·oe
979 3671 1042 3693 scr.
1122 3662 1167 3703 (7)
1191 3671 1247 3693 ex·

164 3702 289 3736 cedunt
302 3702 351 3736 F‘
413 3703 460 3744 (8)
486 3700 686 3748 σαρδόινχα
703 3704 776 3738 edd.
840 3705 887 3746 (9)
910 3704 960 3738 its
974 3714 1082 3748 neque
1097 3705 1246 3747 specula·

165 3749 252 3780 tores
265 3772 272 3780 .
284 3773 289 3779 .
302 3772 308 3780 .
323 3747 462 3790 punitus
475 3750 522 3781 est
535 3749 597 3781 del.
668 3750 729 3790 (ιο)
752 3749 972 3784 ohartaticum
984 3762 1047 3784 scr.
1112 3751 1169 3792 (ιι)
1194 3751 1245 3783 in-

1235 123 1316 171 818

1316 3570 1423 3604 ditum
1444 3571 1517 3604 edd.

1316 3618 1375 3657 (1³)
1398 3615 1428 3649 is
1440 3616 1474 3649 F

1316 3661 1404 3694 nilne
1417 3659 1573 3694 ditabunt
1584 3662 1625 3695 A.
1640 3662 1747 3695 Faber
1814 3661 1875 3703 (ιθ)
1899 3661 2129 3694 conviceretur
2141 3660 2175 3693 F
2229 3661 2292 3703 (17)
2315 3670 2399 3704 quae

1315 3712 1491 3750 sequuntur
1502 3719 1600 3750 usque
1613 3707 1769 3748 adfinem
1787 3706 1880 3746 tituli,
1896 3707 2014 3739 omissa
2030 3707 2063 3739 in
2078 3707 2187 3750 spacio
2202 3717 2304 3739 vacuo
2318 3706 2396 3739 dua-

1315 3763 1383 3785 rum
1396 3752 1593 3796 paqt'narum
1611 3759 1640 3786 ee
1654 3752 1811 3786 dimidiae
1826 3752 1858 3785 in
1872 3751 1910 3792 F,
1928 3751 2119 3796 supplentur
2132 3751 2302 3785 secundum
2318 3749 2353 3783 B
2389 3767 2392 3770 ⁴

1485 87 1543 111 *N

1535 112 1541 138 Γ
1826 143 1888 175 DE
1916 142 2051 176 Boms
2079 144 2389 177 DAMNATORUM

1314 251 1396 288 inde
1425 261 1595 288 conrasas
1626 252 1797 298 pecunias
1825 254 2008 301 praesides
2043 254 2090 290 ad
2121 255 2246 291 liscum
2275 259 2391 292 trans·

1314 296 1505 349 miserunt:
1530 297 1638 351 quod·
1649 308 1821 345 perquam
1844 300 1973 336 nimiae
1995 300 2199 353 diligentiae
2221 304 2288 344 est,
2312 311 2392 337 cum

1315 340 1489 384 sufficiat,
1519 352 1551 378 81
1579 353 1659 387 quis
1687 354 1760 380 non
1782 345 1819 379 in
1842 356 1928 381 usus
1953 354 2116 390 proprios
2140 346 2301 389 verterit,
2330 346 2394 382 sed

1315 386 1361 422 ad
1385 387 1574 424 utilitatem
1598 386 1708 423 officii
1730 390 1889 434 patiatur
1911 390 2100 426 deservire.

1337 477 1345 485 θ
1362 429 1385 468 7
1413 431 1474 485 ,ΡΑ
1483 442 1579 468 vws
1614 432 1705 469 libro
1736 434 1918 481 singulari
1946 435 1991 470 de
2017 435 2264 482 portionibus,
2300 446 2395 482 quae

1316 477 1437 513 liberas
1460 477 1710 513 damnatorum
1734 480 1979 516 conceduntur
2024 480 2112 515 Cum
2134 480 2227 516 ratio
2250 484 2394 516 natura-

1315 521 1358 557 lis
1382 522 1486 567 quasi
1508 523 1567 558 lex
1590 523 1765 568 quaedam
1787 524 1899 560 tacita
1921 525 2041 561 liberis
2064 524 2265 570 parentium
2293 524 2394 561 here-

1316 566 1463 603 ditatem
1500 567 1699 611 addiceret,
1735 568 1832 604 velut
1865 569 1912 605 ad
1946 569 2102 606 debitam
2137 570 2395 606 successionem

1315 622 1376 648 eos
1400 612 1560 648 vocando
1592 615 1753 659 (propter
1782 614 1877 659 quod
1908 619 1945 651 et
1973 614 2011 651 in
2033 615 2111 651 iure
2134 614 2227 651 civili
2250 625 2395 651 suorum

1315 657 1486 693 heredum
1521 668 1648 693 nomen
1684 658 1735 694 eis
1770 659 1943 695 indictum
1957 661 1984 682 ¹¹
2024 663 2079 696 est
2113 670 2156 695 ac
2187 670 2233 695 ne
2264 660 2395 695 iudicio

1316 702 1907 795 ἓὲἰᾶέἒεὲἓὲἓὲἓέηὲἰῗοζῧῗῖῗῗ
1930 704 2396 795 ‘imitata-'1⁰:³35

1315 796 1391 827 tum
1415 796 1470 829 est
1491 803 1534 829 eo
1560 804 1630 838 quo
1656 803 1701 829 ue
1721 804 1819 837 casu,
1844 805 1915 840 quo
1933 799 2080 841 propter
2123 805 2249 831 oenam
2268 805 2396 840 paren-

1315 837 1361 874 tis
1386 838 1505 874 aufert
1527 838 1623 874 bona
1665 839 1834 883 amnatio,
1858 839 2032 876 rationem
2052 840 2099 875 ha
2125 840 2175 875 eri
2193 840 2397 882 liberorum,

1317 893 1362 919 ne
1394 883 1509 919 alieno
1542 883 1695 920 admisso
1724 885 1919 929 graviorem
1949 894 2099 930 poenam
2122 885 2274 929 luerent,
2307 895 2397 930 quos

1317 928 1416 963 nulla
1436 929 1656 982 contingeret
1675 930 1793 974 culpa,
1818 930 1995 965 interdum
2014 930 2051 965 in
2069 940 2241 965 summam
2260 933 2397 975 egesta-

1316 977 1388 1009 tem
1413 973 1579 1009 devoluti.
1628 974 1723 1019 quod
1747 985 1827 1010 cum
1851 975 1972 1021 aliqua
1995 975 2238 1011 moderatione
2261 974 2398 1010 definiri

1315 1019 1472 1063 placuit,
1505 1022 1546 1054 ut
1576 1019 1637 1064 qui
1668 1019 1714 1054 ad
1746 1020 2012 1056 universitatem
2035 1020 2175 1055 venturi
2197 1023 2300 1056 erant
2322 1020 2399 1055 iure

1316 1064 1573 1106 successionis,
1612 1075 1656 1099 ex
1694 1075 1737 1100 ea
1771 1066 1952 1110 portiones
1988 1075 2177 1101 concessas
2216 1065 2397 1101 haberent.

1321 1113 1334 1143 1
1387 1108 1424 1144 Si
1447 1109 1485 1143 in
1508 1110 1710 1145 libertinum
1735 1110 2018 1146 animadversum
2041 1110 2123 1152 erit,
2147 1114 2298 1155 patrono
2324 1110 2399 1145 eius

1316 1153 1353 1188 id
1366 1155 1405 1196 ¹³,
1451 1154 1523 1190 uod
1539 1155 1576 1189 in
1594 1155 1696 1190 bonis
1712 1155 1808 1191 illius
1824 1155 2013 1191 habiturus
2031 1159 2135 1199 esset,
2152 1155 2183 1190 si
2198 1155 2228 1190 is
2242 1155 2279 1190 in
2296 1165 2399 1200 quem

1317 1199 1434 1234 anima
1460 1209 1598 1235 versum
1622 1203 1677 1236 est
1699 1211 1766 1236 sua
1789 1205 1903 1236 morte
1927 1201 2152 1244 decessisset,
2177 1200 2396 1246 eripiendum

1317 1255 1389 1280 non
1412 1245 1498 1280 erit:
1531 1245 1668 1290 reliqua
1690 1255 1775 1290 pars
1799 1246 1989 1289 bonorum,
2023 1256 2114 1291 quae
2138 1245 2185 1280 ad
2209 1245 2399 1281 manumis-

1317 1292 1337 1324 2
1385 1300 1502 1326 sorem
1532 1301 1605 1325 non
1627 1291 1834 1336 pertinebit,
1866 1291 1953 1327 fisco
1983 1292 2051 1327 erit
2074 1290 2295 1326 vindicanda.
2342 1290 2399 1325 Ex

1316 1334 1420 1371 bonis
1444 1334 1694 1371 damnatorum
1715 1337 1898 1381 portiones
1922 1335 2098 1382 adoptivis
2123 1335 2254 1378 liberis,
2279 1335 2310 1371 si
2328 1346 2400 1371 non

1316 1379 1454 1416 fraudis
1486 1390 1598 1417 causa
1626 1380 1725 1417 facta
1755 1385 1810 1417 est
1841 1381 2004 1427 adoptio,
2043 1391 2116 1417 non
2147 1380 2264 1416 minus
2295 1390 2400 1426 quam

1317 1425 1540 1461 naturalibus
1560 1426 1708 1462 concedi
1726 1436 1879 1472 aequum
1899 1430 1964 1463 est.
1999 1426 2136 1462 fraudis
2154 1429 2273 1461 autem
2291 1435 2401 1461 causa

1318 1470 1463 1516 adoptio
1492 1470 1591 1506 facta
1622 1471 1781 1514 videtur,
1822 1471 1960 1507 etiamsi
1994 1482 2066 1507 non
2104 1471 2142 1506 in
2177 1475 2298 1514 reatu,
2338 1470 2401 1506 sed

1317 1515 1566 1561 desperatione
1600 1526 1718 1551 rerum
1752 1527 1818 1562 per
1849 1517 2119 1560 conscientiam,
2160 1520 2257 1552 metu
2287 1516 2399 1551 immi-

1317 1561 1436 1597 nentis
1461 1562 1700 1598 accusationis
1724 1562 1802 1607 quis
1827 1562 1974 1607 adoptet
1996 1563 2033 1598 in
2056 1562 2137 1604 hoc,
2162 1565 2203 1596 ut
2221 1571 2266 1597 ex
2284 1561 2399 1602 bonis,

1318 1609 1338 1642 3
1386 1616 1478 1651 quae
1501 1617 1540 1642 se
1564 1607 1778 1643 amissurum
1801 1608 1943 1652 cogitat,
1994 1606 2084 1643 ortio
2105 1606 2325 1642 detrahatur.
2364 1606 2401 1641 Si

1317 1651 1438 1697 plures
1462 1651 1554 1688 filios
1578 1651 1768 1688 damnatus
1787 1652 1929 1694 habeat,
1954 1618 2119 1688 fgruntur
2142 1651 2314 1697 exempla,
2338 1661 2402 1696 per

1318 1706 1411 1777 qua?
1441 1696 1605 1778 pluaibug
1630 1697 1906 1778 (lliiberisfloxgnia
1930 1698 2025 1751 bona
2049 1696 2206 1777 dalmati
2229 1706 2402 1776 cpgicgssa

1317 1753 1385 1778 sun
1404 1769 1413 1777 .
1467 1752 1506 1778 se
1565 1753 1584 1778 e
1667 1753 1732 1778 vus
1797 1753 1819 1777 a
1843 1753 1966 1778 nanus
2002 1753 2041 1777 ιιι
2102 1753 2145 1778 ac
2184 1751 2247 1777 sen
2285 1752 2310 1777 n
2339 1751 2361 1776 a

1317 1787 1521 1840 rescripsit:
1555 1787 1815 1824 ‘Favorabilem
1841 1788 1939 1833 apud
1961 1798 2016 1823 me
2041 1797 2187 1822 causam
2209 1786 2401 1822 liberorum

1318 1832 1451 1885 ‘albim
1480 1831 1635 1868 filiorum
1658 1843 1825 1885 numerus
1849 1833 1952 1877 facit,
1985 1843 2067 1868 cum
2099 1832 2262 1878 ampliari
2289 1832 2391 1885 impe·

1319 1879 1421 1912 ‘num
1453 1877 1636 1914 hominum
1667 1878 1867 1914 adiectione
1896 1877 2017 1923 potius
2041 1888 2148 1923 quam
2170 1887 2401 1923 pecumarum

1319 1923 1436 1968 ‘copia
1459 1923 1595 1958 malim:
1620 1923 1771 1968 ideoque
1795 1923 1865 1959 illis
1888 1927 2039 1968 paterna
2058 1933 2126 1959 sua
2145 1922 2292 1958 concedi
2309 1922 2400 1965 volo,

1318 1971 1421 2013 ‘quae
1443 1967 1725 2004 manifestabunt
1738 1970 1767 1991 ¹⁶
1789 1972 1844 2004 tot
1866 1978 2110 2014 possessores,
2138 1968 2276 2003 etiamsi
2299 1977 2401 2003 acce·

1318 2017 1338 2048 4
1386 2013 1516 2058 ‘perint
1538 2014 1727 2049 universa'.
1765 2013 1958 2050 Praeterea
1981 2024 2026 2049 ex
2049 2013 2116 2056 his,
2141 2023 2233 2058 quae
2255 2023 2319 2058 per
2336 2011 2401 2048 fia-

1316 2058 1441 2104 gitium
1465 2058 1654 2111 damnatus
1679 2059 1864 2112 adquisiit,
1894 2059 2077 2111 portiones
2106 2058 2298 2111 liberorum
2328 2068 2401 2111 non

1319 2103 2403 2195 iigiisstsu‘fieieeiit‘iffl⁰ffiiu5z1⁸issffor¹iffirssiisssl²issffg¹ni

1319 2194 1477 2240 accepit:
1510 2204 1593 2230 nam
1621 2194 1673 2230 ita
1703 2194 1804 2230 divus
1827 2194 1914 2230 Pius
1945 2194 2139 2240 rescripsit.
2187 2194 2245 2229 cui
2276 2203 2401 2229 conse-

1319 2242 1469 2293 quenter
1486 2239 1576 2275 illud
1594 2239 1686 2275 idem
1703 2240 1872 2286 princeps
1891 2239 2088 2282 constituit,
2108 2249 2189 2275 cum
2205 2238 2280 2274 filia
2298 2238 2400 2274 fami-

1318 2284 1386 2321 has
1404 2294 1540 2320 veneno
1560 2295 1709 2320 necasse
1728 2285 1997 2321 convinceretur
2009 2286 2037 2307 ¹⁶
2057 2295 2147 2328 eum,
2168 2294 2190 2319 a
2210 2294 2281 2330 quo
2298 2284 2402 2320 heres

1318 2329 1483 2365 instituta
1513 2334 1608 2365 erat:
1666 2330 1802 2365 uamvis
1834 2330 1935 2366 iussu
1965 2330 2096 2376 patris,
2136 2329 2237 2366 cuius
2269 2329 2306 2365 in
2337 2340 2400 2374 po-

1318 2378 1448 2411 testate
1461 2376 1487 2396 ¹⁷
1511 2376 1629 2417 *erat,
1673 2375 1882 2411 ereditatem
1901 2385 1979 2411 eam
1999 2375 2155 2417 adiisset,
2176 2378 2296 2410 tamen
2314 2373 2399 2410 fisco

1319 2423 1338 2455 5
1387 2421 1494 2456 *eam
1525 2419 1774 2456 vindicandam
1804 2430 1893 2456 esse.
1946 2420 2045 2465 Quae
2104 2423 2161 2456 ost
2189 2419 2401 2456 condemna-

1319 2464 1480 2501 *tionem
1511 2464 1682 2510 adquisiit
1711 2465 1743 2501 is
1775 2465 1876 2501 cuius
1906 2465 2003 2501 bona
2031 2475 2080 2511 pu
2106 2464 2216 2500 licata
2238 2467 2339 2508 sunt,
2372 2464 2402 2500 si

1320 2510 1526 2555 *relegatus
1557 2514 1629 2554 est,
1666 2510 1713 2546 ad
1750 2510 1898 2546 heredes
1936 2510 2090 2556 scriptos
2121 2510 2167 2546 ab
2198 2519 2241 2545 eo
2270 2509 2326 2545 vel
2355 2510 2400 2545 ab

1319 2555 1517 2591 *intestato
1542 2556 1723 2602 venientes
1746 2556 1942 2601 pertinent:
1973 2566 2056 2591 nam
2078 2555 2116 2590 in
2138 2554 2291 2590 insulam
2313 2555 2399 2590 rele-

1319 2602 1450 2653 *gatus
1475 2601 1679 2637 testamenti
1702 2600 1895 2636 factionem
1917 2600 2027 2636 habet
2046 2604 2088 2635 ut
2105 2599 2243 2646 reliqua
2261 2610 2402 2653 quoque

1319 2647 1439 2682 *iura
1487 2645 1583 2692 quod
1607 2646 1638 2682 si
1661 2645 1870 2691 deportatus
1894 2649 1961 2689 est,
1986 2645 2171 2691 quoniam,
2204 2645 2288 2691 quia
2317 2645 2400 2681 civi-

1319 2693 1456 2727 *tatem
1487 2691 1635 2734 amittit,
1667 2690 1834 2727 heredem
1862 2691 1995 2727 habere
2025 2701 2098 2727 non
2126 2693 2264 2736 potest,
2296 2690 2402 2726 etiam

1319 2738 1475 2783 *postea
1498 2736 1677 2782 adquisita
1699 2735 1809 2773 fiscus
1835 2736 1942 2782 capit.

1365 2778 1390 2830 8
1415 2780 1587 2817 *Maesa
1611 2782 1702 2818 libro
1728 2808 1881 2817 .......
1906 2781 1952 2817 de
1969 2781 2129 2828 publicis
2152 2780 2294 2816 iudiciis
2340 2779 2400 2816 Li-

1319 2826 1441 2863 *beris
1466 2837 1607 2872 quoque
1636 2831 1871 2872 patronorum
1900 2826 1936 2861 in
2039 2837 2074 2861 m
2102 2826 2159 2862 ius
2187 2829 2401 2880 patronatus

1319 2870 2402 2953 1ffilffiussxiiatb⁰¹iirffit⁰iiiiibeiiieffiussfissinit„⁸2:2⁵ss

1324 2966 1335 2997 1
1387 2964 1520 3008 *parte
1543 2961 1607 2998 filii
1628 2928 1784 3008 {attoni
1834 2961 1873 2997 Si
1907 2943 2046 2998 ’atroni
2075 2961 2170 2997 filius
2201 2960 2402 2997 excluditur

1319 3009 1497 3088 :Empt‘fr
1515 3007 1648 3044 liberos
1668 3017 1758 3053 quos
1775 3006 1885 3043 habet
1916 3006 2063 3060 'bertus,
2074 3007 2194 3087 {⁸5⁹⁸
2199 3005 2402 3087 11⁸1?aech

1375 3063 1436 3089 sco
1475 3063 1580 3089 ocum
1603 3062 1675 3089 non
1699 3062 1796 3094 esse,
1852 3062 1995 3088 uoniam
2052 3062 2073 3087 a
2109 3062 2168 3088 om
2385 3070 2400 3078 -

1320 3097 1499 3134 *cludunt
1527 3097 1631 3133 liberi
1660 3097 1795 3140 liberti,
1829 3063 1851 3132 t1³
1873 3107 1911 3133 se
1946 3063 2065 3133 autei’n
2093 3096 2219 3133 fiscum
2250 3095 2400 3142 repellit.

1320 3145 1340 3178 2
1387 3143 1565 3179 ¹'‘Patroni
1581 3142 1674 3178 filius
1692 3142 1834 3178 etiamsi
1848 3108 2025 3179 {onerum
2044 3141 2306 3189 possessionem
2329 3151 2401 3176 non

1320 3190 1458 3234 *petat,
1482 3187 1580 3223 haud
1603 3187 1710 3223 dubie
1734 3187 1892 3223 excludit
1913 3186 2039 3223 fiscum
2062 3187 2100 3222 in
2122 3190 2224 3232 parte
2247 3186 2317 3223 sibi
2340 3186 2400 3222 de-

1320 3236 1340 3268 3
1388 3233 1492 3269 *bita
1514 3243 1560 3269 ex
1582 3232 1685 3269 bonis
1708 3233 1828 3268 liberti
1876 3232 2001 3268 aterni.
2038 3231 2197 3277 Relegati
2220 3231 2316 3268 bona
2337 3242 2402 3277 per

1319 3278 1559 3314 *sententiam
1583 3277 1772 3324 specialem
1796 3288 1845 3323 pu
1871 3277 1973 3314 licari
1992 3280 2172 3323 poterunt,
2197 3286 2263 3312 nec
2281 3281 2401 3312 tamen

1319 3324 1428 3392 *iura
1458 3323 1629 3376 adversus
1656 3323 1804 3359 libertos
1832 3323 1865 3359 ei
1896 3322 2109 3359 auferuntur
2138 3321 2207 3357 nisi
2230 3322 2401 3368 principis

1319 3372 1553 3456 &affigit
1575 3367 2055 3449 {seffffleg'iffl‘issoe‘ii‘ffia
2078 3377 2153 3448 13:2²
2175 3366 2401 3456 ἑὲὲωέὲῶᾟ

1319 3459 1474 3505 *postea
1496 3459 1533 3494 in
1556 3458 1780 3495 matrimonio
1805 3458 1880 3494 filia
1900 3457 2084 3501 moriatur,

1633 3572 1693 3614 (¹2)
1719 3570 1785 3603 nisi
1804 3570 1916 3604 meriti
1938 3571 2064 3604 videtur
2084 3570 2255 3614 scripsisse
2275 3569 2400 3604 Paulus

1549 3617 1609 3658 (u)
1631 3616 1669 3649 in
1681 3616 1767 3649 hanc
1779 3616 1975 3649 sententiam
1989 3615 2070 3649 Hal.
2158 3618 2215 3658 (15)
2240 3623 2326 3658 quae
2336 3615 2398 3648 mi-
