2528 3918
24 69 34 82 ,ι’

0 84 12 99 ν.-

128 137 188 169 DE
217 135 503 169 commemo
532 134 753 167 BONORUM

171 246 225 287 25
248 247 489 285 Mancmvs
508 247 599 283 libro
622 256 718 282 nono
742 244 962 299 diqestoram
1009 244 1208 298 Quilfilium

126 293 412 339 emancipaverat
441 296 480 329 et
506 302 552 328 ne
578 295 673 328 otem
703 301 749 327 ex
779 301 822 326 eo
851 294 1048 326 retinuerat
1075 301 1113 325 1n
1142 301 1207 336 po-

126 342 272 381 testate,
303 341 518 374 testamento
573 337 660 372 lium
687 335 933 378 exheredavit,
969 339 1136 380 nepotem
1166 346 1209 371 ex

125 385 244 430 aliqua
267 387 371 429 parte
393 382 549 419 instituit
570 380 737 417 heredem
760 385 797 416 et
820 381 927 415 alium
954 380 1065 415 filium
1088 389 1207 416 eman-

126 430 282 475 cipatum
305 427 500 474 praeteriit.
548 430 669 471 potest
700 425 842 461 defendi
872 429 1038 470 nepotem
1067 436 1209 471 quoquc

126 476 300 511 bonorum
330 472 592 519 possessionem
622 474 748 507 contra
771 471 914 506 tabulas
936 474 1060 515 petere
1081 481 1206 516 posse:

125 530 207 555 nam
230 529 296 564 pro
320 528 364 554 ea
384 521 504 563 parte,
533 527 604 562 qua
627 516 775 562 quisque
797 516 970 552 intestato
993 526 1080 552 suus
1103 516 1208 552 heres

124 569 237 607 esset,
270 563 300 600 si
322 566 426 608 pater
449 572 536 598 suus
558 562 663 597 heres
686 572 760 596 non
783 565 896 603 esset,
925 561 1101 597 bonorum
1123 571 1206 606 pos-

129 614 143 646 1
191 609 304 645 sessio
325 607 496 644 defertur.
535 606 582 649 Is,
608 606 709 642 cuius
733 606 827 642 filius
849 606 886 641 in
906 606 1100 651 adoptione
1119 609 1207 647 erat,

124 659 307 700 nepotem,
342 663 447 698 quem
478 652 571 687 filius
602 655 730 697 postea
759 655 1029 696 procreaverat,
1064 650 1209 696 scripsit

123 699 300 742 heredem,
325 697 586 742 emancipatum
610 696 721 731 filium
738 696 942 741 praeteriit:
967 696 1075 731 num¹
1098 695 1209 732 habet

123 755 235 790 nepos
275 755 319 779 ex
357 743 474 779 edicto
510 743 686 778 bonorum
719 743 1008 787 possessionem?
1054 740 1207 776 tuendus

123 795 242 825 tamen
274 788 433 834 exemplo
464 787 665 833 parentium
696 791 734 822 et
763 787 972 830 liberorum,
1004 786 1133 832 quibus
1157 786 1207 821 le-

123 839 207 881 gata
236 838 421 880 praestare
453 836 628 877 coguntur
660 832 720 876 qui
749 832 923 868 bonorum
947 831 1208 877 possessionem

124 885 144 916 2
192 884 318 916 contra
348 878 491 914 tabulas
523 880 751 922 acceperunt.
804 877 843 912 Si
876 877 970 912 forte
1006 887 1051 912 ex
1084 877 1207 913 eodem

123 925 196 962 filio
225 925 424 961 retinuerat
453 933 497 958 ne
525 926 619 958 otem
649 933 760 957 unum
790 922 972 967 pluresve,
1008 922 1209 958 indubitate

123 982 189 1016 pro
213 980 256 1006 ea
305 972 383 1005 arte
404 972 491 1004 tuen
517 978 560 1003 us
585 970 657 1011 est,
689 978 754 1012 pro
785 978 856 1012 qua
884 971 987 1012 parte
1011 970 1173 1002 tueretur
1182 968 1207 1008 2,

123 1016 155 1052 si
185 1026 230 1052 ex
300 1015 336 1050 ia
365 1024 476 1059 nepos
507 1017 572 1048 aut
601 1015 716 1048 mater
747 1012 905 1048 defuncti
935 1012 1083 1048 heredes
1107 1011 1207 1048 insti-

124 1061 215 1097 tuti³
239 1063 374 1096 essent:
399 1069 481 1094 nam
506 1058 561 1094 his
587 1061 827 1103 comparatur.

618 1197 672 1235 VI
681 1196 707 1235 ⁴.

339 1264 401 1296 DE
426 1262 716 1296 COLLATIONE
739 1243 994 1295 Bonosum.

172 1330 191 1368 1
226 1329 420 1367 ULPJANUs
440 1329 530 1365 libro
555 1328 833 1374 quadraqesimo
865 1328 915 1363 ad
936 1328 1090 1364 edictum
1139 1328 1208 1364 Hic

126 1376 249 1412 titulus
266 1374 490 1410 manifestam
509 1373 619 1409 habet
638 1373 872 1417 aequitatem:
899 1384 980 1408 cum
997 1373 1090 1409 enim
1105 1384 1209 1418 prae-

124 1426 181 1458 tor
203 1421 250 1456 ad
272 1421 448 1456 bonorum
470 1418 733 1464 possessionem
767 1422 893 1454 contra
922 1419 1064 1454 tabulas
1089 1429 1209 1454 eman-

124 1468 261 1512 cipatos
293 1465 460 1500 admittat
489 1463 751 1509 participesque
783 1463 895 1498 faciat
926 1475 1006 1499 cum
1038 1463 1112 1507 his,
1149 1465 1211 1510 qui

122 1515 208 1548 sunt
228 1510 267 1546 in
288 1512 486 1555 potestate,
511 1510 687 1545 bonorum
710 1511 961 1554 paternorum:
987 1519 1209 1555 consequens

122 1567 202 1594 esse
233 1555 364 1598 credit,
402 1559 442 1590 ut
479 1564 546 1590 sua
574 1564 716 1599 quoque
744 1554 840 1589 bona
868 1554 907 1589 in
937 1554 1092 1590 medium
1123 1566 1208 1591 con-

124 1599 139 1637 ἰ
191 1602 328 1643 ferant,
361 1600 422 1646 qui
449 1603 623 1645 appetant
645 1602 807 1644 paterna.
857 1599 956 1635 Inter
979 1610 1040 1636 eos
1065 1600 1210 1637 dabitur

123 1652 143 1683 2
191 1645 347 1689 collatio,
377 1645 506 1689 quibus
529 1645 708 1690 possessio
733 1644 819 1679 data
842 1648 909 1681 est.
955 1645 1068 1681 Plane
1091 1646 1123 1682 si
1144 1646 1208 1681 mi-

123 1703 245 1729 norem
267 1691 323 1727 vel
346 1691 473 1733 alium,
506 1700 611 1735 quem
640 1690 830 1725 restituere
858 1690 896 1725 in
917 1690 1094 1735 integrum
1117 1692 1210 1728 solet

122 1735 1210 1827 853335’,222232‘3312321110zfflsssstptsffffffiffaeffifi?

797 1807 806 1823 ‚
1193 1802 1209 1810 -

124 1832 143 1864 3
189 1827 297 1864 tionis
330 1826 552 1863 commodum
583 1826 616 1861 ei
645 1826 803 1862 restituit
813 1827 837 1861 ⁶.
918 1826 931 1861 i
958 1837 1004 1862 ex
1035 1827 1210 1863 dodrante

124 1873 192 1909 fuit
214 1873 400 1909 institutus
423 1871 518 1907 filius
544 1871 605 1916 qui
628 1875 706 1907 erat
727 1871 765 1906 in
786 1874 984 1916 potestate,
1018 1875 1209 1909 extraneus

121 1930 167 1955 ex
191 1918 406 1964 quadrante,
440 1917 702 1962 emancipatum
732 1916 966 1961 accipientem
996 1921 1123 1954 contra
1153 1921 1208 1953 ta-

122 1965 225 2000 bulas
260 1974 327 2009 pro
366 1962 566 2008 quadrante
600 1965 742 1997 tantum
773 1962 869 1998 bona
901 1973 967 1998 sua
998 1963 1210 1999 collaturum

123 2009 282 2045 Iulianus
305 2008 374 2051 ait,
408 2008 491 2053 quia
514 2007 629 2043 solum
653 2007 888 2052 quadrantem
911 2007 1017 2043 fratri
1039 2008 1208 2045 abstulit:

122 2057 368 2100 argumentum
404 2063 470 2098 pro
507 2053 576 2088 hac
613 2052 790 2088 sententia
827 2052 945 2088 adfert
978 2053 1209 2107 Pomponius,

123 2100 219 2145 quod
246 2099 342 2135 filius
374 2098 619 2143 emancipatus
648 2098 839 2143 nepotibus
869 2108 914 2133 ex
942 2109 981 2134 se
1006 2103 1100 2134 natis
1123 2100 1209 2136 solis

123 2149 144 2181 4
191 2144 354 2181 conferre
378 2144 527 2188 cogitur.
574 2143 685 2179 Pater
706 2143 819 2178 filium
842 2154 947 2188 quem
969 2144 1007 2179 in
1029 2148 1210 2189 potestate

124 2191 281 2227 habebat
299 2193 336 2226 et
355 2192 563 2224 extraneum
581 2188 750 2224 heredem
766 2188 921 2233 scripsit,
947 2189 1210 2234 emancipatum

123 2234 326 2282 praeteriit:
346 2234 522 2270 bonorum
535 2234 798 2279 possessionem
813 2237 939 2270 contra
953 2235 1096 2271 tabulas
1113 2238 1208 2271 uter-

123 2292 192 2327 que
214 2280 309 2316 filius
333 2280 483 2325 accepit.
518 2283 639 2324 potest
660 2290 733 2315 non
755 2279 978 2315 incommode
1001 2280 1072 2316 dici
1091 2291 1209 2316 eman-

124 2327 282 2380 cipatum
311 2325 364 2360 ita
390 2325 533 2360 demum
562 2324 725 2360 conferre
755 2324 861 2360 fratri
894 2335 960 2361 suo
993 2325 1141 2369 debere,
1179 2326 1211 2362 si

123 2371 259 2417 aliquid
288 2371 321 2407 ei
349 2380 395 2406 ex
426 2380 536 2406 causa
565 2369 783 2405 hereditaria
812 2370 1019 2406 abstulerit:
1060 2381 1144 2406 nam
1179 2371 1210 2407 si

122 2417 258 2453 minore
287 2426 332 2452 ex
361 2418 465 2461 parte
496 2425 604 2460 quam
635 2415 780 2451 dimidia
813 2415 843 2451 is
899 2415 935 2451 ui
965 2416 1003 2450 in
1030 2420 1209 2462 potestate

123 2465 203 2498 erat
232 2462 336 2497 heres
365 2461 521 2506 scriptus
543 2459 670 2503 fuerit,
703 2461 823 2505 inique
846 2460 881 2495 vi
906 2461 1024 2496 ebitur
1048 2462 1209 2498 collatio-

124 2518 205 2544 nem
227 2506 411 2552 postulare
435 2506 480 2541 ab
504 2516 566 2548 eo,
595 2509 744 2552 propter
772 2515 878 2551 quem
906 2506 1085 2551 amplius⁷
1107 2507 1209 2543 here-

126 2556 145 2588 5
193 2552 305 2588 ditate
327 2555 480 2598 paterna
501 2551 691 2587 habiturus
716 2554 781 2586 est.
831 2551 978 2587 Totiens
1001 2552 1112 2597 igitur
1135 2553 1209 2588 col-

124 2597 249 2634 lationi
270 2597 372 2633 locus
397 2600 462 2640 est,
487 2596 650 2641 quotiens
669 2596 787 2640 aliquo
804 2596 1028 2633 incommodo
1047 2598 1209 2634 adfectus

124 2646 180 2680 est
208 2643 240 2679 is
271 2642 333 2688 qui
366 2642 403 2677 in
438 2644 618 2687 potestate
653 2644 707 2676 est
740 2641 941 2677 interventu
977 2643 1208 2688 emancipati:

126 2692 146 2725 6
193 2691 351 2724 ceterum
374 2687 406 2723 si
427 2698 500 2723 non
519 2690 584 2729 est,
611 2686 754 2722 collatio
775 2687 940 2722 cessabit.
972 2687 1038 2723 Vel
1057 2688 1209 2725 maxime

124 2736 244 2769 autem
277 2736 365 2768 tunc
397 2731 660 2784 emancipatum
690 2731 852 2767 conferre
881 2742 953 2768 non
983 2736 1140 2777 oportet,
1178 2734 1210 2770 si

125 2779 233 2814 etiam
254 2777 423 2814 iudicium
446 2780 561 2822 patris
583 2777 713 2812 meruit
742 2786 808 2812 nec
838 2777 1027 2822 quicquam
1057 2779 1208 2823 amplius

126 2827 144 2858 7
192 2823 422 2865 nanciscitur,
447 2833 554 2868 quam
576 2822 610 2858 ei
632 2825 736 2867 pater
759 2821 868 2857 dedit.
907 2822 978 2858 Sed
1001 2826 1037 2858 et
1060 2823 1090 2858 si
1113 2824 1208 2869 lega-

123 2869 171 2905 tis
194 2868 325 2905 meruit
347 2868 527 2904 semissem
548 2868 605 2903 vel
627 2870 778 2910 tantum,
808 2871 981 2912 quantum
1005 2872 1132 2905 contra
1153 2874 1208 2904 ta-

124 2914 229 2951 bulas
251 2914 426 2950 bonorum
453 2913 703 2958 possessione*³
731 2915 904 2958 occupat,
924 2912 1125 2949 'dicendum
1154 2921 1210 2951 est

126 2963 146 2995 8
192 2970 266 2995 non
295 2969 374 2995 esse
404 2957 601 3003 cogendum
628 2958 674 2993 ad
706 2958 942 2994 collationem.
989 2958 1126 2994 Ibidem
1148 2959 1207 2995 Iu-

124 3005 242 3041 lianus
265 3004 328 3047 ait,
353 3004 384 3039 si
406 3003 583 3039 bonorum
604 3003 831 3048 possessione
849 3006 997 3049 accepta
1016 3003 1210 3040 decesserit

125 3050 156 3086 is
180 3049 241 3095 qui
262 3049 300 3085 in
323 3051 502 3094 potestate
526 3051 599 3092 est,
631 3047 678 3083 ad
701 3048 926 3084 collationem
950 3049 1124 3085 bonorum
1148 3060 1208 3086 co-

167 3095 278 3130 ndum
308 3093 586 3139 emancipatum,
626 3095 667 3129 ut
693 3096 833 3128 tantum
863 3093 987 3130 heredi
1014 3095 1091 3131 eius
1124 3105 1208 3131 con-

142 3143 238 3182 erat,
269 3142 442 3185 quantum
473 3138 652 3174 conferret
678 3138 766 3183 ipsi,
797 3138 829 3174 si
857 3139 999 3175 viveret.
1055 3139 1151 3184 quod
1178 3140 1210 3176 si

126 3189 210 3220 ante
226 3187 411 3230 acceptam
426 3184 602 3220 bonorum
618 3183 879 3228 possessionem
896 3183 1090 3220 decesserit
1109 3195 1207 3228 suus,

126 3229 293 3265 heredem
317 3230 392 3265 eius
415 3232 561 3274 praetor
583 3228 660 3264 ita⁹
682 3228 776 3264 tueri
800 3228 957 3273 debebit,
980 3229 1113 3275 inquit,
1142 3241 1208 3275 pro

128 3285 172 3310 ea
193 3278 311 3320 parte,
343 3284 414 3319 qua
435 3274 540 3311 heres
563 3273 718 3318 scriptus
741 3273 811 3308 fuit
832 3273 863 3309 is
887 3274 949 3318 qui
970 3274 1008 3309 in
1029 3278 1209 3319 potestate

127 3323 217 3362 erat,
241 3329 313 3355 non
335 3322 457 3355 tamen
478 3319 575 3355 ultra
597 3319 746 3354 virilem:
771 3318 819 3354 ad
842 3319 1065 3356 collationem
1089 3323 1210 3355 autem

127 3375 200 3401 non
223 3364 378 3400 admittit
400 3374 480 3400 eum
501 3364 540 3399 in
561 3364 657 3399 hunc
676 3374 809 3408 casum,
834 3364 918 3408 quia
934 3364 1109 3401 bonorum
1124 3376 1207 3410 pos-

128 3413 149 3445 9
196 3409 308 3446 sessio
332 3408 488 3446 admissa
507 3419 581 3445 non
604 3412 671 3445 est.
720 3408 826 3444 Iubet
848 3411 968 3445 autem
989 3413 1137 3454 praetor
1158 3411 1210 3445 ita

127 3454 206 3491 fieri
229 3453 463 3497 collationem,
486 3457 528 3490 ut
545 3457 643 3490 recte
662 3457 847 3490 caveatur:
872 3454 990 3490 caveri
1008 3458 1128 3490 autem
1171 3465 1210 3490 er

129 3499 397 3535 satisdationem
421 3502 584 3544 oportere
598 3498 815 3544 Pomponius
840 3499 901 3534 ait.
937 3509 985 3534 an
1000 3499 1140 3545 pignori
1166 3510 1207 3536 us

129 3614 170 3655 (1)
194 3623 262 3646 non
275 3613 348 3646 dett.
754 3613 797 3655 (3)
819 3611 954 3645 institui
965 3612 1000 3645 F

176 3658 219 3699 (n
243 3657 324 3691 Sab.
345 3663 423 3691 ι...4.
442 3663 494 3695 123
517 3657 584 3690 Ed.
604 3664 692 3698 amu
715 3657 801 3701 Pap.
821 3664 914 3692 s...11.
929 3674 975 3682 -—
998 3658 1084 3691 Bas.
1104 3659 1160 3700 41,
1180 3665 1209 3700 τ,

130 3708 219 3736 1...11.
230 3718 277 3727 -
296 3702 350 3746 Cs-
367 3702 444 3736 C'od.
459 3703 491 3743 6,
510 3708 547 3735 20
684 3702 727 3745 (ὅ)
750 3701 915 3737 bonorum
934 3703 1000 3736 ind.
1014 3702 1056 3736 >F
1072 3714 1141 3737 cum
1161 3703 1208 3744 B,

132 3757 190 3781 om.
204 3748 239 3781 F
339 3750 383 3789 (o)
406 3746 559 3780 restituet
569 3745 623 3779 F·
728 3747 772 3790 (τ)
795 3757 836 3781 ex
848 3748 909 3782 ins.
922 3747 1008 3782 Rob.
1020 3746 1208 3792 Stephanus

441 3612 484 3654 (2)
508 3612 623 3645 tuetur
633 3612 668 3645 F

1196 117 1275 166 551

2035 121 2244 168 XXXVII
2276 125 2315 165 5.
2337 125 2363 165 ’ὓ

1279 243 1397 280 caveri
1419 243 1549 290 possit,
1573 243 1775 279 videamus:
1801 247 1837 280 et
1859 245 2078 291 Pomponius
2102 245 2195 283 libro
2219 248 2364 292 septua-

1277 289 1411 335 gesimo
1428 299 1522 326 nono
1540 287 1588 324 ad
1603 288 1760 325 edictum
1779 290 1923 334 scripsit
1945 294 1982 326 et
2004 291 2074 327 reis
2097 295 2134 327 et
2155 290 2365 337 pignoribus

1277 338 1374 370 recte
1399 334 1517 371 caveri
1541 333 1584 370 de
1609 333 1814 377 collatione,
1849 339 1884 370 et
1913 335 1966 370 ita
1997 346 2061 380 ego
2093 347 2234 383 quoque
2264 342 2364 382 puto.

1282 383 1321 415 10
1369 379 1407 415 Si
1435 379 1550 415 frater
1578 389 1704 414 cavere
1737 389 1811 415 non
1841 380 1971 424 possit,
2011 386 2158 417 curator
2191 382 2365 427 portionis

1279 425 1355 460 eius
1379 424 1627 467 constituitur,
1658 423 1754 469 apud
1786 435 1890 469 quem
1920 426 2054 461 refecta
2078 428 2230 471 pecunia
2254 427 2365 464 collo-

1279 474 1398 512 cetur,
1431 474 1472 505 ut
1502 474 1590 505 tunc
1621 468 1762 504 demum
1792 469 1943 514 recipiat
1972 471 2067 515 quod
2090 471 2275 508 redactum
2298 476 2364 515 est,

1279 526 1361 550 cum
1385 516 1480 551 bona
1502 515 1651 560 propria
1675 514 1876 550 contulerit.
1922 515 2018 559 quod
2041 516 2072 551 si
2094 527 2159 561 per
2182 521 2364 553 contuma-

1280 560 1370 595 ciam
1394 561 1552 596 actiones
1578 559 1771 605 denegatae
1795 560 1876 600 sint,
1904 560 2025 595 oblata
2049 566 2175 605 postea
2200 563 2366 599 cautione

1282 609 1319 640 11
1369 606 1498 650 recipit
1525 605 1715 650 pristinum
1746 604 1813 640 ius.
1862 604 2029 648 Quamvis
2061 611 2179 641 autem
2210 608 2366 643 edictum

1278 650 1454 695 praetoris
1479 651 1523 686 de
1549 650 1715 685 cautione
1738 649 1917 694 loquatur,
1943 654 2063 685 tamen
2082 652 2189 687 etiam
2205 663 2245 688 re
2259 663 2366 698 posse

1278 696 1356 731 fieri
1381 695 1606 731 collationem
1620 695 1838 740 Pomponius
1859 695 1950 730 libro
1971 698 2254 740 septuagensimo
2270 709 2366 734 nono

1279 740 1326 775 ad
1350 740 1505 775 edictum
1528 741 1684 785 scripsit.
1732 744 1796 775 aut
1818 740 1912 775 enim
1935 750 1993 782 re,
2026 740 2158 784 inquit,
2187 746 2253 778 aut
2281 753 2365 779 cau·

1279 785 1376 821 tione
1409 785 1575 821 facienda
1610 785 1754 821 collatio
1785 788 1851 820 est.
1906 785 2014 829 igitur
2050 785 2199 828 dividat,
2238 788 2365 833 inquit,

1278 831 1375 866 bona
1398 841 1465 866 sua
1489 841 1570 865 cum
1594 830 1768 866 fratribus
1787 834 1824 866 et
1837 830 1996 875 quamvis
2010 841 2080 866 non
2101 836 2234 875 caveat,
2259 834 2366 869 satis-

1279 875 1366 911 facit
1389 875 1518 911 edicto.
1566 875 1630 911 sed
1653 879 1690 911 et
1713 875 1743 910 si
1767 875 1943 920 quaedam
1966 875 2116 918 dividat,
2149 876 2192 912 de
2221 878 2364 922 quibus-

1279 921 1362 956 dam
1385 924 1522 963 caveat,
1547 930 1660 965 aeque
1676 920 1826 956 dicimus
1840 930 1921 956 eum
1935 919 2167 956 satisfecisse.
2199 923 2262 958 sed
2286 934 2364 959 cum

1278 966 1420 1011 possint
1450 976 1528 1002 esse
1561 965 1736 1011 quaedam
1759 966 1796 1000 in
1820 965 1983 1008 occulto,
2006 975 2082 1000 non
2105 965 2192 1000 satis
2229 968 2366 1004 confert

1279 1012 1340 1056 qui
1363 1022 1436 1047 non
1460 1011 1563 1054 cavit,
1589 1011 1749 1056 quamvis
1770 1010 1914 1046 dividat.
1940 1009 1972 1045 si
1986 1009 2098 1053 igitur
2115 1014 2258 1047 constet
2274 1014 2366 1049 inter

1278 1059 1413 1101 partes,
1461 1056 1524 1091 uid
1546 1057 1594 1092 sit
1615 1057 1654 1091 in
1677 1056 1781 1092 bonis
1805 1054 2035 1105 emancipati,
2051 1057 2240 1094 sufficiens
2256 1059 2369 1094 colla-

1279 1102 1330 1137 tio
1354 1105 1410 1137 est
1457 1101 1578 1138 ivisio:
1602 1101 1635 1137 si
1657 1112 1730 1137 non
1754 1105 1904 1144 constet,
1929 1107 1993 1137 sed
2010 1102 2178 1137 dicantur
2192 1103 2371 1148 quaedam

1279 1158 1352 1183 non
1375 1157 1454 1185 esse
1478 1147 1515 1182 in
1539 1157 1725 1182 commune
1742 1147 1900 1189 redacta,
1925 1151 2011 1182 tunc
2027 1151 2175 1192 propter
2191 1148 2371 1184 incertum

1282 1195 1322 1227 12
1371 1193 1489 1228 cautio
1515 1193 1582 1228 erit
1604 1192 1875 1236 interponenda.
1912 1192 1982 1227 Sed
2004 1196 2040 1228 et
2063 1192 2095 1228 si
2117 1196 2256 1228 tantum
2275 1194 2369 1230 forte

1279 1238 1316 1272 in
1339 1238 1443 1274 bonis
1465 1237 1626 1283 paternis
1650 1237 1896 1282 emancipatus
1919 1238 2097 1281 remittat,
2129 1243 2302 1283 quantum
2325 1249 2369 1275 ex

1281 1283 1470 1319 collatione
1495 1294 1581 1318 suus
1605 1283 1738 1318 habere
1763 1282 1886 1325 debet,
1917 1282 2106 1318 dicendum
2136 1287 2191 1318 est
2214 1285 2367 1320 emanci-

1278 1332 1404 1374 patum
1426 1328 1514 1364 satis
1540 1328 1734 1364 contulisse
1757 1328 1885 1364 videri:
1915 1327 2008 1363 idem
2037 1332 2074 1364 et
2096 1328 2129 1364 si
2151 1339 2281 1365 nomen
2303 1340 2367 1375 pa-

1279 1375 1374 1409 terni
1405 1374 1576 1409 debitoris
1606 1373 1823 1418 delegaverit
1851 1373 1907 1409 vel
1934 1373 2085 1408 fundum
2114 1384 2231 1410 remve
2262 1375 2369 1410 aliam

1279 1419 1418 1454 dederit
1439 1430 1506 1464 pro
1530 1419 1695 1464 portione
1720 1419 1906 1461 bonorum,
1932 1429 2024 1464 quae
2049 1418 2212 1455 conferre
2235 1420 2367 1456 debuit.

1282 1467 1322 1499 13
1370 1464 1424 1507 Si,
1463 1475 1544 1500 cum
1578 1464 1717 1500 duobus
1753 1463 1917 1500 conferre
1947 1464 2109 1507 deberet,
2147 1465 2252 1501 alteri
2269 1477 2368 1502 ‘con-

1278 1510 1419 1552 tulerit‚
1453 1510 1557 1546 alteri
1588 1520 1677 1552 non,
1709 1509 1765 1545 vel
1797 1520 1879 1545 cum
1909 1513 2010 1545 cavet
2040 1509 2097 1546 vel
2120 1520 2201 1545 cum
2225 1510 2366 1547 dividit:

1278 1555 1468 1591 videndum
1497 1559 1568 1598 est,
1599 1558 1718 1591 utrum
1750 1554 1923 1590 sextantis
1954 1559 2094 1590 tantum
2123 1555 2156 1591 ei
2185 1556 2368 1592 auferatur

1279 1600 1553 1636 emolumentum
1577 1611 1624 1636 an
1647 1611 1729 1636 vero
1753 1600 1894 1636 trientis
1917 1600 2028 1636 totius
2057 1600 2198 1637 detrahi
2227 1601 2366 1638 debeat.

1278 1649 1315 1681 et
1343 1650 1448 1691 puto,
1490 1647 1521 1682 si
1560 1646 1702 1691 quidem
1740 1655 1806 1690 per
1836 1645 2098 1682 contumaciam
2127 1657 2201 1682 non
2233 1651 2368 1690 caveat,

1278 1691 1390 1727 totius
1421 1692 1559 1727 trientis
1589 1691 1623 1727 ei
1655 1691 1880 1735 denegandas
1913 1691 2072 1727 actiones
2096 1693 2176 1734 (nec
2200 1692 2294 1728 enim
2316 1692 2367 1728 vi-

1278 1736 1383 1773 detur
1407 1736 1563 1778 cavisse,
1596 1737 1657 1781 qui
1681 1747 1752 1771 non
1777 1736 1939 1772 omnibus
1965 1736 2089 1780 cavia:
2122 1738 2218 1782 quod
2250 1738 2282 1774 si
2303 1748 2368 1783 per

1278 1782 1446 1827 inopiam,
1471 1782 1645 1818 sextantis
1670 1785 1810 1817 tantum
1834 1782 2072 1826 denegandas,
2097 1782 2148 1818 sic
2172 1786 2305 1826 tamen,
2328 1786 2369 1818 ut

1278 1828 1395 1908 &0³33ss
1412 1827 1843 1918 §.litttersipssiufflffis
1855 1827 2368 1910 vgtff‘c'flffissssecffisstiffiffffi

1846 1900 1854 1915 ‚
2109 1898 2111 1901 ⁴

1279 1928 1353 1953 rem
1374 1919 1406 1953 ei
1430 1918 1564 1953 salvam
1581 1917 1764 1954 facturus:
1789 1918 1916 1953 haberi
1933 1918 2026 1953 enim
2044 1918 2151 1954 debet
2167 1919 2258 1954 ratio
2276 1919 2367 1962 eius,

1279 1964 1341 2008 qui
1373 1974 1445 1999 non
1479 1974 1544 2008 per
1579 1963 1840 1999 contumaciam
1874 1963 2099 1999 collationem
2130 1974 2203 2000 non
2234 1965 2282 2000 im
2308 1964 2367 2001 let.

1283 2012 1323 2043 14
1369 2008 1404 2044 Is
1430 2019 1589 2053 quoque,
1615 2009 1675 2053 qui
1698 2009 1735 2043 in
1759 2008 1928 2053 adoptiva
1950 2008 2084 2043 familia
2106 2012 2181 2052 est,
2205 2020 2272 2046 con
2291 2020 2368 2046 erre

1280 2054 1428 2098 cogitur,
1453 2054 1523 2089 hoc
1547 2057 1602 2089 est
1624 2064 1697 2088 non
1719 2054 1808 2098 ipse,
1833 2053 1897 2089 sed
1919 2053 1950 2089 is
1976 2054 2037 2098 qui
2060 2064 2139 2089 eum
2150 2056 2177 2077 ¹⁰
2208 2055 2367 2098 habet¹¹,

1278 2099 1310 2135 si
1345 2099 1511 2134 maluerit
1551 2102 1678 2134 contra
1713 2099 1855 2134 tabulas
1893 2099 2068 2134 bonorum
2105 2100 2368 2144 possessionem

1278 2143 1452 2189 accipere.
1499 2144 1607 2189 plane
1639 2144 1671 2180 si
1700 2145 1759 2179 hic
1789 2144 1978 2189 adoptivus
2007 2148 2112 2189 pater
2140 2148 2224 2181 ante
2255 2146 2367 2182 bono-

1277 2200 1358 2224 rum
1388 2189 1651 2234 possessionem
1681 2189 1831 2234 petitam
1859 2189 2138 2234 emancipaverit
2168 2201 2265 2234 eum,
2295 2202 2367 2227 non

1279 2238 1426 2280 cogetur
1460 2234 1508 2270 ad
1543 2235 1787 2277 collationem,
1829 2237 1866 2270 et
1904 2235 1957 2270 ita
1993 2235 2169 2280 rescripto
2207 2236 2365 2271 divorum

1278 2280 1431 2316 fratrum
1466 2290 1677 2325 expressum
1711 2283 1782 2316 est:
1819 2279 1884 2315 sed
1917 2280 1969 2315 ita
2003 2280 2143 2315 demum
2178 2282 2247 2317 ado
2274 2281 2366 2317 tivus

1279 2326 1522 2371 emancipatus
1548 2325 1737 2361 collatione
1757 2325 1889 2361 fratres
1907 2325 2072 2370 privabit,
2098 2326 2129 2360 si
2146 2326 2223 2362 sine
2255 2326 2367 2362 raude

1284 2375 1322 2406 15
1369 2371 1439 2407 hoc
1467 2371 1606 2406 factum
1634 2371 1692 2407 sit.
1739 2370 1815 2406 Nec
1847 2374 2029 2406 castrense
2057 2381 2123 2406 nec
2155 2371 2258 2415 quasi
2287 2381 2366 2407 cas-

1278 2420 1397 2452 trense
1420 2416 1600 2461 peculium
1622 2416 1798 2454 fratribus
1823 2415 2024 2451 confertur:
2052 2416 2122 2451 hoc
2146 2416 2239 2451 enim
2261 2427 2366 2462 prae·-

1279 2462 1423 2507 cipuum
1455 2472 1533 2498 esse
1566 2465 1731 2506 oportere
1762 2461 1883 2496 multis
1916 2461 2227 2497 constitutionibus
2253 2462 2365 2498 conti-

1283 2511 1323 2542 16
1369 2510 1486 2542 netur.
1540 2507 1610 2542 Sed
1644 2517 1692 2542 an
1721 2507 1777 2551 id,
1816 2506 1913 2551 quod
1948 2506 2129 2550 dignitatis
2165 2507 2308 2543 nomine
2344 2517 2366 2543 a

1278 2556 1381 2597 patre
1405 2552 1528 2588 datum
1552 2555 1606 2588 est
1629 2552 1684 2587 vel
1708 2552 1874 2595 debetur,
1908 2551 2070 2587 conferre
2100 2551 2178 2595 quis
2207 2551 2245 2587 in
2269 2562 2363 2588 com-

1277 2607 1384 2633 mune
1416 2601 1582 2642 cogatur,
1621 2597 1813 2633 videamus.
1869 2599 1905 2632 et
1939 2596 1990 2631 ait
2019 2596 2239 2641 Papinianus
2273 2597 2365 2633 libro

1277 2643 1383 2678 tertio
1409 2643 1544 2678 decimo
1571 2643 1820 2688 quaestionum
1848 2652 1920 2677 non
1944 2651 2023 2677 esse
2047 2642 2263 2687 cogendum:
2294 2643 2365 2679 hoc

1278 2688 1371 2724 enim
1383 2699 1450 2734 pro
1476 2692 1533 2724 ter
1546 2698 1657 2724 onera
1673 2687 1854 2733 dignitatis
1870 2687 2103 2732 praecipuum
2116 2687 2241 2723 haberi
2258 2698 2365 2769 egor-

1277 2737 1364 2769 tere.
1400 2743 1438 2769 se
1487 2733 1518 2769 si
1541 2734 1659 2769 adhuc
1684 2733 1867 2774 debeatur,
1891 2732 1961 2767 hoc
1986 2732 2037 2768 sic
2060 2733 2280 2778 interpretan
2305 2744 2365 2769 um

1278 2782 1350 2822 est,
1381 2782 1422 2814 ut
1450 2789 1523 2815 non
1551 2779 1648 2814 solus
1679 2782 1846 2814 oneretur
1862 2778 1889 2797 ¹2
1917 2777 1948 2813 is
1979 2777 2039 2822 qui
2062 2777 2268 2823 dignitatem
2291 2789 2363 2814 me-

1277 2825 1365 2867 ruit,
1401 2824 1466 2860 sed
1495 2834 1680 2860 commune
1709 2823 1756 2859 sit
1787 2822 1944 2858 omnium
1972 2823 2142 2858 heredum
2174 2834 2265 2859 onus
2295 2823 2364 2859 hoc

1280 2873 1319 2904 17
1369 2869 1536 2904 debitum.
1585 2869 1653 2913 Qui
1684 2869 1730 2904 ab
1762 2868 1927 2903 hostibus
1959 2871 2086 2912 captus
2109 2872 2193 2913 post
2215 2873 2364 2905 mortem

1276 2914 1390 2959 patris
1414 2914 1522 2956 redit,
1558 2914 1641 2949 licet
1663 2913 1835 2952 moriente
1858 2916 1961 2958 patre
1989 2913 2078 2948 nihil
2107 2914 2253 2957 habuit,
2283 2925 2363 2950 cum

1277 2959 1374 3004 apud
1397 2959 1519 2995 hostes
1543 2959 1667 3001 fuerit,
1695 2962 1815 2993 tamen
1838 2962 1874 2994 et
1897 2958 1944 2993 ad
1967 2958 2143 2994 bonorum
2166 2960 2362 3003 possessio-

1277 3015 1358 3040 nem
1381 3004 1589 3039 admittetur
1611 3007 1647 3038 et
1670 3003 1831 3039 conferet
1853 3003 1990 3039 scilicet
2006 3013 2059 3048 ea,
2085 3014 2176 3048 quae
2192 3004 2363 3040 moriente

1276 3053 1379 3094 patre
1402 3049 1560 3092 haberet,
1585 3048 1616 3084 si
1639 3049 1685 3084 ab
1704 3049 1868 3084 hostibus
1888 3052 2014 3094 captus
2035 3060 2107 3084 non
2123 3049 2262 3084 fuisset.
2300 3048 2362 3084 sed

1277 3098 1314 3130 et
1343 3094 1375 3130 si
1404 3094 1608 3138 redemptus
1637 3094 1683 3130 ab
1713 3093 1878 3130 hostibus
1909 3094 2032 3130 mortis
2063 3098 2220 3139 tempore
2249 3094 2361 3138 patris

1280 3142 1320 3174 18
1365 3139 1576 3180 inveniatur,
1596 3148 1709 3183 aeque
1729 3139 1873 3175 collatio
1892 3139 1959 3174 erit
1974 3139 2149 3175 facienda.
2188 3138 2226 3174 Si
2241 3148 2359 3174 eman-

1278 3185 1396 3229 cipato
1419 3184 1575 3228 legatum
1598 3183 1717 3227 fuerit,
1743 3194 1823 3219 cum
1843 3189 1946 3230 pater
1961 3184 2141 3227 morietur,
2166 3184 2271 3219 etiam
2292 3183 2360 3218 hoc

1280 3232 1321 3264 19
1370 3229 1533 3264 conferre
1557 3229 1672 3264 debet.
1720 3228 1758 3265 Si
1788 3230 1835 3265 ab
1865 3230 1944 3275 ipso
1974 3233 2077 3274 patre
2107 3228 2237 3264 herede
2259 3227 2359 3263 insti-

1277 3277 1355 3309 tuto
1384 3273 1456 3308 filio
1489 3274 1563 3309 eius
1593 3273 1903 3310 fideicommissum
1932 3274 2041 3310 fuerit
2068 3274 2246 3315 relictum,
2279 3283 2359 3308 cum

1277 3319 1464 3360 morietur,
1496 3329 1542 3353 an
1566 3318 1603 3354 id
1627 3318 1880 3355 conferendum
1905 3323 1974 3362 est,
2008 3319 2172 3368 quoniam
2196 3318 2282 3353 utile
2307 3321 2358 3352 est

1277 3365 1347 3399 hoc
1371 3363 1706 3400 fideicommissum?
1730 3368 1766 3400 et
1783 3365 1930 3407 eveniet,
1956 3367 1994 3398 ut
2016 3374 2081 3408 pro
2106 3373 2147 3398 eo
2172 3362 2358 3404 habeatur,

1278 3413 1383 3453 atque
1412 3408 1444 3444 si
1471 3412 1555 3460 post
1587 3412 1736 3445 mortem
1770 3410 1883 3454 patris
1918 3409 2078 3444 relictum
2114 3407 2256 3450 fuisset,
2292 3417 2358 3443 nec

1279 3457 1425 3499 cogetur
1447 3453 1507 3489 luc
1531 3453 1704 3495 conferre,
1730 3455 1813 3499 quia
1834 3454 2006 3490 moriente
2030 3463 2072 3488 eo
2092 3463 2164 3487 non
2180 3452 2306 3487 fuisset
2319 3452 2358 3486 ¹³.

1279 3502 1321 3534 20
1367 3498 1627 3544 Emancipatus
1661 3499 1756 3536 filius
1792 3499 1823 3535 si
1857 3498 1974 3534 dotem
2009 3498 2141 3533 habeat
2171 3497 2216 3532 ab
2247 3507 2359 3532 uxore

1278 3613 1322 3653 (8)
1346 3611 1582 3654 possessionem
1600 3612 1637 3646 F
1787 3612 1832 3653 (9)
1855 3611 1904 3644 ita
1923 3611 1985 3644 del.
2152 3611 2211 3652 (10)
2235 3620 2311 3643 oum
2332 3611 2366 3643 F

1278 3658 1332 3699 (11)
1358 3656 1395 3689 in
1405 3657 1567 3699 potestate
1579 3658 1639 3691 ins.
1703 3657 1763 3699 (12)
1786 3657 1969 3690 honoretur
1978 3656 2041 3697 F⁰,
2053 3657 2212 3689 onoratur
2222 3656 2296 3697 (sic)
2307 3656 2358 3688 F²

1277 3704 1336 3744 (1³)
1360 3701 1487 3744 fuisset]
1498 3701 1667 3736 habuisset
1677 3714 1739 3736 scr.
2281 3722 2283 3724 -
