2528 3918
115 158 172 188 ET
200 156 378 189 DUPLAE
406 157 735 190 STIPULATIONE

114 278 238 304 versus
263 268 458 304 debitorem
482 267 679 309 actionem,
704 276 783 302 eam
807 271 983 312 praestet:
1008 268 1118 303 habet
1141 278 1206 304 au-

114 317 186 349 tem
211 314 426 348 contrariam
449 312 720 359 pigneraticiam
738 312 926 347 actionem.
964 316 999 347 et
1019 313 1131 358 magis
1152 317 1207 348 est

114 362 156 394 ut
178 362 356 404 praestet:
389 360 447 394 cui
469 357 563 393 enim
586 368 659 392 non
682 366 836 402 aequum
859 357 1036 393 videbitur
1058 358 1113 393 vel
1136 358 1207 394 hoc

114 404 240 440 saltem
265 402 435 448 consequi
459 407 673 483 emptorem,
698 402 794 447 quod
818 402 894 438 sine
918 402 1103 447 dispendio
1129 413 1205 438 cre-

113 449 239 484 ditoris
262 448 424 483 futurum
448 450 503 483 est

163 491 214 530 39
238 493 431 528 IULIANUS
450 492 542 528 libro
561 492 861 538 quinquaqesimo
880 492 1032 538 septimo
1052 492 1206 539 diqesto—

114 550 194 573 rum
241 538 362 573 Minor
392 537 514 583 viginti
545 537 701 589 quinque
732 536 836 572 annis
866 535 1018 572 fundum
1049 537 1207 572 vendidit

113 583 229 625 Titio,
264 593 344 618 eum
376 582 492 618 Titius
517 582 616 618 Seio:
648 582 765 617 minor
794 592 833 617 se
863 582 901 617 in
933 591 976 617 ea
1005 582 1207 618 venditione

113 627 422 672 circumscriptum
462 627 550 663 dicit
589 631 625 662 et
668 627 705 662 in
733 630 827 662 etrat
862 627 1098 672 cognitionem
1133 638 1205 662 non

113 677 254 708 tantum
278 673 449 708 adversus
473 672 625 715 Titium,
651 682 690 708 se
739 672 845 707 etiam
870 672 1040 707 adversus
1064 672 1203 707 Seium:

111 718 216 754 Seius
239 718 449 763 postulabat
471 717 568 763 apud
616 721 791 753 raetorem
815 717 937 752 utilem
957 717 1025 752 sibi
1046 717 1091 752 de
1113 718 1204 753 evic-

115 763 210 798 tione
233 763 499 808 stipulationem
522 763 560 798 in
616 763 718 797 itium
741 762 838 797 dari:
872 773 935 807 ego
960 762 1115 798 dandam
1138 774 1205 807 pu-

114 809 245 843 tabam.
281 808 467 853 respondi:
492 808 623 843 iustam
646 818 721 843 rem
742 807 843 843 Seius
866 808 1046 853 postulat:
1071 817 1154 843 nam
1176 809 1206 843 si

113 853 144 889 ei
166 853 299 888 fundus
323 853 504 898 praetoria
525 853 726 898 cognitione
745 853 887 888 ablatus
906 853 1026 896 fuerit,
1051 863 1205 898 aequum

112 899 180 934 erit
222 909 287 944 per
320 899 471 934 eundem
504 903 705 944 praetorem
727 900 777 933 'et
810 898 1019 933 evictionem
1053 898 1204 934 restitui.

116 947 129 978 1
181 943 219 978 Si
250 953 371 979 servus
395 948 480 980 tuus
504 943 628 979 emerit
650 943 826 979 hominem
851 947 887 978 et
910 944 1061 978 eundem
1083 943 1205 979 vendi-

110 988 205 1024 derit
225 988 319 1024 Titio
342 989 487 1034 eiusque
510 989 652 1024 nomine
676 988 821 1034 duplam
844 989 1046 1034 promiserit
1069 992 1106 1024 et
1123 992 1164 1023 tu
1184 999 1207 1023 a

111 1034 295 1070 venditore
329 1035 420 1069 servi
455 1034 647 1080 stipulatus
682 1033 812 1069 fueris:
851 1034 881 1069 si
914 1034 1030 1069 Titius
1066 1044 1205 1069 servum

110 1079 252 1160 petierit
276 1082 313 1114 et
334 1079 414 1115 ideo
439 1080 555 1115 victus
579 1080 645 1122 sit,
678 1079 774 1124 quod
806 1089 930 1114 servus
960 1083 1044 1114 tuus
1068 1079 1106 1114 in
1130 1083 1204 1114 tra-

136 1124 227 1160 endo
252 1124 329 1160 sine
351 1125 534 1161 voluntate
558 1129 622 1160 tua
641 1124 896 1170 proprietatem
915 1124 1068 1159 hominis
1086 1129 1205 1160 trans-

109 1169 205 1205 ferre
239 1180 313 1205 non
346 1170 542 1215 potuisset,
586 1170 762 1216 supererit
796 1169 1007 1205 Publiciana
1040 1170 1134 1205 actio
1171 1173 1207 1205 et

109 1218 258 1261 propter
287 1215 357 1250 hoc
390 1215 520 1261 duplae
551 1215 734 1261 stipulatio
768 1215 800 1250 ei
834 1225 907 1250 non
943 1215 1203 1251 committetur:

110 1270 223 1306 quare
252 1260 416 1295 venditor
446 1271 588 1306 quoque
610 1264 695 1296 tuus
719 1264 881 1305 agentem
905 1264 941 1295 te
965 1270 1010 1295 ex
1032 1260 1206 1305 stipulatu

110 1305 242 1350 poterit
265 1305 338 1340 doli
361 1306 445 1340 mali
469 1306 678 1351 exceptione
702 1315 934 1340 summovere.
971 1306 1060 1341 alias
1085 1310 1205 1341 autem

108 1351 142 1386 si
162 1360 284 1386 servus
304 1351 483 1387 hominem
503 1351 627 1386 emerit
647 1354 683 1386 et
695 1350 841 1396 duplam
853 1351 1053 1396 stipuletur,
1075 1350 1203 1386 deinde

109 1405 191 1430 eum
215 1395 412 1431 vendiderit
436 1399 472 1431 et
495 1397 540 1431 ab
566 1400 727 1441 emptore
750 1396 885 1431 evictus
905 1396 1032 1431 fuerit:
1058 1396 1201 1432 domino

109 1441 252 1486 quidem
272 1440 442 1476 adversus
459 1441 678 1477 venditorem
698 1441 736 1476 in
748 1441 901 1477 solidum
914 1442 1085 1486 competit
1097 1441 1203 1484 actio,

109 1485 262 1531 emptori
282 1496 365 1522 vero
386 1486 555 1522 adversus
578 1487 758 1522 dominum
779 1486 967 1522 dumtaxat
987 1487 1031 1522 de
1050 1487 1201 1532 peculio.

109 1531 322 1567 denuntiare
345 1541 427 1567 vero
453 1531 497 1567 de
521 1532 693 1568 evictione
718 1536 857 1578 emptor
880 1542 1000 1575 servo,
1034 1542 1108 1567 non
1140 1531 1202 1567 do-

109 1577 205 1611 mino
227 1576 350 1613 debet:
375 1577 428 1612 ita
451 1577 544 1612 enim
567 1577 680 1613 evicto
705 1577 847 1612 homine
870 1577 1004 1612 utiliter
1026 1577 1070 1613 de
1093 1587 1203 1623 pecu-

108 1621 157 1658 lio
182 1631 287 1667 agere
310 1623 461 1667 poterit:
495 1623 550 1658 sin
583 1627 702 1658 autem
730 1633 854 1658 servus
879 1622 1091 1665 decesserit,
1115 1625 1203 1658 tunc

110 1670 130 1702 2
178 1667 321 1702 domino
347 1667 630 1703 denuntiandum
653 1672 717 1703 est.
767 1667 806 1703 Si
825 1678 848 1703 a
865 1678 922 1704 me
942 1668 1082 1704 bessem
1100 1667 1204 1703 fundi

109 1712 257 1755 emeris,
290 1723 312 1747 a
343 1713 438 1748 Titio
470 1713 652 1756 trientem,
689 1713 817 1749 deinde
851 1717 989 1759 partem
1022 1713 1203 1748 dimidiam

108 1757 212 1792 fundi
236 1768 258 1792 a
281 1762 317 1793 te
341 1759 419 1803 quis
443 1759 602 1804 petierit:
636 1759 666 1794 si
690 1758 832 1804 quidem
856 1770 900 1794 ex
923 1759 1028 1794 besse
1052 1769 1157 1804 quem
1182 1769 1204 1793 a

108 1813 132 1838 a
155 1813 211 1838 me
235 1813 428 1849 acceperas
452 1804 558 1839 semis
578 1804 710 1850 petitus
730 1803 850 1847 fuerit,
875 1804 991 1839 Titius
1010 1814 1084 1839 non
1103 1808 1203 1839 tene-

111 1847 224 1891 bitur,
258 1849 291 1883 si
321 1859 404 1884 vero
435 1849 547 1885 triens
580 1859 684 1895 quem
709 1849 825 1885 Titius
857 1849 922 1884 tibi
945 1849 1144 1884 tradiderat
1168 1852 1204 1883 et

110 1898 255 1929 sextans
279 1904 324 1928 ex
347 1894 451 1930 besse
474 1905 578 1940 quem
602 1906 625 1930 a
644 1905 700 1930 me
719 1905 911 1939 acceperas
930 1895 1064 1940 petitus
1083 1894 1202 1937 fuerit,

109 1938 226 1974 Titius
250 1939 392 1984 quidem
415 1950 480 1985 pro
504 1941 652 1983 triente,
728 1950 748 1975 ο
780 1950 846 1985 pro
871 1943 1034 1975 sextante
1059 1939 1202 1975 evictio-

112 1986 129 2018 3
178 1992 260 2019 nem
282 1984 348 2019 tibi
371 1985 644 2030 praestabimus.
725 1989 802 2020 ater
825 1985 942 2021 sciens
965 1985 1079 2020 filium
1099 1995 1204 2020 suum

133 2039 215 2081 uem
245 2029 284 2064 in
314 2034 495 2082 potestate
524 2030 683 2066 habebat
705 2030 884 2076 ignoranti
908 2031 1058 2075 emptori
1081 2029 1203 2066 vendi-

145 2078 178 2109 t:
212 2078 409 2120 quaesltum
443 2079 517 2118 est,
558 2086 606 2111 an
638 2076 820 2111 evictionis
851 2075 995 2111 nomine
1026 2078 1201 2111 teneatur.

110 2119 311 2165 respondit:
344 2120 404 2165 qui
434 2120 585 2156 liberum
615 2121 794 2157 hominem
818 2121 935 2156 sciens
957 2121 1014 2157 vel
1036 2121 1203 2166 ignorans

108 2168 292 2209 tamquam
316 2175 455 2201 servum
478 2165 626 2208 vendat,
660 2166 844 2202 evictionis
875 2166 1019 2201 nomine
1042 2169 1201 2201 tenetur:

107 2220 220 2255 quare
253 2211 359 2245 etiam
389 2215 510 2256 pater,
542 2212 572 2247 si
595 2212 706 2246 filium
731 2223 834 2247 suum
857 2215 1040 2257 tamquam
1063 2221 1202 2247 servum

109 2259 132 2290 4
177 2254 385 2298 vendiderit,
407 2257 590 2292 evictionis
610 2258 753 2292 nomine
772 2257 959 2301 obligatur.
1008 2256 1077 2301 Qui
1088 2260 1202 2292 statu-

108 2300 260 2336 liberum
296 2301 423 2344 tradit,
458 2302 527 2337 nisi
559 2302 687 2338 dixerit
719 2313 800 2337 eum
833 2302 1081 2338 statuliberum
1113 2311 1201 2344 esse,

108 2349 130 2380 5
179 2346 360 2381 evictionis
381 2347 523 2382 nomine
541 2352 715 2393 perpetuo
736 2347 924 2393 obligatur.
974 2347 1042 2391 Qui
1062 2357 1202 2382 servum

109 2390 291 2426 venditum
310 2391 422 2426 tradit
441 2396 476 2427 et
500 2392 587 2428 dicit
605 2403 710 2428 usum
727 2393 886 2428 fructum
905 2393 943 2427 in
965 2403 1006 2428 eo
1020 2392 1092 2427 Seii
1113 2402 1201 2434 esse,

109 2447 191 2471 cum
213 2435 260 2471 ad
272 2435 519 2481 Sempronium
537 2438 727 2483 pertineat,
749 2437 958 2483 Sempronio
978 2448 1084 2472 usum
1104 2438 1201 2472 truc-

108 2486 185 2516 tum
208 2484 352 2526 petente
374 2482 521 2528 perinde
544 2487 697 2526 tenetur,
722 2494 765 2518 ac
789 2483 819 2518 si
842 2484 879 2518 in
898 2483 1072 2518 tradendo
1094 2483 1200 2517 dixis-

109 2530 165 2561 set
187 2536 273 2561 usus
296 2525 436 2562 fructus
460 2528 602 2564 nomine
634 2529 805 2564 adversus
829 2528 949 2564 Seium
979 2538 1052 2563 non
1075 2527 1199 2563 teneri.

109 2575 147 2607 et
166 2571 196 2606 si
215 2581 255 2606 re
278 2581 362 2606 vera
385 2572 455 2607 Seii
478 2583 565 2608 usus
588 2573 730 2609 fructus
753 2573 872 2616 fuerit,
895 2573 1056 2619 legatus¹
1083 2576 1201 2608 autem

108 2617 171 2659 ita,
195 2620 255 2659 ut,
281 2627 361 2651 cum
386 2617 432 2652 ad
456 2617 575 2654 Seium
598 2619 778 2664 pertinere
802 2619 970 2661 desisset,
1003 2618 1200 2663 Sempronii

108 2665 222 2705 esset,
256 2661 464 2707 Sempronio
501 2674 603 2699 usum
637 2664 796 2699 fructum
829 2667 975 2710 petente
1009 2663 1199 2705 tenebitur,

110 2707 191 2742 Seio
263 2710 343 2742 ente
366 2712 465 2743 recte
489 2708 655 2754 defugiet.

155 2750 209 2789 40
257 2761 342 2786 DEM
367 2752 459 2788 libro
490 2754 578 2799 quin
606 2755 790 2801 uaqesimo
822 2757 948 2790 octavo
979 2753 1021 2789 di
1045 2757 1199 2788 estorum

109 2796 148 2832 Si
178 2797 208 2832 is
240 2796 301 2842 qui
332 2798 420 2833 satis
453 2809 476 2833 a
498 2809 554 2834 me
603 2810 621 2834 e
645 2799 817 2835 evictione
841 2799 982 2844 accepit
1021 2798 1154 2833 undum
1179 2807 1201 2832 a

109 2852 166 2877 me
196 2841 328 2877 herede
359 2843 547 2888 legaverit,
584 2844 770 2880 confestim
804 2844 1034 2879 fideiussores
1069 2843 1199 2878 libera-

109 2887 254 2929 buntur,
282 2887 376 2932 quia,
402 2888 540 2924 etiamsi
565 2890 699 2925 evictus
725 2889 833 2924 fuerit
853 2889 898 2924 ab
921 2899 962 2924 eo
985 2889 1043 2924 cui
1061 2888 1199 2933 legatus

108 2932 239 2974 fuerat,
264 2932 362 2967 nulla
385 2933 555 2969 adversus
579 2935 807 2970 fideiussores
831 2935 925 2970 actio
950 2937 1016 2969 est.

156 2976 206 3014 41
234 2976 394 3013 PAULUS
414 2978 506 3014 libro
529 2979 686 3015 secundo
707 2980 757 3015 ad
777 2979 929 3015 edictum
950 2979 1120 3014 aedilium
1139 2988 1200 3012 cu-

108 3022 243 3058 rulium
290 3021 328 3057 Si
352 3022 384 3058 ei
417 3023 476 3059 cui
504 3024 647 3060 vendidi
678 3029 714 3060 et
744 3024 889 3070 duplam
947 3023 1085 3065 romisi,
1119 3032 1200 3057 cum

108 3067 185 3121 ipse
208 3067 331 3103 eadem
354 3068 584 3113 stipulatione
606 3070 693 3104 mihi
716 3070 888 3112 cavisset,
947 3079 1023 3104 eres
1055 3067 1199 3103 exstite-

108 3122 194 3155 nm,
227 3112 340 3148 evicto
372 3113 515 3149 homine
546 3115 645 3150 nulla
674 3119 778 3167 parte
803 3114 986 3160 stipulatio
1011 3112 1199 3148 committi-

109 3160 186 3193 tur:
212 3168 325 3202 neque
349 3159 442 3193 enim
465 3159 549 3194 mihi
574 3160 686 3195 evinci
707 3160 855 3202 videtur,
882 3170 963 3194 cum
986 3157 1200 3193 vendiderim

110 3212 202 3246 eum,
226 3213 342 3248 neque
366 3203 398 3238 ei
423 3204 482 3239 cui
504 3215 559 3240 me
582 3205 832 3250 promissorem
855 3207 1086 3257 praestarem,
1111 3212 1199 3247 quo-

109 3247 205 3282 niam
238 3258 366 3293 parum
390 3249 574 3285 commode
599 3250 698 3285 dicar
719 3250 797 3295 ipse
820 3249 905 3283 m1hi
929 3248 1072 3293 duplam
1095 3256 1199 3292 prae-

113 3295 129 3327 1
179 3296 274 3328 stare
306 3293 445 3329 debere.
493 3294 582 3329 Item
612 3294 643 3330 si
673 3295 815 3330 domino
849 3294 941 3329 servi
964 3293 1067 3327 heres
1092 3291 1199 3326 exsti-

54 3359 56 3361 >
109 3337 193 3372 terit
224 3341 381 3383 emptor,
413 3339 580 3384 quoniam
605 3339 717 3374 evinci
740 3339 773 3374 ei
795 3349 866 3374 non
890 3341 1010 3383 potest
1032 3347 1098 3372 nec
1121 3337 1198 3381 ipse

111 3381 179 3417 sibi
201 3382 341 3422 videtur
365 3383 544 3426 evincere,
581 3394 654 3419 non
679 3383 909 3419 committitur
929 3382 1063 3427 ,duplae
1087 3381 1199 3432 stipu-

50 3433 54 3437 ’
111 3425 209 3462 latio.
256 3427 311 3462 his
347 3427 455 3472 igitur
489 3429 632 3464 casibus
668 3438 712 3463 ex
749 3431 866 3473 empto
910 3426 1082 3472 agendum
1122 3428 1198 3460 ent.

112 3473 131 3506 2
179 3471 218 3506 Si
240 3471 282 3514 is,
307 3473 367 3516 qui
390 3472 540 3507 fundum
566 3473 689 3509 emerit
713 3476 748 3508 et
771 3473 858 3508 satis
883 3472 927 3506 de
948 3471 1122 3506 evictione
1141 3480 1200 3504 ac-

112 3517 246 3561 ceperit
277 3519 313 3551 et
344 3517 495 3552 eundem
524 3517 674 3553 fundum
704 3517 917 3559 vendiderit,
954 3515 1103 3560 emptori
1136 3524 1200 3548 suo

1136 183 1138 185 .
1196 143 1273 190 281

2198 154 2359 197 XX12

1275 267 1379 303 heres
1411 268 1604 321 exstiterit:
1637 279 1685 304 an
1717 270 1828 306 evicto
1851 272 1962 308 fundo
1987 284 2068 309 cum
2091 273 2360 311 fideiussoribus

1275 323 1379 357 agere
1401 317 1526 359 posslt,
1552 314 1744 359 quaeritur.
1782 317 1941 353 existimo
1962 322 2080 354 autem
2100 323 2252 365 utroque
2273 330 2360 356 casu

1274 357 1503 394 fideiussores
1527 359 1652 402 teneri,
1677 361 1842 405 quoniam
1867 367 1902 397 et
1926 373 2006 398 cum
2030 364 2168 400 debitor
2192 364 2359 401 creditori

1275 413 1339 438 suo
1371 404 1474 440 heres
1506 404 1698 447 exstiterit,
1730 406 1845 440 ratio²
1869 408 2041 451 quaedam
2071 410 2163 445 inter
2193 410 2359 445 heredem

1276 452 1311 482 et
1342 448 1575 484 hereditatem
1604 449 1774 494 ponitur-⁹·
1798 455 1833 485 et
1854 451 2064 497 intellegitur
2086 454 2198 489 maior
2220 455 2358 491 heredi-

1275 497 1330 528 tas
1366 493 1413 528 ad
1448 494 1643 530 debitorem
1676 496 1877 539 pervenire,
1920 499 2020 542 quasi
2055 499 2172 534 soluta
2201 501 2359 552 pecunia

1275 549 1366 582 quae
1390 538 1588 574 debebatur
1610 539 1809 582 hereditati,
1835 544 1870 575 et
1893 553 1956 586 per
1975 543 2042 577 hoc
2063 544 2178 579 minus
2198 555 2235 580 in
2254 545 2358 580 bonis

1274 583 1414 619 heredis
1450 594 1546 619 esse:
1580 587 1617 620 et
1648 595 1692 619 ex
1723 586 1901 621 contrario
1927 598 2006 621 cum
2031 589 2184 624 creditor
2208 589 2358 626 debitori

1275 638 1339 663 suo
1373 629 1507 664 exstitit
1536 629 1659 671 heres,
1692 630 1807 665 minus
1830 630 1867 665 in
1890 632 2085 668 hereditate
2108 634 2239 669 habere
2261 634 2356 670 vide-

1273 677 1343 715 tur,
1367 677 1549 719 tamquam
1572 675 1652 720 ipsa
1670 674 1851 710 hereditas
1867 676 1987 711 heredi
2006 678 2155 713 solverit.
2182 680 2254 714 sive
2273 690 2356 724 ergo

1273 718 1303 752 is
1340 719 1401 771 qui
1432 719 1476 754 de
1507 719 1682 755 evictione
1706 720 1792 755 satis
1817 725 2006 766 acceperat
2029 724 2177 768 emptori
2201 724 2257 759 cui
2281 725 2358 776 ipse

1274 764 1482 798 vendiderat
1511 765 1584 800 sive
1615 769 1755 810 emptor
1785 765 1961 801 venditori
1993 778 2056 803 suo
2088 770 2189 805 heres
2214 774 2356 805 exstite-

1273 808 1337 849 rit,
1370 809 1597 845 fideiussores
1621 811 1847 846 tenebuntur.
1884 815 1920 846 et
1943 812 1973 846 si
1996 812 2042 847 ad
2066 814 2213 849 eundem
2236 815 2353 851 vendi-

1273 854 1360 888 toris
1385 857 1422 888 et
1444 855 1613 899 emptoris
1636 855 1815 891 hereditas
1838 857 2042 898 recciderit,
2072 859 2128 903 agi
2160 870 2238 894 cum
2271 861 2356 896 fide-

1274 899 1472 934 iussoribus
1496 899 1638 944 poterit.

1319 942 1373 980 42
1398 943 1455 979 ΡΛ
1463 954 1559 980 ULUS
1578 945 1669 980 libro
1694 946 1992 992 quinquaqesimo
2015 949 2118 983 tertio
2138 949 2187 983 ad
2205 949 2356 986 edictum

1274 988 1312 1023 Si
1333 998 1508 1034 praegnas
1528 990 1659 1025 ancilla
1676 990 1821 1025 vendita
1841 996 1876 1026 et
1895 992 2028 1027 tradita
2048 993 2104 1035 sit,
2122 994 2234 1030 evicto
2251 1000 2357 1040 partu

1273 1034 1437 1069 venditor
1459 1045 1532 1069 non
1555 1038 1675 1080 potest
1697 1035 1741 1071 de
1764 1036 1936 1072 evictione
1960 1038 2150 1080 conveniri,
2176 1040 2258 1084 quia
2275 1050 2357 1085 par-

1273 1082 1333 1114 tus
1356 1079 1520 1115 venditus
1544 1091 1615 1115 non
1640 1084 1706 1115 est.

1319 1122 1372 1162 43
1398 1124 1420 1160 1
1427 1134 1592 1160 ULIANUS
1620 1126 1711 1161 libro
1735 1126 2033 1178 quinquaqesimo
2058 1131 2182 1163 octavo
2206 1129 2359 1181 digesto-

1273 1180 1353 1204 rum
1402 1170 1545 1205 Vaccae
1569 1174 1726 1215 emptor,
1751 1171 1781 1206 si
1803 1171 1934 1206 vitulus
1982 1172 2019 1206 ui
2042 1176 2125 1218 post
2148 1178 2359 1218 emptionem

1273 1218 1378 1250 natus
1404 1219 1459 1250 est
1482 1216 1675 1257 evincatur,
1700 1226 1805 1261 agere
1829 1227 1873 1251 ex
1893 1216 1964 1262 dup
1980 1227 2022 1252 ae
2041 1218 2268 1262 stipulatione
2288 1230 2360 1254 non

1273 1264 1401 1304 potest,
1426 1260 1511 1305 quia
1535 1271 1601 1296 nec
1619 1261 1699 1306 ipsa
1718 1272 1785 1296 nec
1804 1272 1891 1296 usus
1910 1261 2050 1297 fructus
2070 1263 2253 1299 evincitur.
2278 1274 2359 1299 nam

1273 1305 1368 1350 quod
1392 1305 1542 1341 dicimus
1566 1306 1714 1341 vitulum
1737 1306 1895 1341 fructum
1919 1317 1996 1342 esse
2019 1318 2169 1351 vaccae,
2195 1319 2266 1344 non
2289 1309 2358 1351 ius,

1272 1350 1335 1385 sed
1347 1361 1478 1396 corpus
1501 1351 1795 1394 demonstramus,
1816 1352 1921 1387 sicuti
1939 1352 2166 1397 praediorum
2183 1353 2360 1389 frumenta

1273 1399 1308 1430 et
1330 1396 1450 1431 vinum
1473 1395 1631 1431 fructum
1654 1401 1752 1432 recte
1776 1397 1942 1439 dicimus,
1968 1408 2048 1432 cum
2073 1402 2213 1434 constet
2235 1399 2357 1434 eadem
2422 1431 2425 1434 ,

1271 1441 1360 1476 haec
1384 1453 1456 1477 non
1479 1446 1576 1476 recte
1599 1452 1703 1476 usum
1725 1442 1881 1477 fructum
1905 1443 2087 1487 appellari.

1318 1485 1373 1523 44
1405 1487 1588 1522 ALFENUS
1625 1487 1715 1523 libro
1746 1488 1903 1523 secundo
1936 1488 2154 1534 diqestorum
2184 1499 2208 1523 a
2238 1488 2360 1525 Paulo

1271 1533 1546 1577 epitomatorum
1594 1531 1772 1577 Scapham
1792 1542 1864 1567 non
1883 1532 1992 1567 videri
2011 1533 2109 1568 navis
2123 1543 2200 1568 esse
2210 1544 2267 1569 res
2294 1544 2358 1569 on-

1273 1578 1324 1612 dit
1348 1587 1414 1612 nec
1439 1577 1629 1622 quicquam
1655 1577 1884 1612 coniunctum
1907 1578 2057 1620 habere,
2082 1588 2165 1612 nam
2189 1589 2274 1624 scap
2301 1589 2358 1614 am

1271 1623 1384 1668 ipsam
1408 1632 1473 1667 per
1498 1633 1536 1657 se
1559 1632 1704 1667 parvam
1727 1623 1927 1657 naviculam
1951 1633 2046 1658 esse:
2079 1623 2197 1658 omnia
2227 1627 2357 1666 autem,

1272 1677 1364 1713 quae
1388 1667 1580 1703 coniuncta
1603 1668 1685 1702 navi
1707 1671 1825 1703 essent
1845 1668 1964 1710 (veluti
1982 1668 2224 1713 gubernacula
2243 1669 2357 1703 malus

1271 1717 1459 1748 antemnae
1482 1713 1623 1756 velum),
1648 1713 1751 1757 quasi
1774 1713 1932 1748 membra
1954 1713 2054 1748 navis
2078 1723 2166 1748 esse.

1284 1761 1286 1763 ’
1318 1756 1370 1795 45
1395 1757 1504 1793 IDEM
1530 1758 1620 1793 libro
1653 1762 1784 1803 quarto
1815 1758 1856 1793 di
1879 1762 2034 1793 estorum
2058 1770 2081 1793 a
2104 1758 2221 1793 Paulo
2245 1759 2357 1805 epito-

1271 1807 1450 1839 matorum
1496 1802 1565 1847 Qui
1598 1802 1749 1838 fundum
1783 1807 1839 1838 tra
1867 1802 1980 1838 'derat
2013 1803 2173 1848 iugerum
2204 1808 2356 1845 centum,

1271 1849 1360 1884 fines
1385 1848 1496 1883 multo
1520 1848 1671 1893 amplius
1695 1848 1846 1893 emptori
1870 1848 2180 1883 demonstraverat.
2219 1849 2249 1883 si
2272 1848 2355 1893 quid

1273 1904 1316 1929 ex
1339 1894 1393 1928 his
1417 1893 1548 1928 finibus
1574 1893 1812 1936 evinceretur,
1862 1904 1902 1928 ro
1927 1893 2087 1928 bonitate
2109 1893 2183 1928 eius
2208 1894 2358 1938 emptori

1271 1939 1528 1985 praestandum
1551 1939 1611 1980 ait,
1637 1939 1796 1983 quamvis
1819 1939 1831 1973 i
1880 1938 1976 1984 quod
1998 1938 2254 1983 relinqueretur
2275 1948 2356 1974 cen-

1271 1990 1347 2020 tum
1369 1984 1492 2029 iugera
1513 1983 1672 2018 haberet.

1317 2027 1371 2067 46
1395 2030 1622 2065 AFRICANUS
1642 2028 1733 2064 libro
1756 2032 1861 2064 sexto
1885 2029 2134 2074 quaestionum
2179 2028 2356 2070 Fundum‚

1272 2075 1372 2110 cuius
1407 2084 1495 2109 usus
1530 2073 1669 2108 fructus
1700 2074 1789 2109 Attii
1824 2078 1918 2116 erat,
1952 2073 2037 2108 mihi
2070 2072 2258 2108 vendidisti
2292 2083 2358 2108 nec

1272 2120 1391 2155 dixisti
1422 2129 1526 2154 usum
1557 2118 1714 2154 fructum
1744 2119 1834 2153 Attii
1867 2129 1961 2154 esse:
1996 2119 2092 2153 hunc
2123 2128 2186 2162 ego
2218 2118 2357 2153 Maevio

1272 2165 1432 2200 detracto
1456 2174 1525 2199 usu
1548 2163 1670 2199 fructu
1692 2163 1834 2199 tradidi.
1870 2164 1968 2199 Attio
1994 2164 2110 2209 capite
2130 2163 2264 2198 minuto
2286 2173 2357 2198 non

1271 2210 1318 2245 ad
1340 2220 1406 2252 me,
1432 2209 1496 2245 sed
1519 2209 1566 2244 ad
1588 2209 1840 2254 proprietatem
1864 2219 1967 2243 usum
1985 2208 2142 2244 fructum
2161 2208 2275 2243 redire
2295 2208 2355 2249 ait,

1270 2266 1386 2300 neque
1409 2255 1501 2289 enim
1523 2254 1683 2299 potuisse
1708 2254 1875 2289 constitui
1900 2264 2002 2289 usum
2025 2253 2180 2288 fructum
2205 2263 2245 2287 eo
2266 2257 2353 2287 tem·

1270 2311 1367 2346 pore,
1394 2311 1462 2345 quo
1487 2300 1686 2334 alienatus⁴
1711 2304 1820 2334 esset:
1846 2299 1910 2334 sed
1932 2309 2038 2344 posse
2061 2308 2116 2333 me
2140 2297 2354 2332 venditorem

1270 2350 1306 2381 te
1330 2346 1374 2380 de
1398 2345 1570 2380 evictione
1594 2344 1800 2387 convenire,
1833 2345 1917 2389 quia
1949 2354 2100 2388 aequum
2132 2343 2178 2377 sit
2208 2342 2353 2376 eandem

1271 2401 1416 2426 causam
1440 2400 1555 2425 meam
1579 2399 1667 2429 esse,
1692 2400 1783 2434 quae
1806 2389 1930 2423 futura
1953 2392 2064 2430 esset,
2095 2388 2126 2422 si
2157 2390 2243 2422 tunc
2266 2396 2353 2421 usus

1274 2439 1287 2470 l
1337 2436 1477 2470 fructus
1509 2435 1646 2469 alienus
1670 2445 1742 2469 non
1765 2434 1901 2469 fuisset.
1950 2433 1987 2467 Si
2009 2443 2073 2485 per
2096 2432 2250 2483 alienum
2272 2430 2353 2465 fun-

1270 2481 1352 2516 dum
1376 2480 1462 2515 mihi
1484 2480 1577 2515 viam
1602 2479 1838 2520 constitueris,
1864 2478 2044 2513 evictioms
2067 2486 2207 2512 nomme
2229 2479 2266 2511 te
2289 2476 2352 2527 ob-

1270 2526 1372 2572 ligari
1396 2526 1465 2560 ait:
1499 2525 1628 2560 etenim
1652 2534 1721 2569 quo
1746 2534 1852 2565 casu,
1878 2523 1907 2558 si
1930 2532 1993 2567 per
2015 2522 2197 2567 proprium
2221 2523 2352 2556 consti-

1268 2571 1402 2606 tuentis
1425 2570 1575 2605 fundum
1599 2579 1771 2604 concessa
1794 2572 1887 2603 esset
1910 2568 1975 2609 via,
2001 2571 2096 2602 recte
2120 2566 2352 2601 constituere-

1268 2621 1337 2658 tur,
1363 2626 1404 2651 eo
1430 2625 1534 2656 casu,
1560 2614 1591 2650 si
1613 2624 1677 2659 per
1700 2613 1853 2648 alienum
1877 2612 2146 2652 concederetur,
2171 2609 2352 2645 evictionis

1270 2665 1288 2696 2
1337 2660 1586 2705 obligationem
1617 2658 1797 2693 contrahit
1807 2659 1829 2691 ⁵.
1879 2657 1966 2692 Cum
1998 2657 2063 2691 tibi
2086 2655 2246 2707 Stichum
2268 2664 2351 2706 ven-

1269 2706 1397 2747 derem,
1418 2705 1491 2739 dixi
1512 2715 1591 2739 eum
1611 2703 1856 2738 statuliberum
1879 2712 1956 2737 esse
1976 2701 2042 2736 sub
2063 2701 2132 2735 hac
2145 2699 2353 2751 condicione

1268 2750 1524 2785 manumissum
1549 2749 1591 2783 ‘si
1614 2748 1712 2782 navis
1737 2758 1780 2782 ex
1803 2747 1891 2782 Asia
1913 2746 2071 2788 venerit’,
2104 2746 2134 2780 is
2167 2748 2285 2779 autem
2309 2747 2351 2778 ‘sl

1269 2796 1396 2830 ‘Titius
1410 2794 1535 2830 consul
1554 2793 1672 2828 factus
1693 2791 1812 2827 fuerit'
1829 2791 2066 2826 manumissus
2087 2793 2180 2825 erat:
2203 2799 2349 2834 quaere-

1268 2841 1394 2879 batur,
1427 2840 1458 2874 si
1487 2839 1586 2883 prius
1611 2837 1708 2872 navis
1733 2847 1776 2872 ex
1799 2837 1887 2871 Asia
1910 2836 2044 2871 venerit
2066 2845 2109 2870 ac
2132 2839 2215 2879 post
2238 2834 2351 2868 Titius

1270 2885 1395 2920 consul
1428 2884 1493 2918 fiat
1523 2887 1630 2928 atque
1661 2882 1712 2916 ita
1741 2882 1778 2916 in
1810 2882 2009 2916 libertatem
2041 2880 2174 2915 evictus
2205 2879 2269 2920 sit,
2305 2889 2350 2913 an

1269 2929 1449 2965 evictionis
1462 2929 1603 2963 nomine
1615 2930 1780 2961 teneatur
1790 2927 1815 2961 ⁶.
1829 2926 2013 2971 respondit
2024 2935 2095 2960 non
2105 2924 2217 2959 teneri
2228 2934 2307 2958 eum
2316 2924 2347 2957 ⁷:

1269 2974 1398 3010 etenim
1422 2973 1502 3008 dolo
1528 2973 1620 3007 malo
1646 2975 1839 3016 emptorem
1861 2971 1992 3012 facere,
2017 2980 2097 3005 cum
2120 2969 2218 3014 prius
2243 2971 2349 3019 exsti-

1268 3021 1352 3054 terit
1375 3028 1418 3053 ea
1442 3017 1613 3058 condici0‚
1639 3017 1769 3060 quam⁸
1793 3015 1973 3051 evictionis
1993 3015 2133 3050 nomine
2152 3013 2346 3048 exsolverit.

1269 3068 1287 3100 3
1336 3064 1424 3099 Item
1447 3063 1478 3097 si
1500 3066 1583 3106 post
1604 3061 1783 3095 biennium
1807 3061 1955 3095 liberum
1978 3059 2054 3094 fore
2078 3059 2160 3099 dixi,
2186 3058 2244 3102 qui
2267 3060 2349 3108 post

1269 3108 1425 3144 annum⁹
1458 3107 1659 3142 libertatem
1691 3106 1889 3150 acceperit,
1925 3109 1961 3140 et
1991 3108 2074 3150 post
2105 3103 2281 3153 biennium
2301 3111 2346 3152 ‘ln

1268 3154 1431 3189 libertate
1443 3153 1471 3173 ¹⁰
1495 3152 1687 3192 evincatur,
1711 3151 1767 3186 vel
1791 3150 1912 3185 decem
1936 3150 2021 3184 dare
2043 3149 2177 3183 iussum
2202 3146 2344 3196 duerrm

1268 3199 1423 3244 quinque
1453 3200 1489 3232 et
1519 3196 1549 3231 is
1581 3195 1702 3230 decem
1735 3195 1827 3230 datis
1851 3195 1896 3229 ad
1920 3195 2117 3229 libertatem
2140 3193 2345 3236 pervenerit,

1269 3254 1325 3278 ma
1350 3243 1377 3277 ‘s
1402 3251 1491 3284 esse,
1516 3244 1557 3275 ut
1578 3240 1634 3275 his
1658 3250 1798 3285 quoque
1822 3240 1965 3275 casibus
1988 3249 2059 3273 non
2083 3241 2214 3271 tenear.

1349 3285 1371 3323 7
1396 3286 1502 3322 IDEM
1530 3285 1619 3321 libro
1644 3288 1769 3320 octavo
1792 3285 2038 3330 quaestionum
2085 3281 2121 3315 Si
2152 3280 2239 3314 duos
2271 3286 2343 3328 ser-

1268 3343 1330 3368 vos
1355 3331 1470 3377 quinis
1495 3341 1517 3365 a
1539 3334 1576 3364 te
1600 3339 1712 3364 emam
1736 3333 1771 3364 et
1794 3340 1916 3364 eorum
1939 3329 2028 3362 alter
2046 3326 2234 3364 evincatur,
2259 3320 2343 3356 mhil

1269 3378 1364 3412 dubii
1397 3376 1492 3417 fore,
1525 3375 1611 3419 quin
1641 3378 1739 3410 recte
1763 3384 1803 3409 eo
1828 3373 1968 3408 nomine
1993 3382 2035 3406 ex
2060 3373 2174 3413 empto
2199 3370 2342 3401 acturus

1268 3423 1353 3463 sim,
1390 3420 1548 3465 quamvis
1580 3419 1671 3454 alter
1701 3419 1822 3454 decem
1854 3418 1977 3461 dignus
2010 3416 2072 3455 sit,
2107 3423 2171 3463 nec
2201 3410 2342 3450 referre,

1269 3466 1459 3511 separatim
1482 3464 1637 3509 singulos
1662 3474 1709 3498 an
1733 3463 1836 3498 simul
1859 3466 2045 3504 utrumque
2069 3466 2218 3492 emerim.

1315 3508 1367 3548 48
1392 3510 1598 3545 ,NERATIUS
1607 3509 1697 3544 libro
1709 3513 1814 3543 suco
1826 3506 2108 3541 membranarum
2155 3500 2241 3534 Cum
2260 3498 2342 3532 fun-

112 3559 214 3596 heres
246 3560 439 3604 exstiterit,
474 3562 530 3597 vel
561 3571 606 3597 ex
641 3563 819 3598 contrario
855 3564 994 3606 emptor
1027 3558 1202 3595 venditori
1235 3558 1239 3598 Ι
1270 3556 1333 3590 dus
1359 3554 1423 3589 ‘uti
1446 3554 1600 3598 optimus
1624 3553 1867 3596 maximusque
1891 3550 1954 3584 est'
1979 3550 2115 3591 emptus
2139 3548 2191 3579 est
2213 3546 2250 3577 et
2277 3541 2342 3576 ali-

1779 3614 2332 3630 ’,ρ-’.ἐ-

867 3675 910 3714 (3)
935 3673 1139 3715 proponitur
1150 3669 1203 3703 F2

940 3718 983 3758 (6)
1011 3720 1126 3749 tenear
1137 3727 1199 3747 scr.

1015 3765 1059 3801 (9)
1084 3761 1113 3793 si
1126 3760 1201 3801 post

112 3673 152 3715 (1)
177 3674 310 3716 legatur
325 3673 375 3706 F²

113 3718 167 3757 (4)
181 3718 312 3751 alienus
331 3719 431 3752 Taur.

115 3763 160 3804 (Ἴ)
183 3773 258 3795 eum
269 3764 324 3796 del

508 3676 551 3716 (2)
576 3674 666 3706 actio
678 3674 729 3707 ΡΩ

522 3721 566 3753 (5ὶ
593 3719 748 3751 contrahi
762 3719 834 3752 edd.

460 3767 504 3804 (8)
531 3765 642 3805 quam]
657 3773 742 3805 qnae
754 3773 806 3795 me
818 3775 879 3796 scr.

402 3629 1422 3643 ——.——-——-—-—-—-—-——-—————-

1271 3677 1395 3699 annum
1402 3664 1546 3697 libemm
1554 3665 1625 3696 fore
1634 3664 1705 3696 dixi
1722 3663 1779 3705 qui
1790 3663 1865 3703 post
1876 3659 2045 3691 biennium
2057 3655 2224 3689 secundum
2235 3653 2271 3685 B
2277 3663 2338 3686 ser.

1273 3714 1331 3754 (10)
1356 3711 1546 3743 libertatem
1558 3722 1620 3742 scr.

2031 3801 2073 3832 36
