2528 3918
102 183 105 186 ’
140 173 503 206 SIGNOEICA'HONE

141 288 235 321 ‘cum
250 283 389 319 Maevio
414 294 458 319 ex
481 286 584 328 parte
606 282 751 317 dimidia
773 281 920 316 heredes
941 281 1069 316 sunto'.
1102 280 1219 314 videa-

140 341 218 365 mus
242 334 377 370 autem,
410 339 454 363 ne
483 329 588 362 etiam
622 327 652 362 si
675 327 741 362 hos
774 326 945 361 articulos
970 326 1136 360 detrahas
1162 325 1220 360 ‘et'

141 375 231 419 ‘que’
257 374 370 415 ‘cum',
401 373 576 408 interdum
601 377 718 407 tamen
743 372 952 406 coniunctos
977 370 1090 415 accipi
1115 380 1220 413 opor-

139 423 224 459 teat,
249 419 357 453 veluti
382 418 525 453 ‘Lucius
550 417 675 458 Titius,
701 416 848 451 Publius
867 416 1026 450 Maevius
1052 426 1094 449 cx
1118 420 1221 458 parte

141 464 295 499 ‘dimidia
327 463 473 498 heredes
504 462 633 504 sunto’‚
673 462 728 496 vel
764 461 816 496 ita
853 460 1015 495 ‘Publius
1047 459 1220 500 Maevius,

141 510 286 543 ‘Lucius
312 509 426 543 Titius
456 507 602 542 heredes
628 511 744 541 sunto.
793 506 1022 549 Sempronius
1051 515 1094 539 ex
1119 508 1221 549 parte

143 553 299 588 ‘dimidia
322 554 424 588 heres
448 552 548 594 esto’,
575 557 613 586 ut
638 552 751 586 Titius
777 556 813 585 et
834 550 995 585 Maevius
1019 550 1162 584 veniant
1185 549 1221 583 in

140 604 277 677 plartem
301 598 479 676 dIintridiam
503 601 539 632 et
562 608 600 675 r?
624 595 998 675 egoverlbislconiunctei
1022 595 1219 674 vigeantur.

142 650 150 662 ⁶
186 654 286 678 uc1us
337 654 350 677 1
366 654 421 677 ius
446 653 489 676 ex
539 652 579 676 ar
597 652 615 676 e
665 653 723 675 mu
750 652 784 675 ia
821 651 910 675 iores
935 651 972 675 es
991 651 1022 674 o.
1084 650 1159 674 eius
1179 649 1222 673 ex

142 693 272 732 ‘parte,
305 698 376 730 qua
406 654 556 721 LuciuIin
582 687 711 720 Titium
738 685 901 720 heredem
932 685 1086 726 institui,
1118 685 1221 718 heres

142 737 242 768 ‘esto.
303 732 532 776 Sempronius
573 742 616 766 ex
655 736 758 776 parte
797 730 942 765 dimidia
979 731 1081 765 heres
1120 729 1220 764 esto'.

140 778 299 812 Iulianus
325 777 480 812 dubitari
503 787 627 821 posse,
658 781 731 811 tres
763 776 927 811 semisses
959 775 1045 810 facti
1075 775 1147 809 sint
1177 784 1222 808 an

141 822 258 857 Titius
281 822 319 857 in
343 822 491 857 eundem
515 822 696 857 semissem
720 831 800 855 cum
825 820 914 856 Gaio
934 820 1015 855 Seio
1039 820 1222 854 institutus

141 868 196 903 sit.
246 867 308 902 sed
332 878 391 908 eo,
425 866 520 911 quod
543 866 771 910 Sempronius
803 876 943 910 quoque
968 876 1013 901 ex
1044 869 1146 909 parte
1171 865 1222 898 di-

140 912 248 947 midia
272 912 425 957 scriptus
450 917 521 953 est,
551 911 793 946 verisimilius¹
826 921 904 946 esse
928 911 963 945 in
993 910 1143 945 eundem
1169 919 1223 944 se-

140 958 281 992 missem
306 957 394 993 duos
430 961 574 992 coactos
599 960 635 991 et
658 956 875 991 coniunctim
898 955 1046 991 heredes
1070 955 1223 999 scriptos

141 1013 230 1038 esse.

190 1044 267 1084 143
308 1046 500 1082 ULPIANUS
535 1046 626 1081 libro
665 1057 761 1081 nono
801 1046 850 1081 ad
880 1046 992 1099 leqem
1025 1045 1158 1080 Iuliam
1189 1047 1224 1078 ec

141 1092 197 1127 Pa
225 1093 294 1127 iam
342 1091 384 1126 Id
409 1091 516 1136 ‘apud
539 1092 588 1126 se’
614 1091 692 1136 quis
718 1091 872 1126 ‘habere’
896 1091 1053 1132 videtur,
1085 1090 1129 1124 de
1153 1100 1222 1134 quo

140 1138 187 1173 ha
213 1141 249 1172 et
271 1137 467 1172 actionem:
491 1136 647 1171 habetur
670 1137 762 1171 enim
787 1136 882 1181 quod
905 1136 978 1180 peti
1001 1139 1130 1180 potest.

174 1180 268 1235 ,144
289 1181 343 1234 P34
353 1191 448 1217 ULUS
468 1181 557 1216 libro
570 1181 718 1234 ‘decimo
743 1181 792 1216 ad
815 1181 927 1233 legem
944 1180 1078 1232 Iuliam
1101 1183 1136 1242 (Ξῖ
1152 1179 1222 1232 Pa-

133 1239 241 1307 ?0'311'32
273 1225 1109 1317 a¹131¹2¹l¹⁰an¹33t¹35¹222¹0m12{Mbffifflumffm
1120 1225 1223 1304 1ῗέξὲ

140 1329 211 1354 non
242 1321 352 1358 esset,
390 1326 470 1352 cum
502 1316 621 1361 aliquo
654 1321 773 1351 tamen
803 1316 958 1351 vivebat:
991 1325 1097 1360 quam
1129 1326 1223 1349 nunc

140 1373 223 1398 vero
247 1361 389 1397 nomine
413 1362 580 1403 amicam,
605 1362 713 1406 paulo
738 1361 963 1396 honestiore²
988 1360 1223 1395 concubinam

140 1407 322 1452 appellari.
372 1406 527 1442 Granius
560 1406 714 1442 Flaccus
749 1406 786 1440 in
815 1407 906 1441 libro
941 1405 984 1440 de
1015 1405 1092 1440 iure
1116 1404 1222 1449 Papi-

139 1452 239 1487 riano
270 1451 394 1487 scribit
422 1451 585 1496 pellicem
608 1462 704 1486 nunc
727 1451 828 1496 volgo
856 1451 994 1492 vocari,
1028 1461 1118 1495 quae
1143 1461 1225 1485 cum

141 1508 200 1539 eo,
235 1497 294 1533 cui
324 1507 413 1532 uxor
444 1497 507 1539 sit,
541 1507 672 1542 corpus
703 1497 868 1532 misceat:
903 1495 1100 1541 quosdam³
1133 1505 1223 1536 eam,

141 1553 233 1587 quae
265 1542 385 1577 uxoris
417 1542 497 1577 loco
531 1542 606 1576 sine
638 1541 771 1586 nuptiis
809 1542 846 1576 in
878 1541 982 1577 domo
1014 1541 1079 1583 sit,
1118 1551 1223 1586 quam

141 1585 326 1630 παλλακὴν
349 1587 478 1622 Graeci
500 1592 640 1622 vocant.

189 1630 266 1669 145
305 1631 498 1668 ULPJAMJS
526 1632 616 1667 libro
641 1631 777 1667 decimo
809 1631 858 1666 ad
890 1631 1002 1676 leqem
1033 1630 1166 1665 Iuliam
1191 1634 1224 1664 et

140 1677 296 1723 Papiam
344 1677 486 1712 ‘Virilis’
519 1677 760 1721 appellatione
782 1676 959 1711 interdum
984 1675 1090 1711 etiam
1113 1679 1225 1711 totam

140 1722 372 1757 hereditatem
397 1722 571 1757 contineri
594 1721 783 1757 dicendum
807 1725 872 1756 est.

193 1764 272 1804 146
299 1767 523 1802 TERENTIUS
547 1766 725 1803 CLEMENS
745 1767 836 1802 libro
859 1767 1017 1802 secundo
1042 1766 1092 1801 ad
1113 1766 1225 1819 leqem

142 1811 275 1847 Iuliam
314 1816 348 1847 et
388 1811 543 1858 Papiam
611 1811 756 1847 ‘Soceri’
795 1812 944 1847 ‘socrus’
985 1811 1226 1864 appellatione

141 1867 244 1892 avum
299 1867 415 1902 uoque
445 1861 481 1893 et
511 1857 626 1893 aviam
662 1856 785 1893 uxoris
814 1857 869 1892 vel
903 1857 1021 1892 mariti
1053 1856 1227 1892 contineri

140 1912 198 1938 res
225 1913 271 1937 on
297 1906 386 1937 etur.

215 1945 266 1984 47
285 1947 393 1983 IDEM
412 1947 502 1982 libro
527 1948 631 1982 tertio
656 1947 705 1982 ad
727 1947 839 1992 leqem
864 1946 992 1982 Iul-iam
1018 1952 1052 1981 et
1070 1946 1224 2007 Papiam

141 1992 210 2036 Qui
240 1993 277 2027 in
308 1992 569 2028 continentibus
600 1992 697 2028 urbis
728 1992 803 2027 nati
831 1995 933 2036 sunt,
967 1991 1114 2027 ‘Romae
1151 1991 1227 2027 nati

141 2037 404 2082 intelleguntur.

190 2080 268 2120 148
296 2082 418 2118 Galus
446 2082 536 2117 libro
567 2086 692 2117 octavo
724 2082 773 2117 ad
802 2081 834 2117 le
861 2093 915 2118 em
939 2081 1072 2117 Iuliam
1096 2088 1131 2117 et
1155 2081 1226 2116 Pa-

140 2128 240 2173 piam
275 2127 356 2162 Non
380 2130 435 2163 est
457 2127 534 2162 sine
557 2126 690 2169 liberis,
715 2127 775 2162 cui
796 2138 838 2162 ve
875 2138 968 2162 unus
991 2126 1087 2162 tilius
1111 2137 1226 2162 unave

142 2172 216 2207 filia
245 2176 315 2209 est:
349 2172 438 2207 haec
468 2171 560 2206 enim
592 2172 787 2207 enuntiatio
819 2172 938 2207 ‘habet
966 2172 1109 2207 liberos'
1143 2173 1226 2207 ‘non

143 2217 264 2253 ‘habet
294 2217 437 2253 liberos'
469 2226 609 2261 semper
670 2217 822 2253 lurativo
854 2227 1001 2253 numero
1031 2216 1224 2263 profertur,

143 2263 238 2298 sicut
261 2267 297 2298 et
345 2262 512 2307 ugillares
537 2266 572 2296 et
595 2273 637 2297 co
666 2262 765 2297 'cilliz
1070 2307 1072 2309 v

191 2305 270 2344 149
333 2317 416 2342 υΕΜ
457 2307 548 2342 libro
591 2307 726 2342 decimo
770 2308 819 2342 ad
861 2307 972 2353 leqem
1016 2307 1149 2342 Iuliam
1192 2311 1226 2341 ec

143 2352 298 2399 Papiam
351 2363 434 2387 nam
468 2362 573 2397 quem
611 2352 686 2387 sine
722 2352 844 2388 liberis
884 2363 962 2388 esse
1003 2352 1122 2387 dicere
1153 2363 1226 2387 non

168 2408 350 2441 ossumus,
391 2398 488 2433 hunc
527 2407 672 2433 necesse
713 2401 767 2433 est
802 2397 960 2433 dicamus
995 2397 1127 2433 liberos
1162 2397 1225 2432 ha-

169 2453 237 2477 ere.

192 2486 269 2525 150
294 2487 400 2522 IDEM
421 2487 510 2523 libro
535 2498 630 2522 nono
654 2487 703 2522 ad
726 2487 838 2533 Zeyem
862 2486 995 2522 Iuliam
1020 2492 1055 2522 et
1070 2487 1126 2523 Pa
1156 2489 1226 2522 iam

144 2533 180 2567 Si
204 2533 255 2567 ita
278 2543 300 2567 a
322 2536 358 2567 te
387 2532 579 2576 stipulatus
610 2531 732 2567 fuero:
767 2535 912 2577 ‘quanto
943 2532 1060 2568 minus
1085 2543 1107 2567 a
1163 2532 1225 2567 itio

144 2582 368 2613 ‘consecutus
391 2577 511 2620 fuero,
540 2580 680 2611 tantum
703 2577 789 2612 dare
813 2577 1015 2622 spondes?’‚
1039 2589 1112 2613 non
1137 2578 1227 2613 solet

144 2622 318 2664 dubitari,
354 2622 456 2666 quin,
492 2621 523 2656 si
557 2621 645 2656 nihil
680 2632 702 2657 a
732 2621 827 2657 Titio
862 2622 964 2658 fuero
1000 2626 1225 2664 consecutus,

144 2671 259 2702 totum
282 2667 412 2702 debeas
436 2666 532 2711 quod
556 2666 672 2702 Titius
696 2666 869 2702 debuerit.

193 2710 267 2759 151
298 2711 520 2747 TERENTIUS
550 2711 727 2747 CLEMENS
755 2711 845 2747 libro
877 2713 1001 2756 quinto
1034 2712 1084 2747 ad
1114 2712 1226 2764 legem

145 2756 278 2792 Iuliam
316 2761 352 2791 et
390 2756 544 2802 Papiam
599 2756 750 2791 ‘Delata’
786 2757 963 2793 hereditas
998 2757 1226 2802 intellegitur,

147 2812 253 2847 quam
277 2801 355 2846 quis
378 2801 494 2846 possit
516 2800 679 2836 adeundo
705 2803 885 2847 consequi.

194 2843 273 2883 152
305 2845 428 2881 vas
455 2845 544 2881 libro
569 2846 704 2882 decimo
728 2846 777 2882 ad
806 2847 917 2893 leqem
942 2847 1074 2882 Iuliam
1098 2851 1133 2882 et
1158 2846 1227 2882 Pa-

144 2892 243 2938 piam
305 2891 490 2926 ‘Hominis'
529 2891 767 2936 appellatione
803 2896 879 2927 tam
914 2892 1082 2928 feminam
1121 2902 1227 2937 quam

145 2936 342 2971 masculum
366 2935 540 2971 contineri
562 2947 635 2970 non
658 2936 852 2973 dubitatur.

195 2978 272 3018 153
291 2980 515 3015 TERENTIUS
531 2980 708 3016 CLEMENS
728 2982 818 3017 libro
838 2983 1024 3017 undecimo
1046 2982 1095 3017 ad
1114 2981 1227 3027 leqem

147 3027 279 3061 Iuliam
303 3030 337 3060 et
361 3025 514 3072 Papiam
559 3025 819 3070 Intellegendus
843 3031 898 3062 est
920 3027 1044 3063 mortis
1067 3030 1227 3072 tempore

147 3072 269 3112 fuisse,
294 3070 355 3115 qui
377 3070 414 3105 in
438 3074 539 3105 utero
563 3071 707 3106 relictus
731 3076 797 3107 est.

195 3115 273 3153 154
304 3115 446 3151 MAOER
487 3114 577 3150 libro
642 3116 733 3151 rimo
764 3116 814 3152 ad
849 3117 961 3163 leqem
998 3117 1226 3151 vicensimam

146 3160 246 3196 Mille
269 3171 396 3205 passus
421 3170 493 3195 non
516 3170 538 3194 a
560 3159 606 3194 m‘
622 3160 709 3195 iario
733 3162 847 3206 urbis,
880 3161 943 3197 sed
967 3172 989 3196 a
1014 3161 1226 3197 continenti-

147 3206 213 3240 bus
238 3205 407 3241 aedificiis
426 3204 635 3239 numerandi
658 3209 752 3241 sunt.

196 3249 273 3287 155
298 3250 507 3285 Lumvivws
526 3248 704 3285 Rvffmvs
730 3251 820 3286 libro
843 3253 993 3297 septimo
1017 3251 1226 3297 regularum

147 3295 324 3374 ἱΡι-οκὶῖῑιῖ
356 3294 593 3340 appellatione
617 3294 722 3330 etiam
744 3295 803 3331 ille
833 3296 1050 3338 continetur,
1083 3296 1145 3341 qui
1168 3306 1225 3331 so-

162 3351 203 3374 us
227 3350 263 3374 es
284 3368 291 3375 .

196 3382 274 3422 156
298 3384 405 3419 IDEM
424 3384 514 3419 libro
538 3385 673 3419 decimo
697 3385 905 3430 reqularum
952 3385 1101 3420 ‘Maiore
1123 3388 1227 3430 parte

149 3429 255 3464 ‘anni'
290 3429 490 3473 possedisse
525 3429 604 3474 quis
638 3429 869 3474 intellegitur,
913 3430 1051 3465 etiamsi
1086 3431 1225 3465 duobus

146 3473 327 3509 mensibus
357 3474 572 3518 possederit,
606 3473 638 3509 si
668 3474 773 3510 modo
804 3474 1029 3510 adversarius
1061 3475 1137 3510 eius
1162 3479 1225 3509 aut

148 3519 376 3564 paucioribus
400 3518 523 3555 diebus
546 3522 611 3555 aut
631 3519 738 3555 nullis
761 3519 970 3564 possederit.

147 3633 190 3669 (1)
213 3630 378 3662 verisilius
392 3632 423 3662 F
494 3633 540 3674 (2)
563 3632 784 3664 honestiorem
797 3633 830 3664 F

150 3677 217 3708 cius
302 3678 345 3716 (4)
371 3677 389 3708 l.
406 3684 441 3708 95
455 3677 483 3708 Ιι.
500 3684 518 3708 t.

149 3719 204 3751 sed
218 3719 309 3761 vulgi
320 3730 468 3752 sermone
480 3721 527 3753 ita
538 3734 599 3754 scr.

149 3766 193 3807 (1)
217 3764 397 3798 insularius
409 3767 467 3798 im.

903 3634 947 3673 (3)
972 3633 1138 3674 quondam
1159 3632 1224 3663 Ρα-

608 3680 652 3717 (5)
676 3677 749 3708 erit.
775 3677 898 3709 etenim
910 3678 1066 3709 accidunt
1079 3679 1112 3708 et
1123 3677 1224 3708 vivis:

692 3721 737 3763 (6)
762 3732 829 3753 non
847 3732 978 3763 genere,
997 3722 1053 3754 sed
1072 3721 1146 3754 loco
1163 3733 1223 3753 scr.

538 3769 583 3806 (s)
608 3766 741 3798 cibariis
758 3766 908 3800 Ouiacius
984 3768 1031 3810 (9)
1053 3782 1098 3795 ===
1111 3766 1154 3799 I)-
1170 3766 1224 3806 32,

1213 154 1297 223 8⁶}ss

2247 167 2365 210 1216

1340 276 1416 314 157
1450 279 1600 331 ΑΕρΙῑΙΒ
1630 281 1779 318 GALLUS
1817 283 1904 319 libro
1942 286 2062 331 primo
2102 287 2145 321 de
2178 290 2363 322 verborum

1291 334 1385 374 quaa
1416 324 1466 358 ad
1496 334 1553 358 ms
1586 327 1767 376 pqrtiuem
1806 330 2067 373 siqm'licatimac
2119 332 2266 367 ‘Paries'
2301 339 2365 374 est,

1294 372 1306 401 1
1358 378 1431 403 sive
1454 379 1576 403 murus
1601 380 1672 404 Sive
1696 373 1848 407 maceria
1871 380 1935 409 est.
1983 375 2069 410 Item
2094 378 2171 411 ‘via‘
2198 384 2268 420 est,
2293 379 2364 413 sive

1291 413 1415 447 semita
1439 414 1511 448 sive
1534 414 1601 448 iter
1629 421 1693 449 est.

1340 455 1417 509 158
1444 460 1587 493 CELSUS
1608 459 1697 492 libro
1723 462 1908 496 vicensimo
1935 466 2057 507 quium
2078 467 2293 510 (liqcstormn
2327 468 2366 501 In

1291 514 1358 537 usu
1382 503 1469 537 luris
1494 503 1696 547 frequenter
1728 506 1777 539 uti
1802 518 1865 541 nos
1891 509 2082 544 Cascellius
2116 505 2166 545 'ait
2198 512 2366 554 singulari

1291 548 1546 591 appellatione,
1580 559 1657 583 cum
1688 550 1791 592 plura
1822 554 1958 594 generis
1992 555 2143 589 ciusdem
2170 556 2366 600 significare

1291 593 1476 627 vellemus:
1516 603 1598 628 nam
1638 595 1796 628 ‘multum
1835 597 2007 632 hominem
2041 601 2175 634 venisse
2209 601 2365 635 Romam'

1292 642 1327 671 et
1351 637 1495 681 ‘piscem
1527 638 1629 672 vilem
1661 640 1749 673 esse'
1782 640 1937 675 dicimus.
1986 644 2066 677 item
2099 646 2133 678 in
2166 646 2365 689 stipulando

1292 683 1378 717 satis
1404 683 1575 717 habemus
1600 683 1642 717 de
1668 684 1795 718 herede
1820 696 1941 720 cavere
1966 688 2005 722 ‘si
2031 699 2071 722 ea
2094 700 2150 724 res
2176 691 2366 724 secundum

1293 730 1359 762 ‘me
1382 728 1590 763 heredemve
1619 739 1735 762 meum
1765 729 1920 764 iudicata
1945 733 2019 766 erit’
2053 738 2087 767 et
2110 746 2231 769 rursus
2265 737 2367 778 ‘quod

1293 773 1350 807 ‘ob
1381 782 1459 807 eam
1488 783 1562 807 rem
1593 777 1628 807 te
1659 773 1865 808 heredemve
1897 778 2023 811 tuum':
2057 789 2181 822 nempe
2205 790 2315 824 aeque
2339 781 2367 815 si

1291 817 1411 862 plures
1437 818 1584 853 heredes
1609 818 1689 859 sint,
1716 820 1940 855 continentur
1963 822 2199 866 stipulatione.

1342 860 1422 898 159
1462 862 1656 898 ULPIANUS
1691 863 1781 898 libro
1810 866 1927 909 primo
1958 867 2006 901 ad
2035 867 2204 903 Sabinum
2251 869 2367 905 Etiam

1292 917 1420 942 aureos
1445 918 1607 942 nummos
1633 908 1715 943 ‘aes’
1741 907 1899 944 dicimus.

1344 949 1420 989 160
1446 952 1553 986 IDEM
1571 953 1661 987 libro
1685 954 1840 988 secundo
1865 955 1913 989 ad
1936 956 2104 990 Sabinum
2142 957 2368 993 ‘Ceterorum’

1291 1000 1328 1032 et
1360 997 1596 1041 ‘reliquorum'
1630 998 1869 1042 appellatione
1903 1001 2006 1034 etiam
2036 1012 2156 1037 omnes
2188 1004 2367 1038 continen-

1292 1046 1368 1084 tur,
1401 1046 1442 1076 ut
1465 1042 1683 1077 Marcellus‘·
1717 1043 1805 1077 dixit
1829 1044 1925 1079 circa
1949 1055 2044 1088 eum,
2078 1047 2135 1080 cui
2158 1048 2253 1091 optio
2279 1049 2370 1083 servi

1291 1087 1409 1131 legata
1441 1092 1510 1128 est,
1547 1087 1655 1122 ceteri
1685 1087 1908 1132 Sempronio:
1941 1100 2022 1124 nam
2045 1093 2212 1136 temptat,
2246 1093 2275 1127 si
2299 1104 2370 1128 non

1293 1137 1403 1177 optet,
1429 1142 1550 1167 omnes
1575 1132 1621 1167 ad
1644 1132 1891 1177 Sempronium
1915 1135 2101 1178 pertinere.

1345 1175 1418 1214 161
1456 1177 1561 1212 IDEM
1594 1177 1684 1212 libro
1719 1179 1868 1224 septimo
1905 1180 1954 1215 ad
1987 1180 2158 1216 Sabinum
2210 1181 2291 1217 Non
2319 1187 2373 1218 est

1293 1222 1486 1267 ‘pupillus',
1511 1222 1571 1267 qui
1594 1222 1631 1257 in
1655 1226 1756 1258 utero
1781 1227 1845 1259 est.

1342 1265 1421 1304 162
1455 1267 1683 1302 POMPONIUS
1716 1268 1806 1303 libro
1837 1270 1993 1304 secundo
2030 1270 2079 1305 ad
2108 1270 2278 1306 Sabinum
2331 1272 2371 1307 In

1292 1312 1428 1357 vulgari
1449 1312 1713 1356 substitutione,
1740 1324 1811 1357 qua
1832 1313 1864 1348 ei
1887 1315 1946 1358 qui
1971 1316 2180 1359 ‘supremus'
2204 1317 2372 1352 morietur

1294 1357 1398 1392 heres
1424 1357 1671 1399 substituitur,
1704 1362 1800 1393 recte
1824 1359 2037 1394 substitutus
2063 1361 2168 1396 etiam
2195 1362 2296 1396 unico
2320 1362 2373 1395 in-

1292 1403 1486 1447 tellegitur,
1520 1403 1681 1447 exemplo
1714 1403 1898 1438 duodecim
1927 1406 2146 1449 tabularum,
2179 1416 2223 1440 ex
2247 1407 2373 1451 quibus

1298 1452 1307 1481 1
1362 1448 1567 1492 ‘proximus’
1592 1448 1768 1492 adgnatus
1793 1452 1828 1483 et
1851 1449 1947 1484 solus
1968 1450 2129 1485 habetur.
2167 1451 2203 1486 Si
2228 1451 2305 1495 quis
2324 1451 2374 1485 ita

1292 1492 1329 1527 in
1352 1496 1565 1527 testamento
1598 1493 1782 1537 scripserit
1812 1494 1853 1529 ‘si
1885 1495 1968 1538 quid
1991 1496 2063 1530 filio
2093 1506 2171 1531 meo
2196 1496 2373 1538 acciderit,

1293 1538 1422 1572 ‘Dama
1453 1547 1576 1573 servus
1607 1548 1706 1573 meus
1738 1538 1828 1574 liber
1857 1540 1956 1582 esto',
1989 1545 2126 1575 mortuo
2155 1540 2227 1576 filio
2261 1541 2375 1575 Dama

1292 1583 1384 1618 liber
1412 1583 1490 1618 erit.
1539 1583 1622 1618 lieet
1651 1583 1743 1618 enim
1779 1585 1967 1619 ‘accidunt'
2000 1590 2035 1621 et
2058 1586 2160 1628 vivis,
2195 1586 2256 1621 sed
2279 1586 2372 1630 vulgi

1294 1638 1455 1664 sermone
1480 1628 1612 1663 etiam⁵
1634 1639 1729 1664 mors
1753 1628 1983 1674 significatur.

1344 1671 1422 1710 163
1450 1672 1608 1708 PAULUS
1628 1673 1718 1708 libro
1742 1675 1897 1710 secundo
1921 1676 1971 1710 ad
1985 1675 2158 1712 Sabinum
2186 1675 2253 1710 Illa
2269 1676 2375 1710 verba

1294 1717 1462 1763 ‘optimus
1495 1718 1749 1762 maximusque'
1787 1720 1843 1754 vel
1871 1720 1905 1754 in
1943 1731 2022 1754 eum
2055 1721 2180 1755 cadere
2215 1725 2374 1764 possunt,

1295 1763 1356 1808 qui
1380 1763 1477 1798 solus
1501 1767 1566 1799 est.
1611 1763 1663 1799 sic
1687 1767 1724 1798 et
1747 1764 1842 1798 circa
1865 1765 2019 1800 edictum
2044 1765 2215 1810 praetoris
2241 1767 2374 1810 ‘supre-

1298 1813 1311 1843 1
1364 1811 1454 1843 ‘mae
1477 1808 1631 1843 tabulae’
1655 1809 1835 1844 habentur
1858 1814 1893 1844 et
1917 1811 2024 1845 solae.
2065 1810 2192 1845 ‘Pueri’
2217 1811 2373 1855 appella-

1293 1853 1391 1889 tione
1414 1854 1520 1889 etiam
1543 1853 1662 1898 puella
1682 1854 1915 1898 significatur:
1942 1865 2023 1890 nam
2044 1859 2078 1891 et
2101 1855 2248 1890 feminas
2269 1865 2372 1900 puer-

1293 1909 1399 1944 peras
1423 1898 1606 1943 appellant
1629 1903 1788 1935 recentes
1814 1910 1857 1935 ex
1880 1904 1987 1944 partu
2011 1905 2046 1936 et
2067 1901 2202 1936 Graece
2225 1898 2370 1934 παιδίον

1296 1944 1529 1979 communiter
1550 1944 1761 1988 appellatur.

1345 1987 1424 2026 164
1456 1988 1651 2024 ULPIANUS
1679 1990 1769 2024 libro
1801 1991 1926 2035 quinto
1958 1990 2093 2026 decimo
2126 1990 2175 2025 ad
2205 1989 2375 2024 Sabinum

1295 2034 1434 2070 Nomen
1459 2033 1635 2068 ‘filiarum'
1666 2038 1702 2069 et
1724 2034 1762 2068 in
1784 2038 1985 2079 postumam
2010 2036 2135 2070 cadere
2160 2035 2375 2079 quaestionis

1295 2090 1370 2115 non
1405 2081 1478 2120 est,
1514 2078 1673 2123 quamvis
1709 2080 1916 2124 ‘postumae'
1951 2091 2022 2115 non
2058 2080 2183 2115 cadere
2216 2079 2252 2114 in
2288 2089 2374 2121 eam,

1300 2128 1313 2158 1
1364 2134 1455 2169 quae
1477 2124 1548 2159 iam
1571 2124 1608 2158 in
1631 2124 1738 2160 rebus
1762 2125 1925 2160 humanis
1950 2125 2005 2167 sit,
2032 2129 2165 2160 certum
2185 2125 2241 2160 sit.
2277 2124 2375 2158 ‘Par-

1297 2169 1458 2204 ‘titionis'
1482 2179 1611 2204 nomen
1635 2180 1707 2204 non
1731 2180 1870 2214 semper
1894 2170 2074 2205 dimidium
2098 2170 2288 2214 signifieat,
2314 2169 2375 2204 sed

1294 2218 1404 2260 prout
1435 2218 1491 2249 est
1520 2213 1708 2249 adiectum.
1765 2219 1883 2259 potest
1913 2215 2004 2250 enim
2035 2215 2148 2250 iuberi
2183 2214 2307 2259 aliquis
2341 2217 2376 2248 et

1295 2259 1485 2294 maximam
1508 2259 1650 2304 partiri:
1684 2270 1789 2304 posse
1814 2264 1849 2294 et
1871 2260 2096 2295 vicensimam
2121 2264 2155 2294 et
2178 2260 2317 2294 tertiam
2341 2262 2376 2293 et

1294 2309 1402 2350 prout
1425 2304 1580 2339 libuerit.
1628 2305 1691 2339 sed
1715 2305 1745 2339 si
1768 2316 1839 2339 non
1862 2305 1971 2340 fuerit
1993 2305 2109 2349 portio
2135 2304 2289 2347 adiecta,
2322 2303 2373 2337 (11-

1295 2353 1314 2384 2
1363 2349 1470 2384 midia
1493 2360 1577 2394 pars
1597 2349 1756 2385 debetur.
1795 2350 1956 2385 ‘Habere’
1981 2350 2072 2385 sicut
2090 2349 2272 2394 pervenire
2295 2359 2374 2383 cum

1295 2395 1425 2430 effectu
1449 2394 1695 2439 accipiendum
1719 2398 1784 2429 est.

1344 2437 1422 2476 165
1454 2439 1682 2474 POMPONIUS
1718 2440 1808 2474 libro
1844 2441 1968 2485 quinto
2004 2439 2052 2474 ad
2082 2438 2252 2474 Sabinum
2304 2438 2372 2472 Ve-

1295 2485 1391 2564 n{.⁸⁸e
1422 2484 1469 2519 ad
1493 2484 1658 2519 heredem
1682 2484 1769 2519 nihil
1791 2484 2006 2529 intellegitur
2029 2484 2096 2519 nisi
2119 2483 2269 2519 deducto
2294 2493 2374 2517 aere

1296 2540 1424 2564 aleno.

1345 2572 1423 2611 166
1454 2574 1561 2609 IDEM
1589 2574 1679 2610 libro
1709 2578 1814 2609 sexto
1844 2574 1893 2608 ad
1922 2573 2094 2609 Sabinum
2142 2573 2297 2608 ‘Urbana
2320 2572 2373 2606 fa-

1296 2620 1415 2654 ‘milia'
1447 2623 1483 2654 et
1515 2619 1671 2654 ‘rustica’
1696 2629 1768 2654 non
1791 2619 1890 2661 loco,
1924 2618 1986 2653 sed
2009 2620 2159 2662 genere6
2189 2617 2372 2660 distingui-

1295 2668 1371 2700 tur:
1403 2667 1523 2710 potest
1545 2664 1638 2699 enim
1661 2664 1788 2708 aliquis
1814 2664 2038 2709 dispensator
2060 2674 2131 2698 non
2154 2672 2232 2697 esse
2255 2672 2372 2696 servo-

1295 2721 1374 2745 rum
1406 2709 1625 2744 urbanorum
1656 2719 1822 2744 numero:
1860 2708 1968 2743 veluti
1998 2708 2044 2750 is,
2078 2708 2138 2752 qui
2161 2707 2372 2742 rusticarum

1295 2765 1415 2790 rerum
1437 2755 1595 2790 rationes
1620 2754 1798 2798 dispenset
1817 2754 1937 2798 ibique
1956 2753 2102 2788 habitet.
2136 2763 2206 2787 non
2225 2752 2371 2786 multum

1296 2801 1399 2835 abest
1422 2810 1444 2834 a
1466 2799 1570 2835 vilico
1594 2799 1801 2834 insularius:
1828 2800 1966 2833 ⁷autem
1989 2798 2204 2832 urbanorum
2227 2806 2371 2830 numero

1295 2848 1362 2880 est.
1398 2844 1586 2879 videndum
1609 2848 1729 2879 tamen
1753 2848 1816 2887 est,
1840 2843 1916 2888 ipse
1940 2843 2100 2877 dominus
2126 2851 2274 2886 quorum
2294 2841 2371 2875 loco

1296 2899 1470 2935 quemque
1493 2889 1675 2924 habuerit:
1709 2888 1804 2932 quod
1834 2899 1876 2923 ex
1906 2897 2051 2922 numero
2082 2887 2235 2921 familiae
2265 2889 2299 2918 et
2320 2885 2370 2936 vi-

1300 2939 1311 2968 1
1365 2934 1494 2969 cariis⁸
1526 2933 1725 2979 apparebit.
1774 2933 2001 2967 ‘Pernoctare
2030 2936 2130 2966 extra
2153 2930 2286 2965 urbem’
2318 2940 2368 2962 in-

1295 2978 1513 3023 tellegendus
1538 2983 1607 3020 est,
1641 2978 1702 3023 qui
1731 2978 1828 3012 nulla
1857 2981 1958 3021 parte
1990 2977 2104 3011 noctis
2128 2977 2164 3010 in
2187 2976 2274 3009 urbe
2298 2978 2367 3008 est:

1297 3025 1382 3070 ‘per'
1413 3024 1506 3058 enim
1530 3027 1641 3059 totam
1665 3026 1806 3058 noctem
1829 3022 2012 3066 significat.
2352 3063 2357 3067 ι

1345 3067 1451 3105 167⁹
1480 3068 1674 3103 ULPIANUS
1702 3068 1792 3102 libro
1824 3068 2012 3102 vicensimo
2044 3066 2166 3117 quinto
2199 3062 2247 3096 ad
2270 3061 2368 3096 Sabe-

1295 3125 1381 3149 num
1428 3113 1654 3148 ‘Carbonum’
1678 3112 1916 3157 appellatione
1939 3114 2121 3145 materiam
2135 3110 2161 3128 ¹⁰
2192 3117 2261 3140 non
2286 3116 2366 3140 con-

1295 3159 1418 3193 tineri:
1444 3158 1507 3193 sed
1530 3168 1577 3192 an
1602 3157 1821 3200 ‘lignorum'?
1844 3161 1879 3191 et
1902 3155 2064 3190 fortassis
2088 3152 2165 3196 quis
2189 3151 2281 3201 dicet
2305 3160 2368 3183 nec

1295 3204 1487 3248 lignorum:
1520 3213 1593 3237 non
1624 3201 1717 3236 enim
1748 3202 1920 3245 lignorum
1944 3199 2093 3242 gratia¹¹
2126 3196 2259 3230 habuit.
2296 3195 2367 3245 'sed

1297 3254 1332 3283 et
1366 3248 1511 3283 titiones
1547 3251 1582 3282 et
1617 3246 1688 3281 alia
1723 3246 1818 3290 ligna
1852 3249 1955 3279 cocta
1989 3253 2032 3277 ne
2067 3242 2200 3276 fumum
2235 3239 2369 3290 faciant

1295 3298 1416 3327 utrum
1444 3292 1538 3336 ligno
1570 3302 1617 3325 an
1641 3291 1787 3326 carboni
1817 3300 1862 3324 an
1887 3299 1950 3323 suo
1980 3287 2099 3331 generi
2123 3283 2366 3319 adnumerabi-

1295 3338 1399 3372 mus‘?
1446 3342 1482 3371 et
1512 3336 1622 3380 magis
1652 3340 1722 3378 est,
1762 3338 1802 3369 ut
1830 3333 2008 3377 proprium
2038 3341 2147 3375 genus
2181 3329 2365 3362 habeatur.

1296 3383 1482 3427 sulpurata
1513 3391 1653 3425 quoque
1684 3380 1727 3415 de
1755 3380 1848 3423 ligno
1878 3387 1988 3420 aeque
2018 3375 2164 3410 eandem
2187 3372 2368 3407 habebunt

1296 3427 1545 3462 definitionem.
1606 3425 1652 3460 ad
1685 3425 1782 3459 faces
1826 3432 1962 3465 quoque
2002 3424 2127 3465 parata
2162 3428 2232 3451 non
2266 3420 2368 3467 erunt

1294 3472 1470 3516 lignorum
1503 3469 1741 3515 appellatione
1773 3478 1850 3502 com
1877 3467 2044 3507 rehensa,
2081 3463 2148 3497 nisi
2176 3462 2265 3496 haec
2299 3460 2368 3495 fuit

1295 3517 1471 3553 voluntas.
1517 3516 1611 3551 idem
1644 3518 1680 3550 et
1710 3513 1754 3548 de
1782 3522 1852 3547 nuc
1868 3510 1917 3545 eis
1946 3511 2132 3550 olivarum,
2164 3507 2226 3542 sed
2258 3510 2294 3540 et
2325 3505 2367 3539 de

1295 3637 1378 3670 55,1.
1394 3638 1419 3663 7.
1436 3638 1463 3663 8.
1478 3637 1506 3662 9.
1522 3636 1553 3661 10
1646 3627 1707 3666 (10)
1730 3625 1756 3655 si
1778 3623 1905 3664 lignum
1924 3624 1967 3653 sit
1984 3624 2133 3663 paratum
2154 3620 2195 3650 ad
2213 3618 2366 3650 carbones

1294 3674 1482 3715 coquendas
1491 3675 1590 3713 atque
1603 3669 1829 3706 conficiendas,
1850 3668 1896 3699 ait
1910 3665 2027 3699 Ofilius
2047 3665 2132 3696 libro
2150 3664 2268 3705 quinto
2284 3663 2366 3694 iuris

1293 3719 1409 3762 partiti
1432 3718 1610 3751 carbonum
1634 3713 1853 3756 appellatione
1876 3710 2063 3743 huiusmodi
2083 3709 2251 3741 materiam
2278 3708 2320 3738 D.
2345 3708 2365 3739 l.

1292 3776 1374 3808 qem.
1443 3767 1498 3805 (11)
1521 3762 1600 3793 haec
1613 3762 1748 3791 testator
1762 3759 1819 3791 ins.
1834 3756 1879 3789 D.
1896 3757 1914 3789 l.
1927 3767 2007 3799 yem.
