2528 3918
122 106 308 148 'coum
334 114 434 146 us.
465 114 572 147 son.
601 115 722 148 Poss.
752 94 912 146 rama

127 231 301 267 bonorum
319 229 591 275 possessionem,
615 240 688 264 non
706 231 813 274 putat
830 227 1028 273 legatorum
1047 237 1108 264 eos
1127 236 1211 309 zer-

127 275 343 312 secutionem
362 275 506 311 habere.
542 274 761 310 constituere
782 273 889 319 igitur
911 273 1008 318 apud
1031 284 1071 310 se
1094 272 1138 308 de
1164 275 1211 316 et,

127 324 244 356 utrum
268 323 395 355 contra
418 319 559 355 tabulas
579 319 754 355 bonorum
797 318 1031 354 ossessionem
1049 321 1151 364 petat
1164 327 1212 353 an

126 376 209 402 vero
232 365 266 400 le
290 369 389 400 atum
413 368 667 410 persequatur:
693 364 724 400 si
781 364 892 409 egerit
911 367 1037 399 contra
1054 362 1212 405 tabulas,

126 421 198 446 non
219 376 368 446 habebit
389 410 563 454 legatum:
588 408 620 444 si
637 409 792 454 legatum
810 408 963 454 elegerit,
987 419 1030 444 eo
1048 408 1126 444 iure
1142 408 1210 443 uti-

127 465 215 499 mur,
240 465 285 490 ne
306 458 406 507 petat
429 455 603 490 bonorum
626 454 890 499 possessionem
908 457 1036 489 contra
1054 453 1211 489 tabulas.

127 505 145 536 3
194 500 232 536 Si
256 511 334 546 quis
359 504 486 536 contra
508 500 651 535 tabulas
672 499 848 535 bonorum
867 499 1131 544 possessionem
1151 508 1211 533 ac·

126 545 276 592 ceperit,
307 544 435 581 deinde
458 548 585 590 postea
607 544 818 590 apparuerit
841 554 922 579 eum
944 554 990 580 ex
1013 544 1067 580 his
1091 543 1212 579 liberis

126 602 198 627 non
220 589 349 634 fuisse,
401 590 437 625 ui
459 600 539 625 eam
562 590 737 626 bonorum
759 589 1023 635 possessionem
1047 589 1213 634 accipere

125 639 292 682 possunt,
318 645 361 670 ex
411 635 441 670 is
465 640 584 671 tamen
607 645 704 679 esse,
753 635 859 671 uibus
882 634 1001 680 legata
1024 638 1210 680 praestan-

125 687 202 716 tur:
245 680 401 727 optinuit
436 691 509 715 non
545 690 623 716 esse
658 680 692 716 ei
771 679 969 725 negandam
1005 679 1212 725 petitionem

125 727 337 772 legatorum,
375 725 448 761 sive
484 725 700 761 ordinariam
741 724 914 761 bonorum
950 725 1212 771 possessionem

124 776 144 807 4
190 771 334 817 petierit
356 771 429 807 sive
453 770 727 806 Carbonianam.
772 770 856 806 Non
880 770 995 806 solum
1018 774 1139 805 autem
1161 769 1211 805 le-

123 820 244 862 gatum
276 816 472 861 denegatur
499 815 551 859 ei,
582 816 643 861 qui
665 816 841 852 bonorum
864 815 1127 862 possessionem
1151 825 1211 850 ac-

125 861 228 915 cepit,
252 872 373 897 verum
395 862 500 897 etiam
521 861 552 897 si
573 861 660 906 quid
676 860 774 896 aliud
795 871 839 897 ex
856 861 1040 897 voluntate
1060 860 1211 905 accepit.

124 918 182 943 cul
205 916 427 952 consequens
452 910 524 949 est,
548 907 643 952 quod
668 906 829 943 lulianus
854 906 1017 952 scripsit,
1049 905 1081 942 si
1108 905 1212 941 fratri

123 963 189 989 suo
212 952 259 988 im
287 952 390 988 uberi
412 952 630 988 substitutus
654 951 702 987 sit
723 952 974 997 acceperitque
1006 954 1133 988 contra
1156 954 1211 985 ta-

124 997 227 1034 bulas
258 963 434 1033 Konorum
461 997 742 1050 possessionem,
782 997 948 1042 denegari
977 997 1011 1033 ei
1041 1006 1211 1049 persecu-

121 1044 254 1080 tionem
285 1042 495 1079 hereditatis
530 1042 652 1078 fratris
683 1042 879 1089 impuberis
910 1042 1060 1085 mortui,
1100 1052 1159 1077 cui
1190 1051 1213 1076 a

122 1092 142 1123 5
189 1093 293 1134 patre
322 1088 538 1124 substitutus
569 1092 636 1124 est.
672 1088 727 1130 ,Si
766 1088 883 1133 legata
919 1088 1053 1123 fuerint
1087 1086 1213 1123 relicta

121 1134 242 1170 liberis
265 1137 302 1170 et
325 1133 517 1177 extraneis,
542 1133 627 1169 licet
650 1137 883 1179 utrorumque
906 1132 1102 1179 praestatio
1127 1132 1211 1167 Fal-

123 1178 237 1215 cidiae
267 1179 387 1215 locum
417 1178 555 1214 faceret
577 1179 765 1224 legataque
788 1179 980 1215 liberorum
1003 1177 1211 1220 reccideret,

121 1228 242 1260 tamen
265 1235 362 1260 nunc
386 1224 432 1260 ob
456 1224 538 1268 hoc,
563 1223 659 1270 quod
682 1224 862 1264 extraneis
886 1235 959 1260 non
982 1227 1213 1270 praestantur

124 1273 144 1305 6
191 1270 320 1315 legata,
345 1270 539 1305 liberorum
562 1274 749 1315 augentur.
797 1269 869 1306 Sed
893 1273 929 1305 et
952 1269 982 1305 si
1007 1268 1124 1315 portio
1148 1268 1211 1304 he-

121 1314 285 1351 reditatis
316 1314 427 1351 fuerit
456 1314 639 1360 adscripta
669 1315 717 1359 ei,
748 1315 808 1361 qui
841 1326 884 1351 ex
907 1315 1028 1351 liberis
1051 1314 1211 1360 parenti-

122 1360 234 1397 busve
257 1363 332 1404 est,
356 1370 403 1396 an
426 1359 460 1395 ei
484 1360 729 1396 conservanda
752 1362 816 1404 sit,
840 1365 882 1396 ut
906 1360 1045 1396 solent¹
1068 1359 1212 1404 legata?

122 1409 158 1441 et
184 1405 346 1442 Iulianus
381 1405 588 1450 saepissime
626 1405 771 1451 scripsit
805 1406 844 1442 in
871 1405 1039 1451 portione
1070 1414 1213 1458 quoque

121 1451 329 1487 hereditatis
364 1450 458 1486 idem
489 1450 587 1496 quod
614 1451 651 1486 iu
680 1450 797 1496 legato
830 1450 1072 1497 probandum,
1111 1461 1212 1486 cuius

121 1496 299 1532 sententia
322 1495 496 1541 rescripto
521 1496 593 1531 divi
615 1496 670 1531 Pii
695 1497 930 1563 comprobata
955 1500 1021 1539 est,
1046 1507 1128 1531 cum
1148 1495 1211 1530 he-

120 1541 291 1578 reditates
322 1552 396 1577 non
427 1541 533 1577 modo
564 1541 788 1578 honestiore·
824 1542 946 1586 titulo,
979 1541 1043 1577 sed
1073 1545 1109 1576 et
1161 1540 1211 1576 le-

121 1590 140 1622 '1
188 1587 290 1623 niore
321 1596 430 1623 onere
457 1587 675 1623 tribuantur.
721 1586 780 1622 Ad
812 1598 892 1623 eum
920 1590 1040 1622 autem
1067 1597 1125 1622 mo
1154 1597 1212 1621 um

120 1632 252 1668 talibus
276 1632 439 1678 personis
464 1632 747 1668 succurrendum
771 1637 842 1676 est,
873 1636 915 1667 ut
938 1632 1110 1678 ampliore
1134 1631 1211 1678 qui-

120 1677 201 1714 dem
231 1688 338 1724 quam
367 1677 459 1714 virili
482 1678 653 1731 portione
681 1677 890 1714 hereditatis
920 1677 1005 1713 data
1028 1688 1142 1723 usque
1166 1677 1212 1713 ad

120 1723 256 1759 virilem
276 1727 457 1766 tueantur,
480 1734 519 1759 in
541 1723 713 1759 minorem
736 1727 857 1760 autem
880 1728 1028 1759 eatenus
1053 1723 1212 1758 actiones

121 1768 177 1805 his
200 1769 417 1812 tribuantur,
442 1772 621 1814 quatenus
644 1768 800 1815 scriptae
823 1768 896 1805 sint
906 1769 931 1805 ³.
970 1768 1065 1805 idem
1088 1768 1210 1804 obser-

121 1817 225 1849 vatur
248 1818 285 1850 et
308 1814 405 1850 circa
427 1813 545 1859 legata
567 1813 692 1850 fideive
715 1814 917 1857 commissa,
941 1824 1035 1859 quae
1052 1814 1108 1849 his
1127 1813 1213 1849 data

122 1863 141 1895 8
189 1859 332 1902 fuerint,
357 1864 392 1895 et
407 1859 445 1894 in
461 1860 585 1895 mortis
602 1869 713 1895 causa
727 1859 992 1896 donationibus.
1027 1859 1064 1895 Is
1082 1862 1212 1903 autem,

122 1904 181 1941 cui
204 1905 321 1950 portio
346 1904 554 1940 hereditatis
572 1909 815 1948 conservatur,
839 1910 961 1940 utrum
981 1905 1145 1941 omnibus
1166 1915 1213 1940 an

121 1954 260 1986 tantum
291 1960 379 1986 exce
404 1950 450 1985 tis
480 1950 641 1996 personis
677 1951 795 1995 legata
826 1955 975 1996 cogatur
1005 1950 1213 1996 praestare?

122 2000 157 2030 et
176 1996 288 2040 magis
308 2006 374 2041 pro
403 1999 486 2030 atur
506 1995 666 2041 exceptis
686 1996 850 2041 personis
870 1996 956 2032 solis
974 1995 1211 2041 praestanda:

123 2051 188 2077 nec
211 2044 332 2076 tamen
355 2040 464 2077 solius
489 2040 675 2077 commodo
699 2041 737 2076 id
761 2041 865 2077 cedit.
914 2051 997 2077 nam
1028 2041 1060 2077 si
1087 2041 1213 2086 legatis

121 2090 271 2122 onerata
300 2087 347 2122 sit
373 2087 493 2132 portio
524 2090 599 2121 tam
622 2086 814 2122 liberorum
837 2087 1083 2132 parentiumve
1106 2096 1213 2131 quam

122 2135 389 2174 extraneorum,
425 2131 463 2167 id
471 2133 495 2176 ⁴,
535 2131 632 2177 quod
668 2132 847 2168 extraneis
886 2142 959 2167 non
995 2135 1211 2177 praestatur,

122 2176 242 2212 liberis
264 2176 518 2222 parentibusve
540 2177 766 2222 profuturum
789 2188 862 2213 non
887 2177 1103 2213 dubitamus.
1145 2177 1210 2222 igi-

122 2229 181 2257 tur
202 2222 256 2257 ita
279 2222 420 2258 demum
444 2221 541 2268 quod
564 2223 742 2258 extraneis
772 2233 846 2259 non
902 2226 1083 2259 raestatur
1113 2233 1210 2258 com-

122 2267 325 2303 municatur
348 2278 429 2303 cum
452 2277 515 2311 eo,
545 2268 606 2312 qui
630 2271 757 2304 contra
779 2268 868 2304 tabu
884 2278 924 2304 as
948 2268 1053 2313 petit,
1083 2267 1115 2304 si
1138 2278 1211 2303 non

122 2313 301 2358 legatariis
324 2313 445 2348 liberis
495 2313 749 2359 arentibusque
774 2313 932 2352 dandum
956 2314 1013 2349 sit.

168 2356 193 2396 6
217 2358 411 2394 IULIANUS
431 2358 460 2394 li
481 2370 523 2394 ro
547 2359 713 2394 vicesimo
739 2360 843 2395 tertio
869 2359 1089 2412 digestorum
1132 2358 1210 2394 Sal-

122 2404 222 2440 vius⁵
243 2404 366 2440 Aristo
390 2404 528 2439 Iuliano
553 2404 716 2440 salutem.
764 2404 833 2448 Qui
863 2404 975 2439 fihum
1006 2404 1210 2449 emancipa-

121 2454 197 2484 tum
216 2448 385 2492 habebat,
403 2450 596 2494 praeterito
615 2459 657 2484 eo
673 2452 813 2494 patrem
829 2461 934 2486 suum
951 2453 987 2484 et
1003 2454 1212 2485 extraneum

122 2494 287 2530 heredem
309 2494 465 2530 instituit
486 2498 524 2530 et
539 2494 636 2540 patri
654 2494 810 2540 legatum
831 2495 944 2530 dedit:
971 2495 1065 2530 filius
1086 2498 1213 2530 contra

121 2540 264 2575 tabulas
288 2539 464 2575 bonorum
486 2540 748 2585 possessionem
772 2540 879 2586 petit:
913 2550 1064 2586 quaero,
1094 2540 1125 2576 si
1149 2544 1213 2575 aut

123 2590 273 2631 uterque
295 2585 529 2620 hereditatem
552 2585 686 2620 adisset
710 2589 773 2620 aut
796 2586 888 2621 alter
906 2596 950 2621 ex
966 2586 1023 2621 his
1042 2590 1106 2620 aut
1124 2596 1211 2620 neu-

122 2635 187 2675 ter,
212 2640 260 2666 an
282 2634 319 2666 et
342 2634 514 2675 quantum
536 2630 735 2675 legatorum
755 2631 896 2666 nomine
916 2630 1011 2676 patri
1027 2630 1209 2667 debeatur.

121 2675 324 2721 respondit:
350 2685 458 2720 saepe
481 2675 712 2711 animadverti
730 2676 825 2711 hanc
841 2680 979 2721 partem
998 2676 1116 2719 edicti,
1141 2686 1213 2721 qua

122 2721 259 2756 emanci
286 2724 367 2756 atus
388 2725 540 2766 accepta
560 2724 687 2756 contra
703 2721 848 2757 tabulas
871 2721 1044 2757 bonorum
1067 2732 1211 2767 posses-

122 2767 222 2802 sione
278 2765 375 2802 beris
406 2769 443 2801 et
471 2766 683 2812 parentibus
707 2766 826 2811 legata
848 2770 1034 2812 praestare
1056 2767 1210 2810 iubetur,

122 2811 256 2848 habere
290 2811 482 2847 nonnullas
516 2811 829 2856 reprehensiones:
867 2822 949 2847 nam
987 2811 1018 2847 si
1055 2811 1211 2847 dodrans

122 2857 261 2902 legatus
284 2856 409 2900 fuerit,
440 2856 522 2902 plus
545 2856 737 2893 habiturus
760 2857 840 2892 est⁰
872 2856 928 2892 cui
959 2857 1115 2902 legatum
1145 2857 1212 2892 erit

123 2912 230 2947 quam
253 2902 509 2948 emancipatus.
549 2901 695 2938 decreto
712 2901 834 2947 itaque
851 2902 922 2938 ista
940 2902 1132 2947 temperari
1150 2902 1210 2938 de-

124 2947 269 2991 bebunt,
292 2951 334 2983 ut
357 2951 393 2983 et
410 2947 617 2983 hereditatis
636 2951 775 2992 partem
791 2947 1037 2992 emancipatus
1054 2951 1212 2992 praestet

123 2993 190 3036 ita,
222 3002 267 3028 ne
299 2993 369 3028 scri
395 2996 454 3028 tus
487 2993 590 3028 heres
622 2993 773 3037 amplius
804 2993 938 3028 habeat
961 3003 1067 3037 quam
1091 3003 1210 3028 eman-

124 3038 281 3083 cipatus,
314 3042 350 3073 et
391 3041 575 3083 egatorum
598 3037 724 3074 modus
748 3042 1025 3083 temperaretur,
1056 3042 1097 3073 ut
1125 3038 1213 3073 nihil

125 3083 205 3127 plus
237 3093 281 3118 ex
311 3082 436 3127 legatis
468 3083 515 3118 ad
545 3083 700 3128 aliquem
735 3084 936 3128 perveniat,
975 3094 1081 3136 quam
1116 3083 1213 3128 apud

125 3128 386 3173 emancipatum
419 3128 595 3163 bonorum
629 3128 866 3173 possessionis
897 3139 1041 3165 nomme
1071 3138 1210 3164 reman-

125 3183 247 3208 surum
270 3177 335 3208 est.

172 3215 195 3254 7
223 3217 502 3253 TRYPHONINUS
522 3217 613 3254 libro
637 3221 742 3253 sexto
766 3217 902 3254 decimo
927 3218 1212 3265 disputationum

128 3261 219 3298 Nam
249 3263 445 3298 secundum
476 3262 765 3298 constitutionem
796 3263 866 3298 divi
888 3263 944 3299 Pii
971 3264 1017 3298 ad
1041 3263 1212 3298 Tuscium

129 3307 368 3343 Fuscianum⁷
399 3307 590 3343 Numidiae
623 3308 779 3361 legatum
810 3308 947 3353 placuit
977 3312 1144 3353 parentes
1175 3313 1212 3344 et

127 3352 258 3388 liberos
295 3352 444 3388 heredes
483 3363 625 3397 quoque
663 3353 847 3389 institutos
884 3354 978 3389 tueri
1015 3364 1129 3398 usque
1165 3353 1213 3389 ad

128 3402 265 3442 partem
288 3396 424 3432 virilem
446 3399 607 3443 exemplo
631 3398 840 3442 legatorum,
865 3408 910 3433 ne
959 3399 1014 3434 lus
1038 3398 1212 3434 haberent

127 3453 172 3478 ex
195 3442 418 3477 institutione
440 3443 531 3478 tales
553 3453 740 3489 personae,
765 3453 871 3489 quam
894 3454 916 3479 a
964 3454 1046 3479 eum
1062 3454 1211 3489 perven-

130 3556 169 3595 (1)
194 3554 279 3587 solet
290 3554 324 3587 F
410 3555 454 3596 (2)
478 3554 630 3587 honestio
643 3556 676 3588 F
763 3557 804 3598 (3)
830 3558 910 3588 sunt
924 3556 973 3589 F2
1073 3556 1116 3597 (4)
1141 3556 1170 3588 is
1183 3556 1215 3588 F

129 3603 172 3640 (δ)
197 3599 327 3633 Salvius
340 3599 401 3632 del.
506 3601 551 3641 (6)
574 3599 604 3632 is
616 3602 676 3633 ins.
688 3600 742 3633 ΙΝ
841 3604 884 3642 (Ἴ)
909 3600 1114 3633 Matuccium
1125 3602 1210 3635 Fus—

129 3644 243 3678 einum
254 3646 378 3678 Renier
498 3645 545 3687 (8)
568 3643 656 3677 libro
668 3657 725 3678 om.
739 3646 774 3678 F

130 3694 191 3729 (10)
214 3692 349 3733 praetor
360 3689 394 3722 F
458 3689 512 3730 (11)
537 3688 744 3723 redicendam
756 3690 791 3723 F
852 3691 911 3732 (12)
936 3689 1115 3732 relegatam
1129 3691 1208 3724 Hal.

130 3736 190 3778 (1³)
213 3735 292 3768 dum
303 3738 414 3768 tamen
425 3733 591 3767 hereditas
602 3745 641 3767 eo
652 3745 720 3767 non
732 3734 903 3769 minuetur
914 3747 974 3769 scr.
1076 3738 1133 3777 (14)
1157 3746 1204 3768 us-

1202 100 1288 150 549

887 3646 933 3687 (9)
957 3645 1146 3688 acceperint
1161 3645 1212 3678 F²
1280 3647 1341 3686 (19)
1366 3645 1574 3687 graduataF

2105 105 2317 150 XXXVII
2346 107 2370 148 5

1280 229 1402 263 turum
1425 230 1540 273 esset,
1571 227 1632 274 qui
1656 231 1783 264 contra
1805 228 1949 265 tabulas
1972 229 2150 266 bonorum
2172 228 2372 275 possessio-

1280 283 1362 309 nem
1384 283 1471 310 acce
1496 273 1536 310 it.

1328 315 1353 356 8
1384 284 1580 355 Ungnms
1599 318 1716 354 libro·
1765 319 2019 366 uadraqesimo
2042 320 2094 356 ad
2115 320 2269 357 edictum
2308 320 2371 357 Vi-

1281 363 1357 399 rilis
1380 364 1500 409 portio
1524 328 1822 410 quemadmodum
1845 364 2055 410 accipienda
2077 365 2143 410 sit,
2176 365 2372 402 videamus.

1281 419 1376 454 pone
1400 409 1490 445 duos
1515 419 1605 452 esse,
1630 408 1692 454 qui
1715 413 1842 444 contra
1865 410 2008 446 tabulas
2032 410 2209 447 bonorum
2229 421 2371 457 posses-

1283 453 1418 490 sionem
1441 454 1640 500 accipiunt,
1672 464 1784 489 unum
1812 464 1892 490 esse
1920 465 1965 490 ex
1994 455 2116 492 liberis
2143 456 2370 501 parentibus-

1282 509 1368 543 que:
1393 499 1503 536 virilis
1526 499 1635 535 tertia
1658 498 1727 535 erit
1749 498 1887 544 portio:
1920 499 1982 535 sed
2013 500 2045 536 si
2074 504 2149 537 tres
2175 505 2280 545 sunt,
2311 501 2370 547 qui

1283 548 1409 580 contra
1437 544 1583 580 tabulas
1611 554 1699 580 acce
1726 547 1848 587 erunt,
1881 549 2010 589 quarta
2040 546 2109 581 erit
2136 546 2267 583 virilis.
2303 547 2373 583 hoc

1281 588 1376 625 idem
1400 593 1437 625 et
1459 590 1498 625 in
1519 589 1645 634 legatis
1671 600 1691 625 ο
1718 589 1931 625 servabitur.
1979 590 2043 626 sed
2074 591 2103 626 si
2135 603 2229 628 unus
2258 591 2306 628 sit
2328 602 2374 628 ex

1281 634 1422 679 liberis,
1452 634 1515 680 qui
1543 634 1685 680 accepit
1714 638 1841 671 contra
1863 635 2007 671 tabulas
2030 635 2206 672 bonorum
2256 647 2373 674 ossea-

1282 679 1435 723 sionem‚
1473 680 1596 726 plures
1634 680 1725 723 sint,
1787 680 1825 715 ui
1858 690 1904 715 ex
1937 679 2059 716 liberis
2093 686 2234 727 parenti
2260 693 2374 736 usque

1281 724 1400 770 legata
1423 729 1643 771 acceperunt
1652 726 1677 768 ⁹,
1703 725 1756 761 sic
1800 735 1843 761 oc
1863 725 2111 771 accipiendum
2128 730 2193 771 est,
2217 731 2259 763 ut
2277 727 2373 763 iilius

1281 770 1498 815 praeteritus
1522 770 1706 806 semissem
1729 771 1882 814 habeat,
1907 770 2017 806 ceteri
2041 782 2179 813 omnes,
2204 772 2266 818 qui
2289 777 2374 810 sunt

1286 819 1299 849 1
1350 825 1395 851 ex
1430 815 1554 851 liberis
1591 815 1865 861 parentibusve,
1904 815 2095 852 semissem.
2151 817 2190 853 Si
2220 818 2301 863 quis
2329 829 2374 854 ex

1281 860 1403 896 liberis
1427 860 1708 906 parentibusque
1732 864 1769 897 et
1791 862 1896 897 heres
1918 860 2106 897 institutus
2134 862 2182 898 sit
2212 866 2249 898 et
2276 863 2373 908 lega-

1280 909 1357 940 tum
1381 906 1581 949 acceperit,
1612 910 1734 942 utrum
1764 910 1905 941 tantum
1933 906 2134 951 portionem
2164 907 2198 943 ei
2229 919 2372 945 conser-

1281 961 1406 987 vamus
1435 961 1485 987 an
1509 961 1596 987 vero
1626 955 1664 987 et
1693 951 1851 997 legatum
1874 961 1922 986 an
1945 951 2159 987 alterutrum
2183 952 2280 998 quod
2302 954 2374 989 ele-

1280 996 1398 1041 gerit?
1429 1000 1466 1032 et
1482 996 1594 1041 magis
1612 1000 1678 1041 est,
1697 1002 1739 1032 ut
1756 1001 1947 1042 utrumque
1966 1001 2207 1042 conservetur,
2227 999 2291 1035 sed
2309 999 2373 1042 sie,

1282 1045 1302 1076 2
1349 1051 1394 1078 ne
1422 1042 1576 1087 amplius
1605 1042 1644 1077 in
1674 1046 1829 1087 utroque
1864 1052 1971 1096 quam
2002 1042 2138 1078 virilem
2168 1043 2289 1080 habet.
2337 1044 2375 1080 Si

1281 1086 1410 1123 adierit
1438 1087 1675 1123 hereditatem
1704 1087 1735 1124 is
1768 1086 1827 1123 cui
1850 1087 1959 1123 virilis
1985 1092 2237 1133 conservatur,
2267 1088 2374 1125 liber-

1280 1136 1374 1168 tates
1398 1143 1477 1169 com
1504 1136 1602 1168 etent
1617 1143 1662 1169 ex
1682 1132 1897 1169 necessitate
1941 1143 1981 1169 er
1998 1132 2210 1170 aditionem:
2234 1144 2373 1170 verum-

1280 1181 1401 1214 tamen
1424 1144 1615 1214 vidgndum
1639 1182 1705 1221 est,
1729 1188 1777 1213 an
1801 1178 1845 1214 de
1865 1178 1911 1214 do
1928 1189 1949 1214 o
1967 1178 2109 1215 actione
2128 1183 2295 1215 teneatur
2315 1179 2376 1225 qui

1281 1223 1368 1258 adit.
1416 1227 1452 1259 et
1475 1223 1588 1269 magis
1612 1227 1684 1267 est,
1708 1227 1764 1267 ut,
1790 1224 1820 1259 si
1844 1222 2077 1260 denuntiante
2100 1234 2162 1267 eo,
2187 1224 2249 1270 qui
2271 1235 2374 1270 prae-

1279 1268 1408 1305 teritus
1432 1270 1574 1314 accepit
1598 1272 1724 1306 contra
1740 1268 1885 1305 tabulas
1905 1269 2082 1306 bonorum
2098 1269 2375 1323 possessionem,

1280 1314 1339 1349 hic
1363 1313 1452 1349 adiit
1475 1314 1709 1350 hereditatem
1733 1314 1926 1360 pollicente
1949 1325 1992 1351 eo
2012 1318 2214 1361 portionem
2230 1315 2374 1359 virilem,

1282 1359 1328 1394 sit
1357 1359 1453 1405 quod
1483 1359 1516 1395 ei
1545 1360 1741 1405 imputetur
1770 1364 1807 1396 et
1836 1359 1880 1395 de
1911 1359 1992 1396 dolo
2023 1360 2166 1396 actione
2190 1364 2371 1398 teneatur:

1281 1405 1411 1441 damno
1449 1405 1544 1441 enim
1583 1405 1708 1441 adficit
1746 1405 2001 1448 hereditatem,
2043 1405 2130 1441 dum
2169 1410 2373 1452 competunt

1282 1453 1301 1485 3
1349 1450 1544 1486 libertates.
1585 1450 1624 1486 Si
1648 1450 1733 1496 quid
1757 1451 1862 1487 uxori
1885 1451 2064 1497 nuruique
2087 1451 2197 1487 fuerit
2219 1451 2375 1498 legatum

1280 1499 1426 1541 praeter
1439 1497 1466 1517 ¹⁰
1498 1495 1635 1539 dotem,
1674 1500 1826 1542 accepta
1861 1501 1987 1532 contra
2020 1496 2164 1533 tabulas
2200 1497 2373 1534 bonorum

1281 1545 1301 1576 4
1348 1542 1577 1587 possessione
1595 1553 1668 1577 non
1686 1542 1941 1587 praestabitur.
1978 1541 2101 1578 Nurus
2116 1546 2235 1578 autem
2252 1553 2275 1578 a
2300 1543 2373 1588 pel-

1281 1587 1414 1623 latione
1439 1591 1475 1623 et
1497 1597 1695 1632 pronurum
1721 1591 1930 1632 ceterasque
1955 1587 2129 1623 contineri
2151 1587 2252 1624 nulla
2295 1588 2372 1624 ubi-

1282 1636 1301 1667 5
1349 1632 1439 1668 tatio
1463 1637 1530 1669 est.
1579 1633 1669 1668 Cum
1692 1636 1813 1668 autem
1838 1632 1931 1669 dotis
1955 1633 2097 1669 nomine
2119 1633 2278 1678 legatur,
2302 1644 2375 1670 non

1281 1681 1370 1723 puto
1394 1677 1442 1713 ad
1464 1677 1600 1714 virilem
1624 1689 1774 1714 uxorem
1797 1689 1971 1714 nurumve
1989 1678 2268 1724 redigendam¹¹,
2293 1689 2375 1715 cum

1282 1728 1303 1759 6
1349 1723 1477 1759 mulier
1504 1724 1575 1759 ista
1605 1723 1652 1759 ad
1684 1734 1745 1760 aes
1776 1723 1933 1759 alienum
1961 1723 2091 1759 veniat.
2144 1724 2228 1760 Non
2259 1724 2375 1761 solum

1281 1772 1402 1804 autem
1439 1768 1559 1804 dotem
1599 1769 1844 1814 praelegatam
1857 1769 1885 1790 ¹²
1927 1773 2073 1814 praetor
2114 1770 2374 1815 complectitur,

1281 1825 1405 1850 verum
1420 1814 1541 1868 ‘etiam
1557 1815 1602 1868 ’si
1631 1825 1697 1860 pro
1723 1815 1807 1868 dote
1831 1814 1967 1860 aliquid
1991 1813 2100 1850 fuerit
2122 1815 2315 1869 relictum,·
2335 1820 2376 1851 ut

1281 1859 1593 1950 ξὲιῖἓᾳὶᾎιῗιὲἵὲῗ
1610 1860 1873 1941 οῗὲιῖἓῖῗηὲἶ
1887 1871 2016 1941 &1325
2016 1860 2105 1941 ἓξὲξ
2120 1864 2374 1949 afflat?

1282 1949 1380 1996 quod
1427 1961 1469 1986 ro
1493 1950 1576 1987 dote
1599 1950 1825 1995 relinquitur.

1329 1994 1354 2033 9
1412 2005 1540 2031 szvs
1564 1996 1657 2032 libro
1681 1995 1962 2042 quadraqese‘mo
1987 1996 2110 2042 primo
2140 1996 2191 2032 ad
2219 1996 2372 2033 edictum

1279 2040 1353 2121 iSnekd
1376 2044 1412 2077 et
1418 2041 1466 2120 tisi
1487 2041 1572 2086 plus
1595 2041 1643 2077 sit
1665 2040 1704 2076 in
1727 2041 1847 2087 legato
1871 2051 1978 2086 quam
2000 2041 2039 2076 in
2062 2041 2165 2085 dote,
2194 2042 2222 2064 ¹⁴
2230 2041 2375 2079 dabitur

1333 2096 1351 2122 s
1374 2096 1417 2122 ac
1449 2097 1481 2122 0.
2338 2112 2344 2116 „

1330 2130 1381 2169 10
1413 2131 1608 2168 Ulmanus
1628 2131 1721 2168 libro
1742 2131 2023 2178 quadraqesimo
2042 2131 2094 2168 ad
2111 2131 2267 2169 edictum
2303 2132 2372 2169 Sed

1281 2181 1318 2213 et
1341 2176 1372 2213 si
1395 2187 1462 2222 pro
1482 2176 1566 2213 dote
1585 2187 1629 2212 ex
1647 2180 1752 2223 parte
1770 2176 1892 2221 aliqua
1909 2176 2057 2213 eandem
2075 2177 2242 2214 heredem
2260 2178 2373 2224 scrip-

1286 2226 1298 2257 1
1350 2222 1453 2265 serit,
1490 2222 1661 2258 tuendam
1691 2232 1770 2259 esse
1798 2226 1900 2268 puto.
1953 2222 2047 2258 Esse
2076 2227 2198 2258 autem
2225 2234 2374 2260 uxorem

1280 2267 1405 2304 mortis
1429 2271 1589 2313 tempore
1613 2267 1805 2313 exigemus.
1853 2267 1885 2303 si
1913 2268 2020 2303 nurui
2044 2267 2164 2304 dotem
2214 2269 2373 2314 raelega—

1281 2313 1371 2348 verit
1381 2314 1409 2335 ¹⁵
1433 2323 1546 2358 eaque
1568 2313 1694 2349 mortis
1718 2317 1789 2348 tem
1818 2323 1879 2349 ore
1902 2317 2017 2359 nupta
2037 2313 2094 2357 sit,
2119 2324 2143 2348 n
2198 2325 2257 2349 um
2276 2315 2373 2360 lega-

1281 2361 1358 2393 tum
1389 2363 1462 2402 est,
1495 2358 1580 2403 quia
1611 2358 1676 2394 dos
1706 2369 1780 2394 non
1808 2369 1867 2393 um
1897 2358 2090 2395 debeatur:
2129 2359 2192 2395 sed
2224 2370 2307 2395 cum
2336 2364 2372 2395 et

1283 2407 1471 2439 constante
1501 2403 1727 2440 matrimonio
1757 2403 1927 2439 adversus
1957 2403 2105 2439 heredes
2129 2404 2247 2440 soceri
2270 2404 2368 2441 dabi-

1281 2452 1342 2485 tur
1354 2450 1381 2471 ²⁶
1404 2449 1517 2492 actio,
1550 2448 1740 2484 dicendum
1771 2453 1827 2485 est
1857 2449 1965 2484 etiam
1988 2449 2215 2493 praelegatae
2228 2451 2254 2471 ¹⁷
2278 2449 2371 2486 dotis

1288 2494 1308 2526 2
1354 2492 1564 2537 petitionem
1579 2494 1658 2528 dari
1670 2493 1813 2528 debere.
1842 2492 1924 2528 Non
1938 2494 2069 2538 omnia,
2087 2504 2180 2538 quae
2196 2493 2242 2530 ab
2255 2494 2370 2530 omni-

1281 2538 1350 2575 bus
1382 2539 1553 2585 gradibus
1582 2538 1709 2574 relicta
1737 2541 1840 2581 sunt,
1879 2537 1998 2582 legata
2057 2543 2217 2574 raestare
2252 2549 2332 2574 eum
2346 2541 2373 2560 ¹⁸

1282 2588 1425 2630 oportet
1449 2584 1509 2629 qui
1535 2588 1660 2619 contra
1682 2583 1826 2618 tabulas
1850 2583 1955 2628 petit,
1985 2593 2024 2619 se
2081 2594 2124 2619 ea
2153 2583 2248 2627 sola,
2279 2595 2371 2630 quae

1281 2630 1319 2665 in
1343 2640 1384 2665 eo
1408 2630 1523 2675 gradu
1548 2628 1632 2664 data
1647 2628 1674 2650 ¹⁹
1696 2633 1791 2671 sunt,
1817 2631 1943 2663 contra
1967 2639 2072 2673 quem
2091 2629 2264 2665 bonomm
2311 2640 2369 2666 os-

1282 2675 1478 2711 sessionem
1509 2674 1660 2719 accepit.
1715 2673 1779 2709 sed
1808 2683 2075 2718 nonnumquam
2105 2678 2231 2709 contra
2261 2684 2284 2708 a
2299 2675 2368 2711 ‘um

1282 2720 1425 2766 quidem
1447 2720 1598 2765 gradum
1618 2719 1731 2764 petita
1750 2722 1805 2755 est
1821 2719 1997 2754 bonorum
2014 2717 2206 2764 possessio,
2227 2729 2274 2755 ex
2297 2720 2369 2754 alio

1281 2776 1364 2802 vero
1393 2766 1513 2810 legata
1541 2763 1759 2818 praestanda
1788 2767 1890 2799 sunt:
1925 2767 1967 2798 ut
2001 2773 2086 2799 ecce
2115 2763 2207 2799 duos
2239 2763 2370 2809 gradus

1281 2810 1452 2847 heredum
1482 2810 1585 2853 fecit,
1615 2809 1878 2853 emancipatum
1906 2808 2105 2853 praeteriit,
2141 2808 2187 2844 ab
2217 2813 2370 2854 utroque

1280 2860 1401 2891 tamen
1409 2857 1441 2877 ²⁰
1462 2855 1577 2900 gradu
1599 2854 1721 2890 liberis
1745 2858 1781 2889 et
1829 2854 2012 2890 arentibus
2031 2854 2149 2899 legata
2166 2853 2369 2899 adscripsit.

1281 2902 1332 2936 ait
1350 2901 1529 2936 Iulianus:
1555 2900 1587 2935 si
1612 2899 1755 2945 quidem
1778 2864 1907 2944 aliquis
1932 2909 1975 2934 ex
1999 2899 2112 2944 primo
2136 2899 2251 2944 gradu
2274 2899 2369 2941 vivit,

1282 2957 1325 2982 ea
1355 2946 1474 2990 legata
1502 2944 1717 2990 praestabit,
1744 2952 1847 2989 ‘quae
1879 2944 2002 2980 liberis
2040 2948 2076 2979 et
2109 2944 2319 2989 parentibus
2349 2955 2370 2979 a

1280 2991 1395 3037 primo
1419 2990 1534 3035 gradu
1558 2990 1644 3026 data
1666 2994 1768 3025 sunt:
1800 2989 1855 3025 sin
1884 3000 1968 3025 vero
1997 2999 2102 3025 nemo
2127 2989 2212 3025 vivit
2236 2999 2368 3032 eorum,

1281 3047 1324 3072 ea
1347 3046 1440 3081 quae
1463 3046 1486 3072 a
1509 3035 1690 3081 sequenti:
1724 3034 1821 3080 quod
1852 3034 1884 3070 si
1913 3045 2028 3080 neque
2050 3044 2095 3070 ex
2118 3034 2232 3079 primo
2254 3033 2369 3079 gradu

1281 3092 1396 3127 neque
1419 3092 1463 3117 ex
1487 3080 1645 3117 secundo
1669 3079 1858 3125 quisquam
1880 3079 1918 3115 in
1940 3080 2049 3115 rebus
2068 3079 2177 3115 fuerit
2192 3079 2368 3121 humanis,

1282 3137 1364 3163 cum
1391 3130 1544 3163 testator
1571 3124 1739 3170 moritur,
1767 3129 1856 3161 tunc
1887 3125 1933 3161 ab
1961 3125 2132 3161 intestato
2160 3123 2273 3168 magIs
2303 3123 2368 3159 bo-

1281 3183 1409 3208 norum
1445 3170 1708 3217 possessionem
1744 3171 1937 3216 praeterito
1967 3170 2041 3206 filio
2072 3172 2274 3215 competere
2301 3178 2367 3203 nec

1280 3218 1398 3262 legata
1432 3217 1599 3262 cuiquam
1662 3215 1873 3252 raestanda:
1911 3215 2008 3261 quod
2044 3216 2076 3251 si
2107 3219 2189 3259 post
2218 3217 2368 3249 mortem

1280 3262 1464 3298 testatoris
1495 3265 1580 3296 ante
1608 3270 1631 3296 a
1654 3261 1742 3296 itam
1770 3261 2004 3296 hereditatem
2027 3259 2182 3296 instituti
2205 3259 2364 3294 decesse—

1280 3308 1363 3350 rint,
1386 3310 1513 3342 contra
1535 3306 1634 3352 ipsos
1651 3306 1794 3351 quidem
1811 3307 1924 3342 videri
1941 3305 2100 3351 petitam,
2125 3307 2366 3339 verumtamen

1281 3354 1328 3388 ab
1353 3352 1403 3387 eis
1427 3352 1552 3387 relicta
1574 3351 1692 3396 legata
1714 3362 1788 3387 non
1810 3361 1889 3388 esse
1920 3349 2152 3396 praestanda,
2182 3348 2246 3384 sed
2274 3358 2367 3393 quae

1281 3408 1304 3433 a
1326 3396 1531 3433 substitutis
1554 3396 1682 3432 relicta
1705 3401 1800 3433 sunt.

1330 3441 1377 3479 11
1405 3441 1463 3478 ΡΛ
1471 3451 1567 3478 nas
1586 3441 1677 3478 libro
1701 3441 1981 3488 quadraqesimo
1998 3440 2122 3486 pm‘mo
2146 3438 2197 3474 ad
2213 3437 2365 3474 edictum

1280 3565 1345 3596 que
1361 3554 1403 3587 ad
1420 3554 1455 3587 id
1471 3554 1561 3597 quod
1579 3557 1628 3589 est
1644 3555 1681 3588 in
1696 3556 1772 3589 dote
1792 3557 1851 3589 ins.
1991 3554 2050 3594 (15)
2075 3551 2273 3595 relegaverit
2283 3552 2366 3586 Hal.

1280 3604 1340 3641 (16)
1365 3600 1465 3632 datur
1479 3599 1530 3632 F²
1679 3603 1737 3641 (ιτ)
1763 3599 1927 3651 relegatae
1941 3599 2021 3631 Hal.
2169 3597 2230 3639 (18)
2256 3607 2328 3630 eam
2340 3594 2373 3631 F

1280 3691 1359 3723 item
1372 3703 1434 3724 wr-
1660 3646 1726 3688 (20)
1749 3647 1921 3687 praetem:
1933 3643 1973 3676 ab
1986 3646 2144 3684 utroque:
2164 3641 2206 3676 ab
2222 3644 2366 3684 utroque
