2528 3918
152 154 210 183 DE
241 150 593 191 QUAESTIOMBUS

151 268 213 299 aut
236 263 356 308 aliquo
380 263 485 299 modo
506 263 691 305 intereant,
716 262 835 298 venire
859 261 987 298 debere
1011 262 1235 308 pretiumque

151 320 270 344 eorum
299 309 335 343 in
366 308 529 353 deposito
562 319 658 350 esse,
691 308 760 342 divi
793 308 943 343 Severus
973 311 1009 343 et
1032 308 1234 343 Antoninus

152 358 170 389 2
217 358 423 390 sanxerunt.
468 353 537 389 Sed
562 358 597 388 et
621 353 721 388 divus
746 353 921 388 Traianus
945 354 1037 389 inter
1059 354 1236 388 moventia

151 403 170 433 3
217 399 358 434 fructus
390 409 530 445 quoque
562 399 685 433 haberi
709 398 902 443 rescripsit.
951 399 1157 433 Curandum
1180 401 1237 434 est

150 448 287 486 autem,
327 454 372 479 ne
409 444 494 489 quid
532 444 566 479 ei
598 444 657 488 qui
688 443 848 488 profugit
878 443 992 479 medio
1024 447 1183 488 tempore
1213 453 1236 477 a

151 490 371 525 debitoribus
399 490 476 524 eius
509 490 686 531 solvatur,
718 499 762 524 ne
785 499 851 534 per
873 489 941 524 hoc
970 489 1057 533 fuga
1081 489 1157 524 eius
1181 489 1234 523 in-

150 538 323 570 struatur.

609 673 743 712 XVIII
755 673 778 711 ¹.

465 739 527 771 DE
552 739 924 775 QUAESTIONIBUS.

198 803 216 842 1
258 804 452 840 Ummvvs
489 804 580 841 libro
611 808 738 840 octavo
774 805 817 839 de
849 805 975 883 ochio
1002 804 1236 850 proconsulis

149 851 189 885 In
214 850 419 885 criminibus
443 850 631 886 eruendis²
655 850 817 895 quaestio
842 850 887 884 ad
914 850 1004 885 iberi
1028 850 1128 884 solet.
1173 848 1236 883 sed

150 895 292 940 quando
316 895 369 929 vel
394 899 568 939 quatenus
592 895 629 930 id
652 895 854 930 faciendum
878 895 934 937 sit,
959 895 1152 930 videamus.
1201 897 1236 928 et

149 952 220 976 non
244 951 323 976 esse
347 951 370 974 a
392 941 576 976 tormentis
600 940 841 986 incipiendum
865 944 902 975 et
925 940 1026 975 divus
1049 941 1234 983 Augustus

149 986 336 1021 constituit
366 996 410 1020 ne
435 996 480 1021 ue
511 986 599 1020 adeo
623 985 729 1020 fidem
763 985 962 1030 quaestioni
986 985 1235 1026 adhibendam,

149 1032 212 1066 sed
244 1034 280 1066 et
310 1031 426 1075 epistu
442 1042 464 1066 a
495 1031 564 1065 divi
586 1030 761 1065 Hadriani
791 1031 837 1065 ad
869 1030 1039 1066 Sennium
1064 1030 1235 1065 Sabinum

154 1081 163 1110 1
218 1076 429 1112 continetur.
479 1076 599 1111 Verba
629 1076 794 1121 rescripti
823 1077 875 1111 ita
904 1087 942 1111 se
973 1077 1124 1111 habent:
1168 1075 1236 1109 ‘Ad

149 1125 337 1156 ‘tormenta
366 1131 548 1157 servorum
577 1121 630 1156 ita
660 1121 800 1156 demum
824 1122 935 1156 veniri
962 1125 1121 1166 oportet,
1155 1131 1236 1155 cum

150 1171 349 1211 ‘suspectus
374 1170 428 1202 est
450 1177 532 1202 reus
557 1170 593 1201 et
615 1166 693 1201 aliis
718 1167 934 1211 argumentis
957 1166 1009 1201 ita
1032 1165 1235 1211 probationi

150 1212 380 1253 ‘admovetur,
405 1215 446 1245 ut
469 1212 546 1247 sola
568 1211 743 1247 confessio
767 1223 949 1247 servorum
974 1212 1097 1247 deesse
1116 1211 1234 1246 videa-

150 1262 169 1292 2
218 1257 311 1292 ‘tur'.
358 1256 455 1292 Idem
490 1257 592 1292 dirus
631 1257 835 1292 Hadrianus
876 1257 1022 1293 Claudio
1061 1257 1234 1300 Quartino

150 1302 351 1346 rescripsit:
386 1313 456 1346 quo
481 1303 653 1347 rescripto
685 1303 773 1337 illud
797 1303 972 1347 expressit
995 1313 1017 1337 a
1041 1302 1233 1347 suspectis-

149 1348 238 1383 simo
270 1347 508 1391 incipiendum
546 1350 583 1382 et
612 1358 634 1381 a
665 1359 735 1392 quo
773 1348 942 1383 facillime
979 1357 1086 1392 posse
1114 1358 1235 1382 verum

150 1397 168 1427 3
216 1393 331 1428 scire³
354 1392 460 1427 iudex
484 1392 683 1428 crediderit.
725 1393 782 1428 Ad
804 1394 1047 1437 quaestionem
1066 1403 1137 1427 non
1156 1403 1235 1427 esse

148 1437 395 1518 provocandos
420 1448 499 1479 eos,
535 1448 625 1482 quos
649 1442 840 1473 accusator
864 1438 907 1473 de
932 1439 1036 1473 domo
1061 1448 1127 1472 sua
1150 1448 1234 1482 pro-

174 1483 264 1526 uxit,
297 1493 363 1518 nec
393 1482 500 1518 facile
530 1483 744 1518 credendum
776 1484 974 1519 subiectam
998 1494 1095 1524 eam,
1129 1494 1234 1528 quam

149 1529 253 1564 ambo
283 1531 448 1573 parentes
479 1528 649 1563 dicuntur
677 1539 798 1563 caram
828 1529 937 1563 filiam
974 1529 1143 1564 habuisse
1177 1539 1233 1563 re-

148 1574 218 1610 scri
245 1577 281 1609 to
296 1573 457 1609 divorum
469 1573 618 1608 fratrum
633 1574 679 1608 ad
690 1574 843 1609 Lucium
856 1574 1085 1610 Tiberianum
1104 1573 1234 1609 emisso

148 1620 169 1652 4
239 1619 429 1654 eclaratur.
477 1618 574 1654 Idem
600 1619 763 1665 Cornelio
787 1619 942 1655 Proculo
971 1620 1235 1664 rescripserunt

148 1675 220 1700 non
244 1665 367 1709 utique
390 1664 427 1698 in
458 1664 551 1699 servi
574 1664 679 1700 unius
705 1665 911 1709 quaestione
941 1664 1050 1700 fidem
1074 1664 1127 1700 rei
1150 1674 1234 1699 con-

147 1709 382 1751 stituendam,
420 1709 484 1745 sed
515 1710 733 1754 argumentis
764 1720 911 1745 causam
951 1709 1232 1745 examinandam.

149 1759 168 1789 5
217 1754 329 1790 Divus
353 1754 574 1797 Antoninus,
599 1759 635 1790 et
658 1755 761 1790 divus
784 1756 989 1791 Hadrianus
1014 1755 1145 1791 Sennio
1170 1755 1235 1790 Sa-

148 1800 250 1840 bino.
283 1800 560 1844 rescripserunt,
593 1811 675 1835 cum
705 1801 798 1836 servi
828 1801 963 1846 pariter
987 1811 1068 1836 cum
1093 1800 1235 1835 domino

148 1855 274 1880 aurum
298 1849 335 1880 et
357 1849 543 1889 argentum
574 1849 782 1889 exportasse
806 1845 1027 1887 dicerentur,
1060 1857 1132 1881 non
1157 1856 1235 1880 esse

148 1891 192 1926 de
213 1890 354 1926 domino
373 1890 659 1935 interrogandos:
685 1901 731 1926 ne
755 1891 908 1935 quidem,
933 1891 963 1926 si
982 1891 1078 1926 ultro
1102 1890 1236 1936 aliquid

149 1940 169 1971 6
216 1935 379 1977 dixerint,
404 1936 530 1971 obesse
554 1936 623 1971 hoc
643 1936 798 1971 domino.
834 1937 916 1971 Divi
939 1937 1070 1972 fratres
1086 1937 1235 1971 Leliano

149 1980 310 2027 Longino
342 1981 602 2026 rescripserunt
632 1981 676 2017 de
707 1992 808 2017 servo
838 1982 1031 2017 heredum⁴
1061 1992 1134 2017 non
1159 1991 1236 2016 esse

147 2026 346 2062 habendam
395 2026 615 2062 uaestionem
638 2027 676 2061 in
700 2037 757 2062 res
781 2027 1017 2063 hereditarias
1026 2029 1050 2069 ⁵,
1076 2027 1236 2072 quamvis

148 2075 352 2117 suspectum
371 2038 518 2114 fuisset,
550 2071 644 2116 quod
667 2072 876 2117 imaginaria
898 2073 1099 2107 venditione
1125 2072 1235 2107 domi-

148 2121 165 2151 7
214 2117 312 2152 nium
348 2117 385 2151 iii
424 2127 466 2151 eo
504 2117 687 2162 quaesisse
717 2118 821 2153 heres
852 2118 1041 2153 videretur.
1090 2118 1237 2153 Servum

148 2163 365 2207 municipum
386 2172 491 2207 posse
514 2164 551 2196 in
575 2166 684 2208 caput
703 2163 832 2198 civium
851 2164 1009 2208 torqueri
1029 2163 1235 2208 saepissime

147 2208 359 2253 rescriptum
382 2211 452 2249 est,
485 2208 568 2252 quia
591 2218 665 2243 non
689 2207 736 2243 sit
758 2208 900 2244 illorum
924 2219 1065 2250 servus,
1097 2208 1160 2243 sed
1183 2208 1236 2243 rei

147 2253 312 2298 publicae
364 2252 527 2297 idemque
551 2253 588 2287 in
612 2253 739 2289 ceteris
763 2254 873 2289 servis
899 2265 1090 2298 corporum
1115 2254 1235 2288 dicen-

148 2298 232 2333 dum
257 2302 326 2333 est:
362 2308 428 2333 nec
451 2298 544 2333 enim
567 2298 722 2343 plurium
746 2309 870 2334 servus
894 2299 1042 2342 videtur,
1068 2299 1132 2334 sed
1157 2309 1234 2334 cor-

149 2347 168 2377 8
214 2343 323 2388 poris.
372 2343 410 2378 Si
441 2353 563 2378 servus
587 2343 684 2379 bona
704 2343 775 2379 fide
804 2344 890 2379 mihi
914 2345 1063 2386 serviat,
1097 2344 1237 2379 etiamsi

148 2388 342 2424 dominium
364 2388 402 2423 in
425 2398 467 2424 eo
491 2399 563 2423 non
586 2388 708 2431 habui,
733 2392 853 2434 potest
877 2390 947 2424 dici
970 2390 1131 2434 torqueri
1154 2399 1236 2425 eum

146 2434 185 2468 in
214 2438 323 2479 caput
352 2444 469 2469 meum
500 2445 573 2469 non
602 2434 742 2470 debere.
789 2435 882 2470 idem
911 2438 968 2470 est
997 2439 1034 2470 et
1055 2435 1093 2470 in
1122 2435 1234 2470 libero

148 2483 168 2514 9
215 2478 368 2521 homine,
393 2479 454 2523 qui
476 2479 572 2514 bona
594 2479 665 2515 fide
689 2480 830 2515 servit⁶.
884 2480 955 2515 Sed
978 2491 1045 2516 nec
1067 2481 1235 2516 libertum

152 2528 191 2559 10
238 2523 398 2569 torqueri
420 2524 457 2558 in
486 2525 629 2569 patroni
653 2528 763 2570 caput
787 2526 1022 2561 constitutum
1045 2529 1111 2561 est.
1158 2525 1235 2560 Nec

147 2570 294 2605 fratrem
319 2569 459 2614 quidem
482 2570 519 2604 in
542 2569 664 2605 fratris
687 2571 881 2615 imperator
904 2574 1026 2606 noster
1049 2581 1131 2606 cum
1154 2570 1235 2606 divo

148 2619 252 2667 patre
277 2625 342 2650 suo
366 2614 569 2659 rescripsit,
601 2615 723 2650 addita
746 2616 903 2660 ratione,
938 2616 1034 2660 quod
1056 2616 1095 2651 in
1118 2626 1200 2652 eum
1209 2617 1234 2659 ⁷,

147 2671 184 2695 in
207 2670 311 2705 quem
335 2659 414 2704 quis
437 2659 568 2695 invitus
587 2661 828 2696 testimonium
847 2661 966 2696 dicere
989 2672 1063 2696 non
1083 2661 1235 2715 cogitur,

152 2708 189 2740 11
237 2705 275 2739 111
304 2714 383 2740 eum
412 2714 478 2740 nec
508 2705 668 2750 torqueri
699 2706 815 2742 debet.
871 2706 1019 2741 Servum
1049 2707 1168 2741 mariti
1198 2707 1235 2741 in

148 2753 259 2795 caput
286 2750 408 2784 uxoris
440 2760 546 2794 posse
578 2756 636 2786 tor
660 2751 737 2786 ueri
767 2751 868 2787 divus
901 2752 1079 2787 Traianus
1109 2752 1234 2788 Sernio

151 2797 191 2829 12
211 2840 216 2846 Π
238 2795 374 2846 Quarto
397 2795 590 2840 rescripsit.
665 2795 767 2831 dem⁸
790 2797 963 2832 Mummio
987 2797 1154 2833 Lolliano
1178 2807 1233 2833 re-

148 2844 294 2885 scripSit
324 2839 483 2875 damnati
513 2850 649 2885 servos,
682 2842 767 2886 quia
796 2842 977 2878 desierunt
1007 2853 1086 2878 esse
1108 2842 1233 2887 ipsius,

151 2888 191 2920 13
238 2895 344 2929 posse
375 2885 414 2919 in
445 2895 525 2920 eum
553 2887 723 2932 torqueri.
774 2887 812 2922 Si
841 2897 964 2923 servus
996 2888 1044 2923 ad
1073 2888 1143 2923 hoc
1167 2889 1236 2923 erit

148 2930 403 2971 manumissus,
435 2940 480 2966 ne
502 2935 729 2977 torqueatur,
762 2932 952 2968 dummodo
976 2933 1013 2968 in
1038 2936 1148 2978 caput
1171 2934 1233 2968 do-

147 2975 233 3010 mini
255 2986 328 3010 non
352 2979 580 3021 torqueatur,
605 2987 711 3021 posse
735 2987 815 3013 eum
837 2978 997 3031 torqueri
1021 2978 1123 3014 divus
1146 2978 1234 3014 Pius

150 3023 193 3055 14
238 3020 433 3065 rescripsit.
470 3020 540 3056 Sed
562 3025 599 3056 et
617 3032 708 3064 eum,
734 3023 795 3068 qui
814 3024 1024 3068 cogmtionis
1044 3027 1234 3069 susceptae

147 3069 306 3118 tempore
337 3066 478 3119 alienus
509 3066 596 3108 fuit,
636 3067 721 3103 licet
750 3072 877 3113 postea
910 3069 964 3104 rei
995 3069 1041 3104 sit
1073 3069 1233 3111 effectus,

147 3114 306 3155 torqueri
333 3122 371 3145 in
403 3112 534 3155 caput⁹
562 3122 669 3156 posse
699 3113 769 3148 divi
798 3113 928 3149 fratres
960 3114 1232 3159 rescripserunt.

150 3159 191 3190 15
239 3156 277 3191 Si
312 3157 390 3200 quis
422 3156 563 3191 dicatur
591 3157 689 3192 nullo
727 3159 803 3194 iure
834 3163 994 3204 emptus,
1031 3170 1104 3195 non
1134 3160 1234 3204 prius

148 3200 307 3246 torqueri
329 3201 469 3246 poterit,
495 3212 601 3246 quam
625 3202 655 3236 si
680 3204 881 3239 constiterit
898 3204 1136 3240 venditionem
1160 3216 1233 3240 non

147 3246 317 3282 valuisse:
351 3250 388 3282 et
415 3246 467 3281 ita
497 3247 693 3292 imperator
721 3253 843 3284 noster
875 3260 955 3285 cum
987 3250 1066 3285 divo
1080 3251 1108 3271 ¹⁰
1130 3254 1234 3303 patre

151 3294 192 3325 16
238 3301 303 3326 suo
334 3292 528 3336 rescripsit.
590 3291 681 3327 Item
712 3293 863 3331 Severus
900 3295 1019 3340 Spicio
1052 3295 1232 3340 Antigono

148 3335 200 3371 ita
222 3336 419 3381 rescripsit:
457 3337 557 3372 ‘Cum
581 3337 741 3381 quaestio
766 3338 811 3374 de
833 3340 943 3375 servis
968 3344 1096 3375 contra
1120 3341 1233 3375 domi-

148 3383 226 3416 ‘nos
249 3390 364 3425 neque
386 3382 511 3418 haberi
535 3382 665 3418 debeat
687 3393 814 3428 neque,
838 3385 869 3420 si
892 3385 991 3420 facta
1014 3386 1077 3427 sit,
1103 3385 1234 3421 dicturi

149 3427 371 3461 ‘sententiam
401 3427 586 3463 consilium
616 3427 793 3464 instruat:
826 3430 937 3466 multo
960 3430 1079 3466 minus
1102 3431 1235 3466 indicia

152 3473 189 3505 Π
239 3474 434 3507 ‘servorum
458 3476 584 3508 contra
608 3473 770 3509 dominos
794 3474 1013 3511 admittenda
1030 3478 1137 3511 sunt'.
1168 3476 1233 3511 Di-

1230 135 1303 183 811

1934 143 2207 185 XXXXVIII
2245 147 2306 186 17.
2336 147 2382 185 18

1303 272 1367 297 vus
1399 261 1551 297 Severus
1582 262 1765 307 rescripsit
1795 264 2034 301 consessiones
2066 277 2206 302 reorum
2237 278 2302 312 pro
2327 278 2386 302 ex-

1304 307 1454 352 ploratis
1488 306 1709 342 facinoribus
1745 310 1867 344 haberi
1902 322 1973 345 non
2010 316 2192 356 oportere,
2229 314 2257 347 si
2289 314 2388 347 nulla

1309 356 1346 387 18
1394 353 1559 397 probatio
1583 352 1786 396 religionem
1811 357 2055 400 cognoscentis
2085 358 2249 392 instruat.
2299 359 2387 393 Cum

1305 397 1449 443 quidam
1485 397 1663 442 deponere
1701 399 1851 442 pretium
1891 402 1981 435 servi
2014 407 2161 446 paratus
2196 407 2306 444 esset,
2348 408 2388 437 ut

1304 453 1426 478 servus
1450 446 1676 487 torqueretur
1695 448 1818 478 contra
1842 445 2031 488 dominum,
2056 447 2247 492 imperator
2267 452 2388 483 noster

1308 492 1347 522 19
1397 498 1478 523 cum
1516 487 1596 522 divo
1635 491 1736 532 patre
1775 499 1840 524 suo
1879 491 1915 524 id
1954 502 2025 526 non
2066 492 2295 528 admiserunt.
2350 494 2387 528 Si

1305 533 1401 569 servi
1426 533 1528 578 quasi
1551 533 1695 568 sceleris
1727 534 1917 579 participes
1947 537 1984 570 in
2008 547 2046 571 se
2068 541 2303 582 torqueantur
2326 539 2386 573 de-

1305 589 1373 623 que
1405 578 1547 613 domino
1579 578 1724 629 aliquid·
1744 578 1878 613 fuerint
1908 581 2060 616 confessi
2091 583 2187 627 apud
2218 583 2385 618 iudicem:

1304 627 1414 669 prout
1444 634 1555 658 causa
1586 626 1759 667 exegerit,
1799 624 1850 658 ita
1886 627 2116 669 pronuntiare
2148 638 2227 662 eum
2259 628 2388 663 debere

1305 669 1405 704 divus
1438 668 1615 703 Traianus
1647 668 1842 712 rescripsit.
1889 681 1958 714 quo
1990 673 2160 716 rescripto
2192 673 2389 707 ostenditur

1303 713 1444 758 gravari
1474 713 1634 748 dominos
1668 713 1892 748 confessione
1924 726 2115 750 servorum.
2164 718 2225 752 sed
2250 719 2295 752 ab
2320 719 2388 752 hoc

1304 759 1478 803 rescripto
1511 769 1693 794 recessum
1726 759 1996 795 constitutiones
2027 763 2240 805 posteriores
2270 768 2387 797 osten-

1305 807 1348 838 20
1397 804 1496 838 dunt.
1543 805 1586 838 In
1618 814 1729 839 causa
1758 804 1987 847 tributorum,
2020 806 2055 839 in
2087 807 2214 851 quibus
2239 818 2315 842 esse
2339 809 2388 842 rei

1305 849 1471 894 publicae
1495 860 1622 884 nervos
1647 848 1779 883 nemini
1804 849 1949 884 dubium
1973 854 2044 893 est,
2076 853 2225 895 periculi
2250 864 2390 897 quoquc

1304 894 1416 937 ratio,
1451 894 1547 939 quod
1570 904 1672 929 servo
1697 894 1834 929 fraudis
1860 896 2002 930 conscio
2029 897 2216 940 capitalem
2241 909 2387 942 poenam

1306 943 1342 974 21
1397 939 1593 981 denuntiat,
1619 939 1777 974 eiusdem
1800 940 2055 985 professionem
2078 944 2285 976 exstruat¹¹.
2323 943 2388 985 Qui

1306 985 1549 1030 quaestionem
1573 985 1762 1019 habiturus
1787 988 1858 1026 est,
1891 996 1962 1019 non
1987 986 2092 1020 debet
2114 987 2313 1031 specialiter
2337 990 2389 1021 in-

1304 1034 1506 1075 terrogare,
1540 1041 1586 1064 an
1610 1029 1744 1064 Lucius
1769 1030 1884 1065 Titius
1910 1031 2133 1065 homicidium
2158 1032 2299 1073 fecerit,
2330 1033 2390 1066 scd

1304 1076 1528 1120 generaliter,
1555 1076 1634 1120 quis
1659 1075 1697 1109 id
1720 1075 1859 1110 fecerit:
1886 1076 2037 1110 alterum
2060 1077 2152 1111 enim
2175 1078 2285 1121 magis
2311 1088 2390 1120 sug-

1303 1121 1458 1166 gerentis
1482 1131 1589 1165 quam
1609 1121 1819 1165 requirentis
1840 1120 1987 1155 videtur.
2022 1125 2057 1155 et
2079 1121 2130 1155 ita
2155 1122 2254 1156 divus
2268 1122 2391 1156 Traia-

1306 1169 1348 1200 22
1396 1177 1463 1201 nus
1488 1166 1682 1210 rescripsit.
1721 1165 1832 1200 Divus
1852 1166 2056 1200 Hadrianus
2077 1166 2268 1210 Calpurnio
2294 1168 2392 1201 Cele-

1304 1212 1405 1246 riano
1441 1212 1479 1245 111
1513 1212 1604 1246 haec
1641 1211 1750 1245 verba
1784 1211 1986 1256 rescripsit:
2035 1212 2213 1254 ‘Agricola
2247 1212 2392 1256 Pompei

1306 1257 1478 1291 ‘Valentis
1503 1267 1625 1291 servus
1658 1256 1703 1291 de
1734 1266 1771 1291 se
1802 1260 1923 1301 potest
1953 1256 2175 1300 interrogari.
2225 1257 2273 1297 si,
2307 1257 2391 1290 dum

1306 1302 1479 1346 ‘quaestio
1500 1302 1664 1343 habetur,
1687 1302 1839 1346 amplius
1857 1301 1995 1343 dixerit,
2018 1302 2068 1336 rei
2085 1302 2193 1336 fuerit
2214 1302 2392 1343 indicium,

1306 1351 1347 1381 225
1399 1351 1482 1382 ‘non
1502 1347 1790 1391 interrogationis
1812 1347 1942 1391 culpa'.
1969 1346 2175 1390 Quaestioni
2196 1347 2299 1382 fidem
2321 1358 2391 1381 non

1306 1403 1443 1437 semper
1467 1403 1534 1427 nec
1554 1397 1675 1427 tamen
1698 1402 1889 1436 numquam
1913 1392 2114 1426 habendam
2134 1392 2393 1427 constitutioni-

1304 1439 1372 1472 bus
1397 1438 1621 1472 declaratur:
1655 1437 1786 1472 etenim
1810 1447 1867 1472 res
1892 1442 1946 1472 est
1969 1437 2104 1481 fragilis
2136 1441 2172 1472 et
2194 1438 2395 1481 periculosa

1304 1487 1340 1518 et
1364 1493 1455 1528 quae
1479 1483 1664 1518 veritatem
1689 1482 1802 1517 fallat.
1842 1493 1924 1517 nam
1950 1483 2109 1527 plerique
2132 1483 2303 1527 patientia
2324 1483 2394 1517 sive

1305 1528 1436 1563 duritia
1474 1531 1732 1563 tormentorum
1763 1528 1816 1562 ita
1852 1531 2031 1563 tormenta
2069 1532 2319 1568 contemnunt,
2356 1531 2395 1561 ut

1303 1573 1453 1618 exprimi
1477 1574 1528 1608 eis
1552 1573 1683 1608 veritas
1708 1573 1807 1608 nullo
1828 1573 1933 1608 modo
1958 1573 2087 1617 possit:
2114 1573 2173 1607 alii
2192 1577 2293 1607 tanta
2313 1577 2396 1607 sunt

1302 1618 1524 1663 inpatientia,
1549 1623 1590 1653 ut
1614 1618 1761 1663 quodvis
1774 1619 1801 1639 ¹²
1824 1618 1966 1653 mentiri
1989 1629 2095 1663 quam
2119 1618 2195 1662 pati
2219 1622 2395 1653 tormenta

1303 1664 1430 1700 velint:
1455 1664 1506 1698 ita
1526 1664 1578 1706 fit,
1604 1668 1644 1698 ut
1667 1664 1773 1699 etiam
1798 1664 1895 1699 vario
1919 1664 2023 1698 modo
2048 1664 2238 1704 fateantur,
2263 1667 2304 1698 ut
2323 1674 2394 1697 non

1305 1713 1349 1744 24
1394 1712 1535 1744 tantum
1553 1719 1603 1751 se,
1627 1719 1750 1744 verum
1774 1710 1881 1744 etiam
1901 1709 1990 1744 alios
2015 1709 2254 1743 criminentur.
2286 1709 2393 1742 Prae-

1304 1758 1403 1790 terea
1424 1755 1649 1789 inimicorum
1681 1754 1883 1798 quaestioni
1911 1754 2000 1789 fides
2031 1754 2156 1789 haberi
2180 1764 2251 1788 non
2275 1753 2393 1796 debet,

1305 1800 1390 1845 quia
1429 1800 1536 1835 facile
1568 1800 1801 1835 mentiuntur.
1856 1810 1922 1835 nec
1954 1804 2073 1834 tamen
2105 1799 2171 1834 sub
2202 1802 2391 1844 praetextu

1303 1845 1609 1880 inimicitiarum¹³
1644 1845 1864 1880 detrahenda
1900 1845 1968 1880 erit
2002 1844 2091 1880 fides
2122 1844 2339 1888 quaestionis
2354 1845 2392 1885 ¹⁴,

1305 1895 1348 1925 25
1397 1900 1578 1936 causaque
1592 1892 1618 1911 ¹⁵
1650 1891 1792 1935 cognita
1823 1890 1990 1925 habenda
2018 1890 2106 1925 fides
2136 1894 2199 1923 aut
2235 1900 2306 1924 non
2329 1889 2392 1923 ha-

1306 1940 1349 1971 26
1396 1935 1526 1971 benda.
1576 1935 1665 1970 Cum
1695 1936 1774 1980 quis
1798 1936 1955 1971 latrones
1985 1935 2148 1976 tradidit,
2183 1934 2393 1979 quibusdam

1304 1981 1487 2026 rescriptis
1518 1981 1722 2016 continetur
1752 1992 1823 2016 non
1856 1981 1985 2016 debere
2017 1981 2121 2015 fidem
2145 1980 2309 2014 haberiffi
2344 1980 2393 2014 eis

1304 2027 1341 2062 in
1365 2037 1445 2068 eos,
1480 2026 1541 2071 qui
1565 2037 1626 2062 eos
1650 2026 1893 2061 tradiderunt:
1932 2025 2144 2070 quibusdam
2168 2036 2270 2066 vero,
2303 2035 2394 2069 quae

1305 2075 1391 2108 sunt
1420 2072 1600 2117 pleniora,
1635 2072 1704 2107 hoc
1735 2075 1898 2114 cavetur,
1931 2076 1972 2106 ut
1995 2081 2109 2115 neque
2132 2070 2299 2105 destricte
2324 2081 2394 2104 non

1304 2118 1532 2159 habeaturff,
1557 2121 1598 2152 ut
1616 2116 1655 2151 in
1680 2120 1881 2152 ceterorum
1901 2127 2054 2161 persona
2075 2116 2176 2157 solet,
2201 2115 2264 2151 sed
2286 2125 2395 2150 causa

1306 2163 1449 2208 cognita
1472 2162 1698 2205 aestimetur,
1723 2162 1890 2198 habenda
1913 2162 2002 2197 fides
2027 2162 2074 2196 sit
2096 2171 2162 2196 nec
2185 2171 2241 2195 ne.
2288 2160 2393 2205 pleri-

1305 2218 1374 2253 que
1406 2208 1516 2251 enim,
1550 2207 1635 2242 dum
1666 2211 1849 2250 metuunt,
1887 2218 1933 2242 ne
1962 2207 2055 2242 forte
2087 2206 2300 2251 adprehensi
2333 2216 2393 2240 eos

1305 2253 1507 2294 nominent,
1539 2253 1694 2298 prodere
1724 2263 1787 2288 eos
1817 2253 1949 2296 solent,
1983 2252 2120 2287 scilicet
2148 2252 2393 2296 impunitatem

1304 2299 1374 2334 sibi
1398 2302 1604 2343 captantes,
1638 2299 1722 2343 quia
1746 2309 1818 2333 non
1842 2298 1948 2333 facile
1972 2298 2022 2332 eis
2046 2297 2285 2331 indicantibus
2308 2306 2392 2340 pro-

1304 2344 1437 2379 ditores
1470 2354 1555 2379 suos
1586 2344 1754 2380 creditur.
1804 2343 1867 2378 sed
1895 2353 2010 2387 neque
2044 2342 2177 2386 passim
2200 2341 2392 2386 impunitas

1305 2390 1354 2425 eis
1378 2400 1445 2434 per
1466 2389 1672 2424 huiusmodi
1694 2388 1915 2433 proditiones
1939 2387 2167 2423 concedenda
2190 2390 2254 2428 est,
2279 2395 2393 2429 neque

1303 2434 1579 2470 transmittenda
1610 2434 1775 2487 allegatio
1807 2434 2001 2469 dicentium
2028 2433 2163 2468 idcirco
2196 2442 2234 2466 se
2266 2441 2392 2466 onera-

1302 2484 1379 2522 tos,
1412 2479 1508 2525 quod
1540 2490 1600 2515 eos
1623 2479 1694 2524 ipsi
1716 2479 1966 2514 tradidissent:
2007 2488 2121 2521 neque
2153 2477 2244 2512 enim
2267 2475 2390 2510 invali-

1305 2526 1388 2560 dum
1412 2528 1660 2570 argumentum
1683 2525 1809 2560 haberi
1832 2524 1938 2559 debet
1962 2523 2137 2558 mendacii
2161 2522 2233 2556 sive
2258 2521 2388 2556 calum-

1304 2573 1345 2606 27
1395 2571 1476 2606 niae
1498 2571 1537 2606 iii
1561 2581 1600 2606 se
1622 2570 1833 2605 instructae.
1870 2569 1908 2604 Si
1931 2569 2009 2613 quis
2033 2569 2127 2602 ultro
2153 2567 2195 2602 de
2218 2565 2391 2601 maleficio

1304 2616 1473 2658 fateatur,
1496 2626 1569 2651 non
1594 2625 1733 2659 semper
1757 2616 1788 2650 ei
1812 2615 1902 2649 fides
1926 2614 2093 2648 habenda
2116 2616 2185 2647 est:
2216 2622 2390 2646 nonnum-

1304 2672 1411 2707 quam
1441 2661 1535 2697 enim
1565 2664 1630 2696 aut
1658 2664 1757 2695 metu
1788 2664 1853 2695 aut
1882 2670 1953 2704 qua
1983 2659 2053 2694 alia
2084 2658 2128 2693 de
2161 2667 2270 2692 causa
2293 2657 2330 2690 in
2353 2666 2391 2690 se

1305 2707 1573 2742 confitenturffl.
1622 2710 1658 2741 et
1687 2709 1786 2741 extat
1810 2705 1963 2750 epistula
1988 2704 2147 2739 divorum
2169 2702 2321 2737 fratrum
2345 2701 2391 2734 ad

1302 2752 1502 2788 Voconium
1532 2751 1681 2794 Saxam,
1715 2761 1785 2795 qua
1817 2750 2020 2786 continetur
2047 2747 2270 2783 liberandum
2300 2757 2389 2787 eum,

1328 2797 1366 2832 ui
1388 2797 1427 2832 in
1450 2807 1488 2833 se
1512 2796 1632 2832 fuerat
1656 2796 1859 2837 confessus,
1893 2795 1995 2830 cuius
2023 2798 2106 2839 post
2130 2792 2390 2828 damnationem

1328 2853 1346 2877 e
1366 2842 1572 2878 innocentia
1593 2842 1863 2877 constitisset¹⁹.
1897 2840 1998 2875 cuius
2017 2840 2125 2874 verba
2143 2839 2231 2873 haec
2240 2839 2270 2858 ²⁰
2290 2841 2388 2871 sunt:

1304 2888 1516 2923 ‘Prudenter
1540 2890 1576 2922 et
1600 2887 1740 2932 egregia
1763 2886 1904 2921 ratione
1927 2884 2178 2924 humanitatis,
2212 2883 2306 2933 Saxa
2331 2891 2389 2915 ca-

1303 2934 1473 2975 ‘rissime,
1505 2932 1727 2967 Primitivum
1756 2942 1915 2973 servum,
1952 2931 2012 2975 qui
2042 2928 2268 2964 homicidium
2291 2937 2327 2960 in
2351 2936 2390 2959 se

1303 2978 1518 3023 ‘confingere
1547 2981 1645 3012 metu
1677 2977 1721 3011 ad
1755 2977 1934 3012 dominum
1975 2974 2170 3009 revertendi
2202 2975 2388 3020 suspectus

1303 3026 1425 3066 ‘esset,
1457 3026 1744 3068 perseverantem
1773 3022 1867 3057 falsa
1891 3019 2189 3056 demonstratione
2214 3017 2390 3051 damnasti

1303 3069 1541 3114 ‘quaesiturus
1567 3067 1611 3103 de
1636 3067 1800 3109 consciis,
1826 3077 1915 3147 guos
1940 3075 2051 3109 aeque
2075 3063 2207 3114 hab-ere·
2230 3071 2268 3095 se
2293 3070 2387 3094 com-

1303 3114 1485 3148 ‘mentitus
1496 3115 1525 3135 2¹
1560 3113 1697 3154 fuerat,
1734 3116 1774 3147 ut
1802 3122 1823 3146 a
1880 3111 2066 3146 certiorem
2078 3110 2108 3129 ²²
2140 3116 2251 3151 ipsius
2285 3106 2326 3139 de
2350 3115 2388 3138 se

1303 3159 1576 3194 ‘confessionem
1601 3158 1814 3203 pervenires.
1863 3166 1928 3191 nec
1960 3156 2093 3189 frustra
2116 3152 2183 3203 fuit
2206 3155 2279 3184 tam
2295 3160 2387 3202 ‘pru'-

1302 3205 1402 3239 ‘dens
1428 3203 1614 3239 consilium
1645 3207 1764 3243 tuum,
1798 3213 1878 3237 cuin
1909 3202 1946 3235 iii
1977 3201 2159 3234 tormentis
2191 3198 2388 3230 constiterit

1303 3253 1430 3294 ‘neque
1452 3249 1534 3284 illos
1558 3248 1591 3283 ei
1612 3248 1774 3283 conscios
1799 3247 1911 3282 fuisse
1934 3249 1969 3280 et
1992 3245 2107 3288 ipsum
2132 3241 2174 3275 de
2199 3250 2237 3275 se
2256 3243 2388 3273 temere

1302 3297 1564 3330 ‘commentum
1610 3297 1714 3338 potes
1738 3293 1859 3337 itaque
1883 3290 2014 3326 decreti
2038 3287 2187 3338 gratiam
2211 3285 2333 3334 facere·
2351 3288 2387 3317 et

1303 3343 1396 3375 ‘eum
1418 3349 1483 3384 per
1506 3338 1666 3374 officium
1690 3337 1842 3373 distrahi
1864 3337 1996 3373 iubere,
2023 3332 2229 3367 condicione
2254 3329 2385 3367 addita,

1304 3386 1360 3420 ‘ne
1383 3394 1550 3429 umquam
1573 3384 1612 3418 in
1634 3386 1849 3429 potestatem
1880 3378 2011 3414 domini
2034 3380 2254 3427 revertatur,
2283 3383 2386 3418 quem

1304 3430 1431 3475 ‘pretio
1462 3432 1608 3474 recepto
1640 3432 1776 3463 certum
1814 3426 1985 3460 habemus
2015 3423 2165 3457 libenter
2193 3419 2255 3471 tali
2286 3428 2386 3453 servo

1304 3475 1535 3510 ‘cariturum'.
1575 3474 1645 3509 hac
1654 3474 1684 3494 ²³
1707 3471 1861 3518 epistula
1885 3468 2115 3513 significatur,
2141 3475 2241 3509 quasi
2265 3473 2386 3498 servus

194 3586 234 3627 (1)
259 3585 339 3618 δατ).
357 3593 447 3624 1...11;
464 3588 528 3619 Ed.
544 3594 661 3626 12...16;
681 3588 765 3630 Pap.
780 3595 948 3622 17...22.—
962 3589 1047 3623 Bas.
1061 3592 1116 3632 60,
1129 3597 1231 3623 50.-

152 3631 202 3674 Cf.
222 3631 298 3664 cod.
313 3632 346 3672 9,
357 3639 389 3665 41
451 3632 496 3674 (2)
518 3632 688 3665 servandis
699 3632 753 3665 F2
810 3634 853 3675 (3)
878 3634 958 3667 seiri
971 3636 1043 3669 edd.
1105 3636 1149 3677 (4)
1173 3635 1231 3667 he—

149 3675 237 3708 redis
244 3675 417 3721 Schultiny
463 3677 508 3719 (5)
523 3677 613 3710 inter
624 3678 843 3711 hereditarios
854 3678 894 3711 de
905 3690 942 3712 re
953 3679 1157 3713 hereditaria
1168 3693 1230 3713 scr.

150 3722 193 3761 (6)
216 3721 302 3754 servi
314 3722 348 3754 F
416 3723 459 3763 (7)
482 3721 520 3754 in
533 3732 608 3755 eum
620 3724 680 3756 del.
758 3725 804 3766 (8)
827 3724 908 3756 item
919 3725 954 3756 F
1016 3726 1062 3767 (9)
1086 3725 1157 3759 eius
1170 3726 1229 3758 ins.

150 3767 192 3798 R.
206 3766 393 3810 Stephanus
446 3770 507 3807 (10)
532 3767 599 3800 duo
613 3769 648 3800 F
691 3770 746 3809 (11)
771 3768 944 3801 confirmat
955 3783 1016 3803 scr.
1067 3771 1124 3811 (12)
1149 3780 1230 3811 quo-

1301 3589 1351 3620 vis
1370 3589 1404 3621 F
2020 3583 2080 3623 (14)
2106 3579 2293 3623 quaestioni
2313 3580 2386 3613 edd.

1301 3635 1362 3676 (15)
1384 3643 1548 3675 causaque
1562 3634 1622 3673 F¹‚
1639 3633 1695 3665 sed
1708 3640 1805 3663 causa
1816 3629 1868 3661 F2
1938 3631 1994 3668 (16)
2021 3627 2139 3659 habere
2154 3626 2189 3658 F
2244 3626 2305 3667 (17)
2329 3635 2386 3656 ne-

1300 3689 1365 3720 que
1382 3679 1432 3711 ita
1451 3679 1613 3711 habeatur
1633 3679 1692 3710 ins.
1786 3676 1845 3716 (18)
1872 3674 2057 3706 eomfitetur
2078 3672 2130 3704 F²
2221 3671 2283 3713 (19)
2309 3680 2386 3701 eon-

1299 3724 1462 3757 stituisset
1481 3724 1535 3756 F2
1664 3722 1729 3763 (2ο)
1753 3721 1815 3752 hae
1834 3720 1869 3752 F
1997 3719 2054 3757 (21)
2081 3719 2284 3749 commentus
2303 3715 2384 3747 Hal.

1300 3769 1366 3811 (22)
1391 3779 1490 3811 quam
1509 3770 1570 3801 ins.
1665 3766 1729 3809 (23)
1753 3766 1834 3797 haeo
1855 3765 1888 3796 F

1499 3588 1558 3631 (13)
1582 3586 1855 3620 inimiciatiarum
1876 3585 1910 3616 F

2031 3818 2115 3850 102*
