2528 3918
205 108 411 152 xxm5

204 230 277 267 litis
300 229 581 266 aestimationem
603 227 819 274 praestabit:
877 229 948 265 uod
979 228 1010 264 si
1044 229 1193 264 maritus
1224 229 1295 264 sol·

205 275 320 312 vendo
342 285 413 310 non
433 274 510 317 erit,
532 273 636 309 utiles
648 273 809 310 actiones
830 283 852 309 a
878 283 999 310 versus
1012 273 1144 309 Titium
1157 274 1295 309 mulieri

209 324 223 356 1
274 320 320 355 ad
352 318 623 355 restaurandam
662 318 864 354 servitutem
900 319 1041 354 dantur.
1105 318 1176 354 Sed
1215 329 1295 354 cum

205 376 297 402 uxor
318 364 469 400 fundum
493 364 551 400 cui
574 363 722 410 praedia
745 363 810 400 viri
832 365 1036 399 servitutem
1056 363 1237 399 debebant
1258 363 1296 399 in

206 410 325 447 dotem
348 410 421 452 dat,
453 409 588 444 fundus
612 408 658 444 ad
680 409 844 444 maritum
867 408 1029 455 pervenit
1059 408 1192 444 amissa
1221 418 1295 444 ser-

204 456 316 491 vitute
351 459 388 490 et
421 454 501 490 ideo
536 464 609 490 non
643 457 764 500 potest
797 453 907 489 videri
941 463 1006 499 per
1040 454 1204 489 maritum
1239 454 1295 489 ius

203 500 306 536 fundi
329 499 486 535 deterius
508 499 657 535 factum.
694 499 779 545 quid
802 508 884 543 ergo
909 499 989 534 est?
1012 498 1132 535 officio
1152 498 1197 534 de
1213 498 1296 534 dote

203 545 396 582 iudicantis
418 544 668 587 continebitur,
681 549 722 580 ut
743 543 983 589 redintegrata
994 544 1164 579 servitute
1175 544 1296 579 iubeat

204 590 356 626 fundum
379 589 517 625 mulieri
540 589 595 626 vel
618 589 741 625 heredi
765 589 840 625 eius
864 588 976 623 reddi.

251 632 276 674 8
301 636 486 672 ALFENUS
504 635 596 671 libro
620 636 725 670 tertio
749 634 790 670 de·
814 638 969 669 estonam
993 644 1017 669 a
1040 632 1159 669 Paulo
1182 634 1295 680 epito-

204 684 383 717 matorum
417 679 483 716 Vir
503 680 542 716 in
563 679 677 715 fundo
702 646 812 715 dotafl
835 679 956 714 uxoris
979 682 1105 723 rogatu
1130 679 1295 714 olivetum

204 725 408 763 succiderat
436 724 483 761 ad
514 725 602 768 hoc,
628 726 689 760 ut¹
722 724 899 760 novellum
930 727 1137 769 reponeret:
1170 727 1296 769 postea

203 771 256 808 vir
277 774 439 807 mortuus
463 775 541 806 erat
564 775 601 807 et
629 769 731 805 uxori
764 769 882 805 dotem
912 769 1140 813 relegaverat.
1189 769 1294 814 ligna,

204 826 297 863 quae
320 826 373 897 egl
387 816 517 852 oliveto
541 816 662 852 excisa
686 819 816 857 essent,
840 819 1007 860 oportere
1033 814 1173 849 mulieri
1194 813 1295 849 reddi

203 872 261 898 res
287 871 334 897 on
362 861 398 897 ’t.

300 907 528 943 AFRIGANUS
548 905 639 941 libro
662 909 788 940 octavo
809 904 1058 950 quaestionum
1106 903 1144 939 Si
1168 903 1294 938 marito

204 951 358 988 debitori
380 950 483 987 fundi
507 950 543 986 id
566 949 662 996 quod
685 949 791 985 debet
825 949 899 985 doti
931 949 1058 984 mulier
1081 948 1294 994 promiserit,

206 1002 222 1033 1
273 997 427 1033 dotalem
450 995 601 1032 fundum
624 994 730 1031 effici.
778 994 882 1039 Quod
905 994 936 1030 si
959 994 991 1030 ei
1014 994 1209 1040 promittat,
1234 993 1295 1045 qui

202 1042 354 1079 fundum
386 1045 451 1077 aut
482 1041 604 1076 decem
635 1039 775 1082 debuit,
806 1040 843 1075 in
875 1039 1022 1075 arbitrio
1055 1049 1132 1075 esse
1163 1038 1294 1081 manti,

203 1090 225 1125 2
271 1087 357 1134 quid
379 1087 416 1122 in
440 1086 524 1122 dote
547 1086 604 1121 sit.
659 1084 763 1130 Quod
793 1085 824 1121 si
856 1084 1017 1120 Stichum
1051 1088 1114 1120 aut
1143 1083 1295 1119 fundum

203 1132 329 1170 debuit
350 1132 499 1168 maritus
524 1135 560 1166 et
607 1130 679 1166 uod
703 1130 820 1173 debet,
844 1130 920 1166 doti
944 1129 975 1165 ei
999 1130 1212 1176 promissum
1236 1129 1293 1171 sit,

203 1181 225 1214 3
272 1178 396 1214 Sticho
420 1181 560 1212 mortuo
601 1175 735 1210 undum
769 1176 806 1210 in
831 1175 949 1211 dotem
983 1184 1069 1210 esse.
1117 1175 1184 1210 His
1208 1184 1293 1210 con-

202 1233 357 1270 sequens
381 1232 459 1258 esse
482 1222 543 1264 ait,
567 1225 619 1263 ut,
644 1221 674 1256 si
698 1220 949 1256 Cornelianum
980 1225 1045 1255 aut
1069 1219 1294 1265 Sempronia-

202 1279 288 1305 num
310 1267 461 1303 fundum
485 1266 627 1302 debenti
650 1265 686 1301 id
710 1265 806 1311 quod
837 1265 944 1301 debet
975 1265 1049 1301 doti
1081 1264 1294 1310 promissum

202 1314 262 1356 sit,
285 1317 405 1349 utrum
430 1322 552 1348 eorum
577 1311 732 1346 dotalem
757 1320 836 1346 esse
858 1311 961 1346 malit
969 1311 995 1346 ².
1043 1311 1151 1355 plane
1173 1313 1293 1345 utrum

202 1359 307 1402 velit,
338 1358 593 1394 alienaturum:
627 1356 778 1392 alterum
809 1356 981 1391 alienari³
1003 1366 1076 1391 non
1098 1365 1217 1401 posse.
1265 1354 1295 1390 si

201 1407 323 1439 tamen
346 1402 525 1439 alienum⁴
556 1412 680 1437 rursus
702 1401 874 1443 redimat,
908 1401 1026 1436 adhuc
1059 1401 1097 1436 in
1129 1400 1205 1436 eius
1229 1410 1293 1446 po-

202 1452 334 1485 testate
357 1452 422 1491 est,
446 1457 493 1483 an
517 1457 608 1489 eum,
634 1456 738 1492 quem
761 1445 978 1489 retinuisset,
1003 1446 1176 1481 alienari³
1199 1446 1292 1481 velit.

251 1492 302 1531 10
326 1492 383 1529 ΡΑ
391 1503 487 1529 Ubus
513 1492 604 1528 libro
636 1492 762 1538 quinto
793 1492 1044 1538 quaestionum
1098 1491 1180 1526 Erit
1211 1501 1250 1526 er
1272 1500 1293 1526 o

250 1542 363 1574 testas
393 1538 480 1583 legis
513 1536 752 1572 ambulatoria
762 1538 787 1579 ⁵,
828 1537 913 1589 quia
943 1536 1100 1572 dotalis⁶
1129 1536 1199 1571 fuit
1230 1547 1251 1571 o
1279 1555 1293 1562 -

217 1585 225 1592 '
272 1584 334 1619 tio.
381 1582 554 1629 numquid
584 1592 667 1628 ergo
699 1581 804 1617 etiam
836 1582 897 1617 1110
928 1581 1086 1617 nondum
1110 1581 1293 1626 redempto

237 1633 352 1665 terum
400 1638 519 1674 uoque
542 1627 698 1663 alienare
754 1627 861 1670 ossit,
894 1627 977 1680 quia
1001 1630 1121 1673 potest
1144 1627 1294 1662 alterum

200 1640 399 1711 redimere‘i
423 1684 470 1709 an
492 1673 563 1709 hoc
587 1683 659 1708 non
679 1672 723 1708 de
749 1676 785 1708 et
804 1673 926 1725 recipi,
950 1676 991 1707 ut
1011 1672 1130 1707 nullus
1154 1672 1190 1707 in
1211 1671 1296 1707 dote

201 1720 275 1757 sit?
311 1723 407 1755 certe
438 1729 483 1755 ex
513 1722 597 1764 post
625 1717 723 1753 facto
765 1717 945 1753 videbitur
982 1721 1080 1753 recte
1118 1717 1294 1752 alienatus

200 1765 262 1801 illo
313 1768 413 1801 ostea
435 1763 631 1809 redempto.

251 1775 309 1847 1f
326 1810 554 1846 AFRICANUS
573 1808 665 1844 libro
689 1813 815 1844 octavo
839 1808 1091 1853 quaestionum
1169 1806 1241 1842 uod
1264 1806 1295 1842 si

200 1854 335 1892 fundus
358 1855 396 1890 in
420 1854 538 1890 dotem
562 1854 770 1889 aestimatus
795 1853 900 1888 datus
920 1852 978 1895 sit,
999 1856 1041 1888 ut
1061 1852 1187 1888 electio
1201 1855 1296 1888 esset

201 1900 376 1943 mulieris,
412 1899 553 1944 negavit
597 1898 745 1934 alienari
778 1897 930 1933 fundum
964 1907 1088 1943 posset
1133 1896 1230 1943 quod
1265 1897 1295 1933 si

202 1945 350 1982 arbitrio
375 1944 493 1980 mariti
517 1944 574 1987 sit,
599 1948 726 1979 contra
749 1953 839 1979 esse.

251 1988 302 2028 12
327 1990 575 2026 Pammws
595 1989 686 2024 libro
703 1989 828 2036 primo
861 1987 907 2023 de
930 1987 1121 2023 adulteriis
1174 1986 1294 2022 Etiam

201 2036 257 2072 si⁷
289 2036 463 2080 dirempto
494 2034 719 2070 matrimonio
760 2033 880 2069 dotale
938 2033 1098 2068 raedium
1130 2042 1208 2068 esse
1241 2032 1294 2068 in-

205 2085 219 2116 1
270 2080 455 2126 tellegitur.
503 2079 626 2115 Soceri
649 2079 813 2114 voluntas
836 2078 874 2114 in
932 2079 939 2085 ‘
961 2077 1162 2113 trahendo⁸
1185 2077 1295 2113 dotali

201 2126 348 2172 praedio
371 2124 471 2160 nulla
494 2128 549 2160 est

251 2168 301 2208 13
334 2169 530 2206 Uzmnvs
557 2169 648 2204 libro
707 2169 808 2203 uinto
839 2167 884 2203 de
918 2167 1110 2203 adulteriis
1166 2167 1296 2203 Dotale

202 2215 387 2262 praedium
430 2214 594 2260 accipere
638 2213 683 2248 de
710 2223 808 2248 emus
849 2216 924 2248 tam
967 2212 1145 2248 urbanum
1188 2222 1295 2258 quam

201 2260 419 2297 rusticum⁰z
444 2259 491 2295 ad
522 2269 626 2295 omne
650 2259 742 2294 enim
766 2257 967 2293 aedificium
999 2258 1056 2293 lex
1089 2257 1181 2292 Iulia
1213 2267 1293 2310 per-

205 2310 220 2342 1
270 2305 409 2342 tinebit.
454 2304 599 2341 Praedii
622 2303 864 2350 appellatione
887 2303 994 2338 etiam
1050 2312 1109 2338 ars
1133 2307 1294 2338 contuie-

201 2355 272 2387 tur.
320 2349 470 2404 proinde
492 2350 566 2386 sive
588 2352 703 2385 totum
726 2348 911 2395 praedium
945 2348 984 2383 in
1032 2352 1127 2383 otem
1160 2348 1209 2384 sit
1230 2347 1293 2383 da-

200 2400 278 2432 tum
310 2406 384 2432 sive
411 2405 501 2448 pars
532 2394 688 2441 praedii,
719 2393 867 2429 alienari
890 2403 962 2429 non
984 2393 1133 2439 poterit:
1166 2398 1201 2429 et
1224 2393 1294 2428 hoc

201 2445 222 2477 2
269 2442 347 2477 iure
370 2444 513 2476 ut1mur.
549 2440 680 2475 Dotale
698 2438 884 2485 praedium
908 2438 960 2474 sic
983 2437 1191 2484 accipimus,
1212 2449 1293 2474 cum

200 2486 397 2523 dominium
432 2485 561 2521 marito
607 2485 807 2531 quaesitum
842 2487 918 2526 est,
956 2487 998 2519 ut
1029 2487 1116 2518 tunc
1152 2483 1293 2519 demum

202 2535 223 2567 3
269 2531 438 2568 alienatio
473 2530 718 2576 prohibeatur.
784 2529 917 2564 Heredi
959 2539 1103 2575 quoque
1136 2528 1293 2564 mulieris

200 2576 294 2613 idem
314 2576 485 2612 auxilium
504 2575 757 2621 praestabitur,
770 2574 867 2620 quod
878 2574 1016 2609 mulieri
1052 2574 1291 2609 raestabatur.

202 2625 223 2657 4
270 2621 307 2657 Si
343 2631 455 2657 uxore
489 2621 618 2656 herede
651 2620 817 2656 instituta
850 2618 984 2655 fundus
1045 2619 1151 2655 otalis
1183 2618 1293 2655 fuerit

201 2666 352 2712 legatus,
377 2667 406 2701 si
424 2666 566 2712 quidem
583 2665 745 2701 deductis
766 2665 891 2710 legatis
910 2664 1038 2700 mulier
1081 2664 1291 2700 uantitatem

199 2710 296 2747 dotis
319 2712 356 2746 in
380 2711 612 2747 hereditatem
627 2712 654 2733 ¹⁰
670 2710 840 2746 habitura
863 2714 928 2753 est,
952 2709 1048 2745 valet
1057 2675 1238 2755 (legatum,
1262 2710 1292 2745 si

202 2756 329 2799 minus,
354 2766 400 2791 an
425 2766 496 2792 non
520 2756 648 2798 valeat,
673 2755 867 2802 quaeritur.
896 2754 1081 2798 Scaevola,
1104 2759 1142 2790 et
1165 2755 1196 2791 si
1219 2765 1292 2791 non

202 2871 244 2911 (ι)
268 2869 311 2902 ad
322 2869 386 2902 hoc
401 2873 438 2902 ut
449 2871 536 2911 deta,
550 2870 613 2903 hoc
626 2870 661 2903 F
788 2871 832 2911 (2)
857 2872 970 2902 utrum
983 2879 1097 2903 eorum
1109 2868 1217 2910 malit,
1231 2868 1290 2902 do·

202 2913 303 2948 talem
317 2924 390 2947 esse
410 2915 591 2949 Waecmler
691 2917 733 2957 (3)
758 2914 906 2948 alienare
918 2915 991 2949 edd.
1093 2915 1138 2957 (4)
1163 2914 1289 2947 aliena-

202 2962 273 2993 tum
288 2961 359 2993 edd.
499 2961 542 3002 (5)
568 2960 809 2993 ambulatoriae
821 2960 857 2994 F
990 2961 1034 3002 (6)
1059 2960 1140 3001 quia
1153 2959 1290 3002 dotalis]

200 3004 338 3049 quando
350 3004 429 3037 talis
434 3007 511 3048 sere
523 3013 558 3039 ιιε
571 3005 722 3040 Cuiact'us
821 3006 866 3048 (7)
891 3005 921 3038 si
934 3005 996 3040 del.
1099 3005 1142 3046 (8)
1168 3004 1290 3038 distra-

1284 103 1370 155 310

1357 2869 1625 2959 ῗιῖΐᾱιῖιζετίῒιιτ,
1647 2918 1681 2949 et
1699 2916 1729 2949 si
1749 2926 1817 2949 non
1842 2918 1952 2957 totus,
1974 2916 2032 2949 sed
2053 2916 2104 2949 vel
2124 2915 2239 2959 aliqua
2258 2925 2336 2959 pars
2356 2925 2395 2948 ex
2408 2925 2447 2947 eo

1359 2961 1527 2994 vindicari
1562 2961 1680 3004 possit.
1718 2961 1878 2994 Scaevola
1901 2973 1963 2996 ter.

2003 119 2066 153 DE
2094 119 2249 152 muno
2278 120 2449 153 norm

1363 231 1473 271 totus,
1497 229 1560 265 sed
1583 229 1638 265 vel
1662 229 1782 276 aliqua
1830 239 1889 266 ars
1913 239 1956 265 ex
1975 240 2018 265 eo
2037 229 2208 266 vindicari
2230 230 2356 276 possit,
2385 232 2450 267 ¹¹si

1365 273 1470 309 modo
1503 274 1623 320 aliqua
1657 284 1741 320 pars
1774 240 1829 310 ad,
1855 275 1971 311 dotem
2008 274 2242 321 supplendam
2278 276 2369 311 desit
2382 303 2390 318 ,
2415 277 2449 312 id

1365 318 1550 354 dumtaxat
1574 330 1618 354 ex
1642 329 1684 355 eo
1707 329 1891 355 remanere
1913 321 2009 365 apud
2041 320 2223 355 mulierem
2255 321 2323 362 ait,
2356 322 2450 366 quod

1364 363 1564 409 quantitati
1580 365 1675 400 dotis
1698 364 1808 400 deest.

1414 407 1465 446 14
1489 408 1650 445 PAULUS
1677 409 1769 445 libro
1793 411 1898 446 tertio
1930 411 1975 447 de
1999 412 2188 446 adulteriis·
2234 411 2270 446 si
2296 422 2343 446 nu
2371 415 2451 446 tura

1365 453 1460 489 Titio
1499 453 1683 490 voluntate
1721 454 1796 490 eius
1833 454 1982 491 fundum
2015 456 2108 492 dotis
2139 455 2280 491 nomine
2352 457 2450 492 aevio

1363 498 1575 552 tradit-„dos
1598 499 1675 535 eius
1699 499 1916 537 condicionis
1949 502 2034 544 erit,
2068 501 2170 536 cuius
2194 504 2306 542 esset,
2330 501 2361 536 si
2384 501 2451 553 ipsi

1367 547 1381 578 1
1432 544 1528 579 Tltlo
1562 543 1713 580 fundum
1745 544 1959 582 tradidisset.
2031 546 2068 582 Si
2112 546 2268 581 mulieris
2311 556 2452 582 nomme

1363 587 1443 634 quis
1465 588 1616 625 fundum
1646 589 1683 625 in
1715 589 1833 642 dotem
1863 590 2017 634 dederit,
2048 591 2178 627 dotalis
2207 590 2341 626 fundus
2365 591 2450 626 erit:

1363 637 1511 680 propter
1532 644 1680 670 uxorem
1712 644 1804 670 emm
1835 635 1974 672 videtur
2003 637 2034 672 is
2057 636 2191 672 fundus
2215 635 2262 671 ad
2285 636 2451 671 maritum

1365 681 1385 713 2
1431 679 1645 731 pervenisse.
1702 678 1740 715 Si
1777 679 1927 716 fundum
1968 681 2123 717 alienum
2153 681 2290 716 mulieri
2325 681 2453 716 debeat

1364 727 1512 776 mantus
1545 735 1695 770 eumque
1725 725 1849 761 mulier
1879 726 1911 761 ei
1943 726 2036 762 dotis
2067 726 2210 762 nomine
2239 726 2451 771 promiserit,

1363 779 1400 804 m
1430 769 1601 814 pendenti
1632 770 1700 806 erit
1733 774 1769 805 et
1800 774 1888 806 tuuc
1919 771 1982 806 fiet
2012 770 2141 806 dotalis
2154 797 2165 814 ,
2196 781 2278 806 cum
2301 770 2348 806 ad
2373 781 2451 806 eum

1364 817 1384 849 3
1457 815 1640 850 ervenerit.
1688 814 1727 850 Si
1756 814 1907 851 fundum
1938 816 2094 862 legatum
2125 815 2194 851 sibi
2225 815 2319 851 dotis
2343 826 2453 852 causa

1363 869 1398 894 m
1451 869 1490 894 er
1511 859 1751 902 repudiaverit
1771 860 1827 896 vel
1850 861 1958 897 etiam
1982 861 2176 897 substituto
2199 861 2275 896 viro
2295 861 2453 897 omiserit

1363 904 1599 940 hereditatem
1626 905 1682 941 vel
1704 906 1871 951 legatum,
1896 906 1963 942 erit
1984 905 2119 942 fundus
2143 905 2284 942 dotalis.

1416 948 1463 987 15
1488 949 1735 986 PAPJMANUS
1763 951 1855 987 libro
1888 952 1994 987 tertio
2017 961 2273 998 responsorum
2321 950 2452 987 Dotale

1363 994 1753 1076 {Saffissfflinuffli
1769 997 2032 1077 pfffffflff‘iii
2044 996 2412 1077 mtissuif‘opffltmdffleff
2411 1006 2452 1031 ‘²⁸

1363 1084 1579 1128 declaravit,
1612 1085 1650 1121 in
1683 1052 1914 1122 matr-i‘ilnonilds
1943 1052 2113 1122 d‘efuncssa
2154 1051 2299 1122 mufferxg
2340 1052 2452 1122 virxffi

1362 1130 1515 1210 {etlijnege
1537 1130 1683 1176 placuit,
1708 1131 1792 1177 quia
1815 1132 1941 1167 mulier
1964 1131 2140 1168 actionem
2173 1142 2217 1167 ex
2248 1135 2355 1177 pacto
2379 1142 2451 1167 non

1388 1185 1411 1210 a
1436 1186 1474 1210 ιιι
1492 1203 1500 1210 .

1412 1218 1463 1258 16
1490 1219 1740 1257 Tarromzws
1759 1221 1851 1257 libro
1874 1221 2062 1258 undecimo
2086 1222 2372 1268 disputationum
2415 1221 2453 1257 Si

1362 1265 1532 1309 fundum,
1566 1276 1670 1312 quem
1704 1266 1820 1302 Titius
1851 1266 2059 1312 possidebat
2088 1267 2185 1302 bona
2215 1265 2286 1302 fide
2298 1267 2326 1288 ¹²
2357 1266 2454 1311 longi

1362 1311 1532 1357 temporis
1555 1312 1781 1357 possessione
1802 1315 1946 1357 poterat
1968 1312 2036 1348 sibi
2060 1322 2240 1358 quaerere,
2265 1311 2390 1347 mulier
2412 1315 2454 1347 ut

1363 1367 1468 1392 suum
1492 1357 1619 1393 marito
1652 1357 1749 1392 dedit
1778 1357 1816 1392 in
1849 1356 1969 1392 dotem
2001 1367 2152 1403 eumque
2181 1361 2304 1402 petere
2334 1356 2452 1402 negle-

1362 1402 1454 1437 xerit
1487 1402 1560 1444 vir,
1596 1412 1677 1437 cum
1711 1402 1748 1437 id
1781 1401 1903 1438 facere
1936 1407 2080 1448 posset,
2114 1413 2189 1438 rem
2246 1401 2367 1438 ericuli
2398 1401 2454 1437 sui

1362 1446 1466 1482 fecit:
1498 1457 1582 1482 nam
1605 1447 1690 1483 licet
1712 1447 1770 1483 lex
1792 1447 1895 1490 Iulia,
1915 1458 2009 1494 quae
2019 1451 2118 1484 vetat
2135 1446 2201 1483 fun
2226 1446 2452 1483 umdotalem

1363 1491 1522 1535 alienari,
1546 1492 1724 1538 pertineat
1747 1492 1854 1528 etiam
1877 1493 1924 1528 ad
1946 1492 2150 1528 huiusmodi
2169 1491 2452 1538 adquisitionem.

1363 1547 1436 1573 non
1459 1541 1579 1572 tamen
1602 1537 1656 1573 int
1721 1537 1844 1573 ellat¹³
1868 1548 1947 1573 eam
1969 1537 2251 1583 possessionem,
2274 1547 2367 1583 quae
2416 1547 2453 1572 er

1362 1582 1506 1628 longum
1529 1586 1669 1628 tempus
1718 1587 1745 1626 t,
1769 1583 1801 1618 si
1823 1588 1926 1626 ante,
1981 1593 2066 1618 uam
2089 1583 2367 1619 constitueretur
2413 1593 2452 1618 0-

1362 1627 1445 1663 talis
1468 1627 1615 1670 fundus,
1638 1628 1708 1663 iam
1733 1632 1911 1681 coeperat.
1944 1639 1969 1674 p
2006 1639 2051 1664 ne
2081 1628 2113 1664 si
2142 1627 2347 1674 paucissimi
2378 1627 2452 1663 dies

1363 1672 1409 1708 ad
1431 1672 1683 1718 perficiendam
1714 1673 1809 1718 longi
1840 1674 2011 1719 temporis
2038 1673 2304 1726 possession·-
2327 1682 2451 1719 super·

1362 1717 1519 1760 fuerunt,
1545 1718 1630 1753 nihil
1654 1719 1731 1761 erit,
1756 1718 1852 1764 quod
1874 1719 2109 1765 imputabitur
2130 1717 2270 1757 marito,

1413 1761 1462 1800 17
1488 1762 1761 1799 Mraeezfflvsss
1793 1764 1884 1800 libro
1914 1765 2064 1817 septimo
2088 1764 2308 1818 diqestorum
2353 1762 2452 1798 Fun·

1363 1808 1448 1844 dum
1469 1808 1624 1845 dotalem
1644 1809 1792 1845 maritus
1811 1809 1968 1845 vendidit
1985 1813 2022 1845 et
2040 1808 2207 1845 tradidit:
2232 1808 2264 1844 si
2280 1808 2451 1844 inmatri-

1364 1854 1482 1889 monio
1514 1854 1640 1890 mulier
1671 1853 1864 1890 decesserit
1893 1859 1932 1890 et
1962 1854 2027 1890 dos
2058 1855 2160 1890 lucro
2191 1853 2311 1889 mariti
2334 1853 2451 1896 cessit,

1364 1898 1496 1934 fundus
1521 1900 1673 1945 emptori
1695 1899 1799 1935 avelli
1823 1910 1895 1935 non
1917 1903 2047 1946 potest.

1413 1941 1464 1982 18
1489 1943 1536 1979 IA
1544 1954 1716 1980 vozmws
1751 1944 1842 1980 libro
1873 1949 1978 1981 sexto
2009 1956 2060 1981 ea·
2088 1943 2352 1998 posterioribus
2381 1942 2452 1978 Lu-

1364 1989 1488 2025 beonis
1534 1989 1598 2025 Vir
1626 1989 1663 2024 in
1693 1989 1807 2025 fundo
1838 1989 1949 2025 dotali
1988 1989 2199 2036 lapidicinae
2237 1998 2452 2024 marmoreas

1364 2038 1571 2080 aperuerat:
1616 2034 1766 2070 divortio
1797 2034 1895 2070 facto
1930 2036 2133 2088 quaeritur,
2167 2043 2323 2070 marmor
2357 2033 2451 2086 quod

1365 2089 1513 2160 “2323
1535 2083 2174 2171 Reiissiffi‘fflffimfflffinffi
2193 2082 2452 2176 3⁸3ra⁸e²s¹t3¹r¹z

1389 2170 1520 2206 eberet.
1545 2170 1669 2206 Labeo
1700 2180 1857 2206 marmor
1885 2170 1951 2206 viri
1982 2181 2061 2206 esse
2092 2170 2162 2206 ait:
2193 2172 2352 2205 ceterum
2376 2179 2450 2204 vxro

1363 2218 1471 2260 negat
1500 2215 1693 2261 quidquam
1723 2215 1979 2262 praestandum
2010 2226 2089 2252 esse
2118 2226 2142 2251 a
2171 2213 2337 2256 muliere,
2369 2214 2453 2259 quia

1363 2270 1430 2295 nec
1453 2260 1657 2296 necessaria
1679 2271 1723 2296 ea
1747 2260 1913 2305 ,impensa
1942 2265 2038 2297 esset
2068 2264 2105 2297 et
2133 2259 2267 2296 fundus
2299 2258 2453 2295 deterior

1364 2308 1458 2340 esset
1479 2305 1611 2341 factus.
1647 2315 1711 2350 ego
1735 2316 1808 2341 non
1831 2309 1970 2341 tantum
1993 2305 2234 2347 necessarias,
2258 2304 2322 2339 sed
2345 2304 2450 2340 etiam

1363 2350 1466 2385 utiles
1497 2350 1545 2386 im
1573 2360 1677 2386 ensas
1708 2350 1943 2396 praestandas
1975 2362 1998 2386 a
2028 2351 2175 2386 muliere
2199 2349 2360 2385 existimo
2384 2359 2451 2385 nec

1361 2399 1450 2441 puto
1469 2394 1534 2430 fun
1560 2406 1619 2430 um
1640 2395 1849 2431 deteriorem
1869 2406 1957 2439 esse,
1971 2396 2002 2432 si
2020 2396 2111 2431 tales
2122 2398 2208 2431 sunt
2224 2393 2450 2439 lapidicinae,

1364 2444 1379 2475 1
1429 2440 1466 2476 in
1514 2441 1619 2476 uibus
1642 2441 1734 2486 lapis
1758 2451 1919 2493 crescere
1940 2441 2069 2494 possit.
2114 2439 2153 2476 Si
2182 2449 2248 2485 per
2269 2439 2449 2492 mulierem

1361 2490 1614 2566 33520132324
1637 2496 1865 2585 {uiam
1882 2490 2180 2583 „emtis
2206 2483 2450 2582 Ὲῗοωριῗὲἓ

1362 2578 1457 2611 erat:
1489 2575 1629 2612 fructus
1658 2577 1800 2612 interim
1829 2583 2017 2623 perceptos
2049 2576 2096 2612 ad
2125 2586 2238 2611 virum
2274 2579 2451 2620 pertinere

1362 2621 1413 2656 ait
1434 2620 1571 2657 Labeo.
1611 2626 1700 2668 puto
1731 2622 1852 2668 potius
1883 2632 1949 2675 pro
1980 2622 2145 2668 portione
2174 2621 2314 2656 fructus
2338 2620 2449 2655 virum

1361 2666 1585 2747 hffiturum,
1614 2667 1770 2713 reliquos
1807 2667 1944 2703 mulleri
1975 2667 2239 2703 restituturum:
2271 2675 2342 2711 quo
2373 2664 2450 2700 iure

1361 2722 1386 2747 u
1450 2722 1504 2747 ur.

1629 2872 1674 2914 (ο)
1698 2870 1902 2904 rusticorum
1920 2870 1956 2904 F
2075 2871 2135 2913 (ιο)
2159 2870 2346 2904 hereditate
2364 2869 2446 2904 Hal.

2103 2962 2163 3002 (12)
2197 2964 2232 2994 et
2266 2962 2326 2995 im.
2367 2960 2446 2994 Hal.

1361 3007 1418 3046 (¹3)
1443 3005 1665 3049 interpellant
1677 3006 1712 3039 F
1798 3007 1858 3048 (ιι)
1882 3006 2062 3040 Marcellus
2075 3006 2157 3041 Hal.
