2528 3918
131 131 303 162 FRUCTU
1219 107 1281 157 99,

131 240 355 286 proprietatis
391 238 553 273 dominus
594 246 640 271 ne
673 235 814 281 quidem
846 236 1089 271 consentiente
1120 235 1219 269 fruc-

130 286 246 321 tuario
272 284 474 319 servitutem
496 282 679 326 imponere
703 285 832 326 potest,

181 328 230 367 16
255 329 413 364 PAULUS
433 327 522 362 libro
548 327 652 361 tertio
678 326 726 360 ad
737 324 906 360 Sabinum
929 326 1095 370 nisiper¹¹
1113 336 1219 370 quam

131 375 286 411 deterior
308 372 495 408 fructuarii
520 371 681 406 condicio
706 381 780 406 non
803 371 885 411 fiat,
917 371 1026 405 veluti
1058 371 1087 405 si
1111 371 1218 405 talem

131 421 332 456 servitutem
356 417 468 452 vicino
495 417 712 451 concesserit
734 416 789 450 ius
814 416 882 451 sibi
906 427 978 451 non
1003 427 1080 451 esse
1111 415 1218 450 altius

131 465 265 500 tollere.

181 508 227 546 17
261 508 455 544 Uzmzws
494 506 584 541 libro
628 510 753 541 octavo
791 505 927 541 decimo
962 506 1012 540 ad
1045 505 1218 541 Sabinum

130 555 266 590 Locum
298 556 417 587 autem
449 551 652 596 religiosum
684 550 804 586 facere
835 554 955 595 potest
979 551 1221 586 consentiente

130 598 415 634 usufructuario:
454 601 490 631 et
524 597 593 631 1100
629 607 749 631 verum
785 599 839 631 est
873 595 996 631 favore
1030 596 1094 631 reli
1120 596 1219 631 ’0108,

127 644 192 679 8οᾰ
226 642 404 678 interdum
440 645 475 676 et
510 642 607 676 solus
642 641 871 686 proprietatis
908 640 1071 676 dominus
1117 652 1221 676 ocum

129 689 330 733 religiosum
354 687 474 722 facere
504 690 641 731 potest:
676 685 769 731 finge
794 686 886 721 enim
911 696 991 721 eum
1014 690 1221 721 testatorem

128 734 269 775 inferre,
295 743 375 767 cum
392 743 464 766 non
481 736 574 766 esset
589 736 663 766 tam
683 735 896 776 opportune,
921 731 983 765 ubi
1002 732 1219 776 sepeliretur.

134 783 145 813 1
197 779 255 813 Ex
277 789 330 820 eo,
352 787 396 811 ne
410 777 618 812 deteriorem
639 776 884 812 condicionem
903 776 1093 811 fructuarii
1111 776 1223 811 faciat

128 824 394 869 proprietarius,
420 822 510 857 solet
534 822 667 867 quaeri,
694 832 739 856 an
764 832 904 856 servum
929 821 1091 857 dominus
1117 832 1217 856 coer-

128 880 209 904 cere
233 869 358 913 possit.
396 871 432 902 et
454 867 576 902 Aristo
609 866 706 912 apud
732 866 893 902 Cassium
925 871 1028 901 notat
1058 867 1220 912 plenissi-

129 925 223 948 mam
248 924 327 948 eum
362 913 612 948 coercitionem
645 912 798 954 habere,
831 912 861 946 si
892 911 997 947 modo
1030 912 1106 947 sine
1140 912 1220 946 dolo

129 959 221 994 malo
255 958 384 993 faciat:
420 958 580 1003 quamvis
613 957 902 992 usufructuarius
935 967 1000 991 nec
1034 957 1221 992 contrariis

129 1004 271 1050 quidem
303 1003 505 1038 ministeriis
539 1005 603 1037 aut
625 1002 803 1037 inusitatis
828 1002 1017 1037 artificium
1041 1003 1116 1037 eius
1143 1013 1220 1037 cor-

128 1060 205 1084 rum
233 1059 291 1083 ere
326 1048 439 1093 possit
473 1059 538 1083 nec
574 1058 713 1083 servum
749 1047 975 1082 cicatricibus
1010 1047 1220 1083 deformare.

130 1097 149 1129 2
229 1093 460 1138 roprietarius
492 1097 612 1128 autem
645 1097 679 1128 et
703 1103 841 1128 servum
865 1103 981 1128 noxae
1005 1093 1134 1128 dedere
1157 1103 1221 1138 po—

128 1140 229 1180 terit,
263 1139 292 1174 si
315 1139 384 1173 hoc
410 1139 487 1173 sine
510 1138 591 1173 (1010
616 1138 709 1172 malo
734 1137 864 1180 faciat,
902 1139 1069 1182 quoniam
1106 1148 1222 1173 noxae

128 1184 260 1219 deditio
284 1184 361 1219 iure
386 1195 458 1218 non
481 1183 631 1228 peremit
661 1194 766 1218 usum
797 1183 973 1226 fructum,
1009 1194 1081 1219 non
1111 1183 1222 1227 magis

128 1240 236 1275 quam
270 1229 442 1274 usucapio
475 1229 721 1274 proprietatis,
755 1239 847 1273 quae
877 1232 961 1273 post
991 1229 1223 1264 constitutum

128 1286 232 1310 usum
256 1274 414 1309 fructum
439 1274 622 1319 contingit.
660 1274 804 1308 debebit
821 1274 928 1319 plane
948 1273 1116 1319 denegari
1134 1283 1221 1308 usus

127 1319 268 1355 fructus
291 1319 504 1364 persecutio,
530 1319 559 1354 si
584 1319 616 1354 01
640 1319 700 1364 qui
724 1329 839 1354 noxae
863 1319 1004 1364 accepit
1023 1319 1094 1354 litis
1114 1319 1221 1354 aesti-

129 1368 148 1400 3
196 1364 305 1399 matio
331 1375 404 1399 non
429 1364 600 1399 offeratur
623 1374 645 1398 a
668 1363 877 1399 fructuario.
925 1364 961 1399 Si
983 1365 1062 1409 quis
1083 1374 1222 1399 servum

126 1410 308 1451 occiderit,
335 1410 457 1444 utilem
481 1409 659 1444 actionem
683 1409 844 1454 exemplo
869 1410 1033 1455 Aquiliae
1056 1409 1220 1444 fructua-

129 1455 182 1491 rio
209 1454 364 1489 dandam
387 1465 580 1499 numquam
606 1455 775 1489 dubitavi.

178 1497 228 1537 18
254 1499 415 1535 PAULUS
430 1500 521 1534 libro
536 1501 639 1534 tertio
653 1500 702 1534 ad
714 1499 887 1535 Sabinum
922 1499 1010 1544 Agri
1022 1510 1091 1535 usu
1100 1499 1222 1534 fructu

128 1546 245 1590 legato
270 1545 307 1579 in
330 1545 450 1580 locum
474 1544 740 1579 demortuarum
763 1545 933 1580 arborum
964 1545 1056 1579 aliae
1089 1545 1221 1579 substi-

127 1590 284 1625 tuendae
308 1594 392 1624 sunt
416 1593 451 1624 et
473 1590 611 1634 priores
635 1590 681 1624 ad
702 1589 940 1625 fructuarium
963 1590 1152 1635 pertinent.

179 1633 229 1672 19
256 1635 486 1670 POMPONIUS
506 1635 597 1670 libro
622 1636 747 1680 quinto
768 1635 818 1670 ad
837 1635 1011 1670 Sabinum
1045 1635 1222 1670 Proculus

127 1685 233 1726 putat
257 1680 434 1715 insulam¹
459 1690 566 1725 posse
589 1680 641 1714 ita
664 1680 786 1725 legari,
812 1684 852 1714 ut
877 1681 909 1715 ei
933 1680 1084 1715 servitus
1107 1681 1221 1725 impo-

130 1730 247 1767 natur,
273 1736 364 1770 quae
391 1725 494 1760 alteri
516 1725 654 1760 insulae
678 1725 912 1760 hereditariae
937 1725 1128 1767 debeatur,
1153 1726 1222 1760 1100

129 1771 253 1806 modo:
280 1770 331 1805 ‘Si
352 1770 411 1805 ille
435 1770 557 1805 heredi
581 1781 658 1805 meo
705 1771 882 1805 romiserit
899 1781 964 1816 per
984 1781 1023 1806 se
1042 1782 1114 1806 non
1133 1770 1222 1813 fore,

128 1820 140 1835 ⁴
167 1827 213 1851 00
239 1816 345 1850 011108
371 1815 437 1850 ea2
461 1815 624 1850 aedificia
646 1819 683 1850 to
700 1816 830 1858 lantur,
854 1820 932 1850 tum
957 1816 988 1850 ei
1013 1826 1135 1851 eorum
1160 1826 1219 1850 ae-

127 1865 139 1880 ⁴
167 1861 341 1896 ificiorum
371 1871 476 1895 usum
505 1860 662 1895 fructum
696 1860 740 1896 do
765 1861 855 1906 lego'
879 1861 933 1896 vel
965 1862 1034 1896 sic:
1060 1861 1223 1896 ‘Aedium

128 1906 293 1948 ‘illarum‚
319 1905 439 1950 quoad
463 1905 580 1947 altius,
607 1916 713 1951 quam
737 1906 790 1940 uti
814 1917 910 1940 nune
934 1910 1029 1949 sunt,
1054 1906 1222 1941 aedifica—

133 1955 147 1986 1
199 1955 268 1986 ‘tae
299 1961 372 1986 non
404 1954 525 1993 erunt,
559 1951 610 1985 illi
641 1962 745 1986 usum
776 1951 934 1986 fructum
967 1951 1011 1986 do
1035 1952 1139 1996 lego.'
1187 1951 1223 1985 Si

128 1997 278 2032 arbores
303 1999 407 2031 vento
435 1995 591 2031 deiectas
616 1996 779 2031 dominus
804 2007 877 2032 non
901 1996 1014 2039 tollat,
1039 2007 1104 2041 per
1128 1996 1224 2041 quod

130 2041 386 2077 incommodior
408 2041 438 2075 is
464 2041 510 2075 sit
534 2052 618 2076 usus
642 2041 781 2076 fruetus
805 2042 860 2076 vel
883 2041 968 2083 iter,
1002 2042 1076 2077 suis
1110 2042 1221 2077 actio-

131 2087 235 2122 nibus
259 2085 526 2121 usufructuario
552 2097 633 2121 eum
658 2096 698 2121 eo
724 2087 992 2131 experiundum.

177 2130 229 2168 20
262 2131 457 2166 ULPIANUS
477 2131 568 2167 libro
592 2134 717 2166 octavo
742 2132 878 2167 decimo
903 2132 953 2167 ad
975 2131 1150 2167 Sabinum
1187 2132 1223 2166 Si

130 2178 210 2222 quis
241 2177 292 2211 ita
323 2176 507 2220 legaverit:
534 2176 684 2211 ‘fructus
717 2187 855 2212 annuos
887 2177 990 2211 fundi
1022 2177 1222 2212 Corneliani

130 2222 234 2256 ‘Gaio
256 2221 396 2256 Maevio
414 2221 459 2256 do
477 2221 580 2266 lego',
628 2221 750 2256 erinde
769 2222 884 2266 accipi
904 2222 1010 2257 debet
1028 2222 1087 2258 hic
1107 2232 1221 2257 sermo

128 2278 174 2302 ac
198 2267 228 2301 si
251 2277 338 2301 usus
362 2266 502 2301 fruetus
525 2266 590 2301 fun
616 2267 628 2300 i
652 2270 745 2302 esset
767 2267 916 2312 legatus.

177 2310 227 2348 21
243 2312 257 2333 ³
280 2311 389 2346 IDEM
414 2311 504 2347 libro
535 2312 686 2357 septimo
720 2314 857 2348 decimo
892 2312 942 2347 ad
964 2311 1138 2347 Sabinum
1187 2312 1223 2346 Si

128 2357 223 2392 servi
245 2367 333 2391 usus
356 2356 496 2392 fructus
521 2357 568 2392 sit
589 2357 725 2402 legatus
736 2358 761 2399 ⁴¹,
795 2357 966 2402 quidquid
990 2358 1020 2392 is
1046 2368 1090 2392 ex
1115 2368 1224 2403 opera

128 2413 197 2437 800
222 2401 376 2446 adquirit
399 2401 454 2436 vel
478 2412 523 2437 ex
545 2412 584 2437 re
607 2402 818 2445 fructuarii,
852 2403 898 2437 ad
932 2413 1011 2438 eum
1035 2403 1187 2447 pertinet
1198 2405 1221 2444 ⁵,

131 2447 204 2482 sive
227 2447 417 2492 stipuletur
441 2446 512 2482 sive
537 2447 568 2482 ei
591 2448 770 2492 possessio
794 2448 902 2482 fuerit
920 2448 1064 2482 tradita.
1091 2449 1121 2483 si
1140 2458 1222 2482 vero

129 2493 233 2527 heres
258 2492 442 2526 institutus
466 2492 512 2526 sit
534 2492 589 2526 vel
613 2493 766 2536 legatum
791 2494 980 2537 acceperit,
1005 2493 1128 2528 Labeo
1152 2493 1222 2527 dis-

127 2537 278 2582 tinguit,
305 2537 404 2602 00108
427 2537 543 2581 gratia
565 2538 620 2572 vel
643 2538 746 2572 heres
770 2538 969 2572 instituitur
992 2539 1047 2573 vel
1070 2539 1223 2583 legatum

129 2592 218 2617 acce
247 2582 313 2616 erit
345 2609 351 2615 .

178 2625 203 2663 2
257 2626 364 2661 IDEM
383 2626 473 2661 libro
498 2629 623 2662 octavo
648 2627 782 2662 decimo
808 2627 858 2662 ad
877 2627 1050 2663 Sabinum
1098 2628 1169 2662 Sed
1190 2632 1225 2663 et

129 2672 163 2707 si
186 2672 270 2717 quid
294 2672 446 2707 donetur
469 2682 588 2714 servo,
621 2672 659 2706 in
692 2683 762 2717 quo
794 2683 881 2707 usus
913 2673 1053 2708 fructus
1078 2673 1224 2708 alterius

133 2720 205 2759 est,
242 2717 442 2762 quaeritur,
478 2716 564 2762 quid
595 2716 673 2751 fieri
705 2721 881 2762 oporteat.
919 2722 954 2752 et
987 2718 1023 2752 in
1060 2719 1224 2752 omnibus

132 2762 229 2803 istis,
265 2762 295 2796 si
326 2761 467 2806 quidem
500 2762 799 2807 contemplatione
822 2763 1012 2798 fructuarii
1036 2763 1169 2808 aliquid
1193 2763 1224 2797 ei

132 2807 299 2842 relictum
317 2807 373 2841 vel
393 2806 564 2841 donatum
583 2811 646 2849 est,
667 2807 736 2852 ipsi
756 2807 936 2852 adquiret:
963 2808 1018 2842 sin
1037 2818 1119 2843 vero
1141 2819 1223 2853 pro-

132 2852 302 2896 prietarii,
327 2852 584 2896 proprietario:
610 2853 640 2887 si
663 2853 774 2897 ipsius
801 2853 902 2895 servi,
929 2853 1137 2898 adquiretur
1161 2853 1223 2888 do-

133 2897 240 2938 mino,
265 2907 331 2931 nec
356 2896 612 2942 distinguimus,
637 2898 732 2932 unde
756 2898 936 2942 cognitum
960 2909 1040 2933 eum
1065 2902 1100 2932 et
1124 2899 1224 2933 cuius

134 2942 258 2976 merito
279 2941 415 2984 habuit,
464 2942 501 2976 ui
523 2942 666 2977 donavit
684 2943 739 2978 vel
758 2943 911 2988 reliquit.
949 2943 1012 2978 sed
1032 2947 1069 2978 et
1088 2943 1119 2978 si
1138 2954 1223 2978 con-

132 2986 283 3021 dicionis
303 2987 434 3031 implen
461 2997 503 3021 ae
522 2998 632 3023 causa
651 2988 736 3033 quid
756 2999 878 3023 servus
897 2988 1117 3023 fructuarius
1139 2999 1223 3023 con-

134 3035 305 3076 sequatur
329 3036 364 3066 et
389 3032 585 3067 constiterit
610 3033 910 3078 contemplatione
932 3033 1123 3069 fructuarii
1147 3044 1224 3068 eam

133 3076 379 3111 condicionem
403 3076 639 3122 adscriptam,
674 3078 862 3114 dicendum
894 3082 949 3114 est
971 3079 1040 3124 ipsi
1064 3079 1222 3123 adquiri:

137 3131 220 3155 nam
241 3125 277 3156 et
295 3122 331 3156 in
351 3122 474 3156 mortis
495 3133 605 3157 causa
625 3123 816 3159 donatione
833 3124 927 3159 idem
947 3124 1135 3159 dicendum
1158 3129 1222 3159 est.

158 3209 165 3216 .
182 3163 259 3202 23⁷
283 3166 389 3201 IDEM
409 3166 498 3201 libro
522 3169 672 3214 septimo
697 3169 835 3203 decimo
860 3169 909 3204 ad
931 3168 1106 3205 Sabinum
1154 3169 1224 3204 Sed

133 3210 242 3245 ⁴smuti
254 3211 457 3255 stipulando
470 3212 484 3232 ⁸
500 3211 697 3248 fructuario
719 3213 885 3259 adquirit,
910 3214 961 3249 ita
980 3215 1086 3249 etiam
1106 3215 1223 3259 pacis-

134 3255 250 3304 cendo
275 3266 355 3290 eum
379 3256 564 3301 adquirere
584 3259 827 3303 exceptionem
845 3259 1044 3295 fructuario
1065 3260 1224 3294 Iulianus

135 3298 227 3334 hbro
258 3301 459 3344 trigensimo
472 3302 487 3322 ⁹
517 3302 732 3347 digestorum
764 3304 898 3339 scribit.
934 3304 1097 3349 idemque
1129 3309 1164 3339 et
1195 3305 1225 3340 si

142 3346 174 3394 1.
208 3349 394 3389 acceptum
417 3348 603 3391 rogaverit,
628 3348 873 3383 liberationem
899 3349 931 3384 ei
954 3359 1092 3394 parere.
1129 3349 1223 3393 Quo-

137 3397 234 3422 mam
269 3393 387 3424 autem
418 3391 568 3427 diximus
602 3393 698 3438 quod
731 3404 775 3428 ex
805 3393 923 3439 operis
957 3394 1156 3440 adquiritur
1180 3395 1225 3429 ad

2249 114 2328 155 VII
2364 118 2381 155 1

1291 234 1527 268 fructuarium
1552 235 1745 278 pertinere,
1771 236 1952 270 sciendum
1979 240 2033 270 est
2057 237 2162 270 etiam
2188 236 2384 280 cogendum

1292 290 1372 313 00111
1405 280 1565 324 operari:
1602 280 1729 314 etenim
1754 281 1928 315 modicam
1953 292 2093 326 quoque
2118 282 2384 326 castigationem

1291 324 1488 360 fructuario
1526 329 1727 368 competere
1764 325 1917 361 Sabinus
1954 326 2137 371 respondit
2172 330 2207 360 01
2240 326 2385 361 Cassius

1292 369 1380 403 libro
1396 374 1522 405 octavo
1541 370 1629 404 iuris
1643 369 1753 404 civilis
1766 371 1919 415 scripsit,
1939 373 2016 405 ιο01
2032 373 2055 392 ¹¹
2080 382 2194 416 neque
2206 375 2384 416 torqueat,

1293 425 1335 449 ne
1362 425 1406 449 ue
1429 414 1576 459 flagellis
1602 414 1739 449 caedat.

1368 459 1392 496 4
1417 460 1577 495 PAszs
1598 460 1688 495 libro
1713 459 1848 495 decimo
1873 461 1922 495 ad
1945 461 2118 496 Sabinum
2162 462 2199 497 Si
2221 462 2299 507 quis
2321 461 2385 496 do-

1293 511 1442 540 naturus
1476 505 1745 539 usufructuario
1762 506 1789 525 ¹2
1813 506 2044 550 spoponderit
2075 518 2177 542 servo
2210 508 2247 542 in
2281 517 2385 552 quem

1293 562 1396 585 usum
1431 550 1589 585 fructum
1625 550 1735 585 habet
1771 551 1975 595 stipulanti,
2012 552 2080 595 ipsi
2117 551 2385 587 usufructuario

1291 596 1526 640 obligabitur,
1553 595 1635 640 quia
1659 596 1740 629 ut¹³
1765 595 1796 630 ei
1821 606 1942 631 servus
1967 596 2049 630 talis
2074 597 2237 642 stipulari
2260 597 2385 643 possit,

1291 642 1464 676 usitatum
1490 645 1554 676 est.

1338 684 1391 723 25
1434 686 1629 722 ULPJANUS
1668 685 1759 720 libro
1797 690 1922 721 octavo
1958 687 2094 722 decimo
2129 688 2178 721 ad
2213 687 2384 723 Sabinum

1292 732 1363 767 Sed
1397 735 1433 766 et
1457 732 1486 766 si
1510 731 1596 776 quid
1621 731 1812 775 stipuletur
1836 731 1903 766 sibi
1926 736 1990 766 aut
2014 731 2135 766 Sticho
2162 743 2262 767 servo
2286 733 2385 768 frue-

1290 777 1408 812 100110
1434 776 1591 812 donandi
1616 786 1745 818 causa,
1779 776 1862 811 dum
1894 777 1971 811 vult
2002 777 2200 812 fructuario
2234 779 2386 823 praesti-

1290 826 1387 865 tum,
1421 822 1630 863 dicendum,
1664 821 1694 856 si
1725 822 1757 856 ei
1790 822 1968 864 solvatur,
2000 822 2199 857 fructuario
2234 823 2385 868 adquiri.

1294 871 1308 902 1
1359 867 1543 902 Interdum
1566 870 1687 901 tamen
1711 867 1748 901 in
1771 867 1941 911 pendenti
1966 870 2030 910 est,
2057 867 2114 901 cui
2134 868 2301 912 adquirat
2318 869 2387 904 iste

1290 912 1510 948 fructuarius
1545 922 1687 947 servus:
1721 915 1762 946 ut
1792 916 1880 957 puta
1911 913 1941 946 si
1973 923 2112 947 servum
2144 913 2228 947 emit
2260 917 2294 948 01
2324 924 2388 959 per

1291 958 1519 993 traditionem
1543 957 1683 1002 accepit
1707 957 1858 991 necdum
1891 959 2043 1002 pretium
2075 959 2290 1001 numeravit,
2323 959 2387 993 sed

1291 1002 1538 1038 tantummodo
1574 1013 1640 1047 pro
1678 1013 1719 1037 eo
1751 1002 1838 1037 feeit
1873 1003 1980 1044 satis,
2016 1003 2156 1037 interim
2192 1004 2294 1038 cuius
2329 1004 2386 1046 sit,

1292 1048 1484 1093 quaeritur.
1524 1051 1560 1082 et
1582 1047 1743 1082 Iulianus
1767 1048 1857 1082 libro
1882 1048 2087 1092 trigensimo
2114 1048 2236 1093 quinto
2272 1048 2385 1093 diges-

1290 1098 1409 1128 torum
1445 1093 1590 1138 scripsit
1620 1093 1658 1128 in
1692 1092 1862 1137 pendenti
1898 1103 1975 1128 esse
2011 1093 2206 1128 dominium
2241 1094 2316 1128 eius
2354 1099 2388 1128 et

1291 1139 1573 1174 numerationem
1596 1138 1701 1183 pretii
1725 1138 2005 1179 declaraturam,
2034 1139 2135 1174 cuius
2160 1139 2224 1173 sit:
2251 1149 2332 1173 nam
2358 1140 2386 1173 si

1293 1195 1337 1219 ex
1360 1195 1399 1219 re
1422 1184 1630 1226 fructuarii,
1654 1187 1751 1219 retro
1776 1183 1965 1219 fructuarii
1988 1184 2110 1219 fuisse.
2147 1184 2310 1229 idemque
2335 1190 2406 1231 081Ι

1293 1234 1328 1265 01
1360 1230 1391 1264 81
1422 1229 1516 1264 forte
1548 1229 1741 1274 stipulatus
1775 1229 1822 1264 sit
1855 1240 1978 1264 servus
2003 1233 2253 1264 numeraturus
2277 1240 2387 1274 pecu-

1291 1275 1405 1310 niam:
1440 1285 1524 1309 nam
1555 1275 1755 1309 numeratio
1791 1274 2007 1317 declarabit,
2043 1275 2101 1310 cui
2132 1275 2179 1309 sit
2210 1274 2386 1319 adquisita

1292 1320 1486 1365 stipulatio.
1525 1329 1607 1365 ergo
1641 1319 1861 1354 ostendimus
1892 1320 1929 1355 in
1961 1320 2130 1365 pendenti
2163 1330 2240 1355 esse
2275 1320 2386 1355 domi-

1291 1365 1400 1407 nium,
1426 1365 1539 1400 donec
1567 1365 1718 1410 pretium
1741 1369 1959 1400 numeretur.
1997 1365 2082 1410 quid
2103 1375 2184 1409 ergo
2207 1365 2236 1400 si
2257 1366 2387 1400 amisso

1292 1421 1361 1445 usu
1393 1410 1516 1445 fructu
1546 1413 1633 1445 tunc
1665 1410 1819 1455 pretium
1852 1411 2083 1445 numeretur?
2119 1411 2278 1445 Iulianus
2311 1410 2387 1455 qui·

1292 1456 1372 1490 dem
1395 1456 1486 1490 libro
1511 1455 1715 1501 trigensimo
1741 1456 1863 1500 quinto
1898 1455 2113 1500 digestorum
2146 1455 2290 1501 scripsit
2322 1455 2386 1490 ad·

1290 1501 1362 1535 1100
1385 1501 1569 1542 1111010880,
1593 1500 1690 1535 00(10
1714 1501 1760 1535 811
1783 1501 1937 1545 pretium
1961 1504 2206 1535 numeratum:
2232 1501 2385 1535 Marcel·

1291 1546 1346 1580 lus
1370 1557 1454 1581 vero
1481 1550 1514 1580 et
1538 1546 1783 1581 Mauricianus
1808 1547 1937 1581 amisso
1962 1557 2030 1580 080
2062 1545 2183 1581 fructu
2216 1546 2288 1580 iam
2320 1557 2386 1591 pu-

1291 1594 1370 1625 tant
1394 1591 1587 1626 dominium
1622 1591 1838 1635 adquisitum
1869 1592 2097 1636 proprietatis
2130 1591 2292 1626 domino:
2324 1591 2387 1626 sed

1291 1636 1420 1670 Iuliani
1444 1636 1622 1671 sententia
1645 1636 1834 1671 humanior
1859 1642 1923 1671 est.
1962 1636 2059 1681 quod
2083 1636 2113 1671 si
2137 1647 2181 1671 ex
2197 1647 2237 1671 re
2253 1637 2386 1672 utrius-

1293 1691 1361 1726 que
1384 1681 1538 1726 pretium
1563 1681 1669 1716 fuerit
1693 1681 1868 1724 solutum,
1902 1680 1949 1716 ad
1980 1684 2169 1726 utrumque
2194 1681 2388 1717 dominium

1292 1726 1470 1771 pertinere
1504 1726 1664 1761 Iulianus
1700 1726 1861 1771 scripsit,
1898 1726 2034 1761 scilicet
2069 1738 2133 1770 pro
2170 1730 2250 1761 rata
2282 1727 2389 1771 pretii

1293 1771 1410 1806 soluti.
1446 1771 1532 1817 quid
1552 1775 1672 1806 tamen
1696 1772 1727 1806 si
1745 1771 1838 1806 forte
1859 1771 1963 1806 simul
1982 1771 2126 1806 solverit
2146 1782 2189 1806 ex
2201 1772 2387 1807 10011108-

1316 1826 1380 1859 ue,
1414 1820 1456 1852 ut
1486 1820 1575 1869 puta
1608 1816 1729 1852 decem
1762 1817 1858 1851 milia
1881 1817 1985 1861 pretii
2009 1817 2151 1852 nomine
2175 1816 2330 1852 debebat
2353 1821 2390 1853 et

1293 1828 1385 1897 dena
1409 1862 1514 1898 solvit
1538 1872 1582 1897 ex
1606 1872 1645 1897 re
1670 1862 1905 1906 singulorum:
1940 1862 1997 1896 cui
2028 1862 2140 1906 magis
2175 1872 2298 1897 servus
2323 1862 2388 1897 ad-

1293 1907 1436 1952 quirat?
1460 1907 1491 1942 81
1502 1907 1748 1942 numeratione
1760 1907 1865 1942 solvit
1878 1907 1915 1949 ¹⁴,
1934 1907 2105 1949 intererit,
2129 1907 2230 1942 cuius
2251 1907 2388 1952 priores

1292 1963 1455 1987 nummos
1471 1954 1498 1973 ¹⁵
1521 1953 1652 1988 solvat:
1679 1963 1762 1987 nam
1786 1963 1875 1997 quos
1900 1956 2028 1997 postea
2048 1952 2203 1994 solverit,
2229 1956 2292 1987 aut
2311 1953 2387 1989 vin-

1293 1997 1427 2032 dicabit
1441 1999 1467 2018 ¹⁶
1491 2001 1572 2040 aut,
1607 1998 1637 2033 si
1659 1998 1794 2032 fuerint
1816 1997 1951 2032 nummi
1975 1998 2195 2042 consumpti,
2230 1997 2277 2033 ad
2301 2009 2388 2034 con-

1293 2043 1484 2078 dictionem
1515 2043 1711 2088 pertinent:
1746 2043 1776 2077 si
1799 2053 1882 2078 vero
1908 2043 2012 2077 simul
2036 2043 2073 2077 in
2098 2043 2242 2079 sacculo
2269 2043 2386 2086 solvit,

1293 2088 1378 2122 nihil
1401 2087 1487 2123 fecit
1511 2088 1717 2133 accipientis
1744 2092 1779 2123 et
1801 2087 1881 2123 ideo
1907 2087 2065 2123 nondum
2090 2088 2288 2133 adquisisse
2313 2089 2387 2124 cui-

1293 2143 1398 2177 quam
1420 2133 1614 2168 dominium
1634 2133 1785 2175 videtur,
1808 2133 1891 2178 quia
1912 2144 1993 2168 cum
2013 2133 2095 2177 plus
2115 2133 2270 2178 pretium
2282 2134 2388 2169 solvit

1293 2182 1312 2213 2
1361 2189 1498 2221 servus,
1523 2189 1595 2214 non
1618 2178 1728 2213 faciet
1751 2188 1913 2213 nummos
1938 2178 2156 2223 accipientis.
2206 2179 2244 2214 Si
2257 2190 2385 2225 operas

1292 2234 1376 2259 suas
1407 2223 1475 2259 iste
1507 2234 1627 2259 servus
1659 2224 1831 2259 locaverit
1863 2227 1899 2258 et
1929 2223 1965 2258 in
1990 2234 2103 2259 annos
2128 2224 2284 2268 singulos
2310 2235 2386 2260 cer-

1292 2273 1367 2303 tum
1392 2269 1525 2314 aliquid
1550 2269 1755 2314 stipuletur,
1788 2278 1910 2304 eorum
1942 2269 2083 2314 quidem
2115 2279 2291 2305 annorum
2322 2270 2385 2305 sti-

1292 2314 1439 2359 pulatio,
1465 2314 1593 2359 quibus
1618 2325 1704 2349 usus
1728 2313 1867 2349 fructus
1892 2314 2033 2356 mansit,
2059 2314 2267 2359 adquiretur
2287 2314 2384 2350 fruc-

1292 2360 1429 2401 tuario,
1463 2360 1688 2404 sequentium
1718 2369 1800 2394 vero
1833 2359 2015 2403 stipulatio
2041 2359 2087 2394 ad
2111 2360 2386 2404 proprietarium

1291 2405 1422 2439 transit
1443 2405 1550 2439 semel
1570 2405 1749 2450 adquisita
1766 2404 1976 2446 fructuario,
2002 2404 2159 2449 quamvis
2178 2415 2250 2439 non
2272 2405 2387 2440 soleat

1293 2449 1475 2494 stipulatio
1510 2450 1619 2485 semel
1652 2450 1711 2485 cui
1743 2450 1903 2495 quaesita
1937 2449 1983 2484 ad
2009 2449 2116 2484 alium
2141 2450 2294 2485 transire
2317 2450 2386 2485 nisi

1293 2495 1339 2529 ad
1363 2495 1530 2530 heredem
1553 2496 1608 2530 vel
1640 2495 1898 2539 adrogatorem.
1935 2494 2083 2539 proinde
2115 2494 2145 2528 si
2174 2494 2267 2530 forte
2297 2505 2386 2530 usus

1292 2540 1433 2575 fructus
1466 2540 1503 2574 in
1535 2551 1649 2576 annos
1681 2540 1838 2585 singulos
1862 2539 1973 2574 fuerit
1996 2540 2133 2583 legatus
2158 2544 2194 2574 et
2217 2540 2286 2575 iste
2310 2550 2385 2575 ser-

1292 2595 1357 2620 vus
1390 2595 1517 2629 operas
1549 2596 1633 2620 suas
1665 2586 1795 2620 locavit
1826 2589 1861 2619 et
1895 2584 2085 2629 stipulatus
2120 2588 2173 2619 est
2203 2588 2244 2619 ut
2276 2595 2386 2630 supra

1294 2630 1466 2675 scriptum
1491 2634 1564 2672 est,
1598 2634 1707 2676 prout
1731 2629 1857 2674 capitis
1881 2629 2077 2664 minutione
2100 2629 2252 2665 amissus
2276 2630 2386 2666 fuerit

1295 2686 1381 2710 usus
1416 2675 1576 2717 fructus,
1612 2687 1695 2710 mox
1730 2675 1936 2716 restitutus,
1972 2674 2170 2709 ambulabit
2200 2676 2382 2721 stipulatio

1295 2724 1313 2753 3
1338 2720 1572 2765 prosectaque
1582 2720 1628 2755 ad
1636 2720 1802 2755 heredem
1813 2719 1942 2754 redibit
1950 2719 1997 2754 ad
2004 2719 2252 2755 fructuarium.
2269 2719 2385 2763 Quaes-

1295 2764 1401 2799 tionis
1435 2769 1500 2807 est,
1535 2776 1581 2799 an
1604 2765 1640 2799 id
1666 2765 1761 2810 quod
1785 2764 1923 2809 adquiri
1945 2763 2142 2800 fructuario
2169 2776 2241 2801 non
2265 2769 2385 2811 potest

1294 2810 1529 2854 proprietario
1556 2810 1775 2855 adquiratur.
1813 2813 1849 2844 et
1868 2809 2028 2845 Iulianus
2049 2810 2189 2855 quidem
2208 2811 2299 2846 libro
2320 2812 2382 2846 tri-

1292 2855 1449 2899 gensimo
1475 2856 1598 2900 quinto
1625 2855 1841 2899 digestorum
1865 2854 2027 2900 scripsit,
2062 2856 2158 2900 quod
2181 2855 2379 2891 fructuario

1294 2899 1433 2944 adquiri
1457 2911 1529 2936 non
1552 2903 1670 2944 potest
1693 2911 1757 2945 pro
1785 2899 1927 2934 rietario
1954 2901 2086 2945 quaeri.
2124 2900 2275 2946 denique
2295 2902 2382 2937 scri-

1293 2945 1347 2978 bit
1379 2954 1477 2987 eum,
1511 2945 1572 2990 qui
1604 2955 1648 2980 ex
1678 2955 1718 2980 re
1764 2945 1936 2980 ructuarii
1960 2946 2150 2990 stipuletur
2173 2947 2382 2981 nominatim

1294 2990 1531 3034 proprietario
1565 2991 1620 3024 vel
1650 2990 1750 3025 iussu
1783 2990 1877 3031 0108,
1909 2991 1978 3036 ipsi
2009 2991 2206 3036 adquirere.
2256 2995 2384 3027 eontra

1294 3039 1414 3069 autem
1435 3035 1523 3070 nihil
1541 3035 1624 3079 agit,
1650 3035 1679 3070 si
1704 3046 1774 3070 non
1800 3046 1843 3070 ex
1866 3045 1905 3070 re
1927 3036 2116 3071 fructuarii
2140 3047 2206 3071 nec
2230 3046 2273 3071 ex
2297 3047 2381 3082 ope-

1294 3083 1314 3113 4
1361 3079 1410 3114 118
1436 3080 1509 3114 8018
1533 3079 1730 3115 fructuario
1756 3080 1955 3125 stipuletur,
2004 3080 2133 3116 Servus
2163 3081 2382 3116 fructuarius

1294 3125 1324 3159 si
1347 3135 1451 3159 usum
1474 3124 1632 3159 fructum
1655 3125 1691 3159 in
1716 3135 1755 3160 se
1786 3125 1863 3160 dari
1893 3126 2084 3171 stipuletur
2114 3130 2179 3160 aut
2209 3127 2285 3161 sine
2316 3137 2381 3161 no-

1293 3170 1387 3204 mine
1411 3173 1474 3204 aut
1496 3170 1704 3205 nominatim
1726 3170 1973 3215 proprietario,
1997 3171 2066 3216 ipsi
2086 3171 2243 3216 adquirit
2264 3181 2381 3206 exem-

1293 3215 1351 3259 plo
1373 3214 1464 3249 servi
1485 3215 1692 3258 communis,
1718 3215 1778 3260 qui
1802 3216 2004 3260 stipulando
2029 3226 2104 3251 rem
2128 3216 2229 3251 alteri
2254 3227 2297 3251 ex
2317 3216 2380 3250 do-

1292 3260 1396 3294 minis
1422 3260 1524 3295 00108
1548 3270 1604 3295 108
1629 3264 1701 3303 081,
1735 3261 1822 3295 nihil
1855 3272 1876 3295 a
1901 3261 1944 3304 't,
1979 3261 2146 3306 quoniam
2176 3272 2250 3296 rem
2280 3270 2381 3295 suam

1293 3304 1498 3349 stipulando
1524 3305 1602 3349 quis
1627 3305 1712 3340 nihil
1737 3306 1828 3350 agit,
1862 3306 1964 3341 ateri
1995 3306 2199 3358 stipulando
2226 3305 2381 3349 adquirit

1294 3353 1312 3383 5
1361 3349 1523 3384 solidum.
1570 3350 1668 3385 Idem
1691 3350 1851 3386 Iulianus
1877 3351 2000 3386 eodem
2030 3351 2120 3386 libro
2154 3350 2312 3393 scripsit:
2347 3349 2379 3384 si

1294 3405 1393 3429 servo
1424 3394 1644 3431 fructuarius
1677 3406 1805 3441 operas
1838 3396 1912 3431 0108
1945 3396 2131 3438 locaverit,
2167 3394 2253 3429 nihil
2286 3393 2377 3438 agit:

140 3499 191 3538 (ι’)
206 3508 265 3538 per
274 3510 331 3530 om.
343 3499 377 3530 F

138 3587 167 3618 si
184 3587 325 3639 [fructus
339 3588 424 3620 servi
438 3589 569 3632 legatus
582 3592 628 3624 sit
640 3616 744 3627 ......
766 3594 849 3636 quid
861 3594 946 3627 insit
957 3595 1008 3636 in]
1021 3595 1133 3637 legato
1153 3596 1227 3629 Vae.

141 3632 185 3672 (5)
211 3634 293 3672 [sive
305 3635 488 3676 mancupio
500 3637 646 3679 accipiet
658 3639 718 3671 ins.
728 3638 802 3672 Vat.
927 3641 970 3682 (6)
997 3641 1167 3682 [similiter
1179 3641 1225 3672 le-

143 3677 288 3728 ga]tario
301 3677 451 3719 adquirit
463 3682 497 3711 et
509 3681 537 3712 si
550 3680 657 3725 he[res
670 3682 849 3715 institutus
873 3684 919 3716 sit
930 3684 983 3716 vel
1001 3685 1148 3726 legatum
1171 3696 1224 3717 ac-

141 3725 280 3762 ceperit,
296 3732 356 3753 nec
369 3727 458 3755 recte
471 3724 510 3756 de
524 3725 586 3756 hoc
599 3728 694 3768 puto]
709 3729 844 3767 quaeri:
867 3730 1017 3770 quamvis
1031 3730 1143 3762 Labeo
1157 3730 1224 3762 dis-

442 3502 481 3541 (1)
496 3502 625 3534 insulae
639 3514 734 3534 usum
750 3504 896 3536 fructum
906 3506 1078 3538 secundum
1085 3506 1228 3540 Graecos

138 3554 200 3574 scr.
250 3544 292 3583 (2)
303 3544 353 3584 ea]
363 3554 401 3576 ve
410 3544 465 3585 F¹‚
475 3556 493 3577 e
503 3546 551 3578 Ιῗ*2
598 3550 639 3587 (3)
648 3565 692 3577 .--
701 3548 774 3582 Vat.
785 3547 846 3582 71⁶
894 3551 936 3591 (4)
948 3560 1038 3582 nunc
1048 3550 1229 3583 videndum

1295 3507 1455 3549 tin[guat,
1476 3509 1574 3540 cuius
1593 3509 1705 3550 gratia
1718 3509 1772 3541 vel
1785 3510 1880 3541 heres
1893 3509 2087 3542 instituitur
2098 3507 2149 3539 vel
2162 3506 2309 3548 legatum
2322 3516 2377 3538 ac-

1295 3552 1435 3594 ceperit]
1456 3553 1531 3587 Vat.
1643 3554 1685 3595 (Ἰ)
1711 3571 1755 3583 =
1776 3555 1845 3587 Vat
1863 3556 1917 3594 72,
1931 3562 1944 3588 1
2060 3555 2104 3593 (8)
2131 3550 2378 3593 [stipulatinjne

1306 3598 1374 3629 Vat.
1503 3602 1548 3638 (9)
1573 3598 1728 3631 Iulianus
1740 3599 1869 3631 XXXV
1887 3600 1958 3632 Vat.
2086 3599 2144 3638 (ιο)
2169 3596 2219 3628 ita
2230 3596 2291 3629 ins.
2302 3595 2378 3629 Vat.

1296 3644 1349 3681 (11)
1374 3644 1414 3673 ut
1429 3642 1502 3675 Vae.
1519 3642 1557 3682 S,
1571 3643 1605 3675 vi
1617 3644 1652 3676 F
1774 3646 1830 3683 (12)
1856 3643 2162 3675 donaturusufruet.
2177 3641 2259 3681 Fu,
2274 3641 2378 3673 dona·

1294 3688 1388 3718 turus
1401 3687 1592 3720 fruct.1‹‘2m
1774 3693 1831 3729 (13)
1857 3689 1936 3729 quia
1950 3689 1999 3728 ut]
2014 3688 2127 3729 quieat
2140 3687 2175 3719 F
2182 3685 2202 3726 ¹,
2217 3686 2311 3728 quiat
2323 3684 2380 3718 Γ*

1294 3732 1351 3771 (14)
1378 3730 1486 3763 solvat
1499 3732 1532 3764 F
1537 3731 1553 3752 ²
1624 3734 1681 3773 (15)
1707 3744 1832 3765 nmmos
1846 3733 1881 3764 F
1955 3735 2013 3772 (16)
2039 3730 2302 3764 vindicabuntur
2313 3742 2378 3764 scr.

2035 3787 2104 3820 13*
