2528 3918
29 141 32 146 ’
91 128 148 161 m·
176 129 401 162 COMMODO
429 130 506 161 REI
533 129 762 160 VENDITAE

90 242 102 282 (
126 238 205 274 uasi
227 239 294 274 sub
319 237 527 274 condicione
549 237 732 280 venierint,
756 238 826 273 hoc
850 241 905 273 est
927 238 959 274 si
977 242 1061 275 ante
1080 238 1172 274 diem

91 284 99 292 '
127 294 188 318 um
217 283 368 319 fuissent
398 283 422 319 d
491 282 626 325 stata)?
661 285 696 317 et
725 283 901 325 intererit,
935 284 1019 328 quid
1051 288 1171 319 actum

89 328 155 364 sit:
181 338 245 373 ego
270 332 388 364 autem
410 337 451 362 ar
475 327 574 369 itror,
600 327 630 362 si
648 327 718 363 hoc
740 328 778 362 in
798 328 940 363 occulto
961 329 1016 372 sit,
1043 329 1172 365 debere

88 373 159 408 dici
182 373 394 418 emptionem
423 382 584 415 manere,
616 372 813 417 periculum
837 376 957 408 autem
981 375 1028 409 ad
1050 373 1170 410 vendi-

87 422 201 453 torem
230 417 408 462 respicere
438 417 544 452 etiam
575 417 670 452 ultra
700 417 792 453 diem
823 418 1044 463 degustando
1067 429 1170 464 prae-

91 467 106 498 1
155 462 303 504 finitum,
328 462 412 507 quia
435 472 499 507 per
521 462 639 507 ipsum
661 462 798 498 factum
815 467 881 498 est.
930 463 968 499 Si
988 464 1172 501 aversione

86 508 205 543 vinum
227 507 332 550 venit,
358 507 521 542 custodia
543 511 683 542 tantum
706 508 924 553 praestanda
947 513 1010 545 est.
1038 519 1082 544 ex
1101 509 1170 544 hoc

86 555 246 598 apparet,
269 552 300 587 si
322 562 395 587 non
417 552 468 587 ita
490 552 609 587 vinum
631 553 738 595 venit,
761 557 803 588 ut
827 553 1084 598 degustaretur,
1108 564 1170 589 ne-

87 608 156 644 que
178 607 319 633 acorem
339 607 454 642 neque
471 607 652 632 mucorem
670 597 887 634 venditorem
907 604 1091 643 praestare
1110 599 1170 634 de-

87 643 188 685 bere,
221 643 285 677 sed
315 653 419 678 omne
449 642 645 688 periculum
677 643 723 678 ad
754 647 949 688 emptorem
973 645 1169 689 pertinere:

87 687 230 724 difficile
253 691 371 723 autem
395 691 468 730 est,
493 691 533 723 ut
556 688 741 738 quisquam
765 689 817 723 sic
842 693 951 732 emat,
977 694 1018 724 ut
1040 700 1085 725 ne
1109 689 1170 724 de-

85 737 212 778 gustet.
249 743 358 777 quare
381 733 412 768 si
436 733 510 768 dies
534 732 771 778 degustationi
794 733 955 769 adiectus
988 745 1059 770 non
1093 735 1170 776 erit,

85 777 298 824 quandoque
321 778 507 823 degustare
531 782 669 822 emptor
692 779 822 823 poterit
846 783 881 814 et
904 780 1023 824 quoad
1043 779 1170 824 degus-

85 823 212 859 taverit
243 823 439 868 periculum
470 823 586 859 acoris
619 827 653 858 et
683 824 836 859 mucoris
872 824 919 859 ad
954 825 1171 860 venditorem

85 868 292 914 pertinebit:
319 868 395 903 dies
420 868 512 903 enim
536 868 774 913 degustationi
796 870 1031 914 praestitutus
1050 870 1169 905 melio-

85 916 106 949 2
151 924 226 948 rem
238 913 482 948 condicionem
495 914 663 958 emptoris
677 914 687 934 ¹
710 913 809 949 facit.
857 914 950 950 Vino
970 919 1088 950 autem
1107 925 1171 960 per

85 958 303 994 aversionem
334 958 476 994 vendito
500 958 580 993 finis
605 959 788 994 custodiae
811 963 866 994 est
888 960 1060 995 avehendi
1082 964 1169 995 tem-

84 1014 163 1049 pus.
199 1003 295 1048 quod
317 1003 370 1038 ita
393 1004 460 1038 erit
483 1004 750 1048 accipiendum,
775 1004 805 1040 si
828 1004 1007 1040 adiectum
1030 1010 1170 1051 tempus

85 1052 155 1084 est:
181 1053 340 1084 ceterum
363 1049 393 1084 si
417 1059 487 1084 non
512 1049 559 1084 sit
582 1049 757 1084 adiectum
767 1050 792 1092 ²,
816 1050 1023 1093 videndum,
1048 1061 1093 1086 ne
1115 1051 1169 1085 in-

84 1094 219 1129 finitam
244 1094 443 1130 custodiam
466 1105 538 1129 non
562 1094 690 1130 debeat
712 1095 884 1130 venditor.
922 1099 957 1130 et
981 1099 1036 1131 est
1053 1096 1170 1131 verius

84 1139 278 1175 secundum
302 1149 345 1174 ea
368 1149 460 1184 quae
482 1150 592 1184 supra
622 1140 859 1183 ostendimus,
892 1144 956 1175 aut
985 1142 1169 1183 interesse,

84 1184 168 1230 quid
198 1184 242 1220 de
272 1188 432 1229 tempore
465 1188 584 1220 actum
615 1185 679 1227 sit,
711 1189 775 1220 aut
805 1185 1016 1222 denuntiare
1048 1187 1098 1229 ei,
1130 1190 1172 1221 ut

83 1229 186 1266 tollat
215 1229 352 1265 vinum:
387 1234 482 1265 certe
512 1234 703 1275 antequam
735 1230 781 1266 ad
803 1231 1015 1266 vindemiam
1037 1231 1171 1267 fuerint

85 1275 181 1311 dolia
204 1275 416 1317 necessaria,
442 1274 548 1310 debet
570 1275 672 1310 avehi
695 1276 827 1311 vinum.

129 1318 154 1357 5
179 1319 338 1356 Pinus
357 1319 449 1356 libro
473 1321 599 1366 quinto
623 1320 673 1356 ad
694 1320 868 1357 Sabinum
915 1321 953 1357 Si
983 1332 1048 1367 per
1072 1332 1168 1367 emp-

82 1369 195 1401 torem
226 1365 382 1408 steterit,
418 1376 488 1410 quo
522 1365 637 1401 minus
669 1365 715 1401 ad
746 1366 838 1401 diem
868 1366 987 1402 vinum
1017 1367 1168 1410 tolleret,

82 1415 228 1456 postea,
260 1410 329 1446 nisi
360 1410 456 1455 quod
488 1410 568 1446 dolo
592 1411 695 1446 :malo
719 1412 909 1447 venditoris
933 1412 1168 1457 interceptum

83 1460 187 1499 esset,
211 1467 284 1491 non
307 1455 413 1491 debet
436 1456 480 1491 ab
505 1466 547 1491 eo
571 1456 756 1500 praestari.
793 1457 823 1492 si
843 1457 940 1492 verbi
958 1457 1074 1502 gratia
1093 1468 1167 1493 am-

82 1501 217 1547 phorae
241 1505 382 1536 centum
406 1512 450 1536 ex
474 1511 514 1536 eo
539 1501 639 1544 vino,
694 1501 767 1536 uod
788 1502 826 1537 in
850 1502 939 1537 cella
963 1507 1076 1545 esset,
1108 1513 1167 1538 ve-

83 1546 228 1588 nierint,
261 1546 291 1581 si
315 1545 544 1581 admensum³
568 1550 640 1589 est,
698 1557 787 1582 onec
810 1547 1042 1590 admetiatur,
1066 1558 1170 1583 omne

82 1591 277 1637 periculum
308 1591 502 1627 venditoris
527 1595 601 1634 est,
633 1592 701 1627 nisi
723 1591 762 1627 id
784 1602 850 1637 per
873 1603 927 1628 em
954 1596 1068 1628 torem
1091 1593 1166 1628 fiat.

128 1635 153 1674 6
177 1636 406 1672 ΡοΜΡοΜσε
421 1636 512 1672 libro
534 1647 629 1672 nono
649 1637 699 1672 ad
709 1636 884 1673 Sabinum
945 1638 1056 1673 ivina
1076 1648 1168 1674 eme-

80 1682 171 1717 rim⁴
191 1681 348 1726 exceptis
368 1681 480 1717 acidis
500 1685 536 1717 et
553 1681 703 1718 mucidis
723 1685 760 1718 et
776 1682 861 1717 mihi
881 1682 1048 1727 expediat
1066 1683 1170 1719 acida

81 1737 223 1772 quoque
246 1727 429 1771 accipere,
453 1727 627 1762 Proculus
652 1728 721 1769 ait,
754 1727 914 1772 quamvis
938 1727 976 1763 id
999 1729 1168 1773 emptoris

82 1782 192 1808 causa
215 1776 404 1817 exceptum
427 1772 491 1814 sit,
515 1776 636 1808 tamen
660 1772 764 1807 acida
788 1776 824 1808 et
846 1773 991 1808 mucida
1014 1784 1087 1808 non
1109 1784 1167 1809 vew

81 1818 194 1853 nisse:
219 1827 302 1852 nam
326 1827 418 1862 quae
439 1817 570 1852 invitus
591 1821 730 1862 emptor
748 1817 912 1862 accipere
932 1828 1003 1853 uon
1025 1828 1167 1870 cogere·

80 1863 341 1943 turainiquum
365 1872 444 1898 esse
466 1873 539 1898 non
562 1862 720 1907 permitti
741 1862 943 1898 venditori⁵
964 1863 1019 1898 vel
1042 1863 1103 1898 ahi
1126 1873 1170 1899 ea

79 1918 145 1944 ven
171 1918 240 1943 ere.

126 1951 150 1989 7
175 1952 335 1988 PAULUS
352 1952 442 1988 libro
463 1953 589 1998 quinto
609 1952 659 1987 ad
677 1951 852 1988 Sabinum
897 1952 951 1995 Id,
971 1952 1068 1998 quod
1086 1957 1170 1998 post

81 1998 294 2044 emptionem
323 1997 437 2033 fundo
470 1997 622 2033 accessit
654 2007 718 2042 per
749 1997 961 2033 alluvionem
985 1998 1040 2033 vel
1063 1999 1168 2043 perit,

79 2044 127 2079 ad
163 2043 331 2088 emptoris
368 2042 591 2079 commodum
623 2042 886 2078 incommodum
912 2053 958 2078 ue
993 2043 1166 2088 pertinet:

80 2099 163 2124 nam
194 2092 230 2124 et
260 2088 291 2123 si
322 2091 420 2124 totus
444 2098 528 2132 ager
550 2091 634 2133 post
656 2087 869 2132 emptionem
918 2088 1036 2123 umine
1059 2099 1167 2124 occu-

79 2138 186 2179 patus
210 2137 322 2176 esset,
353 2133 549 2179 periculum
573 2136 667 2168 esset
691 2133 878 2178 emptoris:
912 2133 965 2169 sic
995 2133 1101 2178 igitur
1133 2138 1169 2168 et

84 2183 99 2214 1
150 2179 374 2215 commodum
407 2178 482 2214 eius
514 2188 592 2213 esse
615 2178 730 2213 debet.
779 2177 883 2222 Quod
913 2178 1097 2222 venditur,
1129 2179 1166 2214 in

79 2224 223 2260 modum
247 2224 323 2269 agri
347 2224 472 2259 cedere
495 2223 619 2266 debet,
653 2223 722 2258 nisi
752 2223 783 2258 si
806 2223 843 2258 id
866 2227 986 2258 actum
1018 2227 1090 2266 est,
1122 2234 1167 2259 ne

81 2270 231 2305 cederet.
268 2273 306 2304 at
330 2268 425 2314 quod
447 2280 520 2304 non
542 2269 656 2311 venit,
689 2268 727 2303 in
757 2268 902 2303 modum
934 2268 1130 2304 cedendum
1140 2270 1166 2311 ⁶,

80 2315 111 2350 si
132 2314 170 2350 id
192 2315 309 2359 ipsum
332 2318 453 2349 actum
476 2317 550 2356 est,
575 2317 616 2348 ut
639 2313 797 2356 cederet,
821 2313 929 2349 veluti
951 2313 1029 2349 viae
1051 2314 1166 2359 publi·

81 2370 156 2403 cae,
179 2360 320 2402 limites,
343 2359 416 2394 luci
435 2359 495 2404 qui
513 2358 662 2394 fundum
681 2362 850 2403 tangunt:
876 2369 958 2394 cum
975 2369 1058 2395 vero
1079 2369 1166 2394 neu·

79 2408 172 2440 trum
196 2405 330 2441 dictum
354 2408 417 2447 est,
443 2404 568 2440 cedere
591 2415 664 2439 uon
688 2403 812 2446 debet,
843 2407 879 2439 et
901 2403 981 2439 ideo
1006 2403 1166 2440 nomina-

79 2450 143 2485 tim
162 2450 279 2486 caveri
298 2450 399 2492 solet,
423 2453 464 2485 ut
480 2449 563 2492 luci,
587 2449 666 2484 viae
684 2448 861 2494 publicae,
885 2459 978 2494 quae
995 2449 1034 2484 in
1053 2449 1165 2485 fundo

80 2496 162 2538 sint,
186 2499 285 2531 totae
306 2495 344 2530 in
366 2494 534 2530 modum⁷
559 2494 700 2530 cedant.

126 2538 151 2578 8
174 2540 284 2576 Imm
308 2540 399 2576 libro
424 2540 606 2586 triqesimo
631 2540 736 2574 tertio
760 2539 810 2574 ad
832 2539 986 2575 edictum
1031 2538 1166 2575 Neces-

80 2586 174 2622 sario
198 2585 380 2621 sciendum
404 2588 469 2627 est,
493 2584 636 2630 quando
660 2583 821 2630 perfecta
839 2584 887 2619 sit
906 2584 1054 2629 emptio:
1080 2587 1167 2620 tunc

81 2632 173 2667 enim
207 2631 378 2672 sciemus,
417 2630 519 2666 cuius
580 2629 751 2665 ericulum
787 2629 851 2665 sit:
888 2640 970 2664 nam
1004 2628 1167 2674 perfecta

80 2676 257 2722 emptione
288 2675 484 2721 periculum
515 2641 578 2710 adp
592 2678 786 2720 emptorem
809 2674 986 2719 respiciet.
1020 2678 1056 2709 et
1078 2675 1108 2709 si
1130 2674 1167 2709 id

81 2721 175 2767 quod
198 2721 344 2757 venierit
366 2724 539 2765 appareat
569 2720 654 2765 quid
709 2720 788 2755 uale
819 2723 993 2764 quantum
1023 2719 1087 2762 sit,
1120 2719 1167 2754 sit

81 2771 117 2802 et
138 2767 300 2812 pretium,
326 2769 362 2801 et
382 2776 471 2811 pure
493 2765 606 2808 venit,
630 2775 676 2810 pe
713 2768 792 2800 ecta
817 2768 872 2800 est
895 2764 1045 2809 emptio:
1069 2764 1166 2809 quod

81 2811 111 2847 si
134 2812 200 2847 sub
226 2810 434 2847 condicione
456 2821 512 2846 res
543 2810 706 2852 venierit,
738 2809 769 2845 si
800 2810 941 2855 quidem
972 2808 1167 2845 defecerit⁸

82 2856 254 2898 condicio,
279 2856 377 2891 nulla
397 2859 451 2891 est
469 2856 612 2900 emptio,
633 2855 739 2891 sicuti
757 2865 823 2890 nec
843 2854 1045 2899 stipulatio:
1070 2854 1167 2899 quod

81 2901 112 2937 si
143 2901 336 2943 exstiterit,
369 2900 542 2937 Proculus
574 2904 611 2936 et
642 2900 844 2936 Octavenus
880 2899 1050 2944 emptoris
1086 2909 1166 2934 esse

81 2946 277 2992 periculum
300 2946 417 2982 aiunt:
441 2946 533 2982 idem
550 2945 767 2990 Pomponius
790 2945 881 2980 libro
905 2955 1000 2980 nono
1024 2944 1164 2989 probat.

82 2991 177 3037 quod
199 2991 230 3026 si
253 2991 429 3036 pendente
453 2990 660 3026 condicione
685 2994 822 3035 emptor
843 2990 899 3025 vel
922 2989 1084 3025 venditor
1104 2989 1164 3024 de-

83 3036 237 3078 cesserit,
263 3039 423 3078 constat,
447 3035 478 3071 si
502 3035 677 3071 exstiterit
700 3035 879 3077 condicio,
904 3034 1053 3070 heredes
1077 3045 1164 3079 quo-

83 3092 152 3126 que
182 3081 357 3126 obligatos
389 3091 467 3116 esse
498 3081 600 3126 quasi
622 3080 694 3116 iam
718 3084 905 3115 contracta
928 3080 1106 3124 emptione
1129 3079 1165 3114 in

82 3126 323 3171 praeteritum.
358 3125 453 3171 quod
476 3126 506 3161 si
529 3125 705 3178 pendente
729 3125 937 3160 condicione
956 3135 1013 3160 res
1033 3124 1167 3159 tradita

82 3171 146 3214 sit,
171 3182 226 3207 em
251 3175 309 3207 tor
331 3181 403 3206 non
452 3174 558 3206 otent
581 3180 659 3205 eam
681 3179 881 3214 usucapere
928 3180 969 3205 ro
995 3174 1164 3215 emptore.

83 3220 119 3251 et
141 3227 211 3260 quo
258 3216 363 3261 pretii
386 3225 425 3250 so
441 3219 542 3250 utum
566 3218 620 3250 est
643 3218 824 3260 repetetur
847 3218 883 3250 et
916 3218 1041 3250 ructus
1061 3213 1166 3249 medii

83 3266 154 3296 tem
180 3260 251 3295 oris
274 3260 465 3295 venditoris
489 3263 573 3295 sunt
597 3259 714 3299 (sicuti
733 3259 978 3304 stipulationes
998 3263 1034 3294 et
1051 3259 1168 3303 legata

84 3315 152 3340 con
176 3304 340 3340 icionalia
362 3308 616 3350 peremuntur)‚
640 3304 671 3340 si
686 3304 863 3349 pendente
883 3304 1091 3339 condicione
1110 3314 1167 3338 res

84 3349 260 3385 exstincta
293 3349 420 3385 fuerit:
456 3354 543 3384 sane
577 3349 608 3384 si
643 3353 758 3384 exstet
786 3359 863 3392 res,
898 3349 983 3384 licet
1014 3348 1168 3384 deterior

87 3399 101 3429 1
152 3394 289 3437 effecta,
311 3397 430 3439 potest
454 3394 524 3429 dici
547 3404 625 3429 esse
645 3394 812 3429 damnum
832 3394 1011 3439 emptoris.
1060 3393 1097 3428 Si
1117 3393 1169 3427 ita

83 3438 246 3474 venierit:
271 3441 339 3474 ‘est
359 3439 419 3474 ille
441 3449 563 3474 servus
587 3443 745 3484 emptus,
776 3439 850 3474 sive
880 3438 980 3474 navis
1013 3448 1057 3473 ex
1080 3438 1168 3472 Asia

84 3483 230 3519 ‘venerit
252 3483 325 3518 sive
346 3494 419 3519 non
441 3483 598 3527 venerit’,
621 3483 780 3519 Iulianus
802 3486 906 3528 putat
936 3482 1057 3519 statim
1088 3492 1168 3527 per·

86 3598 125 3634 (1)
149 3596 322 3638 emptoris]
335 3596 408 3629 eius
419 3608 480 3629 scr.
496 3597 654 3636 (similiter
668 3596 831 3637 Guiacius)
945 3597 988 3637 (2)
1013 3596 1062 3629 sic
1074 3595 1111 3638 S,
1126 3594 1168 3627 ad

86 3641 233 3673 edictum
244 3641 279 3672 F
388 3644 429 3680 (3)
454 3642 598 3674 nonius.
712 3643 755 3683 (4)
781 3641 899 3673 emeris
911 3641 946 3673 F
1050 3642 1092 3680 (5)
1116 3638 1169 3672 vel

86 3695 282 3717 consumere
295 3686 357 3718 ins.
534 3687 578 3726 (6)
603 3685 799 3726 cedendum]
812 3686 908 3718 cedet
920 3685 1094 3717 dumtaxat
1105 3696 1169 3717 scr.

88 3730 130 3771 (ἵ)
154 3729 287 3762 domum
298 3730 333 3762 F
418 3731 462 3772 (8)
489 3728 609 3762 deferit
619 3731 654 3763 F
744 3732 789 3772 (a)
813 3732 861 3763 sic
872 3731 910 3770 S,
924 3732 1024 3762 vento
1036 3728 1170 3760 fideiec-

1159 114 1238 162 241

2130 121 2273 164 XVIII
2302 125 2328 165 6

1821 242 1966 277 uoniam
1997 246 2134 279 certum
2169 243 2216 279 sit
2249 253 2328 280 eam

1241 286 1260 318 2
1309 287 1542 319 contractam.
1591 283 1679 318 Cum
1692 296 1794 320 usum
1822 290 1962 322 ructum
1974 288 2060 323 mihi
2070 288 2204 331 vendis,
2216 288 2327 324 inter-

1240 332 1313 370 est,
1337 331 1459 364 utrum
1480 328 1536 363 ius
1559 328 1682 363 utendi
1705 329 1862 373 fruendi,
1887 332 1983 377 quod
2007 333 2121 368 solum
2144 337 2246 369 tuum
2270 334 2327 377 sit,

1239 373 1391 415 vendas,
1424 384 1471 408 an
1501 383 1584 408 vero
1616 374 1654 408 in
1684 374 1801 419 ipsum
1826 387 1975 421 corpus,
2007 378 2103 422 quod
2134 382 2236 414 tuum
2267 379 2326 422 sit,

1238 428 1343 453 usum
1365 417 1524 453 fructum
1546 418 1631 453 mihi
1653 419 1806 454 vendas:
1831 432 1915 456 nam
1937 422 2055 467 priore
2079 433 2167 459 casu
2189 424 2328 459 etiamsi

1239 463 1359 498 statim
1382 463 1554 506 morieris,
1579 463 1666 498 nihil
1688 464 1773 499 mihi
1797 465 1897 501 heres
1921 470 2004 502 tuus
2029 467 2181 512 debebit,
2205 468 2328 505 heredi

1239 512 1359 543 autem
1389 519 1467 544 meo
1492 508 1696 551 debebitur,
1730 509 1761 545 si
1792 513 1833 544 tu
1863 511 1970 546 vivis:
2006 514 2204 557 posteriore
2240 524 2328 549 casu

1239 553 1360 589 heredi
1383 564 1460 589 meo
1484 553 1573 588 nihil
1596 553 1793 597 debebitur,
1817 555 1921 591 heres
1944 561 2028 592 tuus
2053 558 2204 594 debebit.

1285 596 1310 635 9
1339 598 1463 634 auos
1490 598 1582 634 libro
1614 598 1750 635 decimo
1774 600 1824 635 ad
1846 601 1999 636 edictum
2016 604 2243 648 provinciale
2289 604 2328 640 si

1239 647 1322 722 gost
1344 644 1545 688 inspectum
1567 643 1773 689 praedium,
1806 648 1997 690 antequam
2029 648 2159 692 emptio
2184 653 2326 684 contra-

1266 691 1394 731 eretur,
1420 689 1566 724 arbores
1586 692 1692 724 vento
1713 689 1898 725 deiectae⁹
1921 694 2014 734 sunt,
2040 702 2086 726 an
2109 694 2178 728 hae
2191 695 2218 715 ¹⁰
2238 705 2326 739 quo-

1240 744 1309 778 que
1332 734 1485 778 emptori
1507 734 1601 769 tradi
1625 734 1798 777 debeant,
1823 736 2023 780 quaeritur:
2058 741 2093 772 et
2116 749 2326 783 responsum

1240 782 1294 814 est
1310 789 1384 814 non
1400 778 1531 820 deberi,
1557 779 1640 824 quia
1664 789 1724 815 eas
1749 790 1822 815 non
1846 781 1979 824 emerit,
2004 792 2085 816 cum
2102 786 2195 825 ante,
2221 794 2327 828 quam

1239 823 1390 859 fundum
1413 824 1547 866 emerit,
1572 824 1741 860 desierint
1763 825 1867 860 fundi
1890 836 1978 861 esse.
2015 827 2078 861 sed
2101 827 2132 862 si
2154 828 2327 873 ignoravit

1240 872 1379 914 emptor
1410 869 1568 905 deiectas
1599 880 1678 905 esse
1712 870 1881 913 arbores,
1916 871 2078 907 venditor
2110 876 2228 908 autem
2260 874 2328 909 scit

1238 924 1305 949 nec
1329 914 1532 958 admonuit,
1557 915 1682 967 quanti
1706 915 1874 960 emptoris
1897 915 2099 952 interfuerit
2121 928 2195 953 rem
2219 919 2326 954 aesti-

1238 959 1405 994 mandam
1429 969 1518 1002 esse,
1544 970 1575 995 ei
1597 960 1703 996 modo
1727 961 1834 996 venit.

1287 1003 1336 1042 10
1369 1004 1565 1040 ULPJANUS
1597 1005 1688 1041 libro
1723 1009 1849 1041 octavo
1882 1005 2164 1052 disputationum
2218 1007 2256 1042 Si
2290 1008 2327 1044 in

1238 1049 1439 1085 venditione
1463 1049 1697 1086 condicionali
1719 1050 1789 1086 hoc
1812 1050 1929 1096 ipsum
1953 1051 2187 1094 convenisset,
2211 1056 2252 1087 ut
2269 1063 2327 1089 res

1238 1094 1396 1140 periculo
1421 1094 1591 1140 emptoris
1615 1099 1825 1138 servaretur,
1850 1100 1937 1141 puto
1987 1100 2108 1132 actum
2130 1097 2258 1132 valere.

1288 1139 1334 1177 11
1362 1139 1410 1175 In
1428 1140 1519 1175 libro
1538 1141 1689 1186 septimo
1709 1141 1931 1187 diqestorum
1980 1151 2114 1177 ULJAM
2125 1140 2327 1178 Scaevoia

1238 1189 1359 1221 notat:
1382 1185 1501 1220 Fundi
1523 1185 1666 1221 nomine
1690 1189 1828 1231 emptor
1851 1196 1955 1231 agere
1978 1197 2051 1222 non
2073 1190 2210 1232 potest,
2235 1198 2327 1231 cum,

1238 1230 1446 1276 priusquam
1468 1241 1637 1266 mensura
1660 1230 1779 1274 fieret,
1812 1231 2047 1267 inundatione
2069 1242 2242 1284 aquarum
2266 1236 2328 1268 aut

1239 1276 1421 1311 chasmate
1444 1276 1558 1311 aliove
1581 1286 1651 1321 quo
1677 1286 1764 1312 casu
1786 1287 1872 1321 pars
1894 1276 1997 1312 fundi
2018 1277 2201 1312 interierit.

1287 1319 1338 1358 12
1364 1319 1444 1364 (11)
1469 1321 1652 1356 ALFENUS
1670 1321 1804 1357 Vanus
1820 1322 1911 1358 libro
1930 1322 2088 1358 secundo
2107 1322 2148 1358 di
2172 1326 2327 1358 estorum

1238 1366 1277 1401 Si
1295 1366 1438 1402 vendita
1455 1366 1574 1401 insula
1595 1366 1780 1402 combusta
1799 1370 1904 1409 esset,
1930 1378 2011 1402 cum
2029 1367 2134 1403 incen
2162 1367 2233 1403 'um
2252 1368 2328 1403 sine

1238 1411 1345 1456 culpa
1367 1411 1446 1447 fieri
1469 1421 1542 1447 non
1564 1411 1689 1456 possit,
1713 1411 1798 1457 quid
1815 1411 1903 1448 iuris
1924 1412 1995 1448 sit?
2025 1413 2220 1458 respondit,
2245 1413 2329 1458 quia

1237 1457 1314 1493 sine
1338 1455 1450 1502 patris
1474 1455 1629 1492 familias
1654 1457 1761 1501 culpa
1783 1456 1861 1492 fieri
1883 1460 2005 1502 potest
2026 1467 2161 1503 neque,
2193 1458 2223 1493 si
2253 1468 2327 1494 ser-

1236 1513 1361 1538 vorum
1383 1501 1603 1547 neglegentia
1625 1501 1763 1538 factum
1787 1506 1892 1545 esset,
1917 1502 2085 1538 continuo
2110 1503 2273 1539 dominus
2290 1503 2327 1538 in

1237 1547 1344 1592 culpa
1367 1547 1444 1589 erit,
1469 1557 1576 1600 quam
1592 1547 1638 1582 ob
1655 1558 1729 1583 rem
1743 1548 1769 1568 ¹¹
1794 1547 1824 1583 si
1840 1547 2002 1583 venditor
2018 1558 2096 1583 eam
2112 1548 2328 1593 diligentiam

1236 1592 1459 1628 adhibuisset
1481 1603 1520 1627 in
1541 1592 1659 1627 insula
1683 1592 1935 1635 custodienda,
1968 1603 2075 1638 quam
2107 1593 2240 1629 debent
2261 1593 2326 1629 ho-

1236 1637 1347 1672 mines
1378 1636 1472 1689 frugi
1503 1640 1540 1672 et
1571 1637 1754 1682 diligentes
1777 1641 1959 1682 praestare
1971 1639 2018 1680 ¹²,
2051 1638 2082 1674 si
2112 1638 2198 1684 quid
2231 1638 2322 1674 acci-

1238 1683 1358 1725 disset,
1383 1681 1470 1717 nih1l
1493 1681 1541 1717 ad
1565 1692 1645 1717 eum
1667 1682 1870 1735 pertinebit.

1286 1724 1335 1765 13
1362 1725 1443 1770 (12)
1475 1726 1635 1762 PAULUS
1656 1727 1747 1763 labro
1771 1728 1876 1763 tertio
1899 1727 2029 1773 Alfeni
2049 1728 2287 1780 epitomarum
2300 1729 2327 1750 ¹³

1236 1773 1368 1808 Lectos
1393 1775 1530 1824 emptos
1553 1771 1696 1814 aedilis,
1729 1783 1811 1808 cum
1833 1772 1871 1807 in
1893 1772 1951 1808 via
1972 1772 2118 1818 pubhca
2140 1773 2247 1818 positi
2270 1782 2326 1808 es-

1238 1821 1328 1859 sent,
1353 1817 1527 1852 concidit:
1553 1817 1584 1852 si
1599 1817 1723 1852 traditi
1735 1818 1763 1839 ¹⁴
1787 1821 1907 1853 essent
1922 1818 2072 1862 emptori
2088 1821 2152 1853 aut
2165 1828 2230 1863 per
2246 1827 2327 1853 eum

1238 1862 1395 1942 stetissfft
1417 1872 1486 1907 quo
1510 1862 1627 1897 minus
1658 1862 1901 1906 traderentur,
1933 1863 2100 1907 emptoris
2130 1863 2327 1908 periculum

1238 1918 1317 1943 esse
1339 1918 1363 1952 p
1379 1911 1460 1943 acet

1286 1951 1338 1989 14
1362 1949 1443 1995 ‹13›
1469 1951 1664 1988 IULIANUS
1691 1952 1782 1988 libro
1814 1952 1920 1987 tertio
1953 1952 2003 1988 ad
2031 1951 2192 1988 Urseium
2215 1953 2325 1989 Fero-

1236 2009 1311 2034 cem
1359 2007 1509 2042 eumque
1529 2007 1610 2033 cum
1630 1997 1746 2040 aedili,
1771 1997 1803 2033 si
1824 1997 1862 2032 id
1885 2008 1959 2033 non
1980 1997 2058 2033 iure
2080 1997 2237 2041 fecisset,
2260 1998 2325 2033 has-

1235 2043 1393 2078 biturum
1417 2042 1593 2078 actionem
1616 2042 1702 2087 legis
1725 2042 1908 2087 Aquiliae:
1934 2045 1997 2077 aut
2021 2046 2117 2078 certe
2141 2053 2221 2079 cum
2241 2053 2325 2079 ven-

1236 2088 1350 2124 ditore
1373 2098 1418 2123 ex
1441 2090 1560 2167 emgto
1584 2087 1759 2132 agendum
1784 2097 1880 2130 esse,
1913 2091 1953 2122 ut
1981 2087 2013 2123 is
2046 2088 2205 2124 actiones
2229 2098 2325 2131 suas,

1236 2143 1325 2179 quas
1349 2143 1431 2169 cum
1454 2143 1496 2168 ae
1522 2132 1567 2168 ile
1589 2132 1785 2176 habuisset,
1810 2132 1842 2167 ei
1863 2135 2074 2177 praestaret.

1285 2176 1335 2215 15
1362 2176 1443 2221 (14)
1467 2177 1628 2213 Panos
1643 2177 1733 2213 libro
1755 2178 1860 2213 tertio
1872 2178 2148 2224 epitomatorum
2160 2178 2289 2224 Alfeni
2299 2179 2326 2200 ¹³

1236 2223 1339 2268 Quod
1371 2223 1402 2259 si
1432 2233 1548 2268 neque
1578 2222 1701 2257 traditi
1725 2226 1845 2257 essent
1867 2232 1982 2267 neque
2005 2226 2143 2275 emptor
2165 2223 2202 2258 in
2226 2234 2326 2259 mora

1234 2268 1360 2304 fuisset
1383 2279 1453 2314 quo
1478 2268 1594 2303 minus
1625 2267 1870 2310 traderentur,
1903 2267 2096 2303 venditoris
2128 2267 2324 2313 periculum

1240 2316 1253 2348 1
1305 2313 1382 2349 erit.
1429 2313 1583 2348 Materia
1607 2316 1727 2357 empta
1750 2312 1781 2348 si
1802 2312 1900 2348 furto
1931 2313 2100 2357 perisset,
2133 2316 2324 2358 postquam

1234 2358 1368 2394 tradita
1400 2361 1512 2401 esset,
1547 2358 1717 2402 emptoris
1751 2367 1828 2393 esse
1862 2358 2020 2402 periculo
2056 2368 2112 2393 res
2141 2357 2258 2400 ondit,
2294 2358 2325 2393 si

1235 2404 1363 2446 minus,
1387 2403 1596 2439 venditoris:
1620 2402 1731 2438 videri
1754 2406 1874 2438 autem
1896 2403 2017 2439 trabes
2040 2406 2096 2438 tra
2134 2406 2210 2445 tas,
2234 2413 2324 2448 quas

1236 2459 1290 2484 em
1317 2452 1374 2484 tor
1389 2448 1574 2493 signasset.

1310 2491 1335 2531 6
1354 2492 1434 2535 (15)
1462 2493 1585 2529 GAJUS
1605 2492 1695 2528 libro
1719 2492 1876 2528 secundo
1900 2492 2179 2528 cottidianarum
2203 2503 2323 2527 rerum

1236 2539 1274 2574 Si
1296 2539 1378 2574 vina
1401 2548 1494 2583 quae
1516 2538 1554 2572 in
1585 2537 1687 2573 doliis
1719 2540 1824 2572 erunt
1853 2536 2026 2572 venierint
2058 2547 2189 2582 eaque,
2222 2540 2322 2572 ante-

1258 2594 1342 2619 uam
1368 2584 1415 2619 ab
1453 2586 1609 2635 emptore
1638 2582 1864 2624 tollerentur,
1895 2591 1962 2617 sua
1992 2585 2122 2617 natura
2154 2585 2325 2627 corrupta

1233 2595 1376 2671 guerint,
1401 2628 1432 2664 si
1480 2627 1597 2663 uidem
1621 2627 1665 2662 de
1689 2627 1849 2662 bonitate
1872 2636 1994 2661 eorum
2017 2626 2218 2662 adfirmavit
2238 2637 2322 2663 ven—

1235 2674 1347 2716 ditor,
1380 2676 1462 2709 tene
1488 2673 1559 2707 itur
1594 2672 1761 2716 emptori:
1796 2671 1892 2716 quod
1927 2671 1957 2707 si
1991 2671 2080 2707 nihil
2111 2671 2322 2715 adfirmavit,

1235 2719 1402 2763 emptoris
1428 2717 1494 2753 erit
1512 2717 1719 2762 periculum,
1745 2716 1829 2761 quia
1848 2716 1921 2751 sive
1940 2727 2012 2752 non
2032 2716 2231 2761 degustavit
2251 2717 2324 2752 sive

1235 2763 1456 2809 degustando
1480 2763 1572 2797 male
1595 2761 1777 2807 probavit,
1810 2761 1855 2796 de
1877 2771 1916 2797 se
1939 2762 2039 2806 queri
2063 2761 2179 2797 debet.
2215 2762 2324 2807 plane

1235 2809 1284 2851 si,
1317 2819 1398 2844 cum
1428 2807 1648 2851 intellegeret
1669 2806 1832 2841 venditor
1855 2817 1927 2841 non
1951 2807 2159 2842 duraturam
2182 2807 2323 2842 bonita-

1234 2857 1306 2889 tem
1338 2863 1460 2888 eorum
1490 2862 1604 2896 usque
1628 2851 1674 2886 ad
1696 2851 1733 2886 in
1748 2853 1775 2872 ¹⁵
1799 2862 1879 2886 eum
1903 2851 1996 2887 diem
2020 2862 2090 2897 quo
2115 2851 2192 2887 tolli
2216 2851 2322 2887 debe—

1234 2902 1333 2940 rent,
1367 2908 1439 2933 non
1462 2896 1645 2932 admonuit
1668 2900 1880 2941 emptorem,
1910 2897 2090 2932 tenebitur
2114 2896 2165 2940 ei,
2199 2897 2323 2941 quanti

1235 2944 1310 2978 eius
1333 2943 1521 2978 interesset
1544 2941 1763 2976 admonitum
1785 2941 1906 2977 fuisse.

1283 2985 1332 3024 17
1359 2985 1438 3030 (16)
1465 2986 1512 3022 IA
1521 2995 1691 3021 VOLENUS
1711 2986 1802 3022 libro
1820 2986 1972 3032 septimo
1992 2996 2043 3021 ex
2065 2985 2187 3022 Cassio
2223 2984 2322 3021 Servi

1235 3037 1373 3077 emptor
1396 3032 1426 3068 si
1450 3041 1529 3067 eum
1554 3031 1768 3075 conductum
1791 3031 1928 3076 rogavit
1942 3032 1988 3073 ¹⁰,
2023 3030 2137 3066 donec
2169 3030 2320 3075 pretium

1234 3079 1403 3119 solveret,
1444 3076 1532 3111 nihil
1574 3086 1638 3121 per
1672 3086 1753 3111 eum
1787 3086 1927 3112 servum
1961 3075 2147 3121 adquirere
2179 3075 2320 3120 poterit,

1234 3123 1400 3168 quoniam
1424 3132 1495 3156 non
1520 3121 1658 3156 videtur
1679 3120 1833 3157 traditus
1856 3121 1906 3164 is,
1931 3121 2032 3156 cuius
2056 3120 2234 3166 possessio
2258 3130 2322 3164 per

1234 3168 1447 3204 locationem
1469 3166 1643 3201 retinetur
1661 3176 1684 3201 a
1703 3166 1893 3202 venditore.
1918 3165 2116 3211 periculum
2135 3165 2209 3200 eius
2230 3163 2320 3199 servi

1235 3213 1281 3248 ad
1305 3216 1497 3257 emptorem
1521 3211 1693 3256 pertinet,
1725 3211 1819 3257 quod
1851 3215 1972 3246 tamen
1995 3211 2071 3246 sine
2094 3210 2175 3245 dolo
2199 3208 2318 3243 vendi-

1235 3257 1323 3293 toris
1346 3256 1585 3292 intervenerit.

1286 3299 1336 3339 18
1358 3299 1439 3343 (17)
1460 3300 1688 3336 POMPONIUS
1703 3300 1795 3336 libro
1815 3300 1997 3347 triqesimo
2015 3300 2134 3346 primo
2152 3298 2201 3333 ad
2211 3297 2318 3340 Quin-

1238 3350 1311 3382 tum
1335 3345 1495 3381 Mucium
1541 3345 1633 3380 Illud
1657 3345 1840 3381 sciendum
1863 3348 1936 3388 est,
1961 3355 2041 3380 cum
2065 3353 2199 3378 moram
2223 3352 2318 3386 emp-

1237 3395 1295 3427 tor
1318 3390 1486 3426 adhibere
1509 3390 1637 3435 coepit,
1661 3390 1732 3425 iam
1755 3401 1828 3426 non
1847 3390 1905 3425 cul
1932 3400 2000 3431 am,
2024 3388 2086 3423 sed
2106 3388 2224 3439 dolum
2243 3396 2317 3420 ma-

1237 3437 1310 3471 lum
1341 3439 1481 3470 tantum
1512 3435 1766 3480 praestandum
1798 3445 1820 3470 a
1841 3445 1906 3470 ven
1934 3435 2031 3469 'tore.
2090 3431 2161 3467 uod
2194 3441 2236 3483 ει.
2281 3440 2320 3465 er

1237 3480 1455 3516 venditorem
1478 3483 1515 3515 et
1538 3483 1732 3525 emptorem
1754 3490 1854 3515 mora
1876 3479 2002 3520 fuerit,
2026 3477 2080 3511 La
2107 3487 2146 3511 eo
2179 3486 2238 3520 qui
2264 3485 2318 3509 em

1239 238 1372 274 fectam
1402 248 1482 274 esse
1510 238 1746 275 venditionem
1756 267 1765 283 ,

2140 3589 2197 3628 (12)
2222 3597 2317 3628 prae-

1238 3596 1291 3625 tae
1304 3593 1338 3625 F
1401 3594 1462 3635 (10)
1486 3593 1568 3626 haec
1580 3594 1616 3626 F
1679 3594 1734 3635 (11)
1760 3603 1857 3635 quam
1872 3590 1912 3624 ob
1927 3601 1995 3622 rem
2008 3589 2070 3622 del.

2080 3634 2137 3673 (14)
2162 3631 2277 3664 traditi
2294 3632 2324 3664 F

1238 3639 1322 3670 stari
1334 3638 1369 3671 F
1509 3639 1566 3681 (13)
1591 3638 1797 3679 digestorum
1811 3638 1870 3669 ins.
1885 3635 1918 3667 F
1923 3633 1937 3654 ²

1239 3684 1298 3725 (15)
1322 3682 1359 3714 in
1373 3682 1436 3716 del.
1450 3683 1526 3716 deu.
1627 3683 1686 3723 (16)
1711 3680 1886 3723 progravit
1898 3680 1931 3712 F

2003 3778 2043 3812 31
