2528 3918
173 142 210 187 L
240 146 343 187 8.9.
372 147 423 186 10

173 269 194 302 2
218 269 266 310 (3)
313 264 472 302 vendidit
494 267 558 301 aut
580 264 724 301 locavit.
772 264 903 300 Filium
931 275 999 311 pro
1030 266 1134 310 patre
1158 275 1263 300 cura-

172 315 251 348 tore
286 310 341 347 rei
373 311 539 357 publicae
576 314 699 347 creato
739 320 866 346 cavere
897 310 976 356 cogi
1006 321 1079 346 non
1111 314 1264 355 oportet.

172 367 240 393 nec
263 359 397 400 mutat,
429 356 526 402 quod
547 355 587 391 in
609 366 691 391 eum
711 359 817 401 pater
840 356 1122 400 emancipatum,
1147 355 1265 401 prius-

172 412 281 491 3¹²&
304 403 756 499 ᾞἯὶηῗέἒέἓὲξξιζῗ
763 404 943 482 22011'22‘11353
963 401 1267 498 Rimata

171 492 365 529 fideiussor
387 492 627 537 interrogatus
651 501 802 538 pignora
820 501 961 537 quoque
982 491 1185 536 speciahter
1204 490 1265 526 de-

172 538 238 574 dit.
283 537 323 574 in
346 548 428 574 euni
452 547 577 573 casum
599 537 751 583 pignora
773 536 939 573 videntur
958 536 1054 579 data,
1079 547 1149 581 quo
1170 539 1268 572 recte

173 582 401 619 convenitur:
425 582 593 619 videlicet
614 585 808 628 postquam
830 593 887 618 res
911 582 958 618 ab
978 592 1020 617 eo
1040 582 1175 617 servari
1194 592 1268 617 non

172 628 343 675 potuerit,
392 639 433 664 ro
458 638 529 674 quo
552 627 765 664 intercessit.

219 671 245 712 6
263 672 318 718 (4)
360 683 487 709 acrys
506 673 598 709 libro
617 673 776 709 secundo
792 673 1150 718 fideicommissorum
1197 671 1268 707 Le-

197 723 294 757 atam
325 718 519 764 municipio
550 718 741 765 pecuniam
771 718 810 753 in
841 718 948 753 aliam
974 727 1050 753 rem
1074 727 1182 763 quam
1206 716 1268 752 de-

172 730 320 800 iunctus
342 764 457 800 voluit
480 767 690 800 convertere
713 763 805 799 citra
824 762 997 815 principis
1017 763 1269 798 auctoritatem

173 820 246 846 non
268 809 365 845 licet.
413 812 452 845 et
472 809 554 846 ideo
578 809 610 845 si
633 820 744 844 unum
768 819 859 861 opus
883 808 962 844 fieri
984 808 1145 852 iusserit,
1171 807 1269 853 quod

173 854 358 891 Falcidiae
385 854 474 900 legis
499 854 703 891 interventu
725 853 804 889 fieri
827 864 900 891 non
922 857 1060 899 potest,
1118 853 1268 889 ermitti-

172 903 235 936 tur
256 910 449 943 suminam,
482 910 575 946 quae
597 910 641 936 eo
665 900 808 935 nomine
832 899 1000 942 debetur,
1032 899 1071 934 in
1093 898 1147 941 id,
1173 898 1269 943 quod

173 945 328 981 maxime
355 946 598 982 necessarium
627 945 681 980 rei
709 944 877 990 publicae
906 944 1088 988 videatur,
1119 955 1267 980 conver-

173 995 269 1027 tere:
294 990 369 1027 sive
417 991 513 1027 lures
537 1000 698 1026 summae
720 991 758 1025 in
781 990 887 1035 plura
911 999 1022 1042 opera
1044 990 1210 1035 legantur
1234 993 1269 1024 et

172 1036 260 1082 legis
280 1036 384 1072 Falci
411 1036 465 1072 ‘ae
482 1037 686 1072 interventu
705 1035 742 1070 id
763 1035 859 1080 quod
878 1035 1093 1080 rehnquitur
1110 1034 1269 1071 omnium

173 1092 324 1128 operum
344 1081 580 1118 exstructioni
600 1092 673 1117 non
692 1080 840 1122 sufficit,
865 1081 1085 1126 permittitur
1101 1080 1140 1115 in
1157 1091 1268 1115 unum

172 1126 400 1208 ἓὲἓῧέἳοᾱ
418 1125 887 1208 ἵξῗᾚῖἓῐθῗῆῗξᾚε
899 1125 1182 1207 “tgnffizfflsstiz
1204 1135 1266 1206 ἓξ·

174 1218 297 1254 tacula
320 1182 659 1261 θᾶθὲιῗιιιῃέθιιαωε
681 1216 719 1252 in
744 1226 805 1252 eas
829 1226 959 1252 causas
977 1216 1119 1269 erogari
1136 1182 1267 1252 vei’uit:

173 1267 211 1300 et
231 1263 422 1318 pecuniam
445 1273 489 1299 eo
512 1263 667 1308 legatam
690 1262 728 1297 in
751 1262 804 1304 id,
836 1261 932 1306 quod
960 1272 1114 1298 maxime
1141 1271 1266 1298 neces-

172 1318 308 1346 sarium
326 1308 566 1354 municipibus
584 1307 759 1351 videatur,
785 1306 950 1343 conferre
974 1307 1203 1353 permittitur,
1228 1311 1271 1342 ut

171 1354 277 1436 itieitglo
300 1353 547 1390 munificentia
575 1353 652 1390 eius
684 1352 746 1398 qui
776 1353 908 1398 legavit
937 1352 1174 1399 inscriptione
1203 1363 1268 1388 no-

219 1442 244 1482 7
269 1442 324 1488 (5)
349 1443 510 1480 Psvws
529 1444 622 1480 libro
640 1444 766 1491 primo
784 1444 1046 1479 sententiarum
1093 1443 1269 1479 Decurio-

173 1500 238 1526 nes
260 1489 376 1535 pretio
401 1489 519 1526 viliori
542 1489 782 1532 frumentum,
814 1488 934 1534 quod²
964 1499 1109 1525 annona
1131 1492 1271 1534 tempo-

172 1535 259 1572 ralis
288 1539 345 1571 est
403 1535 516 1571 atriae
548 1545 654 1578 suae,
685 1536 872 1580 praestare
901 1544 974 1569 non
998 1538 1084 1569 sunt
1107 1533 1270 1579 cogendi.

177 1584 203 1634 1.
241 1580 320 1616 Nisi
351 1546 401 1616 ag
428 1591 520 1625 opus
550 1590 683 1615 novum
745 1579 875 1616 ecunia
912 1579 1118 1625 specialiter
1151 1580 1272 1625 legata

173 1629 223 1662 sit
257 1629 380 1661 vetera
402 1635 447 1661 ex
470 1626 540 1661 hac
563 1625 711 1661 reficien
737 1635 759 1660 a
782 1628 877 1661 sunt.

220 1653 246 1709 ἓ
265 1669 321 1714 (6)
346 1670 542 1707 [mmmm
562 1671 654 1707 libro
673 1671 796 1718 primo
821 1670 872 1706 ad
889 1670 1044 1706 edictum
1056 1670 1272 1716 praetoris2

173 1716 410 1763 Magistratus
434 1717 486 1752 rei
508 1716 676 1762 publicae
699 1726 773 1751 non
797 1715 917 1751 dolum
941 1715 1182 1759 solummodo,
1207 1715 1272 1751 sed

173 1766 212 1844 teit
234 1762 355 1843 latam)
367 1761 627 1842 netglegentiam
659 1764 696 1797 et
717 1761 788 1796 hoc
812 1761 965 1807 amplius
988 1761 1097 1797 etiam
1121 1761 1270 1806 diligen-

203 1818 262 1844 am
311 1817 330 1842 e
356 1817 400 1843 en
421 1834 429 1842 .

220 1851 247 1890 9
270 1850 326 1896 (7)
351 1852 511 1888 ΡΔυιυε
539 1852 632 1889 libro
656 1853 782 1899 primo
807 1852 858 1887 ad
880 1851 1034 1888 edictum
1056 1852 1271 1898 praetoris³

173 1898 213 1935 Si
236 1898 334 1934 filius
357 1897 515 1934 familias
538 1897 681 1934 volente
703 1901 807 1942 patre
830 1897 1080 1942 magistratum
1109 1897 1270 1942 gesserit,

173 1943 335 1980 Iulianus
364 1943 581 1979 existimavit
610 1943 648 1978 in
677 1942 832 1979 solidum
887 1946 1001 1978 atrem
1023 1943 1139 1978 teneri
1161 1943 1199 1978 in
1221 1942 1269 1985 id,

174 1988 272 2035 quod
296 1988 373 2025 eius
396 1989 541 2024 nomine
563 1988 617 2024 rei
639 1988 809 2033 publicae
833 1997 855 2023 a
881 1991 987 2024 esset.

223 2033 275 2073 10
299 2030 354 2077 (8)
377 2033 635 2070 Moossmws
662 2034 754 2069 libro
778 2038 905 2069 octavo
929 2033 1141 2080 reqularum
1189 2033 1270 2068 Cal-

174 2079 250 2116 culi
272 2079 405 2116 erroris
428 2078 638 2115 retractatio
660 2078 767 2114 etiam
785 2082 870 2124 post
889 2078 1052 2114 decennii
1069 2082 1134 2114 aut
1151 2078 1270 2114 vicen-

178 2129 192 2161 1
242 2124 294 2161 nii
310 2129 474 2171 tempora
492 2124 711 2160 admittetur.
737 2124 808 2159 Sed
826 2124 857 2159 si
873 2124 1051 2169 gratiose⁴
1069 2128 1271 2169 expunctae

175 2171 351 2212 dicentur,
375 2180 449 2205 non
471 2170 778 2206 retractabuntur.

224 2214 272 2253 11
300 2213 356 2259 (9)
381 2215 576 2251 ΡΑΡιιτιυε
597 2215 621 2250 I
624 2224 740 2250 vsws
767 2214 859 2250 libro
882 2214 1041 2250 secundo
1071 2214 1116 2249 de
1139 2216 1269 2251 consti-

175 2261 374 2298 tutionibus
418 2260 658 2306 Imperatores
682 2259 888 2295 Antoninus
913 2263 949 2295 et
971 2259 1088 2295 Verus
1115 2260 1269 2305 rescrip-

174 2309 300 2344 serunt
340 2306 502 2349 ecuniae,
519 2315 612 2352 quae
627 2305 726 2351 apud
741 2308 927 2341 curatores
941 2304 1124 2348 remansit,
1141 2316 1271 2341 usuras

174 2352 301 2397 exigeu
328 2361 387 2387 as:
418 2351 497 2387 eius
521 2361 624 2394 vero,
650 2361 743 2396 quae
767 2360 790 2385 a
813 2350 1097 2395 redemptoribus
1122 2361 1271 2396 operum

175 2397 269 2443 exigi
291 2407 366 2433 non
389 2399 521 2443 potest,
545 2396 653 2432 sortis
672 2396 862 2431 dumtaxat
879 2395 1078 2441 periculum
1097 2396 1144 2430 ad
1165 2406 1269 2431 cura-

179 2446 193 2478 ¹
244 2446 343 2479 tores
366 2442 557 2488 pertinere.
601 2441 691 2477 Item
714 2441 979 2487 rescripserunt
1001 2451 1153 2486 operum
1175 2441 1270 2521 peri-

176 2491 198 2524 2
244 2488 364 2524 culum
380 2487 489 2523 etiam
507 2487 554 2522 ad
570 2487 721 2523 heredes
737 2491 946 2523 curatorum
987 2486 1149 2522 ertinere.
1199 2490 1271 2522 tem

174 2533 439 2579 rescripserunt
462 2542 569 2578 agros
592 2532 644 2568 rei
666 2532 836 2578 publicae
858 2535 956 2567 retra
983 2541 1044 2567 ere
1068 2536 1271 2568 curatorem

176 2579 332 2615 civitatis
356 2578 506 2621 debere,
535 2578 621 2614 licet
650 2588 674 2613 a
695 2578 793 2614 bona
814 2576 886 2613 fide
911 2577 1131 2623 emptoribus
1155 2578 1271 2623 possi-

176 2624 341 2666 deantur,
366 2634 448 2659 cum
471 2623 613 2669 possint
636 2622 683 2659 ad
706 2627 875 2659 auctores
899 2633 984 2658 suos
1007 2633 1207 2658 recurrere.

226 2666 278 2707 12
302 2667 355 2713 (9,
381 2671 416 2712 3)
438 2668 546 2704 loru
573 2668 697 2704 eodem
728 2669 845 2705 libr-0⁵
894 2668 1133 2713 Imperatores
1156 2669 1270 2704 Anto-

175 2714 282 2751 ninus
313 2718 351 2750 et
378 2714 497 2750 Verus
536 2713 800 2760 rescripserunt
836 2724 985 2759 operum
1023 2713 1273 2750 exactionem⁶

180 2763 195 2795 1
222 2762 272 2804 (4)
318 2760 397 2795 sine
434 2759 603 2795 cautione
639 2770 712 2795 non
743 2762 912 2804 oportere
943 2759 1126 2795 committi.
1182 2760 1271 2795 Item

175 2804 442 2851 rescripserunt
466 2808 668 2848 curatores,
701 2805 731 2840 si
757 2804 985 2858 neglegenter
1006 2804 1044 2839 in
1069 2804 1271 2840 distrahen-

177 2850 232 2887 dis
264 2850 368 2886 bonis
396 2851 460 2886 se⁷
489 2849 684 2895 gesserint,
715 2849 754 2885 in
784 2850 951 2895 simplum
981 2849 1117 2893 teneri,
1147 2849 1178 2885 si
1207 2860 1273 2896 per

175 2895 353 2940 fraudem,
376 2895 415 2931 in
438 2895 606 2940 duplum:
635 2906 702 2931 nec
726 2895 773 2930 ad
796 2894 947 2931 heredes
971 2905 1096 2931 eorum
1118 2905 1273 2949 poenam

177 2944 198 2977 2
223 2944 273 2985 (5)
320 2940 547 2977 descendere.
595 2940 685 2976 Item
714 2941 978 2986 rescripserunt
1005 2951 1196 2986 pecuniam
1226 2941 1273 2977 ad

178 2996 359 3023 annonam
383 2985 598 3022 destinatam
622 2985 806 3022 distractis
830 2986 938 3022 rebus
963 2989 1166 3022 curatorem
1196 2986 1271 3022 exi-

178 3035 198 3068 3
223 3034 273 3076 (6)
317 3041 403 3077 gere
434 3030 576 3067 debere.
630 3031 721 3067 Item
751 3032 1016 3077 rescripserunt
1046 3031 1186 3068 sitonas
1217 3032 1271 3067 in-

178 3076 323 3113 demnes
355 3086 435 3113 esse
465 3079 649 3123 oportere,
706 3077 742 3112 ui
771 3088 845 3113 non
876 3076 1032 3123 segniter
1061 3076 1182 3113 officio
1206 3087 1272 3113 suo

179 3126 199 3158 4
223 3125 274 3166 (7)
318 3121 436 3158 functi
459 3125 555 3166 sunt,
579 3131 688 3158 secun
715 3133 774 3157 um
797 3122 936 3158 litteras
960 3121 1146 3158 Hadriani.
1182 3121 1273 3158 Item

177 3167 290 3204 rescri
317 3171 443 3204 serunt
473 3177 497 3203 a
528 3170 696 3203 curatore
726 3167 929 3203 kalendarii
951 3167 1156 3203 cautionem
1180 3167 1273 3213 exigi

178 3223 251 3249 non
298 3213 422 3256 ebere,
447 3223 529 3248 cum
553 3223 576 3248 a
598 3212 763 3258 praeside
787 3223 831 3248 ex
855 3212 1085 3259 inquisitione
1108 3212 1271 3259 eligatur.

178 3262 198 3293 5
223 3260 273 3339 (18)
316 3258 409 3294 Item
447 3257 711 3304 rescripserunt
749 3261 952 3294 curatorem
1010 3258 1097 3293 tiam
1131 3258 1272 3295 nomine

178 3303 1078 3395 3⁰‹9‘3⁸²‘t³ui‘t⁸¹¹⁸i¹t;m⁸issssississffuiteiffiffim
1102 3313 1183 3384 ἳίξὲ
1233 3314 1272 3385 2·

177 3394 313 3430 teriora
341 3393 442 3430 facta
472 3397 558 3430 sunt
585 3397 746 3440 tempore
776 3394 971 3437 curatoris,
1002 3360 1203 3441 peiigulum
1225 3394 1272 3430 ad

176 3507 219 3549 (1)
244 3516 346 3549 quam
359 3508 409 3541 Io.
423 3507 638 3552 Canneqieter
690 3509 736 3551 (2)
755 3507 919 3552 praetoris
931 3508 993 3542 dal.
1006 3508 1041 3541 F
1045 3507 1060 3528 ²

177 3551 262 3586 tori·
279 3552 341 3586 del.
357 3552 409 3587 Ρ
501 3555 545 3595 (4)
569 3553 718 3587 rationes
738 3555 798 3587 ins.
1112 3510 1157 3551 (3)
1176 3518 1273 3552 prae-

893 3554 937 3595 (ο)
961 3552 1050 3587 idem
1063 3563 1090 3586 e.
1102 3552 1126 3586 1.
1146 3555 1208 3587 «ια.
1224 3554 1275 3587 F*

178 3598 228 3640 (ο)
250 3597 483 3632 extinctionem
501 3599 536 3632 F
644 3600 689 3641 (¹1)
714 3608 748 3632 se
769 3599 831 3632 del.
851 3597 904 3632 ΙΝ
1023 3599 1069 3639 (8)
1094 3609 1178 3640 quae
1198 3599 1272 3633 edd.

177 3644 240 3720 {a
250 3645 323 3695 erat
335 3643 395 3731 F(
420 3689 429 3698 ²
440 3643 615 3731 §tymidem
626 3642 650 3677 1.
664 3654 692 3677 e.
706 3644 769 3678 del.
786 3642 836 3677 Ρ
911 3644 969 3686 (1¹)
993 3642 1137 3676 inutulis
1149 3645 1197 3677 est
1210 3644 1272 3686 ΓΙ,

244 3686 370 3721 tallfflt
395 3700 444 3723 810

224 3735 284 3774 (ιι)
309 3732 491 3774 8αὸ.ι...4;
515 3735 631 3773 Eds:
656 3733 687 3767 A
710 3746 744 3777 p.
759 3741 776 3767 c
848 3735 906 3775 (ω)
931 3732 1132 3767 iudiciorum
1147 3735 1206 3767 ins.
1222 3734 1272 3766 F²

179 3778 237 3817 (u)
263 3776 350 3809 idem
371 3778 428 3810 17¹
534 3781 595 3820 (15)
619 3780 684 3811 Am
707 3778 805 3812 itiosa
888 3778 1020 3812 debent.
1054 3778 1212 3821 Proinde,
1232 3781 1272 3812 ut

1253 139 1339 187 852

1492 45 1561 122 ὃ

1551 137 1567 170 *y*
1585 156 1647 187 DE
1676 157 1907 189 DECRETIS.
1951 158 2014 188 DE
2044 157 2262 190 OPERmus
2291 158 2419 189 Pom..

1333 275 1464 347 3333.
1474 268 1909 392 Ξῗέἒᾱιὲωέθζέῧῗ
1922 270 2421 360 {iisseriussfficffiidflffi

1335 367 1406 392 nou
1430 366 1476 401 pe
1550 367 1621 392 ere.

1385 399 1435 439 13
1460 399 1513 444 (9,
1542 405 1596 445 10)
1619 401 1728 437 loru
1754 401 1846 439 libro
1876 403 2042 439 eodem¹⁰
2086 404 2325 450 Imperatores
2348 406 2421 441 An·

1335 447 1479 500 toninus
1511 450 1547 483 et
1570 446 1686 500 Verus
1716 448 1981 501 rescripserunt
2009 459 2110 492 eum,
2142 449 2205 495 qui
2233 450 2423 496 pecuniam

1335 493 1517 537 publicam
1539 496 1773 537 magistratus
1797 504 1853 528 sui
1875 497 2036 540 tempore
2061 498 2097 530 et
2114 498 2198 540 post
2215 505 2288 531 non
2307 505 2423 541 pauco

1335 542 1496 590 tempore
1520 537 1738 580 detinuerat,
1770 548 1900 574 usuras
1930 539 2039 575 etiam
2069 543 2253 585 praestare
2282 539 2423 582 debere,

1335 583 1469 664 nieliffiizi
1499 582 1585 663 quid
1614 583 1780 629 adlegare
1803 584 1934 629 possit,
1966 595 2039 631 qua
2068 596 2112 621 ex
2143 595 2255 621 causa
2286 585 2424 621 tardius

1336 639 1374 664 in
1461 638 1501 664 se
1560 654 1569 663 .

1771 787 1779 793 -
1796 766 1914 806 VIIII
1925 765 1965 806 ¹².

1441 832 1504 866 DE
1527 831 1755 866 DECRETIS
1779 834 1839 866 AB
1863 832 2038 866 ORDINE
2061 833 2321 869 FACIENDIS.

1338 943 1347 951 ⁰
1386 896 1406 935 1
1446 897 1643 934 Uapuivus
1676 899 1767 936 libro
1803 900 1908 935 tertio
1943 900 2153 947 opinionum
2204 900 2427 936 Medicorum

1336 947 1433 996 intra
1468 954 1657 980 numerum
1720 944 1924 980 raefinitum
1962 945 2292 982 constituendorum
2331 946 2427 981 arbi-

1336 992 1445 1024 trium
1473 999 1547 1025 non
1575 990 1694 1035 praesi
1721 990 1728 998 ‘
1761 990 1966 1035 provinciae
1999 991 2226 1027 commissum
2257 995 2330 1035 est,
2364 990 2427 1026 sed

1337 1034 1454 1070 ordini
1478 1038 1515 1069 et
1536 1035 1808 1080 possessoribus
1833 1035 2005 1081 cuiusque
2029 1035 2192 1080 civitatis,
2216 1039 2258 1071 ut
2277 1035 2365 1072 certi
2384 1035 2428 1071 de

1337 1080 1517 1125 probitate
1540 1090 1680 1116 morum
1703 1085 1740 1116 et
1763 1081 1892 1126 peritia
1914 1081 2003 1117 artis
2025 1081 2159 1127 eligant
2180 1081 2266 1127 ipsi,
2298 1081 2428 1127 quibus

1338 1125 1616 1205 settlibezrosque
1650 1136 1736 1162 suos
1774 1126 1813 1162 in
1850 1126 2072 1171 aegritudine
2109 1137 2299 1172 corporum
2330 1136 2426 1162 com-

1337 1182 1386 1206 mi
1419 1180 1467 1205 an
1487 1200 1491 1204 .

1385 1213 1411 1253 2
1436 1215 1674 1252 Mancmnvs
1698 1216 1789 1252 libro
1807 1216 1932 1262 primo
1946 1216 1974 1238 ¹³
2001 1216 2231 1263 publicorum
2277 1215 2345 1252 Illa
2366 1215 2430 1251 de-

1339 1265 1454 1306 creta,
1480 1271 1572 1307 quae
1596 1271 1669 1296 non
1691 1260 1847 1306 legitimo
1872 1271 2020 1297 numero
2044 1261 2279 1298 decurionum
2302 1265 2426 1298 coacto

1338 1307 1437 1342 facta
1461 1310 1556 1351 sunt,
1580 1317 1653 1343 non
1676 1307 1807 1342 valent.

1385 1350 1410 1390 3
1442 1351 1639 1389 Ulmanus
1667 1351 1759 1388 libro
1784 1352 1891 1388 tertio
1915 1351 1960 1387 dc
1983 1364 2006 1387 a
2027 1352 2290 1400 pollutionibus
2333 1351 2428 1396 Lege

1338 1400 1460 1434 autem
1482 1397 1617 1433 munici
1644 1397 1692 1433 ali
1717 1401 1873 1441 cavetur,
1897 1401 1940 1432 ut
1963 1408 2004 1433 or
2030 1408 2051 1433 ο
2075 1408 2148 1433 non
2171 1397 2277 1433 aliter
2293 1396 2428 1433 habea-

1337 1447 1399 1479 tur
1423 1453 1531 1488 quam
1554 1443 1626 1478 dua
1652 1454 1695 1479 us
1745 1442 1884 1479 artibus
1908 1442 2088 1479 adhibitis.

1384 1487 1411 1526 4
1443 1488 1677 1525 ULPJANUS¹⁴
1722 1488 1799 1541 ibt-o
1823 1488 2007 1535 cinqulari
2031 1488 2077 1526 de
2098 1487 2227 1544 officio
2250 1487 2432 1527 curator-23³

1338 1535 1396 1570 rei
1409 1534 1586 1586 publicae
1631 1533 1835 1570 Ambitiosa
1858 1533 2004 1572 decreta
2027 1535 2260 1572 decurionum
2276 1535 2430 1572 rescindi

1339 1580 1481 1616 debent.
1530 1589 1605 1615 sive
1635 1580 1790 1625 aliquem
1820 1580 2018 1617 debitorem
2040 1581 2239 1618 dimiserint
2262 1580 2336 1617 sive
2358 1580 2430 1616 lar-

1343 1629 1357 1660 1
1406 1625 1471 1671 giti
1495 1628 1591 1660 sunt.
1639 1625 1806 1669 Proinde,
1829 1629 1872 1661 ut
1895 1626 2030 1671 solent,
2067 1626 2178 1663 ¹⁵sive
2209 1626 2431 1662 decreverint

1339 1670 1384 1707 de
1407 1670 1553 1716 publico
1577 1669 1730 1706 alicuius
1743 1672 1771 1692 ¹⁶
1800 1671 1857 1707 vel
1886 1671 2034 1717 praedia
2063 1672 2120 1709 vel
2143 1671 2250 1708 aedes
2273 1671 2329 1707 vel
2353 1681 2429 1707 cer-

1339 1720 1414 1752 tam
1446 1715 1683 1761 quantitatem
1713 1717 1908 1762 praestari,
1948 1717 2036 1752 nihil
2067 1717 2200 1753 valebit
2229 1716 2430 1753 huiusmodi

1341 1765 1361 1797 2
1409 1761 1603 1797 decretum.
1645 1761 1717 1797 Sed
1740 1765 1777 1797 et
1789 1763 1816 1784 ¹⁷
1840 1762 1873 1798 si
1896 1762 2067 1798 salarium
2089 1762 2197 1798 alicui
2221 1761 2430 1798 decuriones

1341 1807 1571 1850 decreverint,
1597 1806 1780 1843 decretum
1798 1807 1835 1842 id
1854 1817 2122 1853 nonnumquam
2142 1808 2249 1844 ullius
2269 1807 2339 1843 erit
2355 1818 2430 1843 mo-

1339 1852 1467 1888 menti:
1498 1856 1541 1888 ut
1570 1855 1661 1897 puta
1691 1852 1723 1888 si
1752 1852 1798 1888 ob
1822 1852 2004 1889 liberalem
2027 1857 2141 1890 artem
2163 1852 2273 1889 fuerit
2296 1852 2418 1889 consti

1340 1901 1458 1934 tutum
1481 1897 1537 1933 vel
1560 1898 1608 1934 ob
1631 1897 1859 1934 medicinam:
1893 1898 1941 1934 ob
1970 1899 2037 1935 has
2068 1899 2162 1935 enim
2190 1908 2320 1935 causas
2349 1898 2430 1933 licet

1341 1943 1511 1980 constitui
1534 1943 1677 1979 salaria.

1387 1988 1412 2026 5
1448 1988 1737 2025 Catmsrfflrvs
1773 1989 1866 2025 libro
1896 1988 2054 2025 secundo
2091 1988 2136 2024 de
2166 1988 2428 2035 cognitionibus

1341 2034 1446 2079 Quod
1469 2034 1579 2070 semel
1603 2034 1691 2070 ordo
1715 2034 1892 2077 decrevit,
1925 2044 1999 2070 non
2028 2037 2196 2080 oportere
2217 2033 2256 2070 id
2277 2033 2429 2069 rescindi

1341 2080 1443 2116 divus
1475 2079 1680 2115 Hadrianus
1713 2079 2033 2115 Nicomedensibus
2071 2079 2257 2125 rescripsit
2286 2078 2356 2114 nisi
2386 2088 2430 2114 ex

1341 2135 1469 2161 causa:
1494 2125 1532 2160 id
1556 2129 1612 2161 est
1634 2125 1666 2161 si
1689 2125 1736 2160 ad
1755 2124 1937 2170 publicam
1955 2125 2147 2161 utilitatem
2166 2124 2338 2170 respiciat
2355 2134 2428 2160 res-

1341 2171 1448 2207 cissio
1472 2170 1601 2217 prioris
1627 2170 1771 2206 decreti.

1387 2214 1412 2253 6
1447 2215 1652 2252 Scaevoia
1692 2216 1784 2252 libro
1813 2216 1938 2262 primo
1969 2215 2190 2263 diqestoram
2243 2214 2429 2260 Municipii

1340 2261 1418 2307 lege
1439 2261 1492 2296 ita
1516 2265 1662 2297 cautum
1695 2265 1773 2297 erat
1785 2262 1831 2296 ¹⁸:
1852 2259 1934 2295 *adv
1963 2273 2016 2296 τις
2048 2259 2119 2300 ἔξω
2149 2261 2215 2294 τοῦ
2246 2258 2429 2305 συνεδρίου

1335 2305 1556 2349 *diademata
1587 2308 1653 2340 τοῦ
1674 2319 1715 2341 τε
1739 2304 1925 2354 συνεδρίου
1950 2306 2127 2353 εἰργέσθω
2153 2309 2215 2340 καὶ
2237 2317 2427 2351 προσαπο-

1335 2350 1506 2386 “τιννῦτω
1532 2350 1690 2397 δράχμας
1711 2347 1840 2394 χιλίας’
1857 2352 1895 2386 ¹⁹.
1944 2351 2144 2397 quaesitum
2168 2355 2241 2395 est,
2273 2361 2319 2386 an
2344 2360 2428 2396 poe-

1340 2407 1423 2432 nam
1448 2397 1624 2432 sustinere
1647 2397 1795 2440 debeat,
1828 2396 1889 2442 qui
1917 2397 2087 2442 ignorans
2112 2396 2283 2432 adversus
2308 2395 2428 2431 (lecre-

1339 2446 1417 2478 tum
1435 2441 1532 2478 fecit.
1569 2442 1756 2488 respondit
1776 2445 1813 2478 et
1830 2442 2035 2478 huiusmodi
2056 2452 2193 2488 poenas
2218 2441 2389 2477 adversus
2399 2441 2430 2462 ²⁰

1340 2488 1494 2524 scientes
1518 2491 1664 2533 paratas
1689 2498 1768 2524 esse
1779 2489 1820 2523 ²¹.

1844 2625 1933 2665 21²².

1606 2692 1669 2725 DE
1694 2691 1917 2725 OPERIBUS
1940 2691 2161 2725 PUBLICIS.

1391 2757 1407 2795 1
1452 2758 1647 2795 ULPIANUS
1681 2758 1773 2794 libro
1811 2758 1970 2794 secundo
2007 2758 2217 2804 opinionum
2276 2757 2426 2792 Curatoi

1342 2815 1490 2850 operum
1514 2807 1658 2839 creatus
1681 2803 1964 2849 praescriptione
1988 2806 2106 2838 motus
2130 2803 2176 2838 ab
2200 2802 2430 2838 excusatione

1342 2849 1555 2896 perferenda
1564 2850 1595 2870 ²³
1619 2849 1724 2885 sicuti
1748 2848 1958 2885 cessationis
1982 2847 2135 2892 nomine,
2159 2848 2197 2884 in
2244 2858 2292 2883 ua
2311 2847 2428 2901 quoad

1341 2895 1426 2930 vivit
1449 2898 1610 2931 moratus
1634 2898 1700 2937 est,
1725 2894 1874 2930 heredes
1898 2904 1983 2930 suos
2004 2893 2181 2938 obligatos
2200 2859 2356 2939 rssliquit
2379 2892 2429 2928 ita

1341 2941 1528 2986 temporis,
1553 2940 1650 2986 quod
1670 2942 1756 2993 post
1777 2943 1927 2975 mortem
1950 2939 2027 2975 eius
2052 2939 2176 2982 cessit,
2200 2938 2299 2975 nullo
2323 2948 2429 2974 onere

1346 2990 1359 3021 1
1411 2996 1473 3022 eos
1505 2985 1706 3022 obstrinxit.
1763 2984 1894 3020 Curam
1930 2984 2049 3030 operis
2085 2994 2201 3030 aquae
2232 2983 2362 3020 ductus
2393 2983 2428 3018 in

1342 3031 1413 3067 alio
1432 3031 1505 3067 iam
1523 3040 1670 3066 munere
1690 3030 1906 3066 constitutus
1925 3034 2051 3076 postea
2068 3032 2288 3076 susceperat.
2325 3038 2429 3081 prae-

1342 3080 1486 3130 postere
1516 3077 1614 3112 visus
1644 3079 1699 3112 est
1721 3079 1843 3121 petere
1866 3075 2055 3111 exonerari
2077 3075 2197 3121 priore
2205 3075 2237 3096 ²⁴
2267 3077 2430 3120 utrisque

1341 3132 1412 3158 iam
1434 3121 1643 3168 implicitus,
1677 3120 1837 3166 quando,
1862 3120 1893 3157 si
1917 3120 2068 3156 alterum
2091 3123 2230 3155 tantum
2253 3119 2429 3155 sustinere

1341 3178 1423 3203 eum
1443 3167 1672 3213 oportuisset,
1698 3171 1781 3201 ante
1800 3166 2022 3212 probabilius
2039 3165 2267 3211 impetrasset
2283 3167 2430 3211 propter

1341 3212 1442 3258 prius
1466 3222 1595 3248 munus
1619 3221 1642 3247 a
1664 3211 1828 3257 sequenti
1850 3210 2129 3247 excusationem.

1388 3256 1413 3295 2
1445 3257 1552 3293 Imm
1585 3256 1677 3293 libro
1708 3258 1812 3293 tertio
1842 3268 1864 3292 o
1892 3257 2052 3292 inionum
2105 3254 2174 3300 Qui
2204 3254 2428 3296 liberalitate.

1341 3314 1414 3339 non
1438 3301 1651 3339 necessitate
1674 3301 1795 3347 debiti,
1820 3312 1859 3338 re
1887 3302 1957 3337 'tus
1980 3311 2064 3337 suos
2087 3300 2229 3337 interim
2253 3300 2300 3336 ad
2319 3310 2430 3346 opera

1340 3348 1496 3384 finienda
1531 3348 1726 3391 concessit,
1764 3346 2030 3383 munificentiae
2066 3355 2154 3382 suae
2190 3345 2350 3381 fructum
2385 3344 2430 3381 de

1339 3392 1572 3440 inscriptione
1607 3393 1759 3429 nominis
1794 3393 1851 3429 sui
1889 3391 2074 3439 operibus,
2118 3390 2151 3427 si
2186 3400 2258 3437 qua
2292 3389 2429 3432 fecerit,

1342 3507 1461 3550 solent,
1473 3507 1541 3541 sive
1554 3532 1562 3540 .
1572 3532 1580 3540 .
1589 3532 1596 3539 .
1609 3506 1726 3550 largiti
1737 3508 1816 3540 sunt
1826 3519 1888 3540 scr.
1901 3506 2043 3549 (sic-sere
2052 3505 2233 3548 Leoninus)
2287 3505 2349 3546 (16)
2366 3503 2428 3538 ali-

1342 3553 1398 3586 cui
1411 3553 1483 3587 edd.
1575 3554 1634 3594 (Π)
1659 3554 1693 3586 et
1705 3553 1769 3587 del.
1781 3552 1949 3586 Leoninus
2033 3554 2092 3593 (ιε)
2118 3550 2183 3584 erit
2195 3550 2229 3584 F
2306 3551 2369 3593 (ιο)
2393 3550 2430 3584 id

1342 3606 1407 3632 ese.-
1430 3597 1459 3631 εἰ
1469 3597 1547 3640 quis
1557 3599 1653 3631 extra
1664 3597 1791 3631 curiam
1808 3595 1983 3638 iudicabit,
2001 3597 2096 3630 ouria
2114 3596 2263 3629 movetor
2282 3598 2316 3629 et
2333 3604 2427 3638 prae-

1341 3645 1432 3676 terea
1446 3642 1587 3676 multam
1604 3641 1697 3676 mille
1714 3642 1889 3676 denarium
1906 3640 1994 3675 dato.
2124 3643 2191 3683 (20)
2214 3640 2355 3674 adversa
2373 3639 2428 3673 1⁶¹²

1341 3690 1401 3729 (21)
1426 3697 1493 3721 ene
1505 3689 1568 3722 del.
1581 3686 1636 3721 F·

1386 3735 1450 3776 (22)
1474 3732 1698 3772 Sab.1....·..⁵;
1722 3731 1970 3766 Ed.4.o.·1.—
1992 3731 2076 3765 Bas.
2091 3733 2258 3773 54,12.—
2273 3730 2328 3809 g
2345 3730 2423 3764 σοα.

1341 3779 1373 3821 8,
1385 3785 1419 3813 1²
1510 3780 1573 3821 (23)
1595 3776 1796 3822 proterenda
1806 3789 1868 3811 scr.
1962 3778 2027 3819 (2⁴)
2049 3786 2187 3810 munere
2198 3776 2261 3811 ine.

2521 3803 2528 3860 ἒ

2520 3862 2528 3918 ἐξ
