2528 3918
115 129 289 161 mucro
1201 108 1271 156 101

115 242 205 276 idem
232 251 275 275 ue
299 250 395 281 esse,
427 243 462 274 et
492 238 522 272 si
553 237 766 282 scyphorum
791 246 877 270 usus
901 235 1040 270 fructus
1066 235 1202 279 legatus

115 288 179 328 sit,
204 253 329 321 deinde
351 293 470 319 massa
492 282 590 316 facta
615 285 650 316 et
672 281 802 316 iterum
826 280 970 325 scyphi:
1003 281 1087 315 licet
1111 279 1203 314 enim

115 331 264 377 pristina
288 329 439 375 qualitas
463 327 677 372 scyphorum
700 327 866 361 restituta
891 325 955 366 sit,
990 337 1061 360 non
1085 329 1204 359 tamen

119 381 131 410 1
182 376 260 411 illos
286 384 380 416 esse,
411 383 561 418 quorum
593 382 679 405 usus
703 370 843 405 fructus
866 370 1003 415 legatus
1028 371 1084 405 sit.
1133 369 1203 404 Sti-

116 422 257 467 pulatus
291 429 370 454 sum
401 417 444 452 de
468 417 561 452 Titio
593 415 743 451 fundum
768 415 1017 450 Cornelianum
1041 415 1203 449 detracto

116 477 183 501 usu
205 465 343 500 fructu:
368 462 483 497 Titius
508 461 677 497 decessit:
703 461 902 506 quaesitum
923 464 987 502 est,
1013 460 1099 505 quid
1118 459 1204 494 mihi

115 510 277 546 heredem
312 509 388 543 eius
423 511 608 552 praestare
643 509 794 551 oportet.
840 505 1025 550 respondit
1058 505 1201 546 referre,

115 566 186 600 qua
208 557 325 588 mente
347 563 435 588 usus
457 552 597 587 fructus
622 555 792 596 exceptus
818 551 882 585 sit:
908 561 991 585 nam
1012 550 1041 586 si
1085 550 1204 585 uidem

114 601 182 635 hoc
206 603 326 633 actum
351 601 413 640 est,
438 602 479 632 ut
501 598 538 631 in
563 596 752 631 cuiuslibet
775 606 928 640 persona
952 606 1037 631 usus
1079 599 1202 630 ructus

115 644 408 685 constitueretur,
442 643 554 677 solam
585 641 839 686 proprietatem
870 640 1036 675 heredem
1062 640 1201 675 debitu-

116 700 211 724 rum:
238 688 293 723 sin
313 692 432 722 autem
450 687 486 722 id
508 691 629 722 actum
648 687 706 727 sit,
730 689 770 721 ut
789 686 998 731 promissori
1018 686 1203 720 dumtaxat

114 745 199 769 usus
223 734 362 768 fructus
387 732 624 777 reciperetur,
657 731 799 776 plenam
822 731 1077 775 proprietatem
1100 732 1200 766 here-

115 780 192 814 dem
218 779 292 813 eius
317 778 528 813 debiturum.
565 778 634 812 hoc
663 777 715 811 ita
747 787 785 811 se
815 777 948 810 habere
980 775 1202 810 manifestius

115 825 149 858 in
175 834 286 858 causa
309 824 506 868 legatorum
531 832 721 866 apparere:
749 821 877 856 etenim
897 821 927 855 si
946 821 1060 863 heres,
1087 832 1108 856 a
1133 831 1201 865 quo

114 869 275 903 detracto
300 879 368 903 usu
392 868 513 902 fructu
536 867 735 912 proprietas
759 867 876 911 legata
900 866 963 907 sit,
995 867 1203 911 priusquam

115 925 159 949 ex
182 917 395 948 testamento
428 917 609 957 ageretur,
643 912 852 953 decesserit,
886 912 1002 946 minus
1035 911 1201 946 dubitan-

115 959 216 1000 dum,
249 958 335 1010 quin
365 958 468 992 heres
493 958 567 992 eius
591 957 733 1001 plenam
757 956 1011 1001 proprietatem
1035 957 1081 991 sit
1104 956 1201 991 debi-

114 1010 226 1038 turus.
262 1003 425 1047 idemque
457 1006 492 1037 et
523 1003 553 1037 si
585 1003 651 1037 sub
684 1002 893 1036 condicione
927 1002 1085 1036 similiter
1107 1002 1201 1045 lega-

114 1052 133 1083 2
182 1053 258 1083 tum
270 1050 279 1069 ¹
293 1049 340 1083 sit
352 1052 387 1083 et
395 1047 571 1093 pendente
585 1047 792 1082 condicione
804 1048 905 1082 heres
920 1047 1082 1082 decessit.
1108 1047 1202 1082 Usus

115 1094 253 1128 fructus
286 1093 378 1128 servi
409 1093 503 1128 Titio
539 1093 677 1137 legatus
714 1096 784 1127 est:
823 1103 904 1126 cum
939 1102 1003 1136 per
1037 1092 1203 1127 heredem

115 1142 245 1181 staret,
270 1149 339 1183 quo
363 1138 479 1173 minus
502 1141 764 1182 praestaretur,
797 1147 918 1172 servus
943 1141 1104 1172 mortuus
1130 1140 1201 1171 est:

116 1183 211 1218 aliud
236 1183 305 1218 dici
329 1194 400 1218 non
424 1193 530 1228 posse
554 1183 623 1225 ait,
657 1193 763 1227 quam
787 1183 824 1217 in
847 1182 884 1216 id
908 1183 1102 1227 obligatum
1127 1191 1203 1217 esse

114 1228 291 1271 herodem,
316 1229 440 1273 quanti
463 1228 624 1273 legatarii
646 1228 787 1262 intersit
810 1238 945 1262 moram
968 1227 1106 1262 factam
1129 1238 1202 1262 non

115 1284 211 1315 esse,
236 1278 276 1308 ut
300 1273 438 1309 scilicet
460 1283 504 1308 ex
528 1283 569 1308 eo
593 1277 752 1318 tempore
776 1273 813 1307 in
837 1272 947 1315 diem,
971 1273 1008 1306 in
1035 1283 1103 1317 quo
1129 1283 1203 1307 ser-

114 1329 179 1353 vus
205 1319 251 1353 sit
273 1322 455 1361 mortuus,
486 1329 572 1353 usus
603 1318 743 1353 fructus
776 1318 991 1352 aestimetur.
1029 1318 1086 1353 cui
1117 1317 1204 1352 illud

117 1374 259 1409 quoque
284 1374 505 1408 consequens
530 1374 628 1406 esse,
653 1367 704 1405 ut,
729 1363 758 1398 si
781 1363 858 1407 ipse
883 1363 998 1397 Titius
1022 1363 1203 1404 moriatur,

114 1409 276 1444 similiter
300 1420 343 1444 ex
367 1419 407 1443 eo
432 1412 603 1453 tempore,
629 1419 699 1453 quo
724 1418 824 1443 mora
848 1408 895 1442 sit
917 1407 1026 1450 facta,
1051 1408 1089 1442 in
1113 1408 1204 1442 diem

116 1455 238 1489 mortis
260 1453 458 1488 aestimatio
471 1464 558 1488 usus
571 1453 711 1488 fructus
724 1453 846 1488 heredi
860 1453 935 1488 eius
948 1456 1201 1498 praestaretur.

162 1497 215 1536 37
248 1499 356 1534 IDEM
386 1499 476 1534 libro
511 1500 662 1544 septimo
699 1499 947 1544 quaestionum
997 1498 1203 1542 Quaesitum

116 1549 180 1585 est,
206 1544 246 1587 si,
273 1555 352 1579 cum
376 1544 413 1578 in
437 1554 549 1578 annos
576 1543 696 1578 decem
719 1543 899 1588 proximos
924 1553 1028 1578 usum
1046 1543 1203 1578 fructum

116 1589 160 1624 de
183 1592 219 1624 te
243 1589 319 1624 dari
344 1589 535 1633 stipulatus
556 1599 680 1631 essem,
704 1599 768 1633 per
786 1592 822 1623 te
842 1588 978 1623 steterit
998 1599 1067 1633 quo
1088 1589 1204 1622 minus

117 1634 218 1669 dares
243 1638 279 1668 et
302 1634 580 1679 quinquennium
604 1634 794 1676 transierit,
820 1634 905 1678 quid
925 1634 1012 1668 iuris
1032 1633 1088 1668 sit.
1122 1634 1205 1668 item

114 1680 148 1714 si
171 1678 283 1714 Stichi
314 1679 436 1714 decem
468 1689 643 1714 annorum
675 1679 917 1723 proximorum
949 1689 1077 1723 operas
1102 1678 1146 1713 de
1170 1682 1205 1712 te

118 1724 195 1759 dari
227 1724 418 1769 stipulatus
451 1725 517 1758 sim
549 1727 584 1757 et
616 1724 775 1759 similiter
799 1724 1077 1768 quinquennium
1101 1734 1204 1768 prae-

116 1769 221 1804 teriit.
257 1769 441 1814 respondit
464 1770 539 1804 eius
563 1770 732 1814 temporis
756 1780 860 1804 usum
884 1770 1041 1803 fructum
1065 1773 1100 1803 et
1120 1779 1203 1814 ope-

116 1825 175 1849 ras
199 1818 296 1849 recte
320 1814 403 1859 peti,
429 1814 524 1859 quod
543 1825 607 1859 per
626 1818 662 1849 te
681 1818 904 1849 transactum
925 1817 978 1848 est
999 1825 1067 1859 quo
1089 1814 1204 1848 minus

117 1860 296 1894 darentur.

163 1901 215 1941 38
242 1903 478 1938 ΜΑΕΟΙΑΝΗΒ
500 1904 589 1939 libro
615 1905 718 1938 tertio
744 1905 1006 1938 institutionum
1041 1903 1123 1938 Non
1136 1904 1204 1938 uti-

117 1953 177 1984 tur
200 1949 507 1990 usufructuarius,
544 1949 574 1983 si
605 1959 672 1983 nec
703 1949 780 1993 ipse
812 1952 934 1983 utatur
966 1959 1032 1983 nec
1064 1949 1206 1983 nomine

117 1995 192 2029 eius
225 1994 337 2035 alius,
370 1998 458 2038 puta
493 1994 552 2038 qui
585 1993 668 2028 emit
698 1994 752 2028 vel
784 1994 843 2038 qui
878 1994 1048 2028 conduxit
1071 1994 1124 2028 vel
1149 1994 1206 2028 cui

116 2040 271 2075 donatus
297 2043 351 2074 est
373 2039 429 2074 vel
452 2040 512 2084 qui
536 2039 712 2084 negotium
739 2039 814 2073 eius
846 2039 946 2082 gerit.
983 2039 1090 2083 plane
1119 2039 1206 2073 illud

117 2085 281 2126 interest,
316 2084 429 2128 quod,
461 2084 492 2119 si
514 2084 703 2119 vendidero
728 2095 831 2118 usum
862 2084 1036 2126 fructum,
1071 2084 1207 2119 etiamsi

117 2140 173 2164 em
200 2133 257 2164 tor
280 2140 353 2164 non
377 2133 509 2171 utatur,
533 2129 655 2164 videor
678 2140 782 2164 usum
805 2129 961 2164 fructum
984 2129 1148 2171 retinere,

194 2172 218 2211 9
255 2174 378 2209 GAJUS
413 2174 505 2209 libro
537 2176 687 2220 septimo
720 2174 770 2209 ad
800 2174 952 2209 edictum
977 2174 1207 2220 provinciale

118 2220 202 2264 quia
225 2220 284 2263 qui
308 2219 422 2263 pretio
445 2219 595 2261 fruitur,
628 2230 700 2254 non
732 2220 847 2254 minus
879 2219 1011 2254 habere
1035 2219 1206 2264 intellegi-

117 2269 187 2305 tur,
213 2275 319 2309 quam
344 2265 404 2308 qui
426 2264 616 2309 principali
638 2275 676 2299 re
700 2265 813 2299 utitur
837 2263 978 2299 fruitur.

164 2308 217 2346 40
242 2309 480 2344 ΜΑΒΟῙΑΝΠΒ
501 2310 591 2345 libro
616 2311 719 2344 tertio
745 2310 1008 2344 institutionum

119 2354 310 2396 donavero,
336 2364 408 2389 non
434 2354 522 2389 alias
547 2355 693 2396 retineo,
718 2355 786 2389 nisi
809 2355 867 2389 ille
891 2358 1025 2389 utatur.

165 2398 214 2436 41
243 2399 352 2433 IDEM
379 2400 470 2434 libro
501 2401 650 2445 septimo
684 2400 946 2434 institutionum
992 2399 1140 2435 Statuae
1173 2403 1208 2433 et

118 2444 279 2489 imaginis
304 2455 408 2479 usum
432 2444 589 2479 fructum
607 2455 713 2489 posse
732 2444 883 2489 relinqui
902 2445 1013 2489 magis
1035 2448 1098 2487 est,
1125 2445 1208 2489 quia

118 2493 154 2524 et
169 2489 269 2534 ipsae
285 2489 419 2524 habent
435 2490 589 2534 aliquam
609 2490 809 2531 utilitatem,
835 2489 865 2524 si
885 2500 954 2534 quo
975 2490 1054 2525 loco
1076 2500 1207 2534 oppor-

122 2538 135 2568 1
186 2538 274 2569 tuno
298 2537 490 2579 ponantur.
537 2534 641 2569 Licet
659 2534 805 2579 praedia
825 2535 1001 2579 quaedam
1020 2535 1106 2569 talia
1126 2535 1207 2577 sint,

119 2583 159 2614 ut
182 2579 293 2623 magis
316 2579 354 2614 in
377 2589 420 2614 ea
442 2579 489 2614 im
517 2579 704 2621 endamus‚
738 2590 843 2624 quam
875 2579 918 2614 de
948 2579 1016 2615 illis
1042 2579 1207 2624 adquira-

118 2635 209 2664 mus,
233 2628 353 2658 tamen
377 2635 463 2659 usus
504 2628 628 2659 ructus
654 2635 775 2659 eorum
798 2624 949 2669 relinqui
972 2628 1103 2669 potest.

166 2667 219 2705 42
244 2669 521 2704 Froaemmws
542 2670 633 2704 libro
658 2669 845 2705 undecimo
869 2670 1132 2705 institutionum
1169 2669 1207 2704 Si

118 2714 180 2749 alii
203 2724 301 2755 usuS,
327 2714 387 2749 alii
404 2714 545 2749 fructus
567 2714 722 2749 eiusdem
741 2715 791 2749 rei
811 2714 954 2758 legetur,
979 2714 1017 2749 id
1038 2714 1211 2759 percipiet

120 2758 360 2801 fructuarius,
393 2759 489 2804 quod
520 2760 663 2794 usuario
698 2760 892 2804 supererit:
927 2770 993 2794 nec
1027 2759 1143 2794 minus
1176 2764 1211 2794 et

125 2807 138 2837 1
188 2804 266 2849 ipse
288 2804 431 2839 fruendi
463 2815 573 2839 causa
605 2808 640 2839 et
663 2815 767 2839 usum
790 2805 948 2839 habebit.
996 2803 1132 2840 Rerum
1164 2815 1210 2838 an

119 2849 378 2884 aestimationis
402 2860 489 2884 usus
513 2849 652 2884 fructus
677 2850 742 2884 tibi
764 2850 912 2894 legetur,
937 2849 1102 2885 interest:
1128 2860 1210 2883 nam

121 2893 151 2927 si
175 2893 317 2938 quidem
340 2905 457 2929 rerum
480 2895 627 2939 legetur,
653 2895 806 2930 deducto
833 2905 886 2937 eo,
912 2894 1007 2939 quod
1026 2897 1211 2939 praeterea

121 2938 186 2972 tibi
205 2939 360 2983 legatum
380 2942 442 2981 est,
469 2950 512 2974 ex
531 2940 674 2984 reliquis
695 2940 798 2975 bonis
811 2950 914 2974 usum
925 2939 1082 2974 fructum
1093 2939 1207 2974 feres:

123 2983 177 3017 sin
201 2988 318 3018 autem
343 2985 598 3019 aestimationis
622 2995 708 3019 usus
731 2984 870 3019 fructus
904 2985 1041 3028 legatus
1073 2987 1143 3026 est,
1175 2984 1211 3018 id

121 3038 263 3073 quoque
287 3029 541 3071 aestimabitur,
568 3030 663 3074 quod
682 3034 866 3074 praeterea
885 3030 951 3064 tibi
970 3029 1124 3073 legatum
1144 3032 1208 3064 est.

124 3083 205 3107 nam
229 3074 371 3118 saepius
395 3074 489 3109 idem
511 3075 659 3118 legando
685 3085 756 3109 non
780 3075 927 3119 ampliat
945 3079 1096 3109 testator
1114 3075 1209 3118 lega-

123 3121 216 3152 tum:
248 3128 288 3152 re
319 3122 438 3154 autem
470 3119 587 3164 legata
618 3120 724 3154 etiam
756 3119 1038 3155 aestimationem
1062 3120 1135 3155 eius
1160 3119 1209 3153 le-

122 3162 240 3205 gando
266 3163 436 3207 ampliare
460 3164 612 3208 legatum
635 3175 836 3209 possumus.

171 3204 222 3243 43
243 3206 438 3244 ULPIANUS
447 3209 537 3244 libro
549 3211 700 3254 septimo
713 3210 922 3255 reqularum
957 3209 1078 3244 Etiam
1097 3209 1209 3254 partis

125 3251 299 3286 bonorum
322 3263 408 3288 usus
432 3253 571 3289 fructus
591 3254 699 3298 legari
719 3258 848 3299 potest.
885 3255 914 3289 si
933 3257 1053 3289 tamen
1072 3265 1144 3288 non
1165 3254 1210 3288 sit

125 3296 324 3347 specialiter
345 3297 444 3333 facta
464 3299 575 3343 partis
597 3299 739 3342 mentio,
765 3299 909 3334 dimidia
928 3309 1013 3344 pars
1033 3300 1209 3334 bonorum

126 3344 338 3377 contmetur.

173 3383 226 3435 44
250 3385 455 3422 Nmarms
475 3387 565 3422 libro
586 3389 689 3423 tertio
710 3389 997 3424 membranarum
1033 3388 1207 3423 Usufruc-

126 3432 263 3480 tuarlus
287 3440 415 3466 novum
438 3433 626 3467 tectorium
650 3433 863 3477 parietibus,
899 3433 959 3478 qui
989 3433 1095 3468 rudes
1119 3433 1207 3467 fuis-

126 3476 215 3514 sent,
239 3484 419 3526 imponere
437 3487 509 3511 non
528 3481 658 3521 potest,
685 3478 768 3522 quia
787 3479 928 3512 tametsi
948 3478 1126 3512 meliorem
1148 3488 1207 3512 ex-

126 3517 274 3552 colendo
296 3519 494 3555 aedificium
513 3522 645 3556 domini
667 3533 812 3557 causam
829 3523 992 3557 facturus
1007 3526 1110 3565 esset,
1135 3533 1208 3557 non

1055 2309 1158 2353 Quod
1178 2310 1206 2344 si

128 3675 141 3714 (
144 3675 170 3715 1)
194 3676 242 3707 sic
254 3675 290 3716 S,
304 3675 435 3717 legatus
448 3676 482 3707 F
535 3678 577 3718 (2)
602 3677 694 3710 aliud
707 3689 829 3710 novum
842 3679 950 3711 facere
965 3681 1038 3714 dett.

129 3719 263 3751 Plautio
279 3720 525 3753 Brencmannus
629 3724 669 3763 (4)
695 3723 810 3763 habes]
825 3727 936 3766 partes
951 3725 997 3756 Fu
1106 3682 1147 3720 (3)
1174 3690 1213 3711 ex

1109 3726 1150 3764 (5)
1177 3727 1213 3755 ut

2236 112 2362 153 v111

1272 238 1391 269 tamen
1414 233 1450 268 id
1473 235 1551 269 iure
1575 244 1639 269 suo
1664 233 1785 268 facere
1816 237 1954 278 potest,
1988 233 2157 278 aliudque
2191 236 2245 269 est
2275 234 2367 269 tueri

1272 278 1366 324 quod
1391 279 1589 324 accepisset
1613 289 1659 313 an
1683 289 1813 313 novum
1834 278 1972 314 faceret
1981 279 2006 313 ².

1318 322 1371 360 45
1400 323 1523 360 G-Aws
1554 324 1646 359 libro
1681 325 1832 369 septimo
1868 325 1918 358 ad
1952 324 2106 359 edictum
2136 325 2367 370 provinciale

1273 368 1374 403 Sicut
1384 369 1551 414 inpendia
1565 368 1779 403 cibariorum
1790 368 1827 402 in
1839 379 1989 411 servum,
2012 369 2113 404 cuius
2126 379 2213 404 usus
2225 369 2366 404 fructus

1273 414 1319 448 ad
1343 414 1496 459 aliquem
1520 414 1695 459 pertinet,
1727 413 1780 448 ita
1812 416 1848 448 et
1879 414 2091 448 valetudinis
2115 414 2296 459 impendia
2320 414 2367 448 ad

1274 470 1353 494 eum
1376 460 1552 504 respicere
1576 463 1706 493 natura
1730 458 1956 493 manifestum
1981 463 2044 494 est.

1319 501 1372 541 46
1398 503 1558 540 PAULUS
1579 504 1669 539 libro
1694 515 1790 538 nono
1815 503 1865 538 ad
1888 503 2073 538 Plautium
2121 504 2159 539 Si
2194 507 2363 539 extraneo

1272 549 1406 594 scripto
1432 554 1467 584 et
1491 549 1714 594 emancipato
1747 548 1940 593 praeterito
1976 549 2080 583 matri
2114 549 2273 584 defuncti
2307 550 2366 584 de-

1272 594 1380 629 ducto
1405 605 1475 629 usu
1496 594 1619 629 fructu
1642 594 1843 639 proprietas
1867 593 1983 638 legata
2008 594 2073 636 sit,
2106 595 2217 639 petita
2242 599 2367 629 contra

1271 640 1414 674 tabulas
1447 640 1624 675 bonorum
1654 639 1881 683 possessione
1915 639 2021 683 plena
2057 639 2259 684 proprietas
2291 640 2366 684 pie-

1277 688 1285 717 1
1339 685 1423 720 tatis
1447 688 1613 730 respectu
1637 684 1743 718 matri
1775 684 1994 728 praestanda
2030 688 2093 718 est.
2144 684 2182 718 Si
2213 689 2366 719 testator

1271 730 1423 769 iusserit,
1449 734 1490 764 ut
1513 731 1614 764 heres
1638 729 1803 764 reficeret
1825 729 1988 771 insulam,
2016 729 2116 763 cuius
2142 740 2245 764 usum
2269 729 2366 764 fruc-

1272 778 1347 808 tum
1371 775 1519 819 legavit,
1553 778 1672 819 potest
1695 773 1915 809 fructuarius
1941 785 1984 808 ex
2009 778 2223 809 testamento
2250 785 2365 819 agere,

1273 823 1312 854 ut
1335 820 1439 855 heres
1462 820 1635 854 reficeret.

1319 863 1371 901 47
1397 864 1627 900 POMPONIUS
1657 864 1746 900 libro
1779 865 1905 910 quinto
1938 875 1988 899 ex
2011 863 2159 899 Plautio

1273 910 1374 944 heres
1407 911 1477 945 hoc
1501 921 1574 945 non
1596 909 1743 944 fecisset
1767 914 1802 944 et
1826 910 1871 944 ob
1896 908 1933 943 id
1956 909 2177 944 fructuarius
2201 909 2272 944 frui
2296 921 2367 945 non

1273 955 1466 999 potuisset,
1500 955 1602 990 heres
1636 954 1742 990 etiam
1774 954 1965 989 fructuarii
1989 965 2029 989 eo
2054 955 2197 989 nomine
2220 955 2367 989 habebit

1273 1000 1468 1043 actionem,
1504 1000 1629 1045 quanti
1651 999 1841 1034 fructuarii
1863 999 2087 1034 interfuisset
2110 1011 2181 1034 non
2207 1010 2367 1035 cessasse

1273 1045 1448 1088 heredem,
1474 1046 1558 1080 licet
1580 1056 1667 1080 usus
1690 1044 1830 1080 fructus
1854 1048 1968 1079 morte
1993 1045 2069 1080 eius
2093 1045 2285 1079 interisset.

1318 1087 1371 1127 48
1397 1090 1558 1126 PAULUS
1586 1091 1677 1126 libro
1710 1101 1805 1125 nono
1837 1090 1887 1124 ad
1918 1089 2101 1125 Plautium
2151 1089 2189 1124 Si
2222 1091 2369 1124 absente

1272 1135 1471 1171 fructuario
1496 1136 1598 1170 heres
1624 1135 1726 1180 quasi
1749 1135 1927 1180 negotium
1952 1136 2026 1170 eius
2058 1145 2184 1180 gerens
2220 1135 2368 1177 reficiat,

1274 1181 1495 1225 negotiorum
1517 1184 1699 1226 gestorum
1723 1180 1899 1215 actionem
1932 1180 2102 1215 adversus
2134 1180 2368 1215 fructuarium

1274 1227 1395 1268 habet,
1419 1226 1562 1261 tametsi
1585 1226 1653 1260 sibi
1676 1225 1712 1260 in
1736 1225 1897 1260 futurum
1921 1226 2024 1260 heres
2048 1225 2280 1270 prospiceret.
2307 1226 2369 1260 sed

1274 1271 1304 1306 si
1338 1276 1487 1316 paratus
1524 1272 1570 1306 sit
1603 1270 1771 1306 recedere
1806 1271 1850 1305 ab
1883 1281 1952 1305 usu
1982 1270 2105 1305 fructu
2136 1270 2369 1312 fructuarius,

1274 1327 1345 1351 non
1378 1320 1432 1351 est
1466 1316 1645 1361 cogendus
1677 1315 1842 1358 reficere,
1878 1315 1939 1351 sed
1973 1316 2115 1351 actione
2148 1316 2369 1360 negotiorum

1277 1365 1290 1395 1
1341 1365 1521 1406 gestorum
1544 1362 1726 1396 liberatur.
1775 1361 1910 1395 Silvam
1935 1361 2127 1403 caeduam,
2154 1361 2291 1395 etiamsi
2315 1361 2369 1395 in-

1273 1407 1481 1451 tempestive
1515 1417 1620 1442 caesa
1651 1406 1715 1448 sit,
1748 1406 1786 1441 in
1816 1406 1939 1440 fructu
1972 1417 2049 1441 esse
2082 1410 2243 1448 constat,
2277 1406 2369 1440 sicut

1274 1452 1352 1486 olea
1375 1452 1566 1486 immatura
1597 1452 1709 1494 lecta,
1741 1452 1827 1486 item
1858 1451 2002 1486 faenum
2033 1451 2261 1486 immaturum
2288 1462 2368 1486 cae-

1274 1508 1352 1532 sum
1376 1497 1413 1531 in
1437 1496 1558 1532 fructu
1583 1500 1647 1532 est.

1320 1539 1373 1578 49
1399 1541 1630 1577 POMPONIUS
1669 1541 1759 1577 libro
1802 1541 1954 1587 septimo
1990 1541 2040 1576 ad
2075 1541 2285 1576 Plautium³
2332 1541 2369 1575 Si

1274 1587 1360 1621 mihi
1391 1591 1426 1622 et
1457 1587 1523 1622 tibi
1558 1598 1579 1621 a
1603 1586 1811 1631 Sempronio
1844 1590 1880 1621 et
1903 1586 2024 1621 Mucio
2057 1586 2247 1621 heredibus
2280 1597 2367 1621 usus

1273 1632 1414 1667 fructus
1435 1633 1574 1677 legatus
1597 1633 1654 1674 sit,
1677 1642 1739 1676 ego
1759 1632 1796 1666 in
1816 1635 1956 1676 partem
1969 1631 2169 1676 Sempronii
2190 1632 2368 1676 quadran-

1274 1681 1366 1719 tem,
1399 1678 1436 1711 in
1461 1682 1598 1722 partem
1621 1677 1734 1712 Mucii
1764 1677 1915 1711 alterum
1948 1676 2184 1721 quadrantem
2215 1677 2369 1719 habebo„

1273 1726 1314 1757 tu
1338 1723 1422 1757 item
1445 1723 1482 1757 in
1506 1723 1691 1767 utriusque
1714 1726 1817 1767 parte
1839 1732 1962 1756 eorum
1982 1721 2199 1766 quadrantes
2221 1722 2330 1756 habes
2343 1726 2368 1756 ⁴.

1321 1766 1373 1805 50
1399 1767 1560 1803 PAULUS
1581 1767 1671 1803 libro
1697 1768 1801 1802 tertio
1826 1767 1875 1802 ad
1895 1767 2074 1802 Vitellium
2123 1767 2239 1801 Titius
2265 1767 2368 1802 Mae-

1274 1812 1329 1847 vio
1354 1812 1505 1847 fundum
1529 1812 1773 1848 Tusculanum
1804 1812 1947 1856 reliquit
1979 1812 2124 1856 eiusque
2157 1811 2241 1846 fidei
2273 1823 2368 1846 com-

1275 1858 1380 1900 misit,
1406 1861 1447 1892 ut
1470 1858 1627 1893 eiusdem
1646 1857 1749 1892 fundi
1769 1858 1881 1901 partis
1902 1857 2067 1891 dimidiae
2088 1867 2192 1892 usum
2211 1857 2370 1892 fructum

1276 1903 1391 1937 Titiae
1415 1907 1633 1947 praestaret:
1666 1903 1830 1937 Maevius
1861 1902 1980 1937 villam
2010 1906 2188 1937 vetustate
2220 1913 2369 1946 corrup-

1275 1952 1348 1982 tam
1372 1949 1609 1983 necessariam
1643 1948 1808 1993 cogendis
1844 1951 1879 1982 et
1911 1947 2161 1982 conservandis
2193 1947 2370 1982 fructibus

1276 1993 1493 2028 aedificavit:
1528 1994 1728 2038 quaesitum
1762 1996 1834 2034 est,
1867 2003 1913 2027 an
1945 1996 2108 2037 sumptus
2168 1996 2281 2027 artem
2304 2003 2369 2037 pro

1276 2038 1439 2083 portione
1470 2049 1556 2073 usus
1588 2038 1728 2073 fructus
1753 2038 1847 2072 Titia
1879 2035 2098 2082 adgnoscere
2157 2038 2270 2073 ebeat.
2315 2048 2370 2072 re-

1277 2083 1421 2127 spondit
1454 2083 1644 2125 Scaevola,
1678 2084 1727 2125 si,
1786 2084 1966 2128 riusquam
1990 2093 2077 2118 usus
2102 2082 2242 2119 fructus
2266 2094 2371 2129 prae-

1276 2132 1451 2171 staretur,
1476 2129 1678 2164 necessario
1703 2139 1745 2163 ae
1772 2129 1936 2170 ificasset,
1962 2139 2035 2163 non
2059 2128 2148 2163 alias
2174 2129 2371 2173 cogendum

1276 2174 1462 2208 restituere
1485 2185 1592 2219 quam
1617 2174 1692 2209 eius
1718 2175 1905 2218 sumptus⁵
1929 2174 2020 2208 ratio
2046 2174 2254 2208 haberetur.

1323 2217 1372 2256 51
1402 2219 1657 2254 MODESTINUS
1686 2219 1776 2254 libro
1801 2230 1896 2253 nono
1921 2218 2213 2263 differentiarum
2275 2219 2370 2254 Titio

1275 2267 1367 2299 ‘cum
1382 2264 1562 2299 morietur'
1588 2275 1674 2299 usus
1707 2263 1846 2299 fructus
1869 2263 2042 2298 inutiliter
2064 2264 2175 2308 legari
2197 2264 2369 2308 intellegi-

1276 2314 1353 2351 tur,
1385 2310 1422 2343 in
1446 2309 1483 2343 id
1506 2313 1647 2354 tempus
1672 2309 1835 2344 videlicet
1859 2309 2031 2351 collatus,
2067 2319 2137 2354 quo
2171 2320 2193 2344 a
2216 2320 2371 2354 persona

1278 2354 1458 2389 discedere
1482 2355 1553 2389 inci
1580 2355 1618 2389 it.

1323 2397 1375 2436 52
1400 2399 1509 2434 IDEM
1527 2366 1616 2435 ligra
1641 2410 1737 2434 nono
1762 2399 1971 2444 reqularum
2008 2398 2084 2434 Usu
2103 2398 2224 2433 fructu
2245 2399 2369 2433 relicto

1278 2446 1307 2480 si
1338 2445 1474 2479 tributa
1506 2445 1580 2479 eius
1616 2445 1669 2479 rei
1703 2447 1948 2488 praestentur,
1986 2454 2029 2479 ea
2063 2443 2370 2478 usufructuarium

1277 2493 1460 2535 praestare
1485 2490 1613 2524 debere
1638 2490 1784 2524 dubium
1808 2500 1880 2524 non
1904 2493 1968 2531 est,
1993 2489 2061 2523 nisi
2083 2489 2284 2532 specialiter
2305 2499 2369 2523 no-

1278 2536 1371 2570 mine
1404 2534 1666 2570 fideicommissi
1697 2535 1861 2569 testatori
1884 2534 2062 2578 placuisse
2085 2534 2257 2578 probetur
2279 2534 2370 2568 haec

1279 2591 1347 2626 quo
1373 2591 1419 2615 ue
1442 2580 1487 2614 ab
1513 2579 1643 2615 herede
1667 2579 1754 2613 dari.

1324 2624 1348 2662 5
1402 2625 1447 2659 IA
1457 2634 1628 2659 VOLENUS
1655 2624 1745 2659 libro
1777 2624 1934 2659 secundo
1959 2623 2194 2669 epistularum
2243 2622 2280 2657 Si
2313 2623 2371 2657 cui

1278 2671 1416 2706 insulae
1439 2681 1526 2705 usus
1549 2669 1690 2704 fructus
1713 2669 1849 2713 legatus
1882 2672 1955 2710 est,
1989 2668 2157 2713 quamdiu
2189 2668 2369 2712 quaelibet

1279 2716 1395 2760 portio
1421 2715 1495 2750 eius
1519 2715 1657 2749 insulae
1677 2717 1848 2756 remanet,
1872 2714 1982 2749 totius
2003 2714 2068 2748 soli
2088 2723 2192 2748 usum
2212 2712 2370 2748 fructum

1280 2761 1418 2795 retinet.

1325 2804 1378 2841 54
1403 2805 1510 2839 IDEM
1529 2804 1619 2839 libro
1645 2804 1750 2838 tertio
1776 2803 2012 2849 epistularum
2060 2802 2134 2838 Sub
2160 2803 2369 2838 condicione

1279 2860 1365 2885 usus
1387 2849 1526 2884 fructus
1549 2848 1653 2883 fundi
1676 2858 1698 2882 a
1721 2851 1756 2882 te
1779 2848 1910 2883 herede
1934 2849 2027 2883 Titio
2051 2849 2189 2892 legatus
2223 2851 2295 2883 est:
2329 2851 2369 2882 tu

1278 2894 1428 2929 fundum
1439 2894 1524 2928 mihi
1536 2893 1724 2928 vendidisti
1735 2896 1770 2927 et
1780 2893 1958 2928 tradidisti
1971 2893 2131 2928 detracto
2145 2904 2213 2928 usu
2225 2893 2366 2928 fructu:

1280 2950 1431 2983 quaero,
1456 2940 1487 2974 si
1510 2949 1582 2973 non
1607 2938 1762 2974 extiterit
1787 2938 1965 2981 condicio,
1991 2942 2054 2973 aut
2077 2938 2232 2974 extiterit
2256 2942 2291 2973 et
2314 2939 2368 2972 in-

1279 2985 1374 3018 teriit
1393 2994 1478 3019 usus
1498 2983 1651 3026 fructus,
1675 2983 1723 3018 ad
1742 2993 1846 3027 quem
1865 2984 2053 3028 pertineat.
2087 2983 2288 3028 respondit:
2314 2984 2368 3018 in-

1278 3029 1404 3074 tellego
1435 3032 1472 3064 te
1505 3028 1548 3063 de
1579 3039 1646 3064 usu
1675 3027 1798 3063 fructu
1829 3039 2000 3073 quaerere
2033 3029 2092 3073 qui
2122 3029 2259 3073 legatus
2295 3032 2366 3063 est:

1278 3075 1399 3119 itaque
1425 3074 1455 3108 si
1479 3073 1641 3109 condicio
1667 3073 1743 3109 eius
1773 3074 1881 3118 legati
1912 3074 2086 3116 extiterit,
2119 3074 2264 3108 dubium
2296 3084 2368 3108 non

1280 3123 1352 3161 est,
1385 3119 1470 3164 quin
1501 3118 1547 3153 ad
1570 3118 1779 3163 legatarium
1800 3119 1831 3154 is
1856 3129 1942 3154 usus
1965 3118 2106 3154 fructus
2131 3119 2309 3163 pertineat
2333 3123 2368 3152 et

1278 3165 1308 3199 si
1332 3164 1450 3209 aliquo
1476 3174 1563 3199 casu
1586 3164 1632 3198 ab
1658 3174 1698 3199 eo
1724 3164 1874 3199 amissus
1898 3164 2018 3207 fuerit,
2044 3164 2091 3199 ad
2114 3163 2367 3209 proprietatem

1278 3209 1379 3243 fundi
1402 3212 1618 3244 revertatur:
1644 3208 1741 3253 quod
1764 3209 1795 3244 si
1812 3209 1975 3244 condicio
1996 3220 2067 3244 non
2089 3208 2256 3250 extiterit,
2281 3218 2366 3242 usus

1277 3254 1416 3289 fructus
1441 3253 1487 3288 ad
1510 3253 1676 3288 heredem
1699 3254 1900 3299 pertinebit,
1925 3254 1976 3289 ita
1999 3258 2040 3289 ut
2062 3254 2099 3288 in
2118 3253 2192 3288 eius
2213 3262 2367 3297 persona

1279 3299 1397 3334 omnia
1421 3298 1542 3332 eadem
1567 3303 1770 3341 serventur,
1804 3309 1896 3344 quae
1927 3299 1974 3334 ad
2005 3298 2238 3334 amittendum
2262 3307 2366 3331 usum

1277 3343 1458 3378 fructum⁶
1476 3343 1654 3387 pertinent
1675 3347 1710 3379 et
1729 3344 1860 3378 servari
1880 3343 2007 3379 solent.
2043 3347 2199 3378 ceterum
2215 3343 2253 3376 in
2273 3341 2365 3375 eius-

1278 3388 1374 3423 modi
1386 3387 1587 3423 venditione
1607 3389 1843 3433 spectandum
1862 3389 1900 3423 id
1920 3389 1996 3430 erit,
2022 3388 2116 3433 quod
2136 3389 2227 3422 inter
2249 3396 2365 3420 emen-

1277 3437 1348 3467 tem
1366 3432 1644 3478 vendentemque
1662 3434 1876 3476 convenerit,
1901 3439 1952 3475 ut,
1978 3435 2008 3468 si
2031 3432 2236 3477 apparuerit
2259 3431 2365 3474 legati

1279 3488 1387 3512 causa
1401 3488 1480 3512 eum
1501 3488 1604 3513 usum
1622 3478 1780 3513 fructum
1801 3483 1989 3523 exceptum
2002 3488 2078 3512 esse
2091 3477 2207 3517 etiam,
2230 3475 2259 3509 si
2280 3485 2365 3509 con-

1278 3522 1368 3557 dicio
1382 3533 1454 3557 non
1468 3523 1633 3564 extiterit,
1653 3524 1793 3558 restitui
1814 3533 1835 3558 a
1854 3524 2036 3558 venditore
2056 3521 2204 3566 emptori
2225 3520 2364 3554 debeat.

2208 864 2311 908 Quod
2337 866 2365 899 si

1283 3681 1342 3712 ins.
1437 3682 1480 3720 (6)
1506 3680 1713 3712 usufructum
1730 3681 1762 3712 F
