2528 3918
190 95 320 139 V111

188 216 219 254 si
250 216 419 261 deceptus
449 215 541 251 falso
572 218 693 251 tutore
724 219 872 253 auctore
904 216 1042 259 emerit,
1077 217 1172 252 bona
1202 216 1273 252 fide

190 262 315 297 emisse
338 260 486 296 videtur.

238 304 288 342 14
319 304 513 341 mmm
531 305 622 341 libro
644 309 752 342 sexto
775 306 911 343 decimo
934 306 984 342 ad
1005 305 1158 342 edictum
1201 305 1270 341 Pa·

188 351 352 430 Einianus
372 350 462 385 libro
486 353 586 385 sexto
607 351 854 396 quaestionum
874 351 1016 387 scribit:
1041 352 1071 386 si
1090 351 1169 396 quis
1187 361 1270 396 pro-

213 396 304 430 ibuit
326 395 380 430 vel
404 395 622 431 denuntiavit
643 405 689 431 ex
712 406 823 432 causa
844 396 1052 432 venditionis
1072 396 1165 431 tradi
1184 405 1270 438 rem,

189 450 279 485 quae
301 440 413 484 ipsius
436 440 619 476 voluntate
642 450 666 476 a
687 445 921 494 procuratore
943 440 1062 475 fuerat
1087 441 1270 483 distracta,

189 489 224 521 et
234 486 263 520 is
277 484 386 519 nihilo
399 484 516 520 minus
527 485 726 529 tradiderit,
743 490 936 532 emptorem
948 485 1105 520 tuebitur
1116 489 1269 531 praetor,

188 530 260 565 sive
271 529 451 574 possideat
463 530 536 565 sive
547 534 650 583 petat
667 541 753 566 rem.
790 531 876 567 sed¹
896 530 992 575 quod
1011 530 1142 566 iudicio
1163 530 1270 575 empti

188 578 397 654 grocurator
410 578 560 620 emptori
571 576 799 621 praestiterit,
822 575 1000 611 contrario
1020 575 1151 611 iudicio
1171 586 1270 610 man-

211 620 261 654 ati
285 624 542 665 consequetur:
574 624 694 666 potest
717 621 809 656 enim
831 621 926 662 fieri,
958 623 999 654 ut
1033 620 1183 665 emptori
1212 630 1270 656 res

187 664 372 700 auferatur
394 665 440 700 ab
465 675 519 708 eo,
544 666 604 711 qui
626 666 746 702 venire
769 665 960 707 mandavit,
985 665 1069 710 quia
1088 675 1152 709 per
1170 665 1269 710 igno-

187 709 340 744 rantiam
362 719 436 745 non
459 714 515 746 est
536 721 623 746 usus
648 711 865 756 exceptione,
891 720 997 755 quam
1017 710 1140 745 debuit
1158 720 1270 756 oppo-

187 754 439 834 nerefidfeluti:
466 755 508 791 ‘si
538 766 611 791 non
641 760 767 791 auctor
798 765 896 790 meus
929 765 973 790 ex
1003 754 1186 791 voluntate
1208 759 1272 790 tua

186 809 252 835 ven
278 799 285 806 '
314 799 363 835 ‘t.

235 843 286 881 15
312 844 540 881 Pom’oivws
559 845 651 881 libro
676 846 778 881 tertio
803 845 853 880 ad
874 843 1048 880 Sabinum
1095 843 1133 880 Si
1149 855 1270 880 servus

186 900 304 932 meus,
338 900 419 925 cum
450 889 488 925 in
518 890 603 935 fuga
634 890 697 933 sit,
731 900 805 925 rem
836 900 858 925 a
888 900 961 925 non
992 889 1133 925 domino
1165 894 1269 933 emat,

186 935 396 971 Publiciana
418 935 505 970 mihi
528 939 727 980 competere
750 935 873 977 debet,
904 935 989 970 licet
1010 935 1271 980 possessionem

185 981 237 1016 rei
260 980 413 1016 traditae
435 990 499 1025 per
522 990 602 1015 eum
625 984 751 1015 nactus
776 991 848 1016 non
873 980 950 1015 sim.

236 1023 286 1063 16
310 1024 527 1060 Psmmm
555 1026 646 1061 libro
682 1025 818 1061 decimo
867 1025 1093 1060 uaestionum
1115 1024 1274 1061 PAULUS

186 1074 307 1106 notat:
325 1070 500 1115 Exceptio
511 1070 597 1105 iusti
607 1069 751 1105 dominii
762 1070 840 1106 Pub
858 1070 995 1106 ‘cianae
1006 1070 1192 1106 obicienda
1205 1074 1269 1106 est.

235 1113 284 1153 17
318 1116 525 1151 Nfflurws
551 1115 642 1150 libro
677 1117 783 1151 tertio
814 1115 1102 1152 membranarum
1147 1115 1270 1151 Publi-

187 1162 290 1197 ciana
313 1161 406 1196 actio
430 1171 502 1196 non
524 1160 604 1195 ideo
630 1164 836 1206 comparata
859 1164 933 1203 est,
966 1163 1008 1196 ut
1037 1170 1095 1195 res
1129 1160 1270 1196 domino

186 1206 387 1242 auferatur:
413 1206 558 1251 eiusque
579 1205 632 1240 rei
648 1209 894 1250 argumentum
913 1208 968 1241 est
986 1205 1126 1250 prim0²
1149 1206 1270 1259 aequi-

186 1255 261 1292 tas,
292 1251 419 1286 deinde
450 1250 610 1295 exceptio
635 1251 686 1285 ‘si
710 1261 752 1286 ea
774 1261 832 1287 res
855 1250 1072 1297 possessoris
1096 1261 1169 1286 non
1192 1251 1269 1287 sit':

1130 1411 1182 1435 ῥυ

2274 171 2286 197 ε
2521 171 2528 184 .

1340 216 1404 252 sed
1433 219 1474 252 ut
1502 217 1553 259 is,
1585 217 1649 263 qui
1670 217 1766 254 bona
1788 218 1859 254 fide
1880 219 1966 255 emit
1986 193 2317 267 possessionemque
2342 222 2424 261 dns

1340 271 1383 297 ex
1407 271 1450 297 ea
1473 271 1582 297 causa
1608 266 1736 299 nactus
1760 267 1825 306 est,
1849 264 1968 310 potius
1990 275 2066 300 rem
2089 265 2221 301 habeat
2229 266 2256 302 ³.

1833 356 1926 396 111⁴.

1341 418 1382 452 si
1406 419 1530 452 Aenn
1555 419 1846 463 mormius,
1869 422 1918 456 ID
1941 422 2027 456 ns'r
2049 423 2418 457 Burmannus.

1704 466 1819 508 nius,
1844 467 2063 500 PETATUR.

1389 527 1408 566 1
1436 528 1598 566 Panas
1617 531 1708 567 libro
1731 532 1920 569 vicensimo
1936 534 2061 579 primo
2085 533 2135 569 ad
2152 533 2306 570 edictum
2339 531 2427 580 Agri

1341 574 1539 610 civitatium
1561 575 1622 611 alii
1644 577 1832 630 vectigales
1863 582 2056 621 vocantur,
2081 578 2141 614 alii
2171 589 2244 615 non
2255 580 2280 614 ³.
2316 580 2424 615 vecti-

1362 620 1436 655 ales
1459 624 1636 656 vocantur
1659 621 1719 667 qui
1740 632 1778 657 in
1797 626 2010 668 perpetuum
2027 623 2203 667 locantur,
2227 623 2265 659 id
2284 627 2338 660 est
2357 625 2425 660 hac

1354 675 1426 710 ege,
1449 667 1491 717 ut
1511 665 1650 718 tamdiu
1672 677 1739 712 pro
1761 667 1817 703 his
1840 668 1992 713 vectigal
2014 668 2209 713 pendatur,
2233 669 2427 721 quamdiu⁶

1340 719 1454 755 neque
1473 720 1574 755 ipsis,
1602 711 1663 756 qui
1682 711 1928 755 conduxerint,
1950 723 2066 758 neque
2085 713 2152 756 liis,
2173 713 2234 759 qui
2251 724 2289 749 in
2307 714 2426 750 locum

1339 765 1463 845 {gli-um
1495 760 1764 835 sutccesserunt,
1797 757 1929 792 auferri
1960 767 2021 793 eos
2054 757 2178 794 liceat:
2212 768 2285 794 non
2316 759 2424 794 vecti·

1399 809 1438 835 es
1461 810 1529 836 sun
1555 827 1565 843 ,

1344 848 1359 879 1
1408 849 1554 881 nostros
1575 855 1616 881 co
1633 846 1744 882 endos
1766 846 1852 882 dare
1872 847 2037 883 solemus.
2085 847 2152 892 Qui
2163 848 2201 883 in
2212 852 2423 894 perpetuum

1339 889 1489 925 fundum
1511 890 1700 926 fruendum
1719 891 1967 927 conduxerunt
1986 903 2009 927 a
2027 893 2277 938 municipibus,
2301 903 2424 939 quam-

1339 935 1392 970 vis
1415 945 1489 971 non
1512 934 1716 971 efficiantur
1739 936 1891 979 domini,
1923 940 2043 973 tamen
2066 938 2203 983 placuit
2225 943 2427 984 competere

1340 980 1391 1016 eis
1413 980 1452 1016 in
1474 991 1550 1016 rem
1573 981 1751 1016 actionem
1781 981 1952 1018 adversus
1983 983 2140 1028 quemvis
2170 993 2424 1028 possessorem,

1339 1024 1403 1061 sed
1426 1028 1463 1061 et
1485 1025 1655 1062 adversus
1677 1026 1776 1071 ipsos
1799 1027 2007 1072 municipes,

1386 1068 1412 1107 2
1444 1070 1639 1107 Utin-uuus
1676 1071 1768 1108 libro
1798 1082 1818 1107 s
1864 1073 1949 1108 timo
1979 1072 2116 1109 decimo
2147 1072 2199 1108 ad
2226 1071 2424 1110 Sabinum⁷

1339 1115 1391 1150 ita
1413 1119 1534 1151 tamen
1556 1116 1587 1151 si
1608 1116 1760 1162 vectigal
1783 1127 1823 1153 so
1838 1121 1933 1153 vant.

1386 1158 1410 1199 3
1435 1161 1493 1197 ΡΑ
1500 1169 1595 1197 nus
1614 1161 1705 1197 libro
1726 1162 1916 1198 vicens-{mv
1927 1161 2052 1216 primo
2071 1162 2121 1198 ad
2138 1162 2293 1199 edictum
2327 1163 2424 1199 Idem

1341 1210 1396 1241 est
1426 1209 1462 1242 et
1494 1206 1526 1242 si
1556 1205 1604 1241 ad
1626 1209 1768 1252 tempus
1792 1207 1983 1243 habuerint
2007 1207 2223 1244 conductum
2245 1219 2313 1244 nec
2335 1212 2422 1244 tem-

1340 1262 1409 1297 pus
1434 1251 1684 1287 conductionis
1706 1251 1847 1288 finitum
1871 1253 1927 1289 sit.

1623 801 1660 836 ui
1682 801 1734 836 ita
1757 802 1895 838 colendi
1918 801 2048 837 dantur
2069 806 2111 838 ut
2133 802 2298 856 privatim
2321 814 2425 849 agros

1046 1632 1226 1683 LIBER
1255 1631 1559 1682 SEPTIMUS.

685 1758 740 1799 1⁸.

225 1827 286 1859 DE
311 1826 399 1859 USU
422 1824 600 1859 FRUCTU
624 1825 684 1858 ΕΤ
707 1825 1067 1863 QUEMADMODUM
1092 1827 1196 1864 QUIS
1210 1826 1226 1847 ⁹

512 1870 693 1904 UTATUR
716 1871 938 1904 FRUATUR.

233 1936 296 1975 1¹⁰
319 1937 477 1974 Panos
496 1937 587 1974 libro
611 1938 716 1973 tertio
740 1938 791 1974 ad
809 1938 988 1974 Vitellium
1022 1937 1117 1974 Usus
1128 1936 1269 1973 fructus

185 1986 239 2019 est
260 1983 316 2018 ius
340 1983 463 2019 alienis
486 1983 592 2019 rebus
616 1983 741 2019 utendi
762 1983 904 2019 fruendi
927 1984 1027 2020 salva
1044 1993 1164 2019 rerum
1183 1982 1267 2019 sub-

184 2028 326 2064 stantia.

230 2071 255 2110 2
269 2075 295 2094 ¹¹
323 2072 467 2109 Cusas
494 2073 584 2110 libro
615 2076 741 2109 octavo
772 2073 910 2110 decimo
933 2074 1155 2121 diqestorum
1199 2073 1270 2109 Est

185 2119 277 2154 enim
307 2129 392 2154 usus
423 2117 561 2154 fructus
591 2119 647 2154 ius
677 2118 715 2154 in
746 2129 915 2165 corpore,
951 2130 1022 2165 quo
1056 2119 1197 2155 sublato
1233 2122 1269 2154 et

184 2164 300 2209 ipsum
322 2164 399 2199 tolli
422 2174 567 2200 necesse
591 2167 656 2199 est.

230 2207 254 2246 3
292 2208 415 2245 GAIUs
442 2209 532 2245 libro
564 2209 720 2245 secundo
749 2220 870 2244 rerum
903 2209 1182 2246 cottidianarum
1212 2208 1271 2244 vel

184 2265 375 2290 mereorum
410 2253 573 2290 Omnium
591 2254 819 2300 praediorum
836 2255 914 2290 iure
932 2254 1040 2300 legati
1043 2257 1170 2335 (potest
1181 2264 1266 2307 con:

184 2299 283 2334 stitui
316 2309 403 2335 usus
436 2299 593 2343 fructus,
629 2303 670 2335 ut
701 2300 805 2335 heres
842 2300 1011 2336 iubeatur
1068 2310 1130 2335 are
1160 2299 1267 2335 alicui

183 2355 286 2380 usum
309 2344 476 2380 fructum.
513 2345 599 2380 dare
621 2347 741 2380 autem
763 2345 996 2398 intellegitur,
1029 2345 1060 2380 si
1075 2344 1269 2380 >induxerit

183 2390 219 2425 in
253 2389 403 2425 fundum
436 2390 644 2436 legatarium
676 2400 800 2426 eumve
830 2393 991 2436 patiatur
1021 2389 1075 2425 uti
1105 2389 1188 2425 frui.
1232 2392 1268 2424 et

184 2435 260 2470 sine
291 2438 502 2471 testamento
534 2439 653 2471 autem
683 2435 713 2471 si
745 2436 824 2481 quis
854 2435 939 2471 velit
971 2445 1077 2471 usum
1109 2434 1267 2470 fructum

186 2480 420 2523 constituere,
470 2481 670 2517 actionibus
694 2483 730 2516 et
752 2480 1042 2526 stipulationibus
1065 2479 1103 2515 id
1126 2479 1268 2516 efficere

188 2528 201 2560 1
251 2529 381 2570 potest.
459 2526 639 2562 onstitit¹²
662 2529 782 2561 autem
805 2536 892 2561 usus
915 2525 1057 2561 fructus
1081 2536 1153 2561 non
1185 2528 1266 2560 tan—

184 2574 259 2604 tum
282 2570 319 2605 in
342 2570 452 2606 fundo
477 2575 513 2606 et
535 2570 704 2613 aedibus,
737 2581 859 2606 verum
892 2571 999 2606 etiam
1029 2571 1067 2606 in
1098 2570 1207 2606 servis
1231 2573 1268 2605 et

185 2618 205 2649 2
251 2615 414 2651 iumentis
439 2616 635 2662 ceterisque
657 2617 776 2652 rebus.
822 2616 879 2652 Ne
907 2619 1028 2652 tamen
1058 2615 1096 2650 in
1127 2616 1266 2651 univer-

185 2670 263 2694 sum
292 2661 434 2696 inutiles
466 2666 584 2696 essent
615 2661 851 2707 proprIetates
883 2671 1022 2707 semper
1052 2661 1268 2696 abscedente

188 2716 254 2739 usu
274 2704 406 2748 fructu,
427 2706 563 2750 placuit
584 2707 688 2742 certis
701 2706 814 2742 modis
827 2706 983 2751 extingui
994 2705 1267 2742 usumfructum

187 2753 206 2784 3
254 2753 290 2785 et
312 2750 358 2785 ad
371 2751 398 2771 ¹³
421 2752 675 2796 proprietatem
698 2751 836 2787 reverti.
884 2751 1022 2796 Quibus
1047 2755 1167 2787 autem
1190 2761 1266 2786 mo-

186 2794 239 2829 dis
260 2805 345 2830 usus
365 2795 504 2831 fructus
529 2800 564 2832 et
587 2796 746 2832 constitit
758 2798 785 2820 ¹⁴
809 2800 845 2832 et
867 2796 1000 2839 finitur,
1023 2796 1136 2832 isdem
1153 2796 1266 2832 modis

187 2840 290 2874 etiam
314 2840 430 2875 nudus
453 2852 540 2876 usus
563 2842 654 2877 solet
676 2845 711 2878 et
735 2841 903 2877 constitui
926 2845 962 2878 et
983 2841 1088 2877 finiri.

232 2883 257 2922 4
282 2884 338 2920 ΡΛ
346 2894 439 2920 Ubus
459 2886 548 2921 libro
571 2887 727 2922 secundo
751 2886 801 2922 ad
821 2886 975 2923 edictum
1009 2886 1103 2923 Usus
1127 2886 1266 2922 fructus

186 2930 222 2965 in
245 2930 363 2964 multis
387 2930 528 2965 casibus
552 2942 636 2976 pars
660 2931 803 2967 dominii
827 2934 900 2975 est,
934 2935 971 2967 et
1001 2935 1138 2975 exstat,
1171 2932 1267 2977 quod

187 2974 240 3010 vel
262 2985 431 3019 praesens
454 2975 509 3010 vel
532 2986 576 3010 ex
599 2976 654 3010 die
678 2976 753 3011 dari
775 2980 905 3021 potest.

232 3018 256 3056 5
290 3019 536 3055 PAPmIANUs
567 3021 656 3055 libro
690 3023 840 3067 septimo
877 3023 1126 3067 quaestionum
1171 3021 1266 3057 Usus

186 3064 325 3100 fructus
349 3068 384 3099 et
408 3064 453 3099 ab
476 3065 575 3100 initio
599 3076 663 3110 pro
684 3070 785 3111 parte
803 3066 954 3102 indivisa
973 3067 1029 3102 vel
1049 3067 1161 3102 divisa
1180 3077 1265 3102 con-

186 3109 287 3145 stitui
321 3112 357 3145 et
386 3109 539 3154 legitimo
571 3113 729 3154 tempore
753 3112 912 3147 similiter
934 3112 1050 3147 amitti
1074 3112 1266 3158 eademque

186 3154 325 3190 ratione
347 3164 412 3199 per
434 3154 446 3189 l
490 3165 545 3189 em
568 3154 762 3190 Falcidiam
785 3157 896 3192 minui
944 3160 1057 3192 otest:
1090 3167 1151 3192 reo
1176 3167 1265 3203 quo-

210 3210 255 3235 ue
278 3199 468 3244 promitten
493 3199 505 3234 i
528 3198 695 3235 defuncto
719 3201 756 3234 in
778 3206 899 3246 partes
948 3201 1154 3238 ereditarias
1177 3212 1265 3237 usus

202 3247 324 3280 ructus
345 3244 513 3289 obligatio
534 3244 715 3279 dividitur:
741 3249 776 3279 et
798 3246 828 3281 si
852 3257 895 3282 ex
919 3246 1097 3282 communi
1118 3246 1265 3292 praedio

187 3289 377 3332 debeatur,
401 3299 472 3324 uno
497 3298 542 3323 ex
565 3289 671 3324 sociis
696 3289 906 3326 defendente
928 3301 993 3338 pro
1016 3295 1120 3338 parte
1143 3291 1264 3327 defen-

187 3334 302 3370 dentis
325 3334 388 3370 fiet
408 3333 597 3369 restitutio.

232 3378 258 3418 6
285 3379 408 3416 GAws
423 3378 514 3415 libro
530 3379 680 3426 septimo
700 3378 749 3414 ad
765 3379 916 3415 edictum
921 3381 1149 3428 provinciale
1171 3380 1266 3417 Usus

188 3497 226 3534 (ι)
251 3492 309 3526 sed
319 3495 354 3526 et
363 3504 427 3526 scr.
519 3493 562 3534 (2)
586 3492 697 3535 prima
708 3492 767 3525 FS
844 3494 886 3535 (3)
911 3504 1011 3535 quam
1023 3495 1168 3537 quilibet
1178 3494 1265 3527 alius

187 3540 320 3580 praeter
332 3537 515 3580 dominum,
536 3537 567 3570 si
585 3537 616 3570 is
635 3547 705 3570 rem
724 3536 846 3569 habeat
858 3541 1028 3573 secundum
1042 3541 1077 3573 B
1090 3541 1150 3574 im.

233 3586 275 3624 (⁴)
300 3582 744 3623 Ed.i.s;Sab.2.—Bas.
762 3583 845 3623 15,³
903 3584 945 3625 (5)
971 3585 1150 3627 vectigales
1163 3584 1267 3618 imas
1333 3585 1393 3626 (ιο)
1419 3583 1554 3617 ==In³t.
1568 3584 1629 3624 2,⁴
1637 3595 1689 3626 pr.

994 3630 1036 3670 (7)
1061 3629 1103 3662 ad
1118 3629 1263 3662 edictum
1333 3628 1469 3662 sistitS

188 3630 231 3667 (6)
257 3630 295 3660 ut
307 3628 467 3670 quamdiu
478 3638 511 3671 p.
523 3627 556 3660 li.
569 3637 601 3661 v.
613 3637 646 3670 p.
660 3626 789 3660 tamdiu
802 3627 878 3661 dett.

188 3672 278 3756 Ηῗέ)
304 3717 384 3753 Sub.
407 3725 435 3752 a.
458 3725 496 3752 τ..
511 3724 557 3753 ³2.
579 3724 699 3753 anos.
721 3723 838 3752 ⁴0...‹⁴.
861 3723 909 3751 ⁶⁶.
931 3724 978 3751 0⁴.
1002 3724 1045 3750 cc.
1062 3726 1118 3753 ao.
1143 3726 1187 3754 τι.
1210 3725 1263 3759 7³3

1335 1757 1475 1794 fructus
1498 1757 1661 1810 pluribus
1684 1757 1798 1793 modis
1822 1757 2066 1793 constituitur:
2091 1760 2132 1793 ut
2154 1767 2250 1801 ecce,
2274 1758 2306 1794 si
2327 1758 2339 1794 l
2385 1769 2422 1794 a·

1336 1807 1395 1839 tus
1417 1802 1536 1838 fuerit.
1573 1802 1636 1838 sed
1659 1806 1696 1838 et
1718 1802 1918 1848 proprietas
1942 1802 2095 1838 deducto
2119 1812 2189 1838 usu
2219 1802 2342 1839 fructu
2387 1814 2423 1839 e-

1335 1848 1656 1928 ifflcffisssttissssi’tusst
1688 1858 1710 1883 ³
1735 1848 1789 1929 ¹1¹1}
1807 1847 2139 1928 Ῑΐέἓὲθέἓηῗιιῗὲθὲἓ
2153 1848 2423 1930 ιῗῗῗέαἷέῗέ*ῗέ·

1335 1938 1453 1974 miliae
1475 1937 1705 1974 erciscundae
1736 1941 1773 1974 et
1804 1937 1982 1974 communi
2012 1937 2224 1981 dividundo,
2256 1938 2288 1974 si
2316 1938 2423 1975 iudex

1336 1984 1397 2019 alii
1426 1983 1680 2029 proprietatem
1711 1983 1987 2026 adiudicaverit,
2023 1983 2084 2018 alii
2117 1993 2222 2019 usum
2254 1983 2421 2020 fructum.

1336 2032 1357 2064 2
1403 2028 1613 2074 Adquiritur
1643 2031 1761 2065 autem
1793 2028 1896 2064 nobis
1926 2038 2014 2064 usus
2046 2028 2187 2064 fructus
2209 2038 2283 2064 non
2306 2029 2422 2065 solum

1335 2084 1400 2120 per
1429 2077 1568 2110 nosmet
1597 2073 1714 2119 ipsos,
1746 2073 1809 2110 sed
1832 2073 1939 2109 etiam
1962 2083 2027 2119 per
2051 2083 2111 2110 eas
2158 2083 2277 2119 noque
2297 2083 2420 2120 perso-

1335 2129 1421 2162 nas,
1457 2129 1547 2165 quas
1581 2118 1651 2154 iuri
1662 2120 1690 2141 ¹⁸
1720 2122 1843 2155 nostro
1876 2118 2056 2154 subiectas
2091 2118 2139 2153 ha
2165 2129 2274 2154 emus.
2322 2119 2420 2155 Nihil

1335 2168 1456 2200 autem
1477 2167 1575 2200 vetat
1597 2174 1699 2200 servo
1730 2174 1809 2200 meo
1840 2163 1972 2200 herede
2001 2163 2166 2199 instituto
2197 2164 2308 2210 legari
2337 2174 2420 2210 pro-

1334 2209 1523 2256 prietatem
1546 2209 1699 2245 deducto
1723 2219 1792 2244 usu
1814 2208 1947 2245 fructu.

1382 2252 1406 2291 7
1437 2254 1633 2291 Uhmiws
1671 2254 1762 2290 libro
1803 2253 1956 2300 septimo
1990 2253 2127 2289 decimo
2162 2253 2214 2289 ad
2246 2252 2421 2290 Sabinum

1335 2299 1412 2336 Usu
1440 2299 1562 2335 fructu
1593 2299 1710 2344 legato
1743 2299 1857 2334 omnis
1880 2298 2019 2334 fructus
2042 2298 2094 2333 rei
2117 2298 2164 2333 ad
2185 2297 2421 2334 fructuarium

1334 2344 1498 2391 pertinet.
1535 2347 1571 2380 et
1593 2347 1658 2379 aut
1682 2343 1734 2379 rei
1757 2343 1824 2379 soli
1847 2347 1911 2379 aut
1931 2343 1985 2379 rei
2007 2342 2148 2378 mobilis
2170 2353 2258 2379 usus
2280 2342 2420 2379 fructus

1337 2393 1353 2425 1
1402 2390 1550 2436 legatur.
1596 2388 1665 2424 Rei
1688 2388 1766 2431 soli,
1789 2392 1831 2423 ut
1853 2391 1943 2434 puta
1965 2387 2118 2431 aedium,
2142 2398 2211 2423 usu
2229 2387 2351 2424 fructu
2370 2388 2420 2424 le-

1333 2438 1415 2481 gato
1441 2434 1655 2480 quicumque
1677 2433 1814 2469 reditus
1839 2437 1914 2476 est,
1939 2433 1987 2468 ad
2009 2433 2315 2469 usufructuarium
2338 2443 2418 2479 per-

1334 2481 1423 2516 tinet
1446 2489 1608 2525 quaeque
1631 2479 1862 2515 obventiones
1886 2482 1970 2514 sunt
1990 2488 2034 2513 ex
2053 2478 2235 2521 aedificiis,
2260 2488 2305 2514 ex
2328 2479 2420 2514 areis

1335 2529 1371 2561 et
1382 2525 1519 2567 ceteris,
1542 2533 1786 2570 quaecumque
1797 2523 1938 2559 aedium
1957 2526 2051 2559 sunt.
2087 2523 2183 2559 unde
2203 2523 2310 2559 etiam
2329 2524 2421 2558 mitti

1335 2581 1416 2606 eum
1437 2570 1475 2605 in
1523 2569 1759 2605 ossessionem
1782 2569 1979 2604 vicinarum
2003 2567 2143 2604 aedium
2167 2578 2278 2604 causa
2301 2567 2420 2604 damni

1334 2615 1458 2651 infecti
1476 2581 1623 2660 placuit,
1645 2618 1680 2650 et
1697 2614 1774 2650 iure
1795 2614 1940 2650 dominii
1957 2623 2207 2659 possessurum
2227 2623 2289 2649 eas
2302 2613 2419 2655 aedes,

1334 2658 2420 2741 &niistssiefflmmflass⁸Jssiisng¹iz²213¹e¹z³⁰3z¹3ffit22⁵3&

1335 2747 1491 2787 dificium
1509 2751 1616 2786 licere
1639 2749 1781 2786 domino
1805 2752 1842 2786 te
1871 2748 1980 2785 invito
2011 2748 2118 2784 altius
2150 2748 2294 2791 tollere,
2327 2748 2420 2784 sicut

1334 2806 1400 2832 nec
1433 2806 1538 2832 areae
1571 2806 1640 2831 usu
1672 2794 1793 2830 fructu
1826 2794 1944 2840 legato
1977 2796 2098 2840 potest
2130 2793 2167 2829 in
2202 2803 2288 2829 area
2322 2793 2417 2829 aedi-

1335 2845 1354 2877 2
1400 2841 1522 2877 ficium
1545 2840 1647 2886 poni:
1673 2850 1780 2886 quain
1802 2838 2014 2875 sententiam
2034 2842 2121 2884 puto
2145 2848 2274 2874 veram.
2322 2838 2417 2883 Quo-

1334 2887 1428 2922 niam
1451 2886 1558 2932 igitur
1580 2885 1694 2921 omnis
1716 2884 1855 2920 fructus
1877 2883 1930 2920 rei
1953 2883 1999 2919 ad
2023 2893 2103 2919 eum
2133 2884 2305 2929 pertinet,
2336 2883 2417 2919 refi-

1333 2928 2148 3012 3333&¹5⁸1ffuffi13⁴³3332vss²3031533tf¹2m
2183 2928 2417 3009 ⁰⁰rffi³m⁰⁹lzzff

2297 2999 2307 3017 Ὶ

1333 3026 1437 3057 tenus
1468 3024 1606 3063 tamen,
1636 3022 1678 3055 ut
1709 3021 1807 3054 sarta
1829 3022 1926 3054 tecta
1948 3019 2101 3055 habeat:
2133 3019 2165 3054 si
2197 3028 2268 3064 qua
2296 3022 2417 3054 tamen

1333 3069 1509 3103 vetustate
1540 3064 1777 3107 corruissent,
1807 3067 1972 3099 neutrum
1996 3064 2074 3109 cogi
2096 3063 2260 3107 reficere,
2292 3063 2355 3099 sed
2386 3064 2416 3100 si

1332 3112 1435 3148 heres
1454 3110 1633 3153 refecerit,
1655 3119 1846 3155 passurum
1868 3108 2107 3144 fructuarium
2129 3109 2191 3144 uti.
2223 3108 2319 3145 unde
2335 3108 2415 3144 Cel·

1333 3167 1395 3193 sus
1419 3156 1463 3192 de
1493 3155 1597 3191 modo
1631 3158 1729 3191 sarta
1758 3157 1857 3189 tecta
1886 3154 2041 3189 habendi
2070 3153 2229 3199 quaerit,
2260 3153 2291 3189 si
2347 3163 2416 3190 uae

1332 3204 1510 3238 vetustate
1544 3201 1754 3236 corruerunt
1788 3198 1937 3234 reficere
1970 3209 2043 3234 non
2077 3198 2232 3244 cogitur:
2275 3208 2331 3234 mo
2360 3198 2415 3234 'ca

1331 3246 1439 3292 igitur
1457 3245 1604 3282 refectio
1624 3244 1672 3280 ad
1690 3253 1770 3280 eum
1787 3243 1950 3289 pertinet,
1976 3243 2142 3289 quoniam
2160 3246 2197 3279 et
2215 3243 2288 3278 alia
2305 3253 2416 3279 onera

1427 3291 1520 3327 oscit
1541 3301 1610 3326 usu
1631 3289 1752 3326 fructu
1773 3288 1908 3355 legato:
1939 3291 1982 3323 ut
2010 3291 2100 3333 puta
2123 3287 2338 3334 stipendium
2359 3288 2415 3323 vel

1332 3336 1378 3371 tri
1404 3339 1505 3371 utum
1536 3334 1591 3371 vel
1621 3334 1811 3371 salarium¹
1849 3333 1905 3369 vel
1928 3333 2096 3368 alimenta
2119 3332 2165 3368 ab
2189 3343 2233 3368 ea
2254 3342 2294 3368 re
2308 3333 2337 3354 ¹⁸
2358 3342 2413 3368 re·

1332 3382 1428 3417 licta.
1472 3383 1508 3416 et
1537 3380 1589 3415 ita
1618 3378 1811 3416 Marcellus
1839 3377 1930 3414 libro
1959 3377 2064 3414 tertio
2105 3377 2241 3414 decimo
2278 3377 2412 3414 scribit.

1332 3494 1398 3528 Ed.
1415 3501 1441 3528 ι.
1455 3502 1482 3528 2.
1496 3500 1524 3527 4.
1537 3500 1566 3527 e.
1579 3500 1627 3527 so.
1642 3499 1759 3526 ⁴5...⁶⁶.
1769 3499 1815 3526 οε.
1826 3497 1869 3527 ¹11.
1881 3499 1932 3531 τις
1946 3491 2031 3535 Pap.
2045 3499 2072 3525 ε.
2087 3499 2132 3526 33.
2147 3491 2412 3526 57...o³.—Bas.

1335 3540 1388 3578 16,
1402 3546 1427 3572 1.
1439 3557 1486 3564 -
1501 3538 1551 3582 cs:
1564 3539 1646 3572 Inst.
1659 3538 1691 3578 2,
1705 3545 1741 3576 43
1757 3537 1835 3571 cod.
1847 3538 1879 3577 3,
1892 3543 1928 3571 38
2076 3537 2121 3579 (θ)
2146 3536 2221 3579 quis
2233 3548 2292 3570 on.
2305 3536 2372 3570 ind.
2385 3536 2420 3569 F

1791 3584 1846 3624 (11)
1870 3598 1915 3611 ==
1927 3582 2006 3615 [nst.
2021 3582 2052 3622 2,
2065 3588 2083 3615 4
2092 3594 2142 3625 pr,
2250 3582 2309 3623 (12)
2333 3590 2412 3613 οοιι·

1537 3630 1595 3671 (13)
1619 3627 1662 3660 ad
1674 3639 1732 3660 om.
1746 3627 1782 3660 F
1841 3627 1901 3667 (u)
1926 3626 2146 3659 constituitur
2157 3625 2188 3660 S
2255 3626 2314 3666 (1⁶)
2337 3625 2412 3658 iure

1331 3673 1398 3707 FS
1475 3674 1536 3717 (18)
1559 3671 1674 3706 Celsus
1686 3672 1748 3706 del.
1760 3672 1791 3707 S
1867 3673 1926 3714 (17)
1951 3670 2110 3705 solarium
2121 3670 2204 3704 Hal.
2292 3670 2352 3714 (18)
2375 3679 2412 3705 το

1333 3717 1397 3752 del.
1410 3716 1464 3751 Γ*
