2528 3918
154 101 320 146 XXVII
334 103 374 144 2.
393 103 417 143 3

153 227 298 271 praetor
321 222 436 257 edicto
460 221 643 266 proposito
668 230 780 255 causa
802 220 945 265 cognita
968 220 1075 255 etiam
1097 220 1247 255 absente

153 273 272 304 tutore
295 267 347 301 vel
371 265 619 301 removendum
635 274 725 306 eum,
766 264 802 300 ui
818 264 944 310 dignus
963 265 1027 299 tali
1045 267 1133 300 nota
1148 264 1247 300 vide·

154 313 260 354 bitur,
286 312 452 347 decernet
484 310 539 346 vel
569 309 746 355 adiungen
771 320 831 345 um
863 312 1082 345 curatorem:
1122 312 1159 345 et
1194 308 1249 344 ita

155 358 216 404 qui
249 357 354 392 datus
379 355 464 397 erit,
498 353 662 399 expediet
698 354 864 389 alimenta
898 353 1045 398 pupillo.
1091 354 1123 389 si
1160 363 1246 390 vero

155 401 357 438 necessaria
375 399 537 435 absentia
548 398 677 434 tutoris
697 403 733 434 et
754 399 932 443 inprovisa
951 398 1131 440 acciderit,
1152 398 1248 434 forte

156 446 251 492 quod
274 445 392 481 subito
416 444 462 479 ad
479 443 715 489 cognitionem
730 442 962 489 principalem
979 442 1162 487 profectus
1179 453 1248 478 nec

155 491 206 526 rei
240 499 327 526 suae
357 489 544 535 providere
574 498 641 524 nec
657 490 667 510 ¹
707 488 893 523 consulere
923 487 1058 532 pupillo
1090 487 1248 532 potuerit

156 540 192 570 et
215 538 380 580 speratur
409 534 526 569 redire
555 537 592 569 et
620 532 768 569 idoneus
800 532 846 567 sit
869 535 967 567 tutor
990 542 1057 567 nec
1081 532 1249 577 expediat

155 580 263 615 alium
286 578 430 624 adiungi
454 582 491 614 et
519 577 675 624 pupillus
706 577 873 612 alimenta
896 576 941 611 de
970 586 1010 612 re
1034 587 1100 612 sua
1122 580 1247 622 postu·

155 625 223 660 let:
257 628 355 660 recte
379 623 640 659 constituetur²
664 622 711 657 ad
733 622 803 657 hoc
826 621 952 663 solum,
984 624 1026 656 ut
1049 631 1093 657 ex
1114 632 1156 657 re
1179 633 1246 667 pu-

156 669 231 715 pilli
254 669 423 704 alimenta
445 667 618 714 expediat

655 804 713 842 111
723 803 749 843 ³.

156 870 219 904 DE
254 869 466 903 TUTELAE
501 869 561 902 ΕΤ
596 867 870 901 RATIONIBUS
907 866 1246 900 DISTRAHENDIS

246 915 308 947 ΕΤ
330 914 458 948 UTILI
483 913 753 946 CURATIONIS
779 912 922 945 CAUSA
945 911 1155 945 AOTIONE.

206 979 225 1018 1
250 979 454 1025 ‚ULPIANUS
474 980 564 1016 libro
589 979 771 1024 triqesimo
806 981 910 1013 sexto
935 977 986 1013 ad
1006 977 1160 1014 edictum
1206 977 1247 1012 In

157 1025 321 1062 omnibus
352 1034 444 1070 quae
473 1024 559 1060 fecit
590 1028 705 1066 tutor,
739 1033 820 1058 cum
849 1022 970 1058 facere
994 1033 1067 1058 non
1091 1022 1247 1065 deberet,

156 1071 242 1107 item
263 1070 302 1105 in
324 1070 379 1105 his
403 1079 493 1115 quae
516 1079 588 1104 non
610 1068 708 1110 fecit,
725 1068 900 1103 rationem
916 1067 1043 1102 reddet
1065 1068 1134 1103 hoc
1156 1067 1247 1102 iudi-

157 1115 264 1196 ii⁰3ae
282 1112 1250 1204 22⁹⁸‹1‘i1ss‘12t1‘2‘1'ssumcsssspssffaeerltuiussssffiuffaffi

155 1204 247 1241 libro
282 1204 473 1239 vicensimo
507 1203 620 1248 primo
656 1202 891 1247 digestorum,
926 1202 958 1237 si
991 1206 1090 1237 tutor
1111 1202 1247 1247 pupillo

157 1249 408 1286 auctoritatem
432 1247 479 1283 ad
502 1247 626 1283 mortis
651 1257 761 1282 causa
795 1246 1023 1282 donationem
1046 1257 1248 1283 accommo-

158 1294 304 1336 daverit,
328 1303 376 1328 an
399 1293 531 1328 tutelae
553 1291 683 1327 iudicio
700 1295 875 1327 teneatur.
902 1295 938 1327 et
953 1291 1005 1326 ait
1020 1292 1133 1327 teneri
1149 1302 1247 1327 eum:

156 1349 241 1375 nam
264 1338 369 1374 sicuti
391 1337 595 1373 testamenti
616 1336 739 1379 factio,
762 1336 888 1382 inquit,
911 1347 961 1382 pu
986 1336 1057 1372 illis
1078 1346 1250 1372 concessa

157 1394 231 1420 non
254 1386 317 1426 est,
340 1383 391 1418 ita
414 1392 481 1418 nec
504 1381 627 1417 mortis
651 1381 792 1427 quidem
816 1391 927 1417 causa
967 1381 1152 1417 ouationes
1167 1391 1248 1427 per-

158 1431 179 1464 2
224 1427 419 1463 mittendae
442 1430 537 1462 sunt.
586 1425 656 1462 Sed
687 1430 724 1462 et
754 1426 784 1462 si
807 1437 880 1462 non
902 1426 1027 1462 mortis
1051 1436 1162 1462 causa
1185 1426 1248 1462 do-

157 1473 295 1509 naverit
315 1476 435 1508 tutore
457 1475 616 1514 auctore,
639 1471 732 1506 idem
755 1471 914 1507 Iulianus
946 1471 1090 1516 scripsit
1137 1471 1248 1507 leros-

158 1528 226 1564 que
250 1517 391 1563 quidem
412 1520 541 1562 putare
563 1527 637 1552 non
658 1517 776 1552 valere
792 1516 1028 1558 donationem,
1046 1520 1082 1551 et
1096 1527 1120 1562 p
1135 1527 1249 1552 erum·

158 1573 227 1608 que
241 1563 293 1598 ita
308 1566 380 1597 est:
405 1562 469 1597 sed
485 1561 674 1597 nonnullos
694 1571 799 1597 casus
815 1571 922 1606 posse
937 1561 1099 1603 existere,
1122 1561 1250 1606 quibus

157 1608 234 1643 sine
256 1606 532 1652 reprehensione
554 1610 652 1642 tutor
675 1609 802 1642 auctor
824 1605 866 1640 fit
895 1605 1030 1651 pupillo
1063 1606 1110 1641 ad
1139 1605 1248 1641 demi-

157 1652 361 1694 nuendum,
398 1651 541 1687 decreto
584 1651 720 1687 scilicet
761 1651 1033 1686 interveniente:
1076 1651 1186 1686 veluti
1220 1651 1250 1686 si

157 1697 263 1732 matri
292 1700 357 1732 aut
387 1696 520 1739 sorori,
556 1706 648 1741 quae
680 1696 784 1731 aliter
814 1705 853 1731 se
874 1695 968 1731 tueri
990 1706 1063 1731 non
1111 1699 1249 1739 ossunt,

157 1746 258 1778 tutor
281 1741 448 1777 alimenta
470 1741 706 1786 praestiterit:
739 1750 821 1776 nam
845 1751 927 1776 cum
950 1741 1066 1776 bonae
1116 1741 1173 1776 dei
1194 1741 1249 1776 iu-

158 1787 290 1823 dicium
313 1787 371 1829 sit,
395 1796 498 1822 nemo
522 1785 623 1828 feret,
647 1785 773 1831 inquit,
797 1789 860 1821 aut
881 1785 1055 1831 pupillum
1078 1789 1142 1821 aut
1165 1786 1249 1821 sub-

158 1833 323 1868 stitutum
340 1831 413 1867 eius
431 1834 629 1876 querentes,
647 1830 742 1876 quod
756 1834 831 1865 tam
847 1830 1060 1866 coniunctae
1075 1840 1251 1875 personae

158 1877 265 1912 alitae
295 1876 384 1911 sint:
418 1876 503 1921 quin
532 1875 637 1911 immo
667 1886 733 1928 per
764 1875 982 1911 contrarium
1011 1878 1115 1921 putat
1142 1885 1251 1928 posse

160 1932 241 1958 cum
263 1925 383 1956 tutore
406 1921 463 1966 agi
485 1921 630 1963 tutelae,
647 1931 678 1956 sl
699 1920 772 1956 tale
787 1919 946 1956 officium
961 1920 1249 1965 praetermiserit.

160 1969 180 2002 3
228 1965 356 2002 Officio
389 1965 517 2002 tutoris
547 1965 721 2001 incumbit
751 1966 858 2001 etiam
887 1965 1045 2001 rationes
1069 1969 1172 2001 actus
1196 1965 1252 2001 sui

159 2010 337 2048 conficere
367 2014 403 2046 et
432 2010 566 2056 pupillo
597 2010 763 2046 reddere:
804 2014 961 2046 ceterum
991 2010 1022 2046 si
1052 2020 1126 2046 non
1164 2010 1252 2046 fecit

159 2059 224 2092 aut
247 2056 278 2091 si
299 2054 416 2091 factas
440 2066 512 2091 non
536 2055 689 2098 exhibet,
714 2055 783 2091 hoc
798 2055 941 2091 nomine
963 2055 1095 2091 iudicio
1118 2055 1252 2091 tutelae

158 2100 348 2137 tenebitur.
389 2100 433 2135 de
463 2100 573 2136 servis
604 2110 745 2145 quoque
775 2100 1089 2152 interrogationes,
1122 2100 1186 2136 sed
1216 2103 1252 2135 et

183 2145 387 2181 uaestiones
409 2144 594 2181 habendas
617 2148 654 2180 et
676 2145 745 2180 hoc
768 2144 888 2180 officio
912 2144 1040 2180 iudicis
1064 2145 1253 2181 convenire

157 2156 305 2237 {lacuit
330 2199 414 2225 nam
437 2189 537 2225 divus
562 2189 710 2225 Severus
734 2189 907 2232 decrevit,
939 2200 1020 2225 cum
1051 2200 1166 2235 neque
1195 2190 1250 2225 in-

158 2235 321 2271 ventaria
351 2244 467 2280 neque
497 2234 716 2270 auctionalia
744 2233 990 2280 proferentur,
1022 2234 1176 2270 remedio
1209 2244 1251 2270 eo

158 2279 213 2316 uti
242 2279 390 2322 debere,
426 2283 467 2314 ut
499 2279 656 2315 rationes
689 2289 713 2314 a
742 2279 851 2315 servis
881 2279 942 2324 qui
973 2289 1047 2314 rem
1069 2283 1254 2324 gesserant

159 2323 406 2371 proferantur:
431 2324 497 2359 has
520 2324 678 2360 rationes
701 2324 733 2360 si
756 2333 834 2360 esse
857 2324 952 2359 mala
974 2323 1045 2360 fide
1069 2324 1251 2369 conscrip-

158 2374 216 2406 tas
240 2379 262 2405 a
286 2369 395 2404 servis
419 2368 544 2405 dicunt
557 2373 707 2411 tutores,
725 2369 832 2404 etiam
845 2369 884 2404 in
900 2369 1145 2415 quaestionem
1161 2369 1253 2404 servi

159 2418 182 2450 4
226 2413 438 2459 interrogari
467 2418 647 2459 poterunt.
705 2414 897 2450 Praeterea
926 2414 957 2450 si
986 2417 1135 2449 matrem
1165 2413 1254 2449 aluit

160 2559 242 2601 eum
256 2552 423 2594 oportere
434 2549 449 2570 ⁴
465 2548 510 2584 de
525 2514 633 2594 largips
647 2514 880 2584 fieultagffius
895 2548 1021 2594 pupilli
1031 2530 1047 2583 τ’
1064 2514 1254 2594 utrd’mque

159 2597 267 2639 igitur
298 2603 511 2629 concurrere
542 2604 563 2629 ο
590 2597 702 2637 ortet,
733 2597 775 2629 ut
805 2597 841 2629 et
870 2597 985 2629 mater
1015 2603 1126 2638 egena
1149 2593 1195 2629 sit
1219 2597 1255 2629 et

161 2642 181 2674 5
228 2638 323 2674 filius
346 2639 384 2673 in
406 2638 571 2674 facultati
597 2648 639 2674 us
662 2638 813 2684 positus.
862 2637 933 2674 Sed
956 2638 987 2673 si
1008 2648 1137 2674 munus
1161 2649 1252 2684 nup-

161 2683 246 2718 tiale
268 2683 374 2718 matri
395 2683 519 2729 pupilli
541 2683 693 2727 miserit,
717 2694 791 2719 non
822 2693 902 2719 eum
932 2683 1068 2728 pupillo
1099 2683 1252 2728 imputa-

311 2728 433 2763 Labeo
464 2728 624 2774 scripsit:
667 2739 734 2764 nec
790 2737 936 2774 erquam
967 2728 1169 2763 necessaria
1200 2731 1255 2764 est

162 2775 183 2825 β
229 2772 298 2808 ista
328 2773 538 2809 muneratio.
594 2772 632 2808 Si
664 2739 809 2819 pupilfis
843 2775 981 2808 tutores
1012 2776 1115 2818 pater
1146 2772 1253 2815 dedit,

161 2821 254 2853 mter
287 2827 376 2862 quos
412 2821 447 2852 et
480 2818 645 2853 libertum
679 2828 794 2860 suum,
828 2828 964 2863 perque
994 2828 1074 2853 eum
1105 2817 1256 2854 voluerit

162 2861 310 2898 tutelam
334 2861 591 2906 administrari,
625 2866 660 2898 et
691 2867 828 2898 tutores
859 2866 995 2898 certam
1025 2872 1199 2898 summam
1222 2863 1255 2898 ei

163 2910 377 2948 statuerunt,
403 2907 486 2951 quia
500 2908 604 2943 aliter
622 2918 662 2943 se
679 2908 846 2943 exhibere
861 2918 934 2943 non
977 2911 1104 2950 oterat‚
1120 2907 1254 2943 haben-

163 2950 246 2987 dam
271 2951 346 2986 eius
369 2952 542 2987 rationem
566 2952 663 2998 quod
679 2956 853 2988 statutum
870 2956 924 2987 est
982 2952 1038 2987 ela
1061 2952 1251 2988 existimat.

163 2998 192 3048 7·
230 2995 327 3040 Ergo
352 3000 387 3031 et
409 2996 440 3031 si
464 3006 506 3031 ex
521 2997 746 3042 inquisitione
765 3000 911 3042 propter
926 2997 977 3032 rei
996 2997 1159 3032 notitiam
1174 2996 1252 3033 fue·

162 3044 210 3076 nt
240 3040 345 3076 datus
375 3044 474 3075 tutor
504 3042 606 3086 eique
629 3042 796 3078 alimenta
819 3042 1010 3077 statuerint
1033 3045 1252 3085 contutores,

164 3085 309 3121 debebit
331 3095 452 3121 eorum
475 3086 566 3121 ratio
590 3087 724 3129 haberi,
743 3086 827 3132 quia
841 3086 937 3122 iusta
953 3096 1064 3122 causa
1079 3091 1134 3122 est
1143 3097 1252 3139 prae-

164 3133 185 3165 8
232 3129 362 3166 standi.
417 3129 486 3165 Sed
517 3134 553 3165 et
583 3131 614 3166 si
645 3132 754 3167 servis
788 3131 922 3166 cibaria
952 3131 1170 3176 praestiterit
1199 3132 1254 3167 vel

163 3175 310 3217 libertis,
335 3174 471 3210 scilicet
501 3175 552 3209 rei
579 3177 704 3220 pupilli
734 3176 962 3218 necessariis,
987 3175 1176 3212 dicendum
1199 3180 1254 3212 est

163 3223 428 3266 reputaturum:
452 3219 614 3264 idemque
629 3225 664 3255 et
683 3221 713 3256 si
728 3221 847 3257 liberis
860 3220 1073 3264 hominibus,
1089 3221 1121 3256 si
1134 3224 1252 3257 tamen

164 3267 185 3299 9
231 3264 322 3300 ratio
353 3264 560 3310 praestandi
590 3265 683 3299 iusta
712 3265 918 3301 intercedat.
976 3266 1066 3300 Item
1090 3270 1252 3311 sumptus

163 3309 234 3345 litis
258 3313 357 3345 tutor
379 3319 418 3344 re
444 3308 559 3344 utabit
590 3314 625 3343 et
656 3310 803 3352 viatica,
834 3311 865 3345 si
897 3320 940 3346 ex
963 3309 1082 3345 officio
1107 3321 1253 3346 necesse

168 3357 208 3389 10
254 3354 380 3389 habuit
403 3364 425 3389 a
440 3354 520 3399 'quo
537 3364 723 3389 excurrere
739 3355 792 3390 vel
810 3354 999 3400 proficisci.
1034 3354 1067 3389 N
1070 3366 1141 3390 unc
1155 3360 1250 3391 trac-

163 3402 290 3441 temus,
314 3399 345 3434 si
368 3399 488 3444 plures
510 3398 659 3434 tutelam
682 3400 806 3444 pupilli
829 3399 1162 3443 administraverint,
1186 3411 1251 3445 pro

167 3447 205 3478 11
255 3453 326 3488 qua
349 3444 497 3489 quisque
519 3453 640 3478 eorum
671 3449 772 3488 parte
801 3444 1061 3480 conveniendus
1091 3444 1148 3479 sit.
1202 3444 1252 3479 Et

164 3488 195 3523 si
229 3488 368 3533 quidem
398 3498 520 3524 omnes
550 3487 654 3524 simul
685 3493 870 3533 gesserunt
899 3490 1048 3524 tutelam
1071 3493 1107 3524 et
1129 3499 1251 3525 omnes

166 3601 361 3686 ‹nulle-gab.
375 3653 451 3679 1...7.
466 3653 645 3685 10...15.19;
678 3646 909 3684 Ed.9.1s.1·1;
942 3646 1027 3688 Pap.
1042 3653 1069 3679 s.
1084 3653 1127 3680 18.
1140 3652 1249 3680 20...25

169 3705 212 3712 —
230 3690 315 3723 Bas.
330 3691 385 3732 38,
397 3697 424 3724 3.
438 3709 483 3715 --·
498 3692 548 3734 Cf.
573 3691 649 3724 Cod.
670 3692 701 3733 5,
723 3698 754 3724 51
922 3691 963 3729 (4)
989 3691 1156 3732 imputare
1176 3700 1250 3723 eum

415 3603 459 3643 (2)
483 3603 619 3634 curator
630 3602 690 3635 ins.
705 3600 863 3641 (similiter
875 3601 994 3641 Faber)

1237 94 1325 143 362

2112 111 2174 143 Du
2201 111 2407 143 ‘nummu

1315 218 1484 255 solvendo
1510 219 1606 271 sunt,
1629 219 1882 272 aequissimum
1904 219 1972 254 erit
1993 218 2102 254 dividi
2116 219 2294 272 actionem
2313 219 2407 256 inter

1316 274 1377 344 ἵζ’
1433 274 1478 344 23
1501 263 2121 351 52⁰ff⁰533⁰3m23¹¹23120352⁰2ffi2
2145 263 2406 354 ffi'iss‘ffli

1315 353 1483 389 solvendo
1508 356 1594 388 sunt
1615 352 1782 388 dividitur
1804 353 1909 389 actio.
1935 352 2023 388 sed¹⁵
2045 355 2153 398 prout
2168 353 2319 399 quisque
2334 354 2406 389 sol-

1322 401 1358 433 13
1405 396 1519 433 vendo
1544 401 1609 440 est,
1633 401 1803 443 poterunt
1825 397 2015 433 conveniri.
2062 397 2113 432 Et
2141 397 2174 434 si
2202 397 2297 434 forte
2327 398 2407 444 quis

1316 453 1360 478 ex
1383 442 1480 478 facto
1506 442 1652 478 alterius
1675 442 1804 478 tutoris
1829 443 2087 478 condemnatus
2110 442 2330 487 praestiterit
2350 443 2408 478 vel

1317 497 1361 523 ex
1392 487 1570 523 communi
1599 490 1702 531 gestu
1732 497 1799 522 nec
1831 487 1864 522 ei
1894 486 2085 522 mandatae
2119 491 2210 522 sunt
2235 487 2407 530 actiones,

1317 532 1551 568 constitutum
1575 536 1630 566 est
1652 541 1676 566 a
1699 531 1778 567 divo
1802 531 1866 567 Pio
1891 535 1929 567 et
1959 532 2005 567 ab
2038 531 2252 577 imperatore
2283 536 2407 567 nostro

1317 581 1353 612 et
1383 576 1463 612 divo
1495 579 1599 622 patre
1617 576 1705 612 eius
1736 576 1858 612 utilem
1890 577 2067 612 actionem
2096 577 2207 612 tutori
2237 576 2408 612 adversus

1319 625 1359 656 14
1407 624 1631 656 contutorem
1655 620 1820 656 dandam.
1867 621 1980 656 Plane
2003 621 2034 656 si
2057 630 2101 656 ex
2125 621 2206 657 dolo
2231 621 2409 657 communi

1316 670 1512 702 conventus
1542 665 1759 711 praestiterit
1788 669 1904 708 tutor,
1937 675 2052 711 neque
2075 665 2299 701 mandandae
2322 669 2408 701 sunt

1316 711 1474 746 actiones
1510 720 1625 762 neque
1655 710 1751 745 utilis
1783 710 1971 762 competit,
2003 710 2087 755 quia
2117 721 2182 756 pro
2209 710 2252 746 rii
2290 710 2410 746 delicti

1316 765 1468 801 poenam
1499 755 1615 790 subit:
1657 765 1748 800 quae
1778 765 1836 790 res
1866 755 2047 800 indignum
2078 765 2159 791 eum
2206 755 2291 798 ecit,
2323 759 2364 790 ut
2387 765 2410 790 a

1317 800 1442 836 ceteris
1467 799 1551 845 quid
1575 802 1813 845 consequatur
1836 799 1909 835 doli
1939 799 2191 879 participibus:
2224 810 2292 835 nec
2315 800 2408 836 enim

1316 845 1389 881 ulla
1424 845 1576 880 societas
1611 844 1865 880 maleficiorum
1906 855 1948 880 ve

1320 893 1358 925 15
1407 889 1526 925 damni
1550 898 1595 924 ex
1617 888 1790 925 maleficio
1815 893 1881 924 est.
1936 889 2056 934 Usque
2091 889 2180 926 adeo
2212 892 2331 924 autem
2362 889 2409 924 ad

1317 938 1522 971 contutores
1546 944 1620 969 non
1641 934 1781 969 venitur
1790 936 1815 976 ⁶,
1839 934 1870 969 si
1894 934 1966 968 sint
1988 934 2156 969 solvendo
2189 937 2407 977 contutores‚

1316 983 1357 1015 ut
1379 979 1478 1025 prius
1502 978 1549 1014 ad
1571 979 1799 1024 magistratus
1824 978 1884 1024 qui
1908 989 1968 1014 eos
1984 978 2159 1014 dederunt
2173 979 2229 1014 vel
2252 978 2299 1014 ad
2321 978 2408 1014 fide-

1316 1025 1472 1060 iussores
1496 1023 1679 1059 veniatur:
1713 1027 1749 1059 et
1771 1024 1822 1058 ita
1845 1024 2037 1068 imperator
2059 1027 2181 1059 noster
2196 1023 2301 1069 Ulpio
2320 1023 2407 1059 Pro-

1318 1069 1398 1105 culo
1433 1068 1628 1113 rescripsit.
1671 1068 1767 1120 quod
1802 1068 1894 1103 enim
1927 1068 2119 1104 Marcellus
2154 1068 2244 1103 libro
2280 1073 2407 1104 octavo

1317 1114 1534 1159 digestorum
1568 1113 1638 1149 scri
1664 1116 1711 1148 sit
1751 1112 1918 1158 quodque
1956 1113 2161 1158 saepissime
2198 1113 2409 1158 rescriptum

1317 1163 1383 1202 est,
1408 1157 1578 1204 quamdiu
1600 1169 1630 1210 v·
1678 1168 1771 1193 unus
1795 1167 1841 1193 ex
1853 1158 2041 1210 ‘tutoribus
2064 1157 2213 1210 idoneus
2247 1162 2312 1210 est,
2336 1168 2409 1210 non

1316 1203 1768 1290 issssieieffluffffiit‘ffi
1784 1202 2410 1300 cssffmfflesstss‘hfflssazffiafff}

1318 1304 1388 1374 ‘1¹3⁰
1407 1292 1842 1373 fflssfftesstssffemfzffiss
1865 1292 2089 1372 Rem„
2103 1302 2243 1372 {5503ss
2267 1292 2409 1382 0¹33?ss

1320 1386 1360 1418 17
1408 1386 1484 1418 tere
1509 1386 1663 1418 constat.
1710 1381 1781 1417 Sed
1812 1387 1849 1418 et
1878 1382 1999 1417 heredi
2053 1382 2154 1427 upilli
2176 1391 2290 1427 aeque
2313 1391 2408 1417 com-

1321 1431 1361 1464 18
1434 1428 1498 1464 etit
1527 1427 1770 1472 similibusque
1808 1427 1981 1472 personis.
2028 1393 2119 1462 {Ion
2156 1430 2296 1462 tantum
2326 1430 2410 1462 ante

1318 1484 1387 1509 con
1413 1473 1670 1515 emnationem,
1705 1471 1767 1507 sed
1809 1473 1914 1508 etiam
1955 1474 2039 1516 post
2080 1471 2410 1507 condemnationem

1319 1518 1520 1554 desiderare
1542 1520 1642 1553 tutor
1664 1521 1784 1562 potest
1806 1516 1969 1552 mandari
2003 1516 2071 1552 sibi
2101 1517 2261 1552 actiones
2284 1516 2408 1551 adver·

1321 1566 1362 1598 19
1409 1573 1470 1598 sus
1495 1566 1728 1604 contutorem,
1753 1573 1819 1607 pro
1844 1572 1914 1607 quo
1939 1561 2195 1597 condemnatus
2223 1565 2288 1597 est.
2334 1560 2408 1596 Ra-

1317 1608 1475 1644 tionibus
1500 1606 1738 1643 distrahendis
1762 1607 1903 1642 actione
1926 1617 1999 1642 non
2030 1606 2146 1642 solum
2176 1606 2215 1641 hi
2244 1609 2411 1641 tenentur

1317 1656 1466 1695 tutores,
1490 1652 1552 1697 qui
1574 1652 1718 1697 legitimi
1739 1650 1895 1694 fuerunt,
1919 1651 1982 1687 sed
2006 1661 2138 1693 omnes,
2163 1651 2223 1696 qui
2253 1651 2329 1686 iure
2351 1655 2408 1686 tu-

1319 1701 1362 1733 20
1408 1701 1505 1733 tores
1529 1701 1614 1732 sunt
1636 1701 1672 1731 et
1694 1700 1821 1742 gerunt
1843 1696 2001 1731 tutelam.
2035 1695 2340 1732 Considerandum
2356 1699 2411 1731 est

1317 1743 1355 1778 in
1378 1742 1447 1778 hac
1471 1742 1624 1784 actione,
1648 1744 1768 1776 utrum
1789 1741 1943 1793 pretium
1972 1741 2025 1776 rei
2046 1744 2186 1776 tantum
2209 1740 2410 1786 duplicetur

1319 1798 1367 1822 an
1389 1787 1497 1823 etiam
1521 1786 1617 1839 quod
1639 1786 1765 1831 pupilli
1786 1786 1936 1822 mtersit.
1973 1789 2010 1821 et
2024 1786 2135 1838 magis
2152 1794 2230 1821 esse
2254 1786 2411 1822 arbitror

1317 1833 1355 1867 in
1378 1832 1448 1867 hac
1471 1835 1613 1867 actione
1636 1830 1732 1876 quod
1753 1831 1900 1866 interest
1921 1841 1995 1866 non
2016 1840 2145 1873 vemre,
2169 1830 2232 1866 sed
2254 1830 2307 1866 rei
2329 1834 2409 1865 tan-

1318 1880 1360 1912 21
1409 1881 1485 1912 tum
1509 1876 1799 1912 aestimationem.
1846 1876 1889 1910 In
1911 1875 2024 1911 tutela
2040 1885 2084 1910 ex
2099 1885 2173 1910 una
2197 1875 2410 1920 obligatione

1319 1921 1409 1958 duas
1432 1931 1512 1957 esse
1534 1921 1693 1956 actiones
1718 1924 1878 1956 constat:
1909 1924 1944 1956 et
1966 1920 2058 1963 ideo,
2082 1920 2155 1956 sive
2177 1920 2311 1956 tutelae
2331 1919 2410 1955 fue-

1318 1967 1365 2002 rit
1387 1970 1519 2009 actum‚
1544 1966 1589 2001 de
1611 1965 1809 2002 rationibus
1832 1965 2068 2001 distrahendis
2099 1965 2156 2010 agi
2184 1975 2258 2000 non
2279 1968 2410 2010 potest,

1319 2011 1392 2048 sive
1416 2014 1551 2054 contra,
1576 2011 1710 2046 tutelae
1728 2011 1821 2046 actio
1842 2010 1938 2056 quod
1959 2010 2007 2045 ad
2030 2010 2183 2055 speciem
2204 2010 2310 2045 istam
2328 2019 2409 2055 per-

1319 2059 1362 2092 22
1410 2060 1531 2102 empta
1561 2059 1625 2091 est.
1684 2055 1790 2091 Hunc
1813 2059 1933 2091 tamen
1954 2058 2119 2097 tutorem,
2144 2054 2204 2101 qui
2221 2054 2411 2107 intercepit

1319 2102 1508 2148 pecuniam
1531 2100 1753 2153 pupillarem,
1778 2103 1814 2136 et
1842 2100 1930 2136 furti
1958 2099 2073 2135 teneri
2094 2099 2312 2145 Papinianus
2336 2103 2408 2134 ait:

1320 2146 1382 2192 qui
1412 2146 1480 2182 etsi
1509 2145 1598 2181 furti
1627 2149 1809 2188 teneatur,
1841 2145 1909 2181 hac
1941 2145 2082 2180 actione
2106 2148 2300 2180 conventus
2322 2143 2411 2179 furti

1320 2191 1461 2227 actione
1484 2201 1557 2226 non
1579 2190 1771 2226 liberatur:
1803 2200 1870 2226 nec
1895 2190 1986 2225 enim
2010 2189 2133 2225 eadem
2165 2193 2220 2225 est
2241 2188 2409 2234 obligatio

1318 2236 1408 2272 furti
1440 2245 1484 2272 ac
1515 2236 1667 2278 tutelae,
1699 2239 1741 2270 ut
1771 2235 1848 2280 quis
1881 2234 1978 2270 dicat
2008 2235 2126 2280 plures
2150 2243 2227 2270 esse
2250 2234 2410 2270 actiones

1321 2281 1478 2317 eiusdem
1500 2279 1598 2322 facti,
1623 2279 1686 2315 sed
1708 2280 1828 2325 plures
1845 2279 2095 2325 obligationes:
2128 2289 2211 2314 nam
2226 2282 2262 2314 et
2276 2278 2410 2314 tutelae

1321 2328 1364 2361 23
1411 2329 1447 2360 et
1468 2324 1556 2360 furti
1579 2324 1766 2370 obligatur.
1812 2325 1916 2360 Hanc
1951 2324 2127 2359 actionem
2150 2323 2332 2359 sciendum
2356 2327 2411 2359 est

1319 2373 1528 2416 perpetuam
1559 2379 1637 2405 esse
1667 2372 1703 2405 et
1732 2369 1855 2404 heredi
1883 2369 2123 2414 similibusque
2171 2368 2308 2404 ersonis
2332 2367 2410 2403 dari

1322 2426 1366 2451 ex
1390 2425 1432 2451 eo
1457 2414 1553 2460 quod
1574 2414 1653 2450 vivo
1677 2414 1811 2460 pupillo
1836 2418 1980 2459 captum
1997 2417 2068 2449 est:
2100 2423 2138 2449 se
2185 2413 2223 2448 in
2244 2412 2410 2448 heredem

1321 2461 1529 2505 ceterosque
1564 2469 1786 2494 successores
1820 2469 1894 2498 non
1935 2458 2094 2501 dabitur,
2131 2458 2216 2503 quia
2247 2457 2409 2503 poenalis

1321 2508 1365 2540 24
1412 2507 1477 2540 est.
1524 2504 1624 2539 Haec
1647 2504 1742 2540 actio
1765 2507 1853 2539 tunc
1887 2503 2073 2549 competit,
2107 2514 2187 2539 cum
2219 2506 2256 2539 et
2276 2502 2410 2539 tutelae

1321 2549 1415 2586 actio
1441 2552 1506 2591 est,
1529 2549 1598 2585 hoc
1622 2552 1678 2584 est
1698 2548 1800 2584 finita
1823 2547 1963 2584 demum
1985 2547 2107 2583 tutela.

1368 2591 1394 2631 2
1419 2593 1579 2629 anzvs
1607 2593 1697 2630 libro
1729 2597 1854 2630 octavo
1885 2593 1936 2629 ad
1964 2592 2137 2629 Sabinum
2189 2592 2342 2628 Actione
2365 2592 2410 2628 de

1321 2639 1520 2675 rationibus
1545 2638 1783 2674 distrahendis
1813 2648 1917 2674 nemo
1940 2641 2092 2680 tenetur,
2116 2637 2185 2673 nisi
2207 2637 2269 2683 qui
2290 2637 2328 2672 in
2350 2641 2408 2672 tu-

1325 2687 1340 2719 1
1385 2684 1458 2719 tela
1504 2683 1635 2719 erenda
1656 2693 1731 2718 rem
1755 2693 1799 2718 ex
1814 2683 1918 2718 bonis
1935 2682 2060 2728 pupilli
2075 2681 2269 2718 abstulerit.
2306 2681 2409 2727 Quod

1321 2729 1352 2764 si
1373 2695 1518 2764 furandi
1548 2728 1664 2764 animo
1695 2727 1791 2770 fecit,
1824 2728 1930 2763 etiam
1959 2727 2046 2763 furti
2074 2730 2225 2762 tenetur.
2257 2738 2282 2762 u
2362 2737 2409 2763 ue

1321 2777 1440 2809 autem
1464 2773 1604 2809 actione
1628 2773 1804 2818 obligatur
1827 2776 1862 2807 et
1894 2772 2008 2808 altera
2030 2771 2178 2808 alteram
2200 2781 2273 2807 non
2295 2775 2333 2807 to
2361 2775 2406 2807 et.

1322 2818 1384 2854 sed
1408 2822 1444 2854 et
1467 2817 1644 2854 condictio
1670 2828 1714 2853 ex
1734 2816 1866 2853 furtiva
1890 2827 2000 2853 causa
2015 2827 2094 2853 com
2119 2816 2194 2858 etit,
2217 2826 2283 2862 per
2301 2826 2408 2862 quam

1322 2864 1352 2899 si
1387 2866 1600 2899 consecutus
1632 2862 1740 2898 fuerit
1771 2862 1928 2908 pupillus
1966 2861 2063 2914 quod
2094 2828 2204 2896 fuerit
2237 2861 2407 2904 ablatum,

1322 2911 1342 2943 2
1367 2907 1504 2943 tollitur
1526 2908 1595 2943 hoc
1618 2907 1799 2949 iudicium,
1817 2907 1900 2952 quia
1915 2907 2002 2942 nilul
2020 2906 2114 2942 absit
2132 2906 2276 2951 pupillo.
2306 2906 2407 2941 Haec

1321 2953 1415 2988 actio
1439 2953 1524 2988 licet
1545 2953 1583 2987 in
1606 2952 1752 2997 duplum
1776 2952 1833 2994 sit,
1858 2952 1895 2987 in
1911 2951 2035 2997 simplo
2051 2951 2103 2987 rei
2125 2950 2407 2997 persecutionem

1322 2997 1491 3039 continet,
1515 3007 1588 3033 non
1611 3000 1689 3032 tota
1712 2996 1810 3042 dupli
1832 3006 1949 3049 poena
1971 2999 2036 3031 est.

1366 3039 1390 3080 3
1415 3041 1645 3077 Poupomus
1664 3041 1754 3077 libro
1778 3044 1904 3087 qumto
1928 3041 1978 3076 ad
2000 3039 2174 3077 Sabinum
2220 3038 2259 3075 Si
2273 3039 2407 3075 tutelae

1320 3090 1384 3122 aut
1406 3086 1626 3131 negotiorum
1640 3089 1821 3130 gestorum
1837 3089 1963 3130 agatur
1980 3085 2115 3120 incerto
2136 3085 2218 3127 hoc,
2234 3087 2407 3129 quantum

1321 3132 1366 3168 ab
1391 3131 1599 3167 adversariis
1623 3130 1771 3166 debetur
1793 3130 1903 3166 tutori
1925 3129 2208 3176 procuratorive,
2232 3128 2407 3164 arbitratu

1319 3176 1448 3212 iudicis
1472 3175 1667 3211 cavendum
1691 3179 1755 3218 est,
1781 3174 1876 3220 quod
1899 3184 1941 3210 eo
1965 3175 2106 3211 nomine
2129 3173 2179 3210 eis
2203 3173 2307 3208 absit.

1366 3219 1392 3258 4
1416 3219 1473 3256 ΡΑ
1481 3229 1575 3256 Utus
1606 3219 1696 3256 libro
1732 3224 1857 3256 octavo
1892 3219 1943 3255 ad
1975 3219 2149 3255 Sabinum
2202 3217 2282 3253 Nisi
2304 3217 2406 3253 finita

1320 3265 1433 3301 tutela
1456 3265 1513 3308 sit,
1537 3265 1670 3300 tutelae

1320 3310 1435 3346 solum
1458 3309 1658 3354 pubertate,
1683 3319 1700 3345 s

1323 3359 1338 3390 1
1386 3354 1514 3390 Filium
1536 3353 1688 3389 familias
1712 3354 1990 3398 emancipatum,
2014 3353 2046 3388 si
2068 3353 2215 3388 tutelam

1320 3402 1340 3435 2
1386 3402 1475 3441 tret,
1511 3399 1616 3434 etiam
1650 3398 1785 3434 directo
1809 3398 1922 3433 teneri
1936 3398 2095 3433 Iulianus
2118 3400 2232 3442 putat.
2281 3396 2318 3432 Si
2341 3396 2403 3432 ad-

1320 3447 1339 3479 3
1385 3444 1456 3479 huc
1478 3443 1638 3488 impubes
1662 3444 1794 3479 tutelae
1817 3446 1910 3487 agat,
1934 3443 2022 3478 nihil
2045 3444 2274 3478 consumitur.
2315 3440 2404 3477 Cum

1318 3488 1446 3524 furiosi
1469 3492 1634 3524 curatore
1656 3499 1729 3524 non
1750 3487 1893 3529 tutelae,
1910 3487 1973 3523 sed
1992 3487 2209 3532 negotiorum
2225 3489 2403 3531 gestorum

1996 844 2268 880 communicatio
2313 845 2409 880 iusta

1740 3265 1748 3272 ’
1773 3275 1846 3300 non
1868 3267 2004 3309 potest:
2038 3263 2160 3298 finitur
2191 3266 2310 3298 autem
2333 3273 2406 3298 non

1769 3309 1874 3344 etiam
1897 3312 2010 3344 morte
2031 3308 2160 3343 tutoris
2189 3307 2245 3343 vel
2293 3307 2402 3360 upilli.

1319 3603 1473 3643 oportere
1491 3601 1553 3634 del.
1692 3602 1734 3641 (5)
1749 3600 1806 3643 qui
1820 3598 1977 3632 solvendo
1990 3601 2069 3632 sunt
2082 3601 2141 3633 ins.
2289 3602 2332 3639 (e)
2358 3597 2401 3631 ad

1318 3648 1510 3679 contutores
1530 3655 1599 3677 non
1614 3645 1899 3687 [administrantes
1911 3645 1991 3685 non]
2005 3644 2138 3677 venitur
2149 3656 2211 3677 scr.
