2528 3918
169 129 317 173 XXXI

1247 125 1338 174 432
1576 144 1613 163 κν»

1507 0 1577 132 {7

2141 143 2203 175 DE
2230 142 2421 176 means

212 248 266 289 30
291 249 397 286 IDEM
417 250 509 286 libro
534 252 717 298 trigesimo
739 252 892 300 septimo
915 253 1137 299 (ἤριπον-ατη
1172 252 1257 297 Qui-
1323 247 1558 308 :Dmassadvy
1591 256 1831 309 &90:10ch
1855 255 1902 302 τῇ
1935 252 2131 303 γλυκυτᾶτῃ
2161 269 2232 301 μου
2263 256 2421 306 θυγατρὶ

166 295 248 331 dam
271 296 308 330 111
331 299 545 331 testamento
568 296 621 332 ita
643 296 806 343 scripsitz
835 298 898 333 ‘rei
921 296 1089 343 publicae
1113 296 1258 334 Gravis·

167 344 365 393 ‘canorum‘
375 339 454 386 lego
478 340 517 375 in
539 341 690 377 tutelam
713 342 792 378 viae
815 341 1046 394 reficiendae,
1079 351 1173 403 quae
1203 345 1260 378 est

167 386 215 421 ‘in
247 385 391 421 coloma
423 395 546 421 eorum
576 396 691 432 usque
714 387 761 423 ad
786 387 879 423 viam
902 385 1115 422 A'ureham:
1172 397 1258 422 uae·

166 431 274 466 situm
298 433 370 472 est,
401 440 448 465 an
479 430 550 466 hoc
573 431 728 477 legatum
751 433 879 468 valeat.
927 430 1108 467 luventius
1162 431 1259 468 elsus

166 474 369 527 respondit:
400 475 657 521 propemodum
712 477 830 512 uidem
862 476 1061 522 inperfecta
1091 480 1147 512 est
1169 477 1259 512 haec

166 524 345 565 scriptura
367 520 406 555 in
429 520 577 556 tutelam
593 522 671 558 Aur
719 532 761 557 ae
776 524 786 544 ¹
810 522 898 564 viae,
924 522 1009 567 quia
1032 530 1171 556 summa
1195 521 1258 557 ad·

166 565 302 610 scripta
333 575 406 600 non
438 569 510 601 est:
544 571 664 612 potest
694 572 813 603 tamen
845 566 955 602 videri
986 570 1090 601 tanta
1121 576 1261 602 summa

165 610 294 663 legata,
319 614 456 663 quanta
476 611 509 646 ei
527 611 580 647 rei
603 611 804 647 sufficeret:
830 612 860 647 si
883 611 989 647 modo
1013 622 1086 647 non
1110 615 1261 657 apparet

165 655 273 690 aliam
296 654 409 691 fmsse
432 655 593 692 defuncti
615 657 836 692 voluntatem
860 661 925 692 aut
949 667 993 692 ex
1017 656 1260 702 magnitudine

166 700 241 735 eius
266 700 442 745 pecuniae
465 705 529 737 aut
552 711 596 737 ex
620 702 867 738 mediocritate
888 701 1127 744 facultatium,
1153 712 1261 747 quam

164 745 331 781 testatrix
353 745 514 792 reliquit:
539 750 625 783 tunc
646 747 739 782 enim
761 747 882 782 officio
898 746 1039 789 iudicis,
1064 746 1261 782 secundum

165 790 449 826 aestimationem
472 792 678 838 patrimonii
703 796 738 827 et
762 792 885 837 legati,
915 792 1097 838 quantitas
1122 791 1262 827 definiri

191 839 297 871 otest.

166 847 189 882 p
210 878 261 918 31
290 879 546 918 Monzsmms
574 881 665 918 libro
690 882 816 928 primo
850 881 1063 928 reqularum
1111 880 1150 917 Si
1181 881 1261 927 quis

166 936 255 972 quos
278 937 351 962 non
375 927 507 971 poterit
530 927 781 962 manumittere
803 926 943 972 legavit,
967 931 1009 962 ut
1032 926 1260 962 manumitte·

164 976 301 1014 rentur,
325 981 392 1007 nec
416 972 571 1017 legatum
596 982 663 1007 nec
686 971 834 1007 libertas
859 972 964 1007 valet.

210 1013 265 1054 32
289 1015 398 1052 IDEM
416 1017 509 1053 libro
532 1028 628 1052 nono
652 1028 694 1052 re
746 1016 864 1052 larum
909 1016 1047 1059 Omnia,
1073 1026 1165 1062 quae
1187 1020 1260 1052 tes-

165 1061 332 1097 tamentis
357 1061 434 1097 sine
457 1061 514 1098 die
537 1062 591 1097 vel
615 1072 684 1097 con
711 1062 826 1098 ’cione
849 1061 1114 1104 adscribuntur,
1141 1071 1185 1097 ex
1205 1062 1263 1097 die

169 1109 183 1142 1
233 1106 354 1142 aditae
376 1106 584 1142 hereditatis
608 1110 848 1152 praestentur.
883 1106 1049 1142 Fundum
1070 1110 1155 1143 ante
1175 1117 1260 1142 con-

164 1151 341 1188 dicionem
374 1152 576 1197 conpletam
600 1152 646 1187 ab
671 1152 802 1187 herede
825 1163 897 1187 non
921 1151 1110 1194 traditum,
1143 1152 1208 1188 sed
1239 1162 1262 1187 a

163 1197 336 1243 legatario
362 1197 544 1233 detentum
569 1197 671 1232 heres
694 1197 874 1232 vindicare
895 1208 976 1232 cum
995 1197 1174 1233 fructibus
1195 1208 1260 1243 po-

163 1244 184 1277 2
231 1242 326 1278 terit.
375 1241 464 1277 Cum
487 1243 539 1277 ita
561 1242 721 1287 legatur:
755 1242 817 1276 ‘illi
840 1242 910 1277 hoc
933 1242 1087 1288 amplius
1110 1241 1262 1277 fundum

163 1286 274 1322 ‘illum
310 1297 391 1322 cum
425 1288 590 1323 omnibus
622 1287 749 1329 rebus,
797 1297 889 1332 quae
919 1287 957 1322 in
991 1287 1115 1323 eodem
1148 1286 1261 1323 fundo

164 1335 184 1367 3
233 1332 374 1374 ‘erunt',
404 1332 585 1377 mancipia
616 1342 759 1377 quoque
793 1332 1033 1367 continentur.
1090 1332 1179 1367 Cum
1210 1333 1262 1368 ita

164 1377 321 1422 legatur:
346 1376 529 1422 ‘quidquid
552 1377 589 1412 in
612 1377 741 1412 horreo
765 1387 844 1413 meo
866 1377 944 1412 erit'
970 1382 1006 1412 et
1027 1377 1058 1412 is
1084 1378 1142 1413 cui
1165 1377 1261 1422 lega·

162 1427 239 1457 tum
256 1425 311 1457 est
327 1431 372 1457 ex
391 1422 499 1457 rebus
519 1432 593 1457 non
615 1422 743 1467 legatis
766 1422 954 1467 ignorante
977 1423 1046 1458 eo²
1069 1432 1125 1457 am
1153 1422 1263 1458 liandi

162 1467 270 1512 legati
301 1467 357 1502 sui
386 1466 502 1512 gratia
533 1468 570 1502 in
593 1466 761 1502 horreum
786 1467 963 1510 intulerit,
1019 1467 1092 1503 uod
1162 1471 1261 1503 atum

163 1515 184 1547 4
232 1515 287 1547 est
317 1522 390 1547 non
422 1511 560 1547 videtur
593 1522 670 1548 esse
700 1512 866 1558 legatum.
916 1512 994 1557 Quo
1043 1523 1066 1547 a
1088 1513 1259 1558 legatario

189 1557 313 1592 etitum
337 1561 425 1599 erat,
450 1561 492 1592 ut
514 1557 575 1592 alii
593 1557 810 1600 restitueret,
835 1558 866 1593 si
884 1557 1078 1604 legatarius
1100 1557 1260 1600 decedat,

161 1569 266 1638 fleres
299 1612 441 1648 quoque
473 1602 549 1637 eius
580 1602 617 1638 id
648 1602 745 1648 quod
775 1603 931 1648 legatum
963 1603 1042 1638 est-⁹·
1075 1606 1262 1648 praestare

162 1651 182 1682 5
231 1647 386 1683 debebit.
435 1646 580 1693 Species
612 1648 821 1683 nominatim
851 1647 991 1692 legatae
1024 1648 1055 1683 si
1083 1658 1155 1683 non
1178 1658 1260 1693 rep-

161 1691 348 1738 periantur
371 1702 438 1727 nec
462 1693 544 1728 dolo
568 1692 709 1728 heredis
734 1692 858 1728 deesse
880 1693 1089 1738 probentur,
1117 1693 1193 1738 peti
1216 1702 1261 1728 ex

162 1742 183 1773 6
231 1737 356 1773 eodem
380 1741 594 1773 testamento
618 1749 692 1773 non
714 1742 878 1784 possunt.
921 1738 964 1773 In
986 1737 1260 1774 fideicommisso

162 1782 259 1830 quod
290 1782 446 1818 familiae
478 1782 691 1828 relinquitur
722 1783 759 1818 hi
791 1783 838 1818 ad
864 1783 1072 1829 petitionem
1096 1783 1171 1819 eius
1196 1783 1259 1818 ad-

161 1827 254 1863 mitti
286 1831 457 1873 possunt,
490 1828 551 1874 qui
583 1828 757 1863 nominati
787 1833 890 1871 sunt,
926 1832 990 1863 aut
1019 1831 1103 1874 post
1136 1838 1260 1864 omnes

162 1883 224 1909 eos
257 1873 452 1908 exstinctos
484 1873 545 1919 qui
578 1883 623 1908 ex
662 1873 806 1909 nomine
845 1872 1006 1909 defuncti
1042 1873 1178 1909 fuerint
1216 1883 1259 1909 eo

161 1922 234 1954 tem
262 1928 335 1961 ore,
360 1928 431 1963 quo
455 1922 608 1954 testator
631 1922 840 1961 moreretur,
866 1923 902 1953 et
925 1918 985 1964 qui
1005 1928 1049 1954 ex
1068 1918 1124 1954 his
1143 1919 1259 1964 primo

161 1929 275 2044 glrtad’u
307 1964 609 2044 ρτοοτῗπίωῗίῃῐ,
651 1963 720 1999 11101
756 1963 960 2044 sqeciglitzr
991 1963 1182 2000 defunctus
1213 1963 1261 1999 ad

218 2018 350 2044 eriores
375 2019 417 2044 vo
433 2020 482 2043 un
539 2019 594 2044 em
617 2019 721 2044 suam
744 2019 789 2044 ex
807 2019 850 2044 en
877 2019 929 2044 eri
948 2036 956 2043 .

208 2050 261 2091 33
283 2053 394 2089 low
407 2053 499 2090 libro
520 2065 615 2089 nono
634 2065 892 2100 responsorum
923 2053 1141 2099 Respondit:
1162 2053 1258 2099 lega-

161 2103 281 2134 torum
309 2099 433 2144 petitio
466 2098 636 2135 adversus
667 2098 816 2134 heredes
840 2109 907 2152 pro
957 2099 1096 2134 artibus
1119 2099 1258 2135 heredi-

162 2143 264 2179 tariis
289 2143 476 2189 competit,
509 2154 576 2179 nec
606 2154 672 2189 pro
704 2143 761 2179 his
793 2155 855 2190 qui
885 2154 926 2180 so
940 2143 1054 2179 vendo
1078 2155 1151 2179 non
1175 2148 1260 2180 sunt

164 2192 179 2224 1
230 2189 374 2224 onerari
397 2188 591 2224 coheredes
616 2193 768 2234 oportet.
805 2189 874 2234 Qui
892 2189 1013 2234 plures
1033 2189 1182 2224 heredes
1203 2190 1258 2224 in-

162 2234 297 2277 stituit,
329 2237 546 2269 testamento
575 2244 598 2269 a
622 2233 835 2279 quibusdam
859 2234 1069 2269 nominatim
1091 2234 1258 2279 reliquit⁴

161 2279 298 2324 legata,
331 2282 459 2325 postea
491 2279 674 2314 codicillos
702 2278 750 2314 ad
772 2289 895 2315 omnes
919 2279 1070 2314 heredes
1095 2279 1256 2325 scripsit:

163 2334 307 2370 quaero,
326 2326 449 2404 Ziquae
470 2324 588 2370 legata
608 2324 773 2360 debeant.
808 2323 1032 2360 Modestinus
1053 2324 1257 2376 responditz

163 2380 243 2405 cum
267 2379 326 2404 ma
379 2373 455 2405 este
474 2373 628 2405 testator
647 2373 862 2411 testamento
883 2372 1109 2415 expresserit,
1133 2378 1156 2404 a
1203 2380 1257 2404 01-

163 2415 228 2450 bus
253 2413 443 2450 heredibus
466 2414 586 2460 legata
607 2414 783 2460 praestari
808 2414 931 2457 vellet,
964 2414 1048 2450 licet
1073 2413 1188 2450 codici
1217 2425 1257 2450 os

163 2460 208 2495 ad
239 2470 363 2495 omnes
396 2460 599 2506 scripserit,
631 2463 783 2505 apparet
812 2463 934 2495 tamen
966 2470 1009 2495 ea
1039 2469 1133 2505 quae
1159 2459 1258 2495 codi-

161 2505 252 2540 cillis
274 2505 372 2540 dedit
391 2505 436 2540 ab
456 2505 513 2541 his
532 2504 752 2551 praestanda
770 2515 859 2548 esse,
883 2515 974 2551 quos
993 2514 1140 2540 munere
1158 2504 1260 2550 fungi

162 2549 293 2586 debere
315 2553 530 2586 testamento
555 2560 620 2586 suo
646 2549 804 2586 ostendit
825 2553 989 2586 testator.

207 2593 260 2633 34
292 2594 402 2630 Imm
432 2595 525 2631 libro
561 2595 698 2631 decimo
729 2606 987 2642 responsorum
1042 2594 1140 2630 Titia
1175 2604 1257 2630 cum

160 2644 373 2676 testamento
395 2639 492 2676 facto
513 2640 702 2676 decederet
716 2639 908 2676 heredibus
923 2639 1097 2675 institutis
1115 2639 1258 2676 Maevia

160 2689 198 2721 et
221 2685 431 2730 Sempronio
463 2685 545 2720 filiis
578 2685 652 2721 suis
684 2695 727 2721 ex
757 2685 881 2731 aequis
904 2685 1090 2731 partibus,
1122 2685 1212 2730 petit
1235 2695 1258 2720 a

161 2730 321 2773 Maevia,
352 2734 394 2766 ut
417 2729 578 2766 Stichum
608 2741 748 2766 servum
772 2741 877 2766 suum
901 2730 1185 2773 manumitteret,
1219 2731 1256 2765 in

161 2776 251 2810 haec
271 2775 398 2810 verba:
425 2779 459 2810 ‘a
474 2780 511 2810 te
531 2780 662 2818 autem,
683 2775 826 2811 Maevia
845 2775 920 2811 filia
940 2775 1134 2818 carissima,
1160 2779 1256 2821 peto,

162 2824 215 2856 ‘ut
230 2819 392 2856 Stichum
415 2830 555 2856 servum
578 2824 679 2856 tuum
703 2820 944 2863 manumittas,
970 2831 1052 2856 cum
1074 2821 1112 2855 in
1135 2820 1255 2856 minis-

162 2865 263 2901 ‘terio
299 2869 362 2900 tuo
404 2869 459 2901 tot
500 2866 621 2911 capita
662 2876 846 2902 servorum
882 2866 949 2901 tibi
987 2866 1042 2901 his
1082 2865 1256 2902 codicillis

162 2910 360 2956 ‘legavero’,
392 2920 459 2946 nec
490 2910 629 2955 legavit.
677 2921 831 2957 quaero,
864 2911 948 2957 quid
980 2911 1035 2947 his
1058 2911 1175 2947 verbis
1198 2921 1255 2946 re-

160 2956 286 2991 lictum
309 2955 482 2999 videatur,
508 2967 600 2998 cum,
625 2961 666 2991 ut
687 2967 800 3002 supra
824 2961 970 2992 cautum
995 2960 1049 2991 est
1059 2957 1084 2999 ⁶,
1114 2956 1256 2992 duobus

161 3000 353 3036 heredibus
377 3000 550 3036 institutis
576 3001 781 3036 defunctam
805 3002 1026 3038 testatricem
1036 3002 1061 3023 ⁶·
1094 3004 1131 3037 et
1153 3012 1254 3037 man-

162 3046 195 3082 ci
221 3046 257 3081 ia
278 3045 495 3081 hereditaria
519 3046 669 3081 duarum
692 3057 927 3091 personarum
950 3046 1072 3090 fuisse,
1098 3053 1134 3082 et
1157 3046 1254 3083 codi-

162 3057 252 3127 cifiis
273 3090 361 3126 nihil
379 3090 542 3126 relictum
552 3092 578 3112 ⁰⁸
601 3092 647 3126 sit
664 3091 709 3127 de
729 3091 955 3137 praestandis
979 3092 1166 3137 mancipiis
1189 3102 1256 3128 nec

162 3136 277 3182 possit
298 3135 387 3172 utile
410 3135 723 3172 fideicommissum
746 3137 886 3182 putari,
915 3137 1011 3182 quod
1035 3137 1158 3172 datum
1181 3147 1255 3173 non

162 3182 226 3224 sit,
259 3192 341 3217 cum
372 3180 384 3216 1
453 3191 510 3217 sse
541 3191 580 3217 se
608 3181 735 3217 dixerit
758 3193 824 3218 nec
849 3182 1020 3218 adiecerit
1041 3182 1150 3228 legati
1173 3192 1255 3228 spe·

162 3226 251 3262 ciem
283 3236 350 3262 nec
382 3236 405 3261 0
460 3226 591 3262 herede
622 3226 673 3261 uti
698 3231 967 3271 praestarentur
990 3227 1108 3263 manci
1134 3227 1169 3262 ia
1192 3237 1254 3273 pe-

162 3271 268 3307 tierit.
316 3271 540 3307 Modestinus
571 3271 755 3316 respondit
787 3282 831 3307 ex
858 3272 976 3308 verbis
1002 3283 1088 3308 cons
1128 3272 1256 3308 tationi

162 3317 302 3352 insertis
328 3316 528 3352 Maeviam⁷
559 3326 674 3362 neque
707 3316 815 3361 legati
846 3327 961 3363 neque
991 3317 1255 3353 fideicommissi

162 3363 370 3407 petitionem
400 3361 535 3398 habere
566 3371 682 3406 neque
712 3360 912 3397 libertatem
944 3373 1046 3398 servo
1078 3372 1144 3398 suo
1169 3362 1256 3398 dare

170 3414 176 3440 1
232 3406 406 3452 compelli.
431 3407 564 3443 Lucius
577 3406 693 3442 Titius
709 3406 745 3441 in
761 3410 973 3443 testamento
991 3418 1056 3443 suo
1072 3407 1126 3443 ita
1142 3407 1254 3443 cavit:

163 3522 202 3561 (1)
226 3520 381 3553 Aureliae
395 3521 457 3554 del.
506 3521 551 3562 (2)
571 3519 631 3562 qui
643 3519 768 3562 legavit
781 3521 842 3552 ins.
891 3522 934 3562 (3)
956 3521 990 3553 id
1004 3522 1093 3564 quod
1103 3521 1253 3564 legatum

163 3569 213 3597 est
227 3566 288 3598 del.
344 3566 387 3606 (4)
414 3565 577 3607 relinquit
589 3565 623 3597 F
672 3566 716 3606 (5)
742 3565 801 3607 qui
814 3566 873 3598 ins.
937 3568 980 3606 (6)
1006 3570 1044 3598 ut
1055 3577 1160 3610 supra
1171 3566 1255 3599 rela-

164 3615 234 3641 tum
248 3613 309 3652 est,
321 3613 449 3643 certum
462 3610 508 3642 sit
520 3612 578 3662 igis.
636 3610 691 3650 (θ’)
714 3610 882 3642 testi-icem
895 3610 928 3643 F
969 3609 1025 3652 (θ’)
1047 3611 1177 3645 dictum
1189 3624 1252 3645 scr.

164 3656 207 3695 (¹1)
232 3655 407 3688 maeviaF
458 3656 502 3695 (81
524 3667 547 3687 α
571 3651 732 3700 νοφόρον
742 3654 896 3688 Proteius
955 3658 998 3695 (9)
1021 3657 1057 3689 id
1067 3664 1132 3691 ese.-
1154 3656 1253 3688 Octa·

164 3700 281 3731 vianae
295 3700 506 3732 Stratonicae

563 3700 615 3732 iae
634 3709 725 3732 meae
746 3698 958 3732 dulcissimae
979 3700 1129 3734 salutem.
1170 3700 1254 3734 Volo
1322 3702 1380 3738 (u)
1405 3703 1492 3733 esset
1505 3701 1541 3734 F

164 3754 183 3774 a
204 3755 237 3776 00
259 3745 333 3786 ipsa
350 3744 498 3787 accipiat
518 3744 690 3786 praedium
705 3745 828 3776 Gazam
848 3755 922 3776 cum
940 3745 1165 3779 instrumento
1182 3746 1253 3778 eius
1322 3748 1381 3787 (17)
1406 3755 1480 3778 cum
1495 3749 1666 3787 praeterea
1678 3757 1738 3778 scr.

1338 311 1384 340 χα
1424 311 1488 333 ειν.
1540 297 1725 344 Βούλομαι
1748 312 1861 343 amr-pt
1882 295 1969 347 παρ’
1996 301 2119 343 ἕαυτῆς
2141 299 2265 345 λαβεῖν
2285 305 2421 347 χωρίον

1326 340 1393 378 ‘1'0'1
1419 356 1467 377 αν
1488 342 1554 379 σὺν
1573 347 1653 379 ταῖς
1675 342 1851 388 &Quane
1874 340 1985 379 αὐτοῦ
2006 344 2149 382 πάσαις.
2196 341 2419 391 Ὀκταβιάνφ

1325 383 1568 444 ’Ἀλεξάνδρᾳ
1589 389 1647 433 τῷ
1669 386 1875 436 γλυκυτάτᾳ)
1897 403 1968 435 μου
1989 389 2070 434 υἱῷ.
2110 386 2310 436 'Effuderunt
2329 391 2420 436 ,80¹5-

1325 430 1448 477 ‘lopas
1479 446 1592 467 mov
1619 428 1707 480 παρ’
1738 434 1866 469 ἑαυτοῦ
1895 433 2022 478 λαβεῖν
2052 433 2245 482 σύγκτησιν
2273 431 2418 483 ἆγωνό-

1326 475 1483 524 “φ(1ρον8
1511 476 1702 522 Κομιάνην
1731 477 1796 513 σὺν
1828 478 1884 515 alc
1914 483 1985 521 ἔχει
2019 478 2195 523 §nt-‘binam
2229 477 2419 517 πάσαις’“.

1329 532 1483 575 quaero,
1516 532 1563 558 an
1592 522 1795 576 huiusmodi
1825 524 2004 570 scriptura
2033 525 2208 570 integrum
2235 526 2420 571 praedium

1330 567 1910 665 {afflfflffie‘zffiiff
1940 580 2030 650 2311?
2033 571 2422 652 eissuffiissimahffl}

1329 668 1406 703 ipso
1439 668 1542 703 quem
1567 667 1614 693 110
1641 668 1762 693 eorum
1786 668 1892 704 quam
1916 660 2073 695 habebat
2095 664 2234 706 partem
2258 662 2336 696 acci
2362 672 2421 697 ere

1329 702 1453 738 voluit.
1492 703 1554 738 Mo
1581 703 1716 738 eatinus
1739 704 1925 748 respondit
1946 715 2019 740 non
2042 706 2094 741 sic
2117 706 2338 751 interpretari

1330 748 1544 793 scripturam
1568 747 1613 783 de
1634 757 1706 793 qua
1729 749 1930 794 quaeritur,
1961 754 2003 785 ut
2031 743 2343 786 fideicommissum
2365 752 2419 786 in·

1330 793 1418 828 utile
1440 792 1517 828 fiat.
1564 793 1648 828 item
1672 803 1826 838 quaero,
1857 794 1887 828 si
1910 794 2085 839 integrum
2107 796 2293 841 praedium
2317 796 2420 832 relic-

1330 842 1406 873 tum
1438 847 1518 873 esse
1547 837 1729 881 videatur,
1769 849 1815 873 an
1854 839 2007 883 pretium
2041 840 2217 885 portionis
2250 840 2354 876 fratri
2387 847 2422 876 et

1332 882 1500 919 coheredi
1523 882 1731 918 solvendum
1755 883 1819 925 sit,
1851 887 1893 918 ut
1923 884 1992 920 hoc
2015 884 2114 930 ipso.
2145 885 2240 930 quod
2264 897 2286 921 a
2310 891 2422 922 semet

1330 928 1409 973 ipso
1434 928 1599 973 accipere
1621 927 1814 973 praecepit,
1838 929 1954 974 pretio
1973 929 2075 965 illato
2094 930 2270 975 integrum
2288 931 2422 967 habere

1331 983 1412 1008 eum
1442 972 1603 1008 voluerit.
1658 972 1743 1008 item
1773 973 1960 1025 respondit
1990 974 2037 1010 ad
2069 975 2282 1011 solutionem
2340 976 2422 1013 retii

1332 1021 1352 1052 2
1399 1017 1762 1054 fideicommissarium
1792 1018 1935 1054 mmime
1965 1019 2260 1065 compellendum.
2340 1022 2422 1056 0010

1331 1062 1428 1098 Titia
1457 1063 1629 1098 intestata
1659 1063 1813 1099 moriens
1837 1073 1859 1098 a
1882 1063 1964 1099 filiis
1988 1065 2063 1100 suis
2086 1075 2151 1109 per
2172 1064 2421 1101 fideicommis-

1331 1119 1410 1143 sum
1433 1108 1550 1144 alieno
1574 1118 1676 1144 servo
1701 1107 1844 1143 domum
1868 1108 2029 1154 reliquit:
2061 1112 2146 1155 post
2177 1113 2327 1146 mortem
2357 1110 2422 1146 filii

1332 1154 1407 1189 eius
1431 1153 1524 1189 idem
1549 1153 1610 1198 qui
1623 1153 1651 1174 ¹⁰
1681 1153 1828 1189 heredes
1861 1164 1942 1188 cum
1971 1154 2166 1190 diviserunt
2187 1155 2423 1191 hereditatem

1332 1199 1475 1242 matris,
1515 1198 1710 1234 diviserunt
1743 1198 1849 1233 etiam
1882 1198 2044 1241 domum,
2078 1199 2116 1234 in
2147 1210 2220 1245 qua
2251 1199 2422 1236 divisione

1332 1244 1496 1279 dominus
1531 1243 1622 1279 servi
1656 1243 1973 1296 fideicommissarii
2012 1244 2114 1297 (10001
2148 1245 2250 1281 testis
2286 1245 2421 1298 adfuit:

1331 1299 1489 1379 3352}
1511 1287 1861 1386 εἶξνέἐθὲἶᾶᾚέἕι
1872 1290 2423 1378 ἰξὲῗὲαἳῗ*ἒὲἲῗεῗέωῗῗ1ἱῗ“ἐὲἒὲἒ

1331 1379 1505 1415 videatur.
1553 1378 1777 1414 Modestmus
1805 1379 1989 1424 respondit
2011 1379 2322 1417 fideicommissum
2343 1381 2356 1416 i
2381 1391 2422 1417 so

1330 1424 1407 1460 iure
1437 1424 1607 1459 amissum
1638 1434 1711 1459 non
1743 1433 1839 1467 esse,
1870 1424 1968 1470 quod
1999 1435 2044 1460 ne
2073 1425 2255 1471 repudiari
2281 1426 2343 1472 qui
2368 1436 2423 1462 em

1330 1473 1469 1514 potest:
1502 1468 1566 1504 sed
1597 1479 1664 1504 nec
1697 1478 1763 1514 per
1794 1468 1867 1504 doli
1898 1471 1984 1505 exce
2010 1470 2142 1505 tionem
2171 1475 2422 1513 summovetur,

1330 1514 1399 1550 nisi
1415 1514 1595 1550 evidenter
1610 1514 1819 1566 apparuerit
1834 1514 1980 1550 omitten
2009 1515 2016 1522 ‘
2033 1515 2296 1552 fideicommissi
2312 1526 2423 1552 causa

1331 1562 1350 1594 3
1398 1559 1468 1594 hoc
1493 1569 1574 1594 eum
1595 1558 1737 1594 fecisse.
1785 1558 1897 1595 Gaius
1922 1559 2022 1595 Seius
2047 1570 2128 1596 cum
2151 1560 2296 1596 domum
2319 1571 2421 1597 suam

1328 1604 1479 1640 haberet
1510 1607 1546 1639 et
1574 1603 1612 1638 in
1642 1604 1823 1650 praetorio
1858 1604 1979 1656 uxoris
2011 1615 2100 1641 suae
2128 1606 2422 1659 transtulissetfl,

1328 1648 1882 1739 iffiiffdssiq53⁸pfflestdffit3ffi
1895 1650 2098 1731 ’1ῑέἒῖἶῇ
2123 1655 2421 1732 metm

1330 1749 1478 1774 uxorem
1511 1749 1613 1774 suam
1645 1739 1812 1774 heredem
1844 1743 1880 1774 et
1911 1739 2000 1775 alios
2036 1741 2238 1786 complures
2269 1741 2421 1794 reliquit.

1330 1795 1398 1829 quo
1419 1787 1634 1820 testamento
1653 1784 1865 1828 significavit
1882 1784 1993 1820 verba
2005 1785 2043 1828 ¹³,
2063 1796 2156 1831 quae
2174 1785 2269 1821 infra
2287 1790 2423 1839 scripta

1329 1832 1432 1865 sunt:
1457 1829 1507 1864 ‘in
1529 1829 1653 1875 primis
1677 1829 1795 1864 sciant
1816 1829 1965 1865 heredes
1988 1830 2058 1865 mei
2079 1830 2214 1866 nullam
2233 1841 2423 1877 pecuniam

1329 1878 1420 1910 ‘esse
1449 1884 1560 1920 penes
1593 1884 1742 1909 uxorem
1764 1884 1890 1917 meam,
1914 1874 1978 1910 sed
2000 1885 2067 1911 nec
2090 1875 2188 1911 aliud
2211 1876 2420 1922 quicquam:

1329 1919 1492 1965 ‘ideoque
1523 1919 1593 1955 hoc
1625 1919 1768 1955 nomine
1800 1930 1878 1955 eam
1904 1920 2097 1965 inquietari
2119 1921 2227 1957 nolo’.
2275 1931 2421 1967 quaero,

1328 1975 1376 2000 an
1400 1975 1464 2008 ea,
1499 1974 1592 2010 quae
1621 1965 1700 2000 vivo
1730 1974 1771 2000 eo
1795 1965 1833 2000 in
1855 1965 2035 2010 praetorio
2059 1966 2180 2002 uxoris
2203 1966 2279 2002 eius
2302 1970 2421 2002 trans·

1329 2010 1405 2045 lata
1428 2014 1523 2053 sunt,
1549 2009 1728 2045 communi
1747 2009 1937 2046 hereditati
1955 2010 2126 2046 vindicari
2146 2012 2296 2057 possint,
2321 2015 2357 2047 et
2375 2022 2423 2048 an

1328 2055 1525 2091 secundum
1563 2055 1673 2090 verba
1710 2055 1917 2091 testamenti
1952 2056 2150 2101 praescribi
2188 2057 2422 2093 coheredibus

1327 2100 1443 2146 possit
1463 2111 1486 2135 a
1504 2104 1609 2146 parte
1627 2100 1752 2135 uxoris
1774 2100 1944 2136 defuncti.
1980 2101 2204 2137 Modestinus
2224 2102 2421 2155 respondit,

1328 2145 1358 2181 si
1391 2155 1452 2188 ea,
1489 2155 1582 2191 quae
1611 2145 1649 2180 in
1681 2145 1824 2181 domum
1855 2156 1920 2182 000
1951 2147 2171 2191 praetorium
2201 2157 2324 2183 uxoris
2358 2147 2419 2184 de-

1329 2190 1475 2226 functus
1498 2190 1693 2233 transtulit,
1717 2191 1913 2236 praecipua
1936 2191 1983 2226 ad
2002 2201 2082 2227 eam
2100 2192 2280 2237 pertinere
2297 2192 2422 2236 voluit,

1328 2235 1416 2271 nihil
1438 2235 1610 2288 proponi,
1643 2246 1707 2271 001·
1731 2235 1914 2272 voluntate
1940 2237 2053 2281 ipsius
2077 2237 2243 2273 standum
2266 2248 2340 2274 non
2363 2238 2421 2274 sit.

1328 2291 1474 2316 necesse
1504 2281 1612 2326 igitur
1641 2280 1752 2315 habet
1779 2281 1906 2316 mulier
1936 2281 2046 2317 talem
2069 2282 2288 2318 voluntatem
2309 2282 2422 2319 fuisse

1327 2325 1510 2361 testatoris
1534 2325 1733 2361 ostendere.
1781 2325 1878 2371 quod
1901 2326 1969 2361 nisi
1992 2326 2136 2370 fecerit,
2164 2327 2202 2362 in
2224 2328 2421 2364 hereditate

1328 2373 1349 2405 4
1395 2371 1514 2406 mariti
1545 2375 1582 2405 et
1612 2371 1702 2406 haec
1734 2380 1918 2406 remanere
1950 2381 1971 2406 o
1997 2375 2102 2406 ortet.
2151 2371 2189 2407 Si
2220 2382 2264 2407 00
2295 2372 2419 2409 condi·

1328 2415 1431 2451 cione
1453 2415 1580 2451 liberto
1604 2415 1918 2451 fideicommissum
1939 2427 1958 2450 r
1993 2416 2103 2452 ’ctum
2127 2420 2191 2460 est,
2220 2428 2267 2453 ne
2290 2427 2313 2452 a
2335 2417 2418 2453 filiis

1328 2460 1403 2496 eius
1426 2460 1621 2509 recederet,
1646 2464 1682 2495 et
1708 2470 1773 2506 per
1801 2463 1938 2496 tutores
1963 2460 2100 2496 factum
2123 2465 2189 2505 est,
2213 2473 2284 2508 quo
2303 2462 2419 2499 minus

1328 2505 1574 2541 condicionem
1596 2505 1777 2550 impleret,
1802 2505 1963 2551 iniquum
1986 2510 2041 2542 est
2065 2516 2164 2550 00111,
2189 2517 2270 2542 00111
2293 2507 2341 2543 sit
2362 2508 2418 2543 in-

1327 2554 1347 2585 5
1396 2550 1583 2596 culpatus,
1617 2550 1854 2586 emolumento
1883 2551 2146 2587 fideicommissi
2170 2562 2302 2588 carere.
2350 2551 2420 2598 Qui

1326 2596 1438 2631 invita
1467 2595 1542 2631 filia
1577 2595 1622 2631 de
1653 2595 1737 2631 dote
1771 2599 1908 2640 egerat,
1940 2596 2094 2632 decessit
2124 2597 2248 2633 eadem
2271 2597 2334 2633 illa
2357 2607 2417 2633 ex-

1327 2641 1519 2684 heredata,
1551 2640 1625 2676 filio
1657 2640 1788 2676 herede
1819 2640 1982 2677 instituto
2017 2646 2054 2677 et
2084 2642 2129 2677 ab
2161 2651 2205 2678 eo
2237 2642 2417 2678 fideicom-

1326 2686 1473 2722 missum
1496 2685 1591 2721 filiae
1616 2686 1708 2722 dotis
1728 2686 1871 2721 nomine
1889 2686 2049 2732 reliquit:
2074 2696 2219 2732 quaero,
2244 2692 2417 2733 quantum

1326 2741 1349 2767 a
1370 2731 1484 2767 fratre
1506 2730 1634 2767 mulier
1658 2731 1827 2777 consequi
1847 2731 1987 2767 debeat.
2023 2732 2249 2770 Modestinus
2268 2742 2415 2779 respon-

1326 2776 1395 2812 dit:
1428 2776 1525 2822 quod
1554 2776 1593 2812 in
1623 2776 1746 2822 primis
1778 2780 1833 2812 est
1854 2787 1928 2812 non
1951 2787 2030 2812 0000
2043 2779 2070 2799 ¹⁴
2101 2781 2350 2823 consumptam
2373 2778 2418 2813 de

1326 2822 1409 2858 dote
1439 2821 1617 2857 actionem
1647 2821 1804 2864 mulieri,
1837 2832 1918 2857 cum
1948 2822 2044 2867 patri
2075 2832 2140 2858 suo
2169 2833 2242 2859 non
2266 2833 2415 2859 consen-

1325 2868 1422 2910 serit,
1447 2867 1570 2912 utique
1592 2877 1666 2902 non
1688 2866 1843 2919 ignoras.
1890 2867 1942 2902 sic
1967 2867 2059 2903 enim
2081 2877 2139 2903 res
2232 2867 2413 2910 1100110115,

1324 2915 1382 2955 ut,
1414 2912 1445 2948 si
1476 2911 1617 2957 quidem
1648 2921 1762 2947 010101·
1785 2912 1968 2957 quantitas
1991 2912 2029 2947 in
2061 2911 2183 2948 Ι’(1010
2245 2912 2288 2955 ‘t,
2318 2912 2415 2948 illius

1324 2957 1497 3010 petitione
1527 2956 1575 2992 sit
1604 2956 1850 2992 tantummodo
1882 2957 2009 2993 mulier
2038 2961 2225 2994 contenta:
2257 2957 2354 3003 quod
2385 2959 2415 2994 si

1324 3013 1362 3038 m
1393 3012 1532 3038 summa
1562 3001 1655 3037 dotis
1686 3001 1828 3037 nomine
1859 3001 1979 3047 legata
2001 3002 2153 3048 amplius
2176 3002 2224 3038 sit
2246 3013 2353 3048 quam
2377 3003 2414 3038 in

1325 3047 1410 3083 dote
1436 3046 1644 3093 principali,
1676 3047 1919 3092 compensatio
1949 3047 2014 3082 fiat
2043 3056 2157 3092 usque
2187 3046 2234 3083 ad
2265 3048 2413 3083 eandem

1324 3102 1499 3128 summam
1535 3101 1628 3137 quae
1664 3092 1847 3127 concurrit
1878 3096 1914 3127 et
1944 3091 1982 3127 id
2012 3091 2277 3135 tantummodo,
2319 3093 2414 3138 quod

1324 3137 1465 3173 excedit
1486 3137 1524 3172 in
1548 3137 1710 3182 sequenti
1734 3147 1883 3180 summa,
1911 3146 1955 3172 ex
1977 3141 2191 3173 testamento
2215 3147 2412 3183 consequa-

1323 3186 1402 3218 tur:
1434 3192 1507 3217 non
1530 3185 1585 3217 est
1609 3182 1701 3218 enim
1724 3182 1910 3218 verisimile
1931 3185 2070 3227 patrem
2093 3181 2228 3228 duplici
2250 3188 2411 3228 praesta-

1323 3228 1421 3263 tione
1452 3226 1546 3263 dotis
1577 3226 1688 3262 filium
1722 3227 1942 3272 eundemque
1973 3226 2139 3262 heredem
2171 3238 2320 3264 onerare
2351 3238 2411 3263 vo-

1323 3272 1452 3315 luisse,
1483 3275 1670 3317 praeterea
1699 3283 1781 3307 00111
1793 3273 1821 3294 ¹⁷
1850 3272 2027 3318 putaverit
2050 3282 2089 3307 se
2111 3272 2308 3308 efficaciter
2328 3272 2413 3308 licet

1324 3327 1396 3353 non
1428 3317 1674 3353 consentiente
1704 3317 1780 3352 fllia
1811 3316 2007 3352 instituisse
2041 3317 2213 3353 adversus
2243 3327 2411 3363 generum

1324 3364 1345 3397 6
1392 3361 1437 3397 de
1459 3361 1543 3397 dote
1567 3362 1754 3398 actionem.
1802 3361 1936 3397 Lucius
1961 3361 2076 3397 Titius
2106 3362 2240 3398 relictis
2270 3362 2411 3398 duobus

1322 3406 1406 3442 filiis
1436 3407 1511 3442 suis
1542 3407 1733 3443 heredibus
1758 3406 1885 3442 diversi
1908 3416 2014 3442 sexus
2037 3407 2210 3443 institutis
2223 3407 2251 3429 ¹⁸
2274 3406 2411 3443 addidit

1323 3521 1489 3554 universo.
1525 3522 1709 3554 Octaviano
1722 3520 1911 3553 Alexandro
1923 3520 1994 3553 filio
2006 3531 2080 3554 meo
2091 3520 2295 3554 dulcissimo.
2324 3520 2410 3554 Volo

1323 3566 1511 3609 praecipiat
1541 3576 1562 3598 a
1592 3577 1627 3599 se
1657 3566 1732 3609 ipso
1758 3575 1900 3598 massam
1927 3565 2040 3599 salicti
2068 3565 2221 3599 Comiani
2251 3577 2327 3599 oum
2355 3566 2408 3599 iu-

1322 3614 1509 3643 strumento
1529 3611 1617 3653 quod
1638 3610 1687 3643 ibi
1707 3613 1759 3643 est
1776 3611 1936 3642 universo
2073 3613 2132 3652 (ιο)
2158 3611 2325 3652 iidemque
2344 3623 2407 3645 scr.

1323 3658 1378 3693 (ιι)
1403 3666 1437 3688 00
1451 3656 1509 3689 ins.
1582 3658 1640 3697 (12)
1664 3654 1799 3697 multos]
1813 3655 1993 3688 nonnullos
2005 3669 2067 3690 scr.
2138 3660 2194 3694 (1³)
2221 3656 2330 3688 verbis
2343 3668 2408 3689 scr.

1630 3702 1689 3742 (it)
1713 3700 1943 3742 exexplicatur
1956 3701 1991 3733 F
2073 3701 2132 3741 (16)
2156 3701 2268 3742 priore
2282 3702 2341 3734 ins.
2355 3699 2408 3733 Γ*

1827 3747 1888 3785 (18)
1915 3745 2038 3778 diversi
2051 3755 2148 3778 sexus
2159 3745 2328 3778 institutis
2341 3745 2397 3778 del
