2528 3918
80 115 140 147 DE
170 114 228 146 Po
233 113 468 145 STULANDO

80 224 146 260 dus
172 224 232 269 qui
253 223 462 269 generaliter
484 222 522 257 in
545 222 612 264 his,
638 232 729 268 quae
752 224 967 257 testamento
993 222 1025 257 ei
1043 221 1169 256 relicta

79 273 181 311 sunt,
206 268 436 313 transegerit,
469 268 499 302 si
522 271 649 312 postea
674 270 843 302 causetur
867 267 911 302 de
935 277 977 302 eo
1002 267 1078 303 solo
1105 277 1143 301 se
1158 269 1167 287 ¹

80 314 266 359 cogitasse,
292 312 387 358 quod
410 312 525 357 prima
549 315 651 357 parte
674 312 878 347 testamenti
902 322 944 347 ac
969 322 1041 347 non
1063 312 1170 346 etiam

79 359 176 404 quod
199 358 394 404 posteriore
417 358 573 402 legatum
604 357 661 392 sit.
698 357 729 392 si
759 361 881 392 tamen
913 360 1040 402 postea
1071 357 1168 392 codi-

80 404 150 440 cilli
174 404 422 449 proferuntur,
454 413 527 438 non
550 403 711 447 improbe
736 403 821 437 mihi
845 402 1007 438 dicturus
1031 402 1169 438 videtur

79 450 122 484 de
148 459 188 483 eo
214 448 423 483 dumtaxat²
446 458 485 484 se
510 448 696 492 cogitasse,
722 448 842 493 quod³
865 448 1007 483 illarum
1027 447 1167 483 tabula-

78 505 169 535 rum,
195 504 283 538 quas
308 496 395 528 tunc
418 497 577 535 noverat,
603 493 782 538 scriptura
806 493 1062 529 contineretur.

128 536 176 576 13
199 539 397 574 AEMILIUS
415 538 558 574 Mxofflz
583 539 674 574 libro
693 539 816 584 primo
837 538 887 573 ad
896 538 1010 585 leqem
1021 539 1169 574 vicensi-

78 595 171 619 mam
203 583 454 619 hereditatium
500 583 598 619 Nulli
621 587 896 628 procuratorum
920 584 1091 629 principis
1114 584 1168 618 in-

79 629 241 664 consulto
266 629 429 674 principe
451 629 648 674 transigere
671 629 765 664 licet.

127 673 178 711 14
202 673 231 710 S
236 684 406 709 CAEVOLA
430 674 521 710 libro
543 674 702 710 secundo
725 684 981 720 responsorum
1018 674 1168 709 Contro-

77 720 193 755 versia
222 719 316 754 inter
346 719 540 765 legitimum
564 723 600 755 et
623 719 797 765 scriptum
820 719 987 754 heredem
1012 723 1092 755 orta
1116 722 1170 754 est

78 775 191 810 eaque
213 765 457 800 transactione
479 765 579 800 facta
603 768 702 800 certa
722 765 799 809 lege
818 764 920 800 finita
940 769 1011 800 est:
1037 774 1168 816 quaero

78 810 272 845 creditores
308 820 413 855 quem
449 810 637 846 convenire
670 811 849 855 possunt?
884 809 1104 855 respond1t⁴,
1141 809 1171 844 si

76 855 169 890 idem
195 855 387 890 creditores
413 859 550 898 essent,
584 855 645 901 qui
675 855 957 890 transactionem
988 854 1169 897 fecissent,

76 900 112 935 id
137 900 397 936 observandum
422 901 466 936 de
488 911 570 936 aere
595 901 730 943 alieno,
763 900 859 946 quod
882 901 975 935 inter
999 910 1059 936 eos
1084 910 1170 935 con-

76 946 270 981 venisset⁵:
303 946 333 981 si
358 946 418 981 alii
443 946 637 982 creditores
663 950 798 989 essent,
825 949 972 991 propter
994 946 1170 981 incertum

77 991 313 1026 successionis
338 1002 403 1036 pro
428 995 532 1036 parte
555 990 781 1033 hereditatis,
815 1001 922 1036 quam
953 994 1104 1036 uterque
1134 990 1171 1025 in

76 1036 320 1116 transiactione
345 1036 576 1082 expresserit,
609 1036 756 1072 utilibus
789 1036 1016 1072 actionibus⁶
1041 1045 1168 1071 conve-

77 1081 159 1116 nien
185 1091 226 1116 us
253 1085 318 1116 est.

1176 95 1231 143 35

2219 102 2283 143 III
2316 104 2333 143 1

1287 219 1335 256 15
1349 221 1363 242 ⁷
1387 219 1495 256 Pam
1504 230 1546 255 css
1569 221 1658 256 libro
1679 233 1803 267 premo
1827 223 2085 257 sententiarum
2123 222 2237 258 Paeto
2252 233 2336 259 con-

1238 270 1341 301 vento
1366 265 1559 311 Aquiliana
1584 266 1725 311 quidem
1760 267 1943 312 stipulatio
1977 267 2093 303 subici
2128 268 2239 303 solet:
2275 269 2337 304 sed

1238 311 1435 346 consultius
1471 314 1525 346 est
1560 311 1645 346 huic
1678 313 1868 364 poenalem
1904 323 2046 358 quoque
2069 313 2336 358 stipulationem

1237 356 1462 400 subiungere,
1489 356 1572 401 quia
1595 366 1747 392 rescisso
1773 357 1865 392 forte
1889 362 1995 403 pacto
2018 368 2136 403 poena
2156 368 2199 393 ex
2221 359 2335 405 stipu-

1237 402 1312 436 latu
1337 401 1411 446 peti
1434 405 1564 446 potest.

1288 444 1336 483 16
1361 446 1708 482 Hmimofflmws
1728 447 1819 482 libro
1837 448 1958 493 primo
1981 449 2072 484 iuris
2093 449 2333 495 epitomarum

1237 492 1306 536 Qui
1328 491 1435 527 fidem
1459 492 1578 527 licitae
1601 492 1855 527 transactionis
1880 493 1995 537 rupit,
2021 504 2094 529 non
2119 494 2332 546 exceptione

1236 541 1377 572 tantum
1402 538 1690 580 summovebitur,
1715 537 1779 572 sed
1803 541 1838 573 et
1858 547 2023 581 poenam,
2049 549 2167 583 quam,
2195 549 2225 575 si
2249 550 2335 575 con-

1237 586 1295 617 tra
1318 582 1492 627 placitum
1514 582 1642 618 fecerit
1673 586 1753 618 rato
1786 586 1953 617 manente
1986 588 2092 628 pacto
2106 611 2114 626 ‚
2148 585 2336 630 stipulanti

1237 631 1336 663 recte
1359 628 1582 672 promiserat,
1607 632 1793 674 praestare
1818 631 1978 672 cogetur.

1288 670 1337 709 17
1363 672 1613 709 PAPJNJANUS
1641 674 1733 709 libro
1757 673 1915 709 secundo
1940 675 2190 725 quaestionum
2238 675 2332 711 Ven-

1238 718 1332 753 ditor
1367 718 1576 754 hereditatis
1613 718 1765 764 emptori
1800 717 1978 753 mandatis
2014 719 2215 755 actionibus
2254 731 2336 756 cum

1238 763 1398 798 debitore
1419 763 1646 807 hereditario,
1673 764 1733 809 qui
1756 763 1946 808 ignorabat
1969 764 2147 799 venditam
2172 775 2250 800 esse
2273 766 2335 800 he-

1237 808 1443 851 reditatem,
1468 810 1660 855 transegit:
1695 809 1725 844 si
1749 812 1888 853 emptor
1911 809 2119 844 hereditatis
2143 810 2212 845 hoc
2238 810 2335 846 debi-

1238 857 1315 888 tum
1339 854 1385 888 ab
1420 864 1460 889 eo
1494 855 1631 900 exigere
1662 855 1765 896 velit,
1803 854 1965 899 exceptio
1998 855 2173 889 transacti
2206 856 2338 901 negotii

1239 899 1392 934 debitori
1403 902 1552 944 propter
1564 900 1802 945 ignorantiam
1821 909 1923 934 suam
1944 900 2249 935 accommodanda
2271 904 2334 935 est.

1238 944 1332 979 idem
1356 944 1644 989 respondendum
1669 948 1724 981 est
1748 948 1783 980 et
1805 945 1842 979 in
1867 954 1920 987 eo,
1946 944 2006 996 qui
2029 944 2336 980 fideicommissam

1238 990 1374 1034 recepit
1396 989 1643 1034 hereditatem,
1668 990 1699 1026 si
1722 990 1826 1025 heres
1852 1000 1932 1025 cum
1957 993 2143 1035 ignorante
2176 990 2337 1025 debitore

1237 1035 1421 1080 transegit.

974 1393 1154 1443 LIBER
1184 1393 1450 1443 TERTIUS.

600 1531 648 1571 1⁸.

421 1598 482 1630 DE
507 1597 818 1631 POSTULANDO.

127 1664 146 1701 1
162 1665 177 1686 ⁹
207 1664 403 1700 Urmzws
431 1664 522 1700 libro
546 1668 652 1700 sexto
676 1664 726 1699 ad
748 1664 902 1700 edictum
948 1663 1054 1699 Hunc
1086 1664 1171 1698 titu-

77 1710 151 1746 lum
199 1713 319 1745 raetor
342 1709 529 1755 proposuit
552 1709 740 1745 habendae
763 1710 912 1745 rationis
937 1719 1049 1744 causa
1068 1719 1171 1744 suae-

79 1758 148 1801 que
196 1754 353 1800 ignitatis
376 1753 532 1790 tuendae
552 1758 587 1790 et
608 1755 746 1791 decoris
768 1755 824 1790 sui
844 1756 1007 1796 causam,
1031 1764 1077 1789 ne
1097 1754 1174 1789 sine

80 1804 96 1836 1
147 1800 288 1835 delectu
299 1800 433 1845 passim
453 1799 549 1845 apud
567 1810 607 1835 se
626 1800 839 1845 postuletur.
875 1800 1080 1844 Eapropter
1099 1802 1172 1834 tres

77 1845 165 1881 fecit
178 1845 338 1880 ordines:
364 1856 446 1880 nam
468 1845 640 1890 quosdam
661 1846 698 1880 in
718 1849 834 1881 totum
853 1845 1037 1891 prohibuit
1047 1847 1171 1889 postu-

77 1891 163 1934 lare,
178 1890 390 1936 quibusdam
406 1890 461 1926 vel
481 1900 544 1934 pro
565 1901 605 1926 se
624 1891 794 1935 permisit,
818 1889 1031 1936 quibusdam
1054 1893 1090 1925 et
1107 1899 1173 1935 pro

79 1938 98 1970 2
148 1936 253 1971 certis
263 1935 449 1970 dumtaxat
457 1935 619 1980 personis
629 1939 664 1971 et
673 1947 738 1981 pro
749 1936 964 1981 sepermisit.
984 1935 1175 1971 Postulare

79 1984 199 2016 autem
213 1984 271 2034 est
278 1980 495 2033 desiderium
514 1991 618 2016 suum
641 1981 697 2016 vel
718 1981 822 2016 amici
846 1981 902 2016 sui
920 1981 958 2015 in
979 1981 1057 2033 iure
1077 1980 1174 2025 apud

81 2025 1173 2116 ἓ,“Ἐξ3ξὲᾛέᾞὲἒὲΞέὲῗᾶἳῗῆὶὲζέἓὲἓέἑ·εέἓέῗὲῗέὲῖἒέἕι,

79 2116 145 2158 his,
158 2116 262 2168 quiin
272 2119 387 2152 totum
396 2116 631 2162 prohibentur
640 2117 834 2161 postulare.
860 2117 897 2151 in
906 2127 976 2162 quo
988 2116 1102 2151 edicto
1112 2119 1176 2150 aut

79 2162 269 2206 pueritiam
281 2164 345 2196 aut
358 2172 479 2197 casum
501 2162 695 2197 excusavit.
721 2162 927 2207 pueritiam:
954 2161 1038 2196 dum
1061 2161 1173 2196 mino-

78 2216 153 2241 rem
164 2207 265 2242 annis
275 2206 397 2242 decem
410 2210 445 2242 et
457 2210 603 2252 septem,
617 2207 678 2259 qui
690 2217 750 2242 eos
763 2217 835 2242 non
846 2207 884 2242 in
893 2210 1010 2242 totum
1020 2206 1174 2251 comple-

79 2251 138 2294 vit,
164 2252 329 2296 prohibet
351 2252 545 2297 postulare,
571 2262 654 2296 qula
671 2252 892 2287 moderatam
913 2253 1008 2287 hanc
1021 2254 1175 2287 aetatem

79 2300 179 2332 ratus
204 2300 259 2332 est
282 2297 329 2332 ad
352 2296 618 2342 procedendum
641 2297 679 2332 in
711 2297 916 2342 publicum,
952 2307 1023 2342 qua
1057 2300 1175 2332 aetate

80 2345 144 2377 aut
167 2342 275 2387 paulo
300 2342 434 2378 maiore
463 2341 578 2377 fertur
601 2341 722 2378 Nerva
755 2342 851 2377 filius
886 2346 922 2378 et
954 2342 1098 2387 publice
1130 2342 1174 2377 de

79 2387 157 2422 iure
166 2387 426 2433 responsitasse
439 2388 477 2422 ¹¹.

512 2390 661 2432 propter
673 2397 796 2423 casum
815 2387 964 2423 surdum
985 2388 1045 2433 qui
1066 2398 1168 2433 pror-

80 2442 141 2468 sus
165 2443 237 2468 non
262 2432 362 2467 audit
1128 2433 1136 2440 '

410 2432 552 2468 rohibet
575 2432 673 2478 apud
695 2443 735 2468 se
758 2433 963 2478 postulare:
989 2443 1056 2468 nec
1081 2443 1174 2468 emm

81 2481 158 2513 erat
180 2477 369 2522 permitten
396 2488 456 2512 um
479 2478 511 2513 ei
534 2477 734 2522 postulare,
766 2478 827 2523 qui
859 2478 1038 2513 decretum
1070 2487 1173 2523 prae-

80 2523 169 2557 toris
195 2522 365 2558 exaudire
389 2533 462 2558 non
484 2526 639 2568 poterat,
666 2522 762 2568 quod
786 2523 892 2558 etiam
917 2523 986 2568 ipsi
1011 2526 1088 2559 erat
1110 2533 1172 2568 pe-

80 2568 273 2603 riculosum
296 2567 477 2603 futurum:
503 2578 587 2602 nam
610 2579 684 2603 non
708 2568 876 2603 exaudito
902 2568 1044 2604 decreto
1068 2578 1172 2613 prae-

81 2613 187 2655 toris,
221 2613 325 2658 quasi
347 2623 420 2648 non
444 2613 745 2658 obtemperasset,
777 2623 894 2658 poena
917 2617 958 2648 ut
982 2616 1174 2649 contumax

81 2661 103 2693 4
149 2658 375 2703 plecteretur.
424 2659 486 2693 Ait
509 2662 670 2703 praetor:
698 2658 747 2693 ‘Si
767 2669 840 2694 non
859 2658 1045 2694 habebunt
1066 2659 1173 2694 advo-

81 2706 225 2745 ‘catum‚
251 2714 314 2748 ego
341 2703 460 2739 dabo.’
495 2713 562 2738 nec
586 2703 700 2738 solum
722 2703 778 2738 his
802 2704 965 2748 personis
988 2704 1083 2739 hanc
1106 2704 1173 2739 hu-

82 2748 290 2783 manitatem
313 2752 460 2794 praetor
482 2748 574 2783 solet
597 2748 783 2791 exhibere,
815 2759 939 2783 verum
972 2752 1009 2784 et
1041 2749 1072 2784 si
1096 2749 1174 2794 quis

82 2793 174 2828 alius
198 2793 254 2836 sit,
280 2794 341 2838 qui
366 2794 471 2829 certis
496 2804 540 2829 ex
565 2793 683 2830 causis
708 2794 764 2829 vel
789 2793 983 2829 ambitione
1007 2793 1174 2829 adversa-

83 2842 102 2873 5
149 2838 194 2873 rii
215 2839 271 2874 vel
294 2842 392 2874 metu
414 2842 606 2884 patronum
629 2849 702 2874 non
724 2839 868 2874 invenit.
917 2838 1080 2874 Secundo
1093 2838 1174 2874 loco

83 2883 238 2919 edictum
261 2884 473 2929 proponitur
495 2884 533 2918 in
558 2894 636 2927 eos,
669 2883 730 2929 qui
764 2894 829 2930 pro
862 2883 941 2920 aliis
974 2894 1019 2919 ne
1049 2886 1174 2929 postu-

84 2929 174 2963 lent:
198 2929 236 2963 in
259 2939 329 2974 quo
356 2929 471 2964 edicto
497 2929 638 2975 excepit
660 2932 807 2974 praetor
830 2939 955 2965 sexum
979 2932 1015 2964 et
1040 2939 1174 2972 casum,

83 2974 167 3008 item
185 2974 322 3009 notavit
339 2984 512 3019 personas
530 2975 566 3009 in
585 2974 807 3020 turpitudine
818 2974 1006 3010 notabiles.
1033 2984 1173 3010 sexum:

84 3018 168 3053 dum
190 3018 341 3054 feminas
371 3019 537 3064 prohibet
568 3029 634 3064 pro
667 3020 745 3055 aliis
776 3019 971 3065 postulare.
1015 3023 1049 3055 et
1083 3019 1174 3055 ratio

85 3063 226 3108 quidem
245 3064 467 3109 prohibendi,
491 3075 537 3100 ne
549 3065 577 3085 ²²
597 3068 723 3100 contra
741 3064 948 3118 pudicitiam
968 3064 1070 3100 sexui
1090 3075 1174 3100 con-

83 3112 266 3153 gruentem
290 3109 412 3145 alienis
446 3109 562 3145 causis
594 3120 633 3146 se
661 3110 902 3153 immlsceant,
937 3120 983 3145 ne
1016 3109 1175 3145 virilibus

85 3153 213 3189 officiis
236 3154 433 3199 fungantur
455 3154 640 3190 mulieres:
664 3156 761 3200 origo
785 3165 867 3191 vero
891 3155 1097 3191 introducta
1121 3158 1175 3190 est

86 3208 108 3233 a
140 3197 307 3234 Carfania
339 3199 602 3244 improbissima
631 3199 782 3243 femina,
816 3210 907 3246 quae
938 3199 1176 3236 inverecunde

85 3244 271 3288 postulans
307 3247 343 3279 et
375 3244 622 3289 magistratum
656 3245 859 3291 inquietans
896 3255 1043 3281 causam
1078 3245 1176 3280 dedit

24 3310 37 3326 0
86 3287 213 3324 edicto.
249 3298 390 3324 casum:
417 3289 500 3325 dum
521 3299 667 3325 caecum
684 3290 773 3325 utris
799 3301 845 3326 ue
864 3290 1056 3326 luminibus
1069 3290 1174 3325 orba-

85 3335 161 3368 tum
173 3337 319 3378 praetor
329 3333 484 3379 repellit:
508 3334 672 3370 videlicet
696 3346 765 3381 quo
813 3335 965 3380 insignia
987 3345 1045 3370 ma
1071 3335 1173 3370 'stra-

86 3380 145 3412 tus
168 3378 287 3414 videre
311 3382 347 3414 et
369 3379 521 3414 revereri
544 3390 616 3415 non
639 3380 765 3425 possit.
802 3380 915 3416 refert
932 3380 1039 3416 etiam
1085 3380 1173 3415 abeo

86 3421 278 3458 Publilium
291 3434 438 3460 caecum
448 3425 659 3469 Asprenatis
670 3424 766 3461 Noni
785 3429 924 3470 patrem
942 3435 1066 3461 aversa
1087 3425 1174 3460 sella

89 3534 129 3575 (1)
155 3534 194 3566 de
208 3545 246 3566 eo
260 3535 330 3568 solo
341 3546 376 3569 se
389 3537 426 3578 S,
441 3538 502 3570 deo
515 3537 586 3570 solo
597 3538 633 3571 F
681 3537 725 3582 (2)
750 3538 959 3571 eodemtaxat
970 3539 1005 3572 F
1057 3539 1098 3580 (3)
1123 3539 1172 3571 sic

90 3579 172 3611 Hal.
183 3585 252 3612 cum
262 3579 307 3620 B,
323 3586 387 3622 quo
400 3582 458 3615 FS
570 3583 613 3625 (4)
638 3583 798 3626 respondi
809 3581 893 3617 F2S
1013 3584 1056 3625 (5)
1082 3584 1130 3616 sic
1142 3582 1172 3615 S

90 3633 159 3656 cum
169 3624 214 3666 B,
229 3623 263 3656 id
276 3625 346 3657 obs.
369 3651 376 3658 .
387 3650 394 3657 .
407 3652 413 3658 .
435 3627 647 3660 convenisset
659 3640 718 3660 om.
732 3628 767 3661 F

91 3665 202 3700 Scum
214 3668 260 3709 B,
275 3681 335 3702 om.
351 3669 384 3701 F
471 3671 512 3712 (7)
537 3687 582 3700 =
594 3670 692 3705 Paul.
708 3674 737 3713 1,
751 3680 776 3713 1,
790 3679 807 3706 3

138 3713 180 3752 (8)
206 3713 371 3753 Ed.1...·1;
392 3715 477 3757 Pap.
493 3723 519 3749 s.
535 3723 624 3755 2113
644 3716 727 3750 Sub.
741 3724 786 3751 ιο.
799 3733 846 3741 -
865 3717 950 3750 Bae.
966 3717 997 3756 8,
1011 3723 1034 3749 ι.
1048 3734 1092 3739 -
1118 3715 1167 3758 Cf

907 3629 951 3670 (8)
977 3626 1169 3661 actionibus
1238 3625 1383 3659 tuendae
1395 3637 1496 3660 causa

1242 1540 1264 1566 a
1288 1529 1401 1564 Bruto
1437 1528 1666 1570 destitutum,
1700 1538 1781 1563 cum
1812 1528 1917 1563 vellet
1947 1528 2141 1572 postulare.
2179 1526 2338 1572 quamvis

1242 1578 1361 1610 autem
1385 1583 1516 1609 caecus
1539 1584 1605 1619 pro
1630 1573 1700 1608 alio
1732 1573 1917 1618 postulare
1947 1583 2021 1607 non
2053 1572 2186 1617 possit,
2219 1575 2337 1607 tamen

1243 1624 1278 1655 et
1298 1619 1518 1655 senatorium
1541 1618 1700 1654 ordinem
1721 1618 1850 1653 retinet
1872 1621 1907 1652 et
1925 1617 2108 1652 iudicandi
2121 1616 2241 1652 officio
2254 1616 2336 1651 fun-

1241 1666 1337 1711 gitur
1352 1665 1390 1699 ¹³.
1428 1664 1601 1708 numquid
1626 1674 1708 1708 ergo
1735 1667 1770 1698 et
1793 1662 2023 1707 magistratus
2054 1672 2176 1707 gerere
2198 1662 2338 1706 possit?

1242 1710 1306 1746 sed
1330 1709 1374 1744 de
1396 1710 1466 1744 hoc
1490 1709 1775 1744 deliberabimus.
1816 1711 1933 1743 exstat
1965 1707 2107 1753 quidem
2139 1706 2338 1751 exemplum

1242 1756 1338 1797 eius,
1363 1755 1424 1807 qui
1438 1755 1465 1776 ¹⁴
1489 1754 1616 1799 gessit:
1648 1753 1787 1798 Appius
1820 1753 1972 1798 denique
2004 1752 2174 1787 Claudius
2208 1761 2337 1786 caecus

1243 1800 1400 1836 consilils
1432 1800 1586 1844 publicis
1610 1800 1783 1833 intererat
1807 1801 1843 1833 et
1866 1798 1905 1832 in
1928 1801 2056 1833 senatu
2080 1796 2337 1832 severissimam

1243 1846 1332 1880 dixit
1355 1845 1568 1880 sent-entiam
1600 1844 1644 1879 de
1667 1843 1796 1889 Pyrrhi
1829 1843 1990 1887 captivis.
2029 1842 2093 1878 sed
2124 1842 2250 1877 melius
2285 1844 2339 1877 est

1242 1894 1283 1926 ut
1307 1890 1467 1926 dicamus
1492 1890 1646 1925 retinere
1678 1888 1819 1934 quidem
1850 1888 1921 1923 iam
1953 1891 2119 1932 coeptum
2149 1887 2338 1931 magistra-

1242 1940 1319 1971 tum
1376 1946 1477 1977 osse,
1512 1934 1698 1980 adspirare
1722 1937 1841 1969 autem
1865 1933 1911 1968 ad
1934 1943 2064 1968 novum
2087 1932 2229 1977 penitus
2253 1941 2337 1977 pro-

1243 1984 1264 2017 6
1310 1980 1348 2015 hi
1375 1981 1443 2016 eri:
1476 1980 1585 2025 idque
1608 1979 1729 2014 multis
1755 1979 2010 2023 comprobatur
2035 1977 2217 2022 exemplis.
2266 1976 2338 2012 Re-

1242 2029 1361 2061 movet
1384 2028 1503 2060 autem
1527 2035 1549 2059 a
1571 2024 1789 2070 postulando
1812 2034 1878 2069 pro
1903 2024 1982 2059 aliis
2007 2026 2042 2058 et
2062 2033 2153 2065 eum,
2179 2021 2240 2067 qui
2260 2032 2337 2057 cor-

1242 2081 1330 2116 pore
1342 2081 1407 2106 suo
1429 2070 1618 2105 muliebria
1636 2079 1767 2115 passus
1788 2072 1853 2105 est.
1890 2069 1921 2104 si
1942 2068 2020 2114 quis
2042 2071 2162 2103 tamen
2181 2068 2215 2103 vi
2234 2077 2338 2112 prae-

1243 2116 1375 2151 donum
1398 2116 1454 2151 vel
1477 2115 1634 2151 hostium
1657 2118 1842 2159 stupratus
1867 2117 1939 2156 est,
1973 2124 2047 2150 non
2079 2113 2186 2148 debet
2208 2112 2338 2155 notari,

1242 2165 1282 2197 ut
1306 2165 1342 2196 et
1361 2160 1582 2206 Pomponius
1607 2160 1668 2195 ait.
1707 2164 1742 2195 et
1765 2159 1827 2239 <hui
1852 2159 1998 2204 capitali
2022 2158 2167 2194 crimine
2192 2157 2338 2193 damna-

1242 2211 1300 2242 tus
1325 2210 1398 2249 est,
1431 2216 1504 2241 non
1529 2205 1635 2241 debet
1658 2216 1724 2250 pro
1749 2215 1771 2239 a
1787 2205 1818 2240 ‘o
1843 2204 2038 2249 postulare.
2073 2204 2159 2238 item
2192 2206 2339 2238 senatus

1244 2252 1406 2287 consulto
1431 2251 1538 2287 etiam
1563 2250 1660 2296 apud
1681 2250 1818 2285 iudices
1842 2249 2024 2294 pedaneos
2047 2249 2232 2294 postulare
2255 2259 2338 2293 pro-

1242 2297 1386 2332 hibetur
1418 2296 1620 2332 calumniae
1651 2296 1786 2341 publici
1816 2295 1938 2330 iudicii
1973 2294 2174 2329 damnatus.
2212 2296 2247 2328 et
2279 2293 2339 2338 qui

1243 2352 1372 2388 operas
1405 2351 1510 2384 suas,
1542 2344 1584 2376 ut
1618 2351 1700 2377 cum
1730 2341 1855 2376 bestiis
1887 2340 2124 2385 depugnaret,
2156 2339 2336 2374 locaverit.

1242 2388 1376 2423 bestias
1408 2390 1528 2422 autem
1564 2386 1728 2431 accipere
1761 2386 1930 2422 debemus
1963 2395 2008 2421 ex
2039 2384 2183 2420 feritate
2214 2383 2338 2428 magis,

1242 2443 1350 2478 quam
1374 2442 1418 2467 ex
1442 2432 1606 2467 animalis
1629 2441 1776 2477 genere:
1811 2442 1895 2466 nam
1927 2430 2013 2476 quid
2045 2430 2075 2465 si
2098 2430 2153 2465 leo
2178 2429 2242 2472 sit,
2275 2428 2338 2464 sed

1241 2481 1451 2513 mansuetus
1464 2504 1473 2520 ‚
1496 2477 1553 2513 vel
1577 2477 1647 2512 alia
1671 2476 1818 2512 dentata
1842 2475 2056 2511 mansueta?
2092 2484 2174 2519 ergo
2200 2473 2261 2519 qui
2284 2474 2337 2509 lo-

1243 2523 1337 2559 cavit
1359 2523 1457 2559 solus
1481 2525 1638 2564 notatur,
1664 2522 1737 2557 sive
1760 2521 2016 2567 depugnaverit
2034 2519 2107 2555 sive
2126 2529 2218 2555 non:
2244 2519 2337 2564 quod

1241 2569 1272 2604 si
1297 2568 1570 2613 depugnaverit‚
1597 2578 1678 2602 cum
1701 2577 1774 2602 non
1797 2567 1955 2601 locasset
1978 2576 1998 2601 o
2027 2575 2106 2600 eras
2130 2575 2233 2607 suas,
2266 2575 2336 2600 non

1242 2614 1439 2649 tenebitur:
1466 2623 1539 2648 non
1551 2612 1644 2647 enim
1664 2611 1726 2656 qui
1746 2622 1827 2647 cum
1846 2611 1970 2646 bestiis
2018 2610 2218 2655 epugnavit,
2238 2612 2336 2645 tene-

1242 2659 1358 2702 bitur,
1395 2658 1459 2694 sed
1491 2658 1552 2702 qui
1584 2666 1711 2702 operas
1743 2667 1828 2692 suas
1851 2655 1889 2691 in
1912 2655 1982 2691 hoc
2005 2655 2146 2691 locavit.
2184 2654 2337 2707 denique

1244 2713 1324 2746 eos,
1381 2703 1417 2739 ui
1441 2703 1583 2738 virtutis
1607 2701 1849 2738 ostendendae
1873 2711 1984 2736 causa
2006 2701 2076 2736 hoc
2100 2700 2240 2736 faciunt
2261 2710 2338 2735 sine

1243 2759 1360 2784 merce
1388 2759 1426 2791 e,
1461 2759 1535 2783 non
1566 2747 1681 2782 teneri
1712 2747 1813 2782 aiunt
1835 2749 1971 2782 veteres
1985 2772 1994 2789 ,
2030 2745 2099 2781 nisi
2133 2746 2172 2781 in
2202 2746 2337 2781 harena

1242 2793 1341 2839 passi
1365 2796 1449 2829 sunt
1479 2803 1519 2828 se
1549 2791 1736 2828 honorari:
1770 2801 1831 2827 eos
1865 2791 1957 2827 enim
1987 2794 2075 2836 puto
2111 2794 2233 2827 notam
2264 2801 2336 2826 non

1244 2838 1405 2874 evadere.
1444 2838 1506 2873 sed
1530 2837 1560 2873 si
1584 2837 1662 2882 quis
1687 2847 1815 2883 operas
1840 2847 1924 2872 suas
1948 2836 2138 2879 locaverit,
2170 2839 2212 2871 ut
2241 2835 2336 2871 feras

1242 2887 1401 2926 venetur,
1426 2883 1480 2918 vel
1503 2886 1545 2917 ut
1568 2882 1788 2928 depugnaret
1810 2881 1924 2917 feram
1972 2892 2040 2918 uae
2063 2881 2198 2927 regioni
2220 2884 2336 2924 nocet,

1244 2932 1345 2964 extra
1367 2929 1557 2963 harenam:
1582 2937 1655 2963 non
1680 2931 1735 2963 est
1757 2930 1914 2963 notatus.
1949 2893 2006 2962 {is
2029 2927 2138 2973 igitur
2160 2926 2335 2972 personis,

1242 2984 1336 3021 quae
1359 2984 1433 3009 non
1456 2973 1596 3008 virtutis
1629 2983 1748 3021 causa
1776 2983 1857 3008 cum
1871 2974 1899 2994 ¹⁵
1921 2972 2045 3008 bestiis
2077 2975 2334 3052 plugnaverunt,

1243 3030 1308 3064 pro
1333 3028 1372 3054 se
1394 3022 1541 3064 praetor
1563 3018 1737 3063 permittit
1759 3018 1932 3063 allegare,
1990 3028 2030 3053 ro
2063 3027 2085 3052 a
2101 3018 2133 3053 'o
2157 3017 2333 3062 prohibet.

1244 3064 1306 3100 sed
1328 3066 1383 3100 est
1402 3063 1665 3109 aequissimum,
1690 3063 1718 3099 si
1743 3063 1893 3098 tutelam
1915 3073 1958 3099 ve
1988 3073 2112 3098 curam
2131 3062 2336 3098 huiusmodi

1243 3119 1418 3154 personae
1437 3108 1694 3151 administrent,
1718 3108 1903 3154 postulare
1927 3108 1977 3143 eis
2001 3118 2067 3153 pro
2091 3107 2159 3151 his,
2184 3117 2335 3152 quorum

1245 3165 1367 3189 curam
1375 3157 1513 3198 gerunt,
1528 3153 1686 3189 concedi.
1734 3153 1771 3188 ui
1784 3152 1953 3189 adversus
1967 3163 2009 3188 ea
2019 3152 2149 3188 fecisse
2161 3156 2334 3188 monstre-

1243 3203 1322 3242 tur,
1355 3202 1391 3233 et
1421 3209 1486 3251 pro
1511 3198 1590 3234 aliis
1613 3198 1706 3234 inter
1733 3199 1804 3234 'cta
1827 3198 2071 3244 postulatione
2093 3198 2277 3243 repellitur
2301 3201 2334 3232 et

1242 3254 1308 3289 pro
1353 3243 1599 3279 aest1matione
1631 3243 1760 3279 iudicis
1797 3247 1899 3279 extra
1933 3243 2093 3279 ordinem
2127 3242 2333 3295 pecuniaria

1244 3292 1262 3323 7
1310 3299 1429 3333 poena
1451 3288 1671 3324 multabitur.
1720 3288 1768 3324 Ut
1790 3288 1891 3324 initio
1915 3288 2023 3323 huius
2047 3288 2142 3323 tituli
2166 3287 2329 3329 diximus,

1242 3337 1315 3369 tres
1340 3333 1481 3369 ordines
1504 3337 1651 3379 praetor
1674 3333 1762 3369 fecit
1784 3344 1857 3369 non
1879 3333 2156 3379 postulantium:
2182 3342 2331 3378 quorum

1241 3378 1300 3413 hic
1323 3378 1450 3413 tertius
1482 3382 1556 3421 est,
1588 3379 1717 3425 quibus
1741 3389 1815 3414 non
1837 3379 1875 3414 in
1897 3382 2013 3414 totum
2037 3378 2186 3422 denegat
2208 3379 2331 3421 postu-

1241 3423 1338 3458 landi
1369 3422 1597 3467 facultatem,
1630 3423 1692 3460 sed
1726 3434 1771 3459 ne
1801 3434 1866 3469 pro
1898 3423 2062 3459 omnibus
2086 3422 2330 3467 postularent:

1242 3536 1321 3570 0001.
1335 3535 1367 3577 2',
1381 3543 1398 3570 Β
1484 3539 1528 3578 (9)
1555 3538 1576 3572 l.
1589 3545 1603 3572 ι
1622 3542 1665 3577 §5
1679 3544 1824 3581 exparte
1836 3538 1922 3570 redit
1932 3538 1977 3569 D.
1992 3537 2061 3575 5,1,
2076 3542 2093 3568 6

2174 3535 2235 3576 (ιο)
2251 3536 2327 3578 suit

1233 3580 1308 3623 fere
1320 3580 1494 3615 habendae
1506 3583 1651 3615 rationis
1665 3593 1767 3615 causa
1780 3582 1908 3615 decoris
1922 3581 1974 3613 sui
1986 3589 2131 3621 suaeque
2145 3578 2324 3621 dignitatis

1624 3629 1678 3669 (ιι)
1703 3626 1917 3669 respondisse
1929 3624 2012 3658 F³S
2136 3626 2196 3665 (12)
2221 3634 2283 3657 nec
2295 3625 2331 3658 F

1237 3671 1296 3748 gig)
1310 3671 1369 3748 leffe
1381 3671 1411 3705 S
1422 3684 1489 3706 cum
1504 3673 1523 3706 l.
1537 3682 1629 3716 qam„
1644 3672 1806 3715 fungetur
1821 3674 1856 3706 F
1903 3671 1960 3711 (14)
1975 3668 2071 3711 q'iiui
2085 3668 2119 3701 F
2180 3670 2239 3712 (15)
2253 3670 2328 3702 cum

2010 3769 2054 3802 5*
