2528 3918
128 119 185 149 m*
213 117 393 150 DUPLAE
422 90 749 150 S'rn’tiLA'rIoim

174 226 199 265 7
223 227 419 265 launna
436 228 528 265 libro
551 229 657 264 tertio
681 228 818 264 decimo
842 227 1064 274 diqestorum
1110 228 1179 273 Qui
1198 239 1221 264 a

127 274 262 321 pupillo
283 274 515 310 substitutum
533 273 565 309 ei
584 283 724 309 servum
744 273 877 315 emerit,
902 283 1007 318 agere
1031 284 1112 309 cum
1134 274 1219 309 sub-

127 319 253 356 stituto
286 329 330 354 ex
355 322 472 364 empto
497 322 618 364 potest
641 321 678 354 et
701 328 746 353 ex
767 318 941 363 stipulatu
966 318 1010 354 de
1035 318 1219 362 evictione,

127 375 209 445 gum
231 367 394 444 nei¹intlraigi¹i2
417 374 540 399 earum
564 363 746 400 actionum
770 362 941 399 adversus
960 364 1135 409 pupillum
1154 364 1219 399 ha-

154 419 214 445 ere
262 419 283 445 0
327 419 378 444 eri
395 435 403 444 .

176 452 201 492 8
248 462 334 489 otu
351 453 442 489 libro
467 454 593 499 quinto
618 453 754 490 decimo
779 453 1000 500 diqestorum
1046 454 1221 490 Venditor

126 499 279 536 hominis
303 498 454 544 emptori
477 502 663 551 praestare
687 498 804 542 debet,
829 498 954 544 quanti
978 499 1053 534 eius
1073 499 1222 535 interest

126 544 303 580 hominem
325 543 519 579 venditoris
541 543 664 579 fuisse.
700 554 812 590 quare
831 543 905 579 sive
924 547 1051 589 partus
1069 544 1221 580 ancillae

127 590 200 625 sive
229 588 429 631 hereditas,
462 598 569 634 quam
600 599 723 624 servus
755 589 856 624 iussu
887 589 1056 641 emptoris
1081 589 1219 631 adierit,

126 634 240 671 evicta
263 633 382 677 fuerit,
407 634 466 679 agi
488 643 532 670 ex
557 637 677 679 empto
700 638 839 679 potest:
867 637 902 669 et
926 637 1021 669 sicut
1043 634 1220 679 obligatus

126 683 182 715 est
204 678 376 721 venditor,
401 682 442 714 ut
460 682 622 725 praestet
639 679 747 715 licere
766 679 900 714 habere
918 679 1097 715 hominem
1116 689 1220 731 quem

126 724 301 767 vendidit,
338 724 392 759 ita
422 734 466 759 ea
520 734 639 770 uoque
670 735 762 770 quae
791 734 857 769 per
888 734 969 759 eum
992 724 1133 770 adquiri
1154 735 1219 769 po-

124 772 272 805 tuerunt
293 772 480 814 praestare
529 769 610 805 ebet
634 769 795 815 emptori,
820 773 861 805 ut
883 769 1028 805 habeat.

172 811 197 851 9
230 813 391 850 Paomis
418 813 509 850 libro
540 816 807 861 septuaqesimo
840 818 947 851 sexto
981 816 1032 850 ad
1065 814 1219 850 edictum

125 859 164 894 Si
186 859 387 895 vendideris
410 869 551 895 servum
574 859 659 895 mihi
683 860 786 903 Titii,
819 859 946 896 deinde
969 859 1087 895 Titius
1117 859 1219 894 here-

126 904 206 940 dem
228 914 285 940 me
301 904 495 950 reliquerit,
520 905 675 940 Sabinus
696 905 748 940 ait
767 905 936 941 amissam
957 905 1134 940 actionem
1153 915 1219 949 pro

126 949 319 993 evictione,
344 950 513 996 quoniam
537 960 660 986 servus
685 961 758 986 non
781 953 901 996 potest
925 950 1056 985 evinci:
1089 949 1153 985 sed
1182 949 1220 984 in

125 1005 170 1031 ex
194 999 312 1041 empto
338 995 501 1031 actione¹
526 995 786 1031 decurrendum
810 999 874 1031 est.

174 1039 225 1078 10
254 1039 399 1076 Cet-svs
426 1040 518 1076 libro
550 1041 716 1077 vicesimo
739 1042 891 1087 septimo
915 1040 1136 1086 digestorum
1183 1039 1221 1075 Si

124 1085 202 1132 quis
226 1095 292 1131 per
314 1085 465 1121 fundum
489 1096 593 1131 quem
617 1097 699 1122 cum
722 1086 793 1122 alio
818 1096 1041 1121 communem
1058 1085 1219 1128 haberet,

124 1131 227 1176 quasi
251 1131 349 1167 solus
374 1131 537 1166 dominus
557 1131 634 1167 eius
655 1135 760 1174 esset,
783 1131 839 1167 ius
860 1131 968 1166 eundi
986 1130 1115 1176 agendi
1133 1130 1221 1165 mihi

123 1175 321 1212 vendiderit
352 1180 388 1212 et
420 1176 584 1220 cesserit,
617 1177 798 1212 tenebitur
827 1176 914 1212 milii
946 1176 1130 1212 evictionis
1153 1185 1218 1211 no—

123 1221 218 1257 mine
242 1221 369 1257 ceteris
393 1232 467 1257 non
489 1221 709 1258 cedentibus.

176 1265 223 1304 11
246 1266 304 1302 ΡΑ
312 1276 407 1302 nos
423 1267 515 1303 libro
534 1271 640 1303 sexto
651 1278 908 1314 responsorum
955 1266 1090 1302 Lucius
1101 1265 1219 1301 Titius

123 1311 271 1357 praedia
300 1312 338 1347 in
371 1311 562 1347 Germania
592 1316 693 1348 trans
724 1312 866 1348 Renum
898 1312 982 1348 emit
1015 1316 1052 1347 et
1080 1315 1220 1357 partem

123 1357 229 1402 pretii
262 1357 397 1392 intulit:
443 1368 525 1393 cum
558 1358 596 1393 111
630 1357 811 1394 residuam
846 1358 1082 1403 quantitatem
1115 1357 1219 1392 heres

124 1402 292 1447 emptoris
314 1403 572 1445 conveniretur,
591 1403 836 1448 quaestionem
855 1403 993 1438 rettulit
1011 1402 1133 1438 dicens
1153 1402 1220 1437 has

123 1447 369 1493 possessiones
403 1458 447 1483 ex
474 1452 669 1494 praecepto
699 1448 890 1494 principali
912 1448 1043 1494 partim
1067 1447 1219 1483 distrac-

123 1496 200 1535 tas,
225 1493 356 1538 partim
378 1494 555 1529 veteranis
577 1494 615 1529 in
638 1494 800 1539 praemia
822 1494 1046 1540 adsignatae:
1072 1504 1219 1540 quaero,

123 1548 171 1573 an
193 1538 300 1574 huius
323 1538 375 1574 rei
398 1539 596 1584 periculum
619 1539 665 1575 ad
686 1539 906 1575 venditorem
930 1540 1109 1585 pertinere
1131 1550 1216 1585 pos-

124 1583 182 1619 sit.
227 1583 361 1619 Paulus
392 1584 578 1629 respondit
606 1584 749 1621 futuros
782 1595 888 1621 casus
920 1585 1104 1621 evictionis
1136 1588 1221 1630 post

123 1632 346 1665 contractam
378 1630 591 1675 emptionem
624 1630 671 1666 ad
702 1630 922 1666 venditorem
944 1641 1017 1666 non
1041 1630 1219 1676 pertinere

123 1679 159 1709 et
178 1674 259 1727 ideo
282 1675 479 1710 secundum
499 1685 542 1711 ea
559 1686 652 1721 quae
671 1686 736 1721 pro
765 1680 923 1712 onuntur
942 1676 1094 1722 pretium
1113 1685 1218 1720 prae-

125 1723 139 1754 1
191 1719 328 1755 diorum
363 1721 437 1765 peti
472 1731 589 1765 posse.
637 1721 696 1756 Ex
759 1722 766 1729 ’
823 1721 940 1757 verbis
976 1721 1218 1766 stipulationis

123 1764 254 1810 duplae
265 1766 319 1800 vel
333 1765 480 1811 simplae
493 1769 587 1802 ‘eum
602 1766 782 1802 hominem
804 1777 874 1812 quo
897 1766 941 1802 de
962 1766 1081 1812 agitur
1098 1767 1219 1802 noxa²

124 1813 213 1846 ‘esse
233 1811 400 1846 solutum’
420 1811 640 1847 venditorem
660 1812 842 1847 conveniri
861 1823 934 1848 non
950 1822 1057 1857 posse
1069 1815 1218 1857 propter

123 1865 184 1891 eas
208 1866 334 1898 noxas,
359 1867 451 1901 quae
500 1857 618 1893 ublice
641 1857 800 1893 coerceri
824 1857 950 1893 solent.

198 1898 223 1937 2
247 1900 452 1937 SOAEVOLA
487 1902 566 1938 ibro
584 1902 742 1938 secundo
762 1913 1019 1949 responsorum
1066 1901 1218 1947 Quidam

226 1951 304 1982 arte
338 1946 484 1982 dimidia
514 1947 619 1983 heres
651 1948 838 1983 institutus
873 1948 1040 1983 universa
1070 1947 1223 1992 praedia.

229 1991 280 2027 dit
303 1996 340 2027 et
364 1992 555 2028 coheredes
579 1993 731 2038 pretium
755 1996 990 2039 acceperunt:
1016 1992 1138 2028 evictis
1161 1993 1218 2028 his

171 1899 189 1937 1

123 1956 166 1981 ex

121 2002 189 2027 ven
217 1991 225 1998 '

122 2046 273 2082 quaero,
307 2047 354 2072 an
386 2038 576 2073 coheredes
612 2048 655 2073 ex
687 2042 806 2084 empto
839 2038 981 2074 actione
1012 2042 1216 2073 teneantur.

122 2082 308 2127 respondi,
334 2083 364 2118 si
388 2083 582 2119 coheredes
605 2087 813 2129 praesentes
837 2083 1030 2119 adfuerunt
1053 2093 1120 2119 nec
1145 2083 1216 2118 dis-

122 2132 330 2207 sheffiierunt,
364 2127 475 2163 videri
507 2139 794 2175 unumquemque
824 2133 965 2175 partem
1000 2139 1102 2164 suam
1132 2138 1216 2163 ven-

199 2183 266 2208 sse.

172 2215 222 2255 13
255 2217 415 2254 Panos
446 2219 538 2255 libro
574 2221 700 2265 quinto
734 2219 784 2255 ad
817 2218 993 2255 Sabinum
1038 2218 1217 2254 Bonitatis

122 2263 404 2300 aestimationem
428 2264 640 2308 faciendam,
666 2275 747 2300 cum
765 2274 850 2310 pars
871 2264 1056 2307 evincitur,
1079 2264 1216 2299 Procu-

122 2309 178 2344 lus
201 2313 300 2344 recte
323 2310 494 2361 putabat,
527 2321 619 2355 quae
648 2310 778 2346 fuisset
807 2309 1022 2346 venditionis
1044 2313 1216 2354 tempore,

122 2364 197 2389 non
221 2364 302 2389 cum
326 2359 566 2390 evinceretur:

171 2397 222 2436 14
248 2399 443 2435 Unum
459 2401 551 2436 libro
571 2405 697 2437 octavo
717 2400 856 2437 decimo
875 2400 926 2436 ad
944 2400 1099 2436 edictum
1144 2409 1217 2434 non

121 2443 159 2479 in
183 2444 363 2480 dimidiam
388 2446 624 2490 quantitatem
647 2446 772 2491 pretii:

173 2488 222 2527 15
248 2489 409 2525 Pinus
429 2490 520 2526 libro
545 2492 671 2537 quinto
696 2491 746 2526 ad
767 2490 942 2527 Sabinum
990 2490 1053 2525 sed
1077 2490 1107 2525 si
1132 2489 1217 2534 quid

121 2538 249 2580 postea
271 2535 451 2571 alluvione
475 2537 647 2579 accessit,
678 2539 820 2582 tempus
845 2546 916 2581 quo
941 2535 1081 2571 accedit
1106 2534 1216 2579 inspi-

125 2584 139 2614 1
191 2580 366 2616 ciendum.
415 2580 454 2616 Si
477 2592 564 2617 usus
587 2581 728 2617 fructus
752 2581 946 2623 evincatur,
971 2591 1037 2625 pro
1057 2580 1217 2615 bonitate

121 2624 305 2660 fructuum
329 2626 528 2662 aestimatio
551 2626 718 2662 facienda
742 2630 806 2662 est.
843 2626 907 2662 sed
932 2629 968 2661 et
990 2625 1021 2661 si
1041 2625 1217 2661 servitus³

122 2670 324 2722 evincatur,
361 2671 488 2716 quanti
521 2672 668 2708 minoris
700 2672 746 2707 ob
777 2671 815 2707 id
846 2671 1031 2717 praedium
1064 2674 1137 2712 est,
1172 2669 1216 2704 lis

125 2716 350 2751 aestimanda
374 2720 438 2752 est.

171 2758 222 2798 16
246 2760 477 2797 POMPONIUS
497 2761 588 2797 libro
611 2773 708 2797 nono
732 2762 783 2797 ad
804 2760 980 2798 Sabinum
1027 2759 1156 2795 Evicta
1178 2769 1218 2794 re

122 2806 265 2841 vendita
298 2816 342 2841 ex
365 2810 483 2852 empto
507 2807 575 2841 erit
597 2806 774 2852 agendum
799 2806 843 2842 de
867 2817 908 2842 eo
934 2805 1029 2851 quod
1053 2804 1215 2846 accessit,

123 2851 420 2896 quemadmodum
452 2862 495 2887 ea
526 2862 619 2897 quae
643 2856 762 2898 empto
785 2851 898 2887 fundo
923 2850 1131 2887 nominatim
1155 2859 1216 2884 ac-

126 2899 141 2930 1
193 2900 379 2932 cesserunt
402 2897 433 2933 si
457 2897 572 2933 evicta
595 2897 677 2940 sint,
702 2897 868 2942 simplum
887 2899 1103 2942 praestatur.
1139 2894 1216 2929 Du-

122 2941 204 2986 plae
227 2941 411 2986 stipulatio
437 2942 610 2979 committi
632 2942 762 2978 dicitur
785 2946 891 2983 tunc,
926 2952 1007 2976 cum
1031 2950 1088 2975 res
1111 2939 1214 2974 resti-

121 2990 202 3021 tuta
226 2990 281 3022 est
303 2987 466 3032 petitori,
490 2987 547 3023 vel
570 2987 759 3023 damnatus
783 2991 839 3023 est
861 2987 933 3022 litis
957 2984 1215 3027 aestimatione,

122 3031 177 3066 vel
233 3042 395 3067 ossessor
408 3033 471 3078 „ab
503 3036 664 3078 emptore
696 3036 892 3068 conventus
928 3031 1114 3066 absolutus
1150 3033 1214 3064 est.

123 3079 144 3111 2
192 3043 231 3112 Sli
262 3087 404 3120 servuS,
438 3077 540 3113 cuius
563 3078 705 3113 nomine
728 3078 873 3122 duplam
898 3075 1058 3121 stipulati
1082 3084 1215 3116 sumus,

124 3121 258 3158 evictus
280 3122 390 3158 fuerit
412 3133 435 3158 a
457 3123 580 3158 nobis:
605 3123 651 3158 ob
670 3123 708 3158 id
726 3122 823 3167 quod
842 3121 1012 3173 fugitivus
1032 3120 1088 3155 vel
1108 3129 1216 3155 sanus

123 3177 196 3202 non
218 3166 327 3202 fuerit
351 3178 398 3202 an
416 3178 521 3212 agere
540 3168 649 3203 nihilo
669 3168 786 3203 minus
807 3176 996 3212 possimus,
1022 3164 1215 3217 quaeritur.

123 3210 298 3248 Proculus
317 3212 507 3248 videndum
527 3213 589 3256 ait,
608 3223 654 3249 ne
673 3213 744 3248 hoc
763 3221 907 3257 quoque
925 3211 1076 3253 interm,
1096 3212 1216 3244 utrum

123 3259 200 3291 tum
224 3257 360 3293 evictus
383 3257 430 3293 sit
454 3269 536 3293 cum
558 3268 658 3294 meus
681 3257 803 3293 factus
826 3267 900 3291 non
924 3259 1037 3298 esset,
1070 3265 1117 3290 an
1139 3257 1217 3288 tum

126 3311 208 3337 cum
238 3312 338 3338 meus
369 3302 490 3338 factus
521 3306 634 3339 esset:
665 3303 704 3337 iii
728 3312 770 3338 eo
795 3302 887 3337 enim
912 3311 999 3336 casu
1046 3310 1093 3335 uo
1117 3309 1216 3334 meus

123 3344 242 3382 factus
267 3351 321 3382 est
345 3348 465 3383 statim
488 3358 567 3383 mea
589 3347 749 3390 interest,
775 3350 910 3392 quanto
936 3346 982 3381 ob
1006 3346 1018 3380 i
1064 3344 1217 3380 deterior

125 3394 210 3434 est,
236 3396 272 3427 et
307 3403 414 3437 quam
449 3393 626 3428 actionem
661 3392 770 3428 semel
804 3402 849 3426 ex
879 3390 1052 3436 stipulatu
1083 3389 1217 3440 habere

126 3437 238 3481 coepi,
259 3447 337 3472 eam
355 3447 422 3472 nec
441 3438 614 3473 evictione
633 3447 700 3473 nec
719 3440 834 3472 morte
853 3445 919 3471 nec
938 3435 1216 3484 manumissione

125 3490 192 3516 nec
214 3480 302 3526 fuga
325 3482 417 3516 servi
440 3492 506 3517 nec
528 3482 603 3517 ulla
626 3482 732 3517 simili
756 3491 868 3517 causa
891 3480 1025 3515 amitti:
1058 3482 1096 3514 at
1126 3478 1156 3513 si
1179 3488 1216 3511 in

125 3524 228 3562 bonis
252 3526 339 3561 meis
362 3526 483 3562 factus
505 3537 579 3563 non
602 3527 660 3569 sit,
684 3526 772 3561 nihil
795 3526 841 3561 ob
867 3535 910 3561 ea
932 3524 1028 3570 quod
1045 3523 1216 3575 fugitivus

126 3569 194 3604 sit⁴
218 3571 411 3616 pauperior
433 3572 542 3614 sim⁵,
573 3575 699 3616 utpote
732 3581 813 3606 cum
843 3570 881 3605 in
905 3569 1009 3605 bonis
1031 3578 1120 3604 meis
1144 3577 1217 3602 non

1213 102 1297 152 279

2214 114 2374 158 XX12

1289 229 1346 265 sit.
1382 229 1479 275 quod
1502 228 1534 266 si
1556 239 1683 265 sanum
1703 240 1790 274 esse,
1814 242 1974 269 erronem
1994 244 2066 270 non
2086 244 2165 270 esse
2185 235 2374 279 stipulatus

1290 285 1422 318 essem,
1457 277 1596 310 tantum
1609 284 1699 327 ‘mea
1722 276 1911 321 interesse,
1942 283 2113 324 quantum
2137 279 2184 315 ad
2207 289 2373 324 praesen-

1288 323 1360 355 tem
1386 330 1497 373 ·usum
1526 323 1737 372 pertineret,
1770 323 1910 358 tametsi
1941 324 1977 358 in
2009 325 2161 360 obscuro
2187 328 2281 360 esset
2305 327 2373 366 (ut-

1288 368 1373 410 pote
1384 364 1631 410 ignorantibus
1644 365 1758 407 nobss,
1782 368 1946 411 quamdiu
1966 379 2044 404 eum
2057 370 2245 405 habiturus
2258 379 2373 405 essem

1290 413 1325 445 et
1347 420 1395 445 an
1416 410 1578 446 futurum
1602 414 1706 451 esset,
1731 414 1771 444 ut
1795 422 1873 446 eum
1898 414 2080 458 quisquam
2107 418 2170 450 aut
2193 425 2215 450 a
2236 424 2291 449 me
2312 419 2375 450 aut

1289 454 1341 507 ab·
1372 465 1413 490 eo
1450 455 1508 490 cui
1542 454 1777 491 vendidissem
1813 457 1912 492 cuive
1946 459 2102 494 similiter
2136 460 2374 504 promisissem

1289 504 1491 543 evinceret).
1528 510 1701 535 summam
1724 504 1842 536 autem
1866 502 2038 546 opinionis
2063 514 2149 540 suae
2172 505 2266 540 hanc
2285 515 2373 547 esse,

1288 548 1330 597 ut
1351 548 1493 597 tantum
1518 556 1563 581 ex
1587 555 1630 580 ea
1655 545 1883 597 stipulatione
1909 558 2122 593 consequar,
2146 549 2270 595 quanti
2294 560 2374 584 mea

1287 593 1429 625 interSit
1460 594 1525 625 aut
1554 593 1638 635 post
1668 590 1931 634 stipulationem
1963 593 2163 629 interfuerit
2194 605 2273 630 eum
2298 605 2372 630 ser-

1288 645 1370 670 vum
1393 634 1433 670 fu
1459 635 1580 671 'tivum
1605 645 1677 670 non
1701 645 1788 670 esse.

1338 678 1387 716 17
1442 690 1609 715 LPJANUS
1625 680 1715 716 libro
1735 681 1900 716 vicesimo
1912 692 2007 717 nono
2019 683 2067 718 ad
2078 682 2250 719 Sabinum
2286 685 2373 720 Vin-

1289 724 1467 761 dicantem
1489 725 1707 761 venditorem
1727 735 1813 768 rem,
1839 737 1944 771 quam
1963 727 2039 779 ipse
2057 729 2222 771 vendidit,
2247 741 2373 775 excep-

1287 770 1385 805 tione
1406 770 1479 806 doli
1498 780 1604 816 posse
1621 770 1833 806 summoveri
1853 772 1983 806 nemim
2004 772 2147 808 dubium
2167 779 2230 817 est,
2251 786 2374 820 quam·

1288 814 1340 850 vis
1364 815 1433 850 alio
1457 816 1534 851 iure
1558 815 1751 851 dominium
1775 816 1981 861 quaesierit:
2006 817 2163 862 improbe
2188 820 2278 854 enim
2299 830 2373 855 rem

1289 869 1311 894 a
1335 869 1374 895 se
1393 860 1603 896 distractam
1621 860 1782 896 evincere
1803 865 1963 896 conatur.
2002 862 2125 907 eligere
2141 868 2258 899 autem
2279 875 2374 910 emp-

1287 908 1346 940 tor
1376 909 1514 950 potest,
1546 909 1667 941 utrum
1695 916 1771 941 rem
1801 906 1885 941 velit
1914 907 2065 943 retinere
2096 908 2289 944 intentione
2311 920 2375 954 per

1289 950 1534 994 exceptionem
1558 950 1664 993 elisa,
1697 961 1744 985 an
1766 951 1886 996 potius
1910 962 1948 987 re
1972 952 2091 987 ablata
2114 963 2158 988 ex
2182 964 2290 989 causa
2313 954 2374 989 sti·

1288 995 1483 1040 pulationis
1508 995 1656 1040 duplum
1681 996 1861 1041 consequi.

1339 1037 1389 1078 18
1413 1040 1574 1076 PAvws
1603 1041 1694 1076 libro
1727 1042 1852 1087 quinto
1885 1042 1934 1077 ad
1955 1041 2128 1078 Sabinum
2174 1042 2245 1078 Sed
2277 1047 2312 1078 et
2346 1044 2376 1078 si

1289 1086 1450 1131 exceptio
1487 1085 1619 1121 omissa
1653 1085 1700 1120 sit
1732 1090 1795 1121 aut
1830 1087 1997 1132 opposita
2030 1098 2072 1123 ea
2106 1088 2213 1123 nihilo
2257 1088 2373 1123 minus

1290 1130 1425 1166 evictus
1460 1131 1525 1174 sit,
1569 1140 1613 1166 ex
1647 1131 1777 1176 duplae
1811 1142 1953 1177 quoque
1984 1132 2213 1178 stipulatione
2246 1133 2300 1168 vel
2335 1144 2377 1168 ex

1289 1185 1344 1211 em
1370 1179 1407 1211 to
1431 1179 1552 1220 potest
1576 1177 1767 1211 conveniri.

1364 1218 1388 1259 9
1428 1221 1623 1258 Uimiws
1661 1221 1752 1257 libro
1787 1222 1952 1258 vicesimo
1987 1233 2081 1258 nono
2117 1222 2167 1258 ad
2200 1221 2373 1258 Sabinum

1289 1265 1360 1302 Sed
1384 1270 1420 1302 01
1442 1266 1473 1302 si
1496 1266 1679 1311 stipulatio
1712 1267 1811 1302 nulla
1840 1266 1968 1302 fuisset
1998 1267 2228 1313 interposita,
2261 1267 2304 1302 de
2335 1277 2378 1302 ex

1292 1315 1305 1345 i
1358 1322 1412 1347 em
1439 1315 1476 1347 to
1501 1311 1643 1347 actione
1666 1311 1759 1346 idem
1784 1312 1952 1348 dicemus.
2001 1312 2038 1348 Si
2068 1313 2173 1348 homo
2205 1313 2295 1347 liber
2319 1312 2378 1357 qui

1288 1357 1385 1392 bona
1442 1357 1486 1392 de
1517 1357 1695 1392 serviebat
1725 1357 1873 1392 venierit
1902 1357 1988 1393 mihi
2019 1368 2041 1392 a
2073 1358 2166 1393 Titio
2192 1358 2378 1403 Titiusque

1289 1412 1370 1437 eum
1400 1402 1567 1437 heredem
1598 1402 1781 1447 scripserit
1813 1402 1915 1447 quasi
1946 1403 2096 1438 liberum
2128 1406 2164 1438 et
2193 1403 2205 1438 i
2232 1413 2270 1438 se
2293 1403 2378 1437 mihi
2413 1438 2416 1440 ,

1287 1447 1360 1530 lsluib
1379 1447 1491 1530 {aciat
1526 1446 1823 1490 controversiam,
1866 1447 1983 1493 ipsum
2026 1448 2070 1483 de
2112 1458 2150 1483 se
2184 1414 2377 1495 ogligatum

1313 1505 1336 1530 a
1362 1505 1380 1530 e
1407 1505 1439 1531 0.

1334 1537 1388 1578 20
1420 1539 1651 1576 Poupomvs
1678 1540 1769 1576 libro
1800 1540 1937 1576 decimo
1969 1540 2019 1576 ad
2047 1539 2221 1576 Sabinum
2277 1539 2374 1575 Fun-

1288 1585 1373 1620 dum
1395 1596 1513 1620 meum
1537 1585 1706 1630 obligavi,
1742 1585 1869 1621 deinde
1893 1585 2043 1621 alienavi
2066 1585 2148 1621 tibi:
2183 1589 2223 1620 ut
2247 1595 2288 1620 eo
2312 1595 2375 1620 no*

1288 1631 1382 1666 mine
1406 1642 1479 1666 non
1503 1631 1710 1675 obligeris⁶,
1743 1631 1774 1666 si
1804 1641 1883 1666 eum
1907 1634 2032 1675 postea
2055 1631 2119 1666 abs
2143 1634 2179 1665 te
2204 1640 2317 1665 emam
2341 1633 2377 1664 et

1288 1676 1376 1711 satis
1399 1687 1464 1721 pro
1490 1676 1662 1711 evictione
1693 1675 1781 1711 mihi
1811 1676 1890 1718 des,
1923 1676 2169 1721 excipiendum
2201 1675 2375 1716 cautione,

1287 1721 1383 1766 quod
1406 1732 1471 1766 pro
1496 1732 1552 1756 me
1577 1721 1753 1766 obligatus
1777 1721 1844 1763 sit,
1870 1721 1975 1766 quia⁷
2000 1721 2105 1756 etiam
2129 1731 2201 1756 non
2225 1722 2373 1764 excepto

1289 1776 1330 1802 eo
1364 1766 1500 1819 agendo
1526 1777 1568 1802 eo
1592 1766 1734 1818 nomine
1758 1770 1883 1801 contra
1906 1769 1941 1801 te
1966 1766 2037 1801 doli
2059 1766 2143 1801 mali
2167 1765 2377 1810 exceptione

1286 1821 1420 1856 possim
1444 1822 1667 1847 summoveri.

1334 1854 1383 1893 21
1420 1856 1615 1892 Ummas
1635 1856 1726 1892 libro
1751 1856 1915 1891 vicesimo
1939 1866 2034 1891 nono
2058 1855 2108 1890 ad
2130 1854 2302 1890 Sabinum
2339 1853 2377 1890 Si

1287 1911 1409 1937 servus
1432 1901 1595 1937 venditus
1620 1901 1813 1936 decesserit
1836 1904 2027 1945 antequam
2046 1901 2239 1942 evincatur,
2264 1899 2376 1944 stipu-

1285 1946 1371 1982 latio
1396 1958 1470 1982 non
1495 1947 1743 1988 committitur,
1777 1946 1861 1990 quia
1883 1956 1986 1981 nemo
2011 1955 2090 1980 eum
2123 1945 2280 1986 evincat,
2313 1943 2376 1980 sed

1285 1991 1447 2027 factum⁸
1470 1992 1649 2027 humanae
1679 1991 1803 2026 sortis:
1839 1990 1882 2025 de
1906 1991 1988 2026 dolo
2012 1994 2132 2025 tamen
2155 1990 2286 2035 poterit
2309 1989 2378 2034 agi,

1290 2040 1304 2071 1
1355 2037 1386 2072 si
1407 2037 1509 2072 dolus
1530 2036 1781 2072 intercesserit.
1828 2035 1917 2070 Inde
1933 2036 2091 2070 Iulianus
2111 2035 2202 2070 libro
2223 2034 2376 2080 quadra·

1285 2082 1418 2127 gesimo
1450 2082 1555 2117 tertio
1589 2082 1768 2126 eleganter
1799 2080 1922 2115 definit
1953 2080 2083 2125 duplae
2114 2079 2377 2125 stipulationem

1286 2131 1374 2163 tunc
1406 2127 1596 2168 committi,
1633 2126 1797 2171 quotiens
1831 2136 1888 2161 res
1918 2126 1970 2160 ita
2000 2125 2190 2167 amittitur,
2223 2127 2265 2159 ut
2299 2133 2377 2159 eam

1287 2172 1438 2217 emptori
1461 2172 1594 2207 habere
1617 2182 1689 2207 non
1711 2171 1818 2206 liceat
1841 2175 1988 2215 propter
2010 2170 2124 2215 ipsam
2149 2169 2366 2204 evictionem.

1287 2220 1306 2252 2
1354 2217 1405 2252 Ε1
1427 2217 1507 2253 ideo
1533 2217 1599 2259 ait,
1633 2217 1663 2252 si
1686 2226 1741 2252 em
1767 2220 1824 2251 tor
1847 2215 1998 2250 hominis
2021 2218 2118 2250 mota
2141 2214 2208 2250 sibi
2232 2217 2376 2249 contro->

1284 2263 1402 2298 versia
1431 2262 1652 2297 venditorem
1683 2261 1726 2296 de
1753 2260 1819 2296 erit
1840 2264 2109 2305 procuratorem
2131 2260 2232 2304 isque
2254 2258 2370 2293 victus

1285 2307 1358 2343 litis
1394 2307 1677 2342 aestimationem
1711 2305 1913 2347 sustulerit,
1948 2305 2211 2350 stipulationem
2241 2302 2372 2346 duplae

1286 2363 1359 2388 non
1383 2352 1567 2394 committi,
1592 2352 1677 2396 quia
1700 2362 1766 2386 nec
1790 2350 1949 2385 mandati
1968 2350 2143 2384 actionem
2162 2351 2375 2398 procurator

1286 2397 1345 2433 hic
1368 2397 1533 2442 idemque
1552 2397 1715 2432 venditor
1733 2396 1853 2438 habet,
1878 2398 1918 2430 ut
1937 2395 1982 2429 ab
2004 2397 2160 2438 emptore
2178 2393 2248 2427 litis
2269 2395 2372 2426 aesti-

1286 2443 1477 2478 mationem
1503 2445 1761 2486 consequatur:
1789 2451 1868 2474 cum
1892 2439 1997 2484 igitur
2021 2448 2134 2482 neque
2158 2447 2287 2488 corpus
2310 2446 2371 2487 ne-

1287 2498 1355 2533 que
1378 2487 1533 2532 pecunia
1556 2486 1707 2531 emptori
1730 2485 1834 2527 absit,
1859 2495 1931 2519 non
1955 2495 1974 2519 0
2003 2487 2094 2518 ortet
2118 2482 2289 2518 committi
2309 2483 2372 2516 sti-

1285 2533 1523 2578 pulationem:
1556 2531 1732 2576 quamvis,
1765 2530 1795 2565 si
1825 2530 1903 2574 ipse
1933 2529 1969 2563 iu
1997 2528 2061 2563 'cio
2087 2530 2234 2571 accepto
2259 2525 2373 2560 victus

1286 2582 1380 2614 esset
1403 2581 1439 2613 et
1461 2577 1533 2612 litis
1557 2576 1836 2611 aestimationem
1860 2573 2079 2615 sustulisset,
2111 2572 2253 2616 placeat
2276 2580 2369 2605 com«

1285 2623 1378 2658 mitti
1401 2621 1684 2667 stipulationem,
1717 2624 1757 2654 ut
1789 2623 1823 2653 et
1852 2619 1928 2663 ipse
1952 2618 2111 2652 Iulianus
2136 2616 2259 2651 eodem
2281 2614 2374 2649 libro

1286 2667 1440 2712 scripsit.
1474 2676 1590 2712 neque
1613 2666 1706 2700 enim
1729 2664 1860 2699 habere
1884 2663 1967 2698 licet
1991 2673 2088 2704 eum,
2115 2661 2215 2696 cuius
2239 2660 2270 2695 si
2292 2669 2371 2704 pre-

1286 2713 1375 2748 tium
1409 2712 1487 2757 quis
1518 2722 1589 2746 non
1622 2710 1794 2751 dedisset,
1830 2708 1875 2743 ab
1913 2707 2115 2742 adversario
2154 2705 2370 2741 auferretur:

1286 2767 1397 2803 prope
1422 2757 1514 2792 enim
1536 2757 1632 2790 hunc
1657 2765 1701 2789 ex
1720 2753 1877 2789 secunda
1896 2752 2083 2797 emptione,
2107 2751 2145 2786 id
2165 2754 2220 2786 est
2238 2759 2282 2802 ex
2301 2748 2373 2801 litis

1286 2801 1531 2838 aestimatione
1555 2799 1703 2844 emptori
1734 2798 1867 2833 habere
1897 2797 1999 2839 licet,
2032 2807 2104 2832 non
2136 2806 2179 2831 ex
2209 2798 2370 2840 pristina.

1286 2852 1306 2883 3
1353 2847 1451 2882 Idem
1474 2845 1632 2881 Iulianus
1658 2843 1780 2879 eodem
1802 2843 1892 2878 libro
1918 2841 2060 2884 scribit,
2093 2841 2124 2876 si
2146 2840 2207 2875 lite
2232 2843 2370 2875 contes-

1285 2896 1362 2927 tata
1384 2890 1514 2943 fugerit
1536 2890 1641 2924 homo
1667 2889 1773 2933 culpa
1795 2887 2031 2932 possessoris,
2056 2884 2271 2921 damnatus⁹
2294 2883 2370 2934 qui-

1286 2937 1366 2972 dem
1389 2939 1456 2972 erit
1478 2944 1680 2979 possessor,
1713 2932 1776 2968 sed
1799 2943 1871 2967 non
1896 2932 2015 2967 statim
2040 2941 2120 2966 eum
2143 2930 2189 2965 ad
2212 2928 2369 2964 vendito-.

1285 2993 1358 3017 rem
1390 2989 1632 3025 regressurum
1665 2982 1700 3013 et
1723 2988 1767 3013 ex
1792 2977 1921 3022 duplae
1945 2975 2173 3021 stipulatione
2197 2977 2369 3012 acturum,

1308 3027 1369 3062 uia
1403 3025 1543 3060 interim
1578 3033 1650 3058 non
1707 3026 1830 3067 ropter
1865 3021 2094 3062 evictionem,
2130 3019 2193 3055 sed
2226 3021 2371 3069 propter

1284 3039 1406 3117 {lugam
1430 3069 1462 3104 ei
1485 3068 1662 3104 hominem
1681 3033 1827 3102 1habere
1857 3077 1929 3102 non
1959 3066 2069 3117 licetz·
2093 3065 2214 3117 plane,
2245 3063 2369 3105 inquit,

1286 3127 1367 3152 cum
1390 3112 1664 3158 adprehenderit
1712 3111 1946 3148 ossessionem
1969 3110 2123 3155 fugitivi,
2154 3112 2239 3143 tunc
2273 3115 2367 3140 com-

1284 3161 1375 3196 mitti
1399 3158 1664 3203 stipulationem
1701 3157 1842 3192 ulianus
1867 3156 1927 3191 ait.
1963 3166 2045 3190 nam
2066 3158 2100 3189 et
2119 3152 2242 3204 sisine
2263 3149 2368 3199 culpa

1284 3203 1500 3252 possessoris
1531 3202 1698 3246 fugisset,
1734 3202 1862 3238 deinde
1897 3200 2120 3236 cautionibus
2152 3197 2367 3246 interpositis

1284 3251 1469 3287 absolutus
1501 3252 1612 3289 esset,
1644 3257 1715 3282 non
1747 3246 1835 3282 alias
1866 3246 2142 3282 committeretur
2176 3238 2365 3289 stipula-tio,

1285 3306 1391 3342 quam
1422 3294 1453 3329 si
1476 3291 1738 3336 adprehensum
1761 3291 1937 3327 hominem
1959 3287 2179 3324 restituisset.
2215 3283 2276 3318 ubi
2299 3291 2363 3325 igi-

1284 3345 1344 3376 tur
1365 3339 1437 3375 litis
1461 3336 1742 3372 aestimationem
1766 3336 1903 3381 optulit,
1928 3334 2061 3385 sufficit
2084 3325 2364 3374 adprehendere:

1284 3385 1347 3421 ubi
1371 3383 1475 3424 cavit,
1498 3391 1570 3416 non
1593 3381 1705 3426 prius,
1729 3381 1797 3416 nisi
1819 3381 2022 3415 restituerit.
2106 3419 2113 3426 ·
2206 3415 2213 3422 ,

1331 3427 1384 3466 22
1409 3428 1640 3464 Pomorum
1659 3426 1751 3462 libro
1769 3426 1892 3472 primo
1916 3434 1965 3458 ex
1988 3421 2132 3456 Plautzo
2178 3415 2215 3450 Si
2238 3423 2303 3458 pro
2326 3422 2366 3447 re

1283 3473 1409 3519 pupilli
1443 3480 1550 3517 quam
1582 3470 1666 3505 emit
1695 3471 1766 3505 litis
1797 3467 2076 3517 aestimationem
2107 3464 2203 3512 tutor
2225 3468 2297 3509 non
2320 3467 2365 3491 ex

1283 3517 1436 3565 pecunia
1458 3515 1595 3562 pupilli,
1620 3515 1683 3551 sed
1706 3525 1750 3550 ex
1773 3524 1837 3549 suo
1862 3512 2093 3562 praestiterit,
2117 3503 2295 3555 stipula-tlt?
2320 3500 2365 3535 (10

1285 3562 1458 3600 evictione
1496 3559 1631 3604 pupillo
1674 3560 1841 3595 adversus
1875 3556 2089 3591 venditorem
2123 3549 2361 3585 committitur.

2018 3630 2039 3633 ..

982 3685 1025 3724 (3)
1049 3683 1098 3715 sic
1112 3682 1210 3714 Cuia-

126 3684 165 3724 (1)
190 3685 357 3717 actionem
369 3686 444 3718 dett.
548 3688 590 3726 (2)
614 3686 663 3718 sic
675 3684 713 3725 S,
725 3694 831 3717 noxae
843 3683 879 3716 F

1049 3727 1092 3767 (5)
1106 3727 1152 3758 sit
1159 3722 1208 3758 F⁶

127 3730 196 3761 cius
202 3741 266 3762 sec.
274 3730 320 3770 Β,
330 3740 443 3762 servus
452 3730 487 3763 F
539 3731 579 3771 (4)
594 3730 683 3771 quod
693 3729 858 3771 fugitivus
870 3728 916 3760 sit
924 3727 987 3761 del.

1279 3678 1322 3719 (6)
1346 3676 1549 3718 obligaveris
1561 3675 1594 3707 F

1279 3723 1322 3763 (9)
1348 3720 1557 3754 damnandus
1570 3721 1638 3753 deu

1692 3676 1733 3713 (7)
1760 3669 1909 3714 quamvis
1922 3679 1983 3700 scr.
2101 3665 2143 3701 (8)
2170 3661 2273 3692 fatum
2288 3659 2360 3691 deu.
