2528 3918
122 100 397 131 vmmcmnn
1203 84 1272 153 121

121 214 180 248 diu
193 213 311 259 paries
331 212 491 248 reficitur
504 214 525 255 ¹,
550 211 596 246 ad
615 211 818 246 inferiorem
840 210 992 244 vicinum
1014 221 1087 246 non
1106 209 1211 244 debet

119 260 317 304 pertinere:
343 268 425 293 nam
449 258 479 292 si
501 267 574 291 non
598 256 672 291 vult
695 256 857 300 superior
880 255 1017 298 fulcire,
1043 256 1209 301 deponat,

120 309 156 339 et
179 305 355 345 restituet,
380 313 460 338 cum
483 302 601 347 paries
624 301 733 336 fuerit
751 300 949 335 restitutus.
987 305 1022 335 et
1042 301 1100 336 hic
1122 311 1209 345 quo-

120 360 189 394 que
221 349 314 385 sicut
346 348 383 383 in
416 347 542 382 ceteris
568 346 795 381 servitutibus
821 346 915 380 actio
942 346 1123 380 contraria
1147 345 1210 380 da-

123 398 137 429 1
188 394 295 436 bitur,
319 393 389 428 hoc
413 396 467 427 est
490 392 545 426 ius
569 392 634 426 tibi
659 402 731 426 non
756 400 834 426 esse
856 401 911 425 me
933 401 1068 436 cogere.
1107 390 1210 426 Com-

119 440 209 484 petit
232 438 316 474 mihi
340 437 433 472 actio
459 437 628 472 adversus
654 447 753 478 eum,
779 436 839 481 qui
865 436 971 471 cessit
995 437 1079 471 mihi
1103 436 1211 470 talem

120 485 343 525 servitutem,
375 487 416 517 ut
448 482 485 517 in
510 482 680 527 parietem
706 482 780 516 eius
805 482 902 526 tigna
926 482 1103 517 inmittere
1126 481 1210 515 mihi

118 530 225 565 liceat
248 538 357 573 supra
381 538 427 563 ue
452 538 494 562 ea
518 528 616 572 tigna
648 527 746 562 verbi
777 527 892 571 gratia
925 527 1103 571 porticum
1137 537 1210 561 am-

119 574 333 609 bulatoriam
374 583 477 608 acere
502 583 681 617 superque
714 582 793 607 eum
824 572 995 617 parietem
1027 572 1210 607 columnas

120 619 298 655 structiles
322 618 525 663 imponere,
551 628 643 663 quae
666 621 799 652 tectum
824 618 984 662 porticus
1010 617 1210 652 ambulato-

119 668 137 700 2
185 664 260 699 riae
284 664 494 699 sustineant.
531 663 677 698 Distant
701 667 820 698 autem
844 663 913 697 hae
937 663 1096 697 actiones
1120 663 1212 696 inter

118 720 167 751 se,
190 709 284 754 quod
304 709 468 754 superior
487 708 628 753 quidem
648 709 767 743 locum
787 708 896 742 habet
917 709 1023 742 etiam
1046 708 1092 742 ad
1115 718 1211 742 com-

144 755 319 790 ellendum
331 754 484 789 vicinum
504 753 650 789 reficere
674 754 847 798 parietem
868 763 995 795 meum,
1017 754 1106 788 haec
1127 763 1210 787 vero

116 766 235 835 fimum
259 800 368 834 habet
391 799 438 834 ad
461 799 530 833 hoc
555 799 688 841 solum,
713 803 754 834 ut
777 799 874 843 tigna
899 799 1090 844 suscipiat,
1116 798 1212 843 quod

118 848 138 880 3
185 856 256 880 non
281 849 335 879 est
359 849 486 879 contra
508 845 665 889 genera²
689 844 921 879 servitutium.
960 843 1030 879 Sed
1050 845 1079 879 si
1103 853 1211 889 quae-

117 891 218 933 ritur,
243 890 321 935 quis
346 890 573 935 possessoris,
601 890 678 934 quis
699 890 861 934 petitoris
882 893 1003 934 partes
1024 890 1211 931 sustineat,

117 935 301 971 sciendum
328 939 382 970 est
405 935 622 980 possessoris
647 940 767 980 partes
793 935 989 977 sustinere,
1015 935 1045 970 si
1070 934 1210 980 quidem

118 982 216 1026 tigna
239 981 397 1015 immissa
422 981 511 1023 sint,
545 991 643 1022 eum,
676 980 735 1025 qui
767 980 974 1015 servitutem
999 980 1067 1015 sibi
1092 980 1212 1015 deberi

117 1029 137 1060 4
185 1026 246 1068 011,
271 1026 301 1061 81
324 1036 407 1061 vero
432 1037 505 1061 non
530 1030 613 1061 sunt
632 1027 800 1067 immissa,
827 1036 907 1060 eum
929 1027 988 1071 qui
1008 1029 1125 1070 negat.
1162 1025 1212 1059 Et

118 1072 152 1107 si
176 1071 317 1116 quidem
341 1072 371 1106 is
396 1071 608 1116 optinuerit,
635 1072 695 1116 qui
719 1072 923 1106 servitutem
949 1071 1017 1106 sibi
1041 1070 1211 1112 defendit,

119 1128 191 1152 non
217 1117 321 1152 debet
346 1117 378 1151 ei
402 1117 551 1152 servitus
578 1116 673 1159 cedi,
707 1117 780 1152 sive
811 1120 908 1152 10010
940 1117 1211 1161 pronuntiatum

117 1166 183 1203 est,
231 1162 292 1197 uia
314 1162 442 1204 habet,
468 1162 539 1197 sive
562 1172 769 1206 perperam,
796 1162 880 1207 qnia
903 1173 968 1207 per
994 1162 1212 1197 sententiam

116 1218 189 1242 non
239 1207 320 1242 ebet
344 1208 494 1242 servitus
520 1207 709 1250 constitui,
743 1207 805 1243 sed
830 1217 922 1252 quae
947 1211 1000 1243 est
1025 1207 1210 1243 declarari.

117 1253 223 1298 plane
247 1253 277 1287 si
301 1263 373 1287 non
397 1252 529 1288 utendo
554 1253 672 1288 amisit
696 1253 778 1288 dolo
799 1253 894 1288 malo
917 1252 1050 1288 domini
1071 1252 1211 1288 aedium

119 1302 203 1343 post
226 1298 324 1332 litem
349 1302 604 1339 contestatam,
636 1299 776 1333 restitui
801 1299 832 1333 ei
856 1302 1016 1343 oportet,
1042 1297 1210 1343 quemad-

118 1346 137 1378 5
186 1343 329 1378 modum
364 1344 484 1389 placet
518 1344 556 1378 in
588 1343 757 1379 domino³
791 1343 942 1378 aedium.
991 1344 1112 1378 Aristo
1146 1343 1211 1378 Ce-

116 1389 215 1426 rellio
242 1389 350 1424 Vitali
372 1389 557 1434 respondit
581 1400 653 1424 non
676 1393 804 1434 putare
829 1399 867 1424 se
892 1399 935 1424 ex
967 1390 1119 1424 taberna
1152 1399 1211 1424 ca-

117 1436 225 1471 siaria
243 1435 381 1469 fumum
401 1434 439 1469 in
459 1435 642 1479 superiora
662 1434 826 1470 aedificia
845 1435 921 1469 iure
941 1435 1082 1469 immitti
1094 1444 1211 1479 posse,

118 1481 186 1517 nisi
212 1481 243 1515 ei
266 1481 341 1515 rei⁴
367 1480 571 1515 servitutem
603 1481 710 1515 talem
742 1480 908 1515 admittit.
945 1480 1109 1525 idemque
1141 1480 1210 1514 ait:

118 1531 153 1562 et
177 1536 220 1561 ex
244 1525 426 1570 superiore
459 1525 495 1560 in
528 1524 699 1561 inferiora
731 1536 805 1560 non
838 1536 986 1571 aquam,
1021 1536 1093 1560 non
1128 1524 1212 1570 quid

118 1572 216 1607 aliud
239 1571 379 1606 immitti
401 1571 503 1605 licet:
536 1571 574 1605 in
598 1581 663 1606 suo
689 1572 783 1606 enim
807 1571 868 1605 alii
891 1571 1068 1606 hactenus
1092 1570 1213 1605 facere

116 1618 211 1659 licet,
236 1620 409 1662 quatenus
434 1616 521 1650 nihil
544 1616 581 1650 in
605 1617 760 1651 alienum
784 1616 962 1658 immittat,
987 1616 1077 1651 fumi
1093 1619 1213 1651 autem

118 1663 212 1699 sicut
236 1672 352 1707 aquae
376 1671 454 1696 esse
476 1661 747 1697 immissionem:
781 1672 888 1707 posse
920 1662 1028 1707 igitur
1052 1661 1212 1706 superio-

118 1718 193 1743 rem
216 1718 298 1742 cum
316 1706 484 1742 inferiore
505 1716 609 1751 agere
628 1707 684 1742 ius
703 1707 755 1742 illi
783 1718 856 1742 non
878 1717 955 1743 0880
967 1707 1004 1742 id
1017 1707 1068 1742 ita
1079 1707 1211 1742 facere.

117 1753 285 1788 Alfenum
310 1752 460 1797 denique
485 1753 640 1787 scribere
661 1753 712 1787 ait
730 1763 837 1797 posse
855 1753 906 1787 ita
927 1753 985 1798 agi
1003 1753 1058 1787 ius
1078 1752 1213 1787 illinon

118 1809 196 1833 esse
227 1798 264 1832 in
297 1808 362 1833 suo
395 1797 549 1842 lapidem
582 1797 749 1840 caedere,
783 1802 824 1833 ut
853 1798 890 1833 in
922 1809 1039 1833 meum
1062 1797 1213 1832 fundum

117 1844 318 1888 fragmenta
332 1843 474 1878 cadant.
501 1842 588 1877 dicit
595 1843 701 1887 igitur
713 1844 834 1878 Aristo
849 1854 940 1886 eum,
956 1844 1015 1889 qui
1027 1843 1213 1878 tabernam

118 1889 306 1924 casiariam
326 1899 348 1923 a
360 1888 667 1923 Minturnensibus
686 1889 869 1931 conduxit,
891 1899 913 1924 a
932 1889 1118 1934 superiore
1130 1899 1212 1933 pro-

117 1935 232 1970 hiberi
251 1944 358 1979 posse
377 1933 515 1968 fumum
534 1934 733 1976 immittere,
755 1934 819 1969 sed
831 1934 1098 1969 Minturnenses
1119 1934 1149 1969 ei
1170 1944 1213 1968 ex

121 1979 299 2015 conducto
313 1979 445 2014 teneri:
467 1979 594 2024 agique
606 1979 657 2014 sic
670 1990 776 2024 posse
790 1979 876 2015 dicit
889 1990 970 2014 cum
989 1990 1042 2021 eo,
1056 1979 1117 2024 qui
1134 1989 1213 2014 eum

117 2025 254 2060 fumum
286 2025 471 2066 immittat,
503 2025 558 2059 ius
591 2024 623 2059 01
654 2036 727 2060 11011
752 2035 830 2060 0880
853 2025 991 2060 fumum
1014 2025 1211 2059 immittere.

119 2081 202 2115 ergo
227 2080 291 2116 per
316 2069 536 2105 contrarium
560 2070 616 2115 agi
640 2071 773 2115 poterit
795 2071 851 2105 ius
878 2080 956 2106 esse
979 2070 1116 2105 fumum
1148 2070 1212 2105 im-

118 2116 277 2150 mittere:
312 2115 407 2160 quod
440 2118 474 2149 et
497 2115 614 2160 ipsum
638 2115 779 2151 videtur
801 2116 924 2151 Aristo
949 2116 1114 2161 probare.
1152 2115 1214 2150 sed

120 2165 155 2196 et
177 2160 404 2195 interdictum
429 2161 481 2195 uti
504 2160 693 2205 possidetis
718 2162 850 2206 poterit
873 2161 990 2196 locum
1014 2161 1158 2203 habere,
1184 2160 1214 2196 si

120 2210 140 2242 6
188 2207 266 2251 quis
298 2206 548 2250 prohibeatur,
580 2206 732 2251 qualiter
763 2207 864 2249 velit,
896 2217 961 2242 suo
994 2207 1058 2241 uti.
1107 2205 1214 2251 Apud

119 2251 355 2296 Pomponium
369 2251 554 2286 dubitatur
572 2251 663 2287 libro
686 2252 982 2297 quadragensimo
1005 2252 1118 2297 primo
1140 2252 1212 2286 lec-

119 2298 274 2339 tionum,
307 2307 353 2331 an
386 2297 464 2341 quis
486 2297 611 2376 fpossit
639 2297 691 2332 ita
724 2307 829 2343 agere
852 2298 959 2333 licere
982 2297 1118 2332 fumum
1142 2307 1213 2332 non

119 2353 281 2388 gravem,
306 2345 396 2387 puta
419 2352 462 2376 ex
498 2353 588 2384 oco,
613 2343 650 2377 111
675 2353 740 2378 8110
765 2343 885 2379 facere
910 2346 974 2378 aut
997 2353 1069 2378 non
1093 2343 1211 2377 licere.

120 2392 156 2423 et
179 2388 230 2423 ait
252 2387 362 2431 magis
387 2398 458 2422 non
482 2397 587 2432 posse
611 2388 685 2433 agi,
719 2388 814 2423 sicut
837 2387 893 2433 agi
917 2399 989 2423 non
1013 2391 1131 2433 potest
1154 2388 1210 2423 ius

121 2443 198 2468 esse
232 2433 270 2468 in
305 2443 369 2468 suo
405 2434 519 2478 ignem
555 2432 676 2468 facere
711 2437 774 2468 aut
809 2434 932 2469 sedere
976 2437 1039 2468 aut
1081 2433 1211 2468 lavare.

121 2482 138 2513 7
187 2478 285 2513 Idem
300 2478 336 2512 in
353 2478 528 2513 diversum
551 2478 700 2523 probat:
725 2489 809 2514 nam
830 2483 866 2514 et
882 2480 920 2513 in
941 2479 1091 2514 balineis
1108 2480 1132 2521 ⁵,
1158 2479 1212 2513 in-

121 2524 209 2569 quit,
234 2524 426 2568 vaporibus
461 2534 542 2558 cum
567 2523 738 2567 Quintilla
771 2525 976 2560 cuniculum
1007 2528 1213 2569 pergentem

120 2570 157 2604 in
182 2569 263 2605 Ursi
287 2569 376 2603 luli6
399 2569 644 2611 instruxisset,
678 2570 815 2614 placuit
838 2570 999 2615 potuisse
1022 2570 1112 2605 tales
1138 2579 1212 2604 ser-

120 2615 251 2650 vitutes
276 2614 420 2659 imponi.

167 2658 192 2697 9
217 2659 377 2695 PAULUS
406 2659 498 2695 libro
531 2660 720 2695 vicensimo
747 2660 871 2706 primo
903 2659 954 2695 ad
975 2659 1129 2695 edictum
1177 2659 1214 2694 Si

121 2716 164 2741 eo
188 2705 280 2747 loco,
304 2714 368 2748 per
416 2715 495 2739 uem
520 2705 604 2739 mihi
624 2705 692 2740 iter
714 2705 875 2748 debetur,
899 2708 940 2739 tu
960 2705 1214 2747 aedificaveris,

122 2761 268 2796 possum
291 2750 390 2785 inten
417 2761 474 2785 ere
498 2751 553 2785 ius
585 2751 671 2785 mihi
704 2761 783 2786 esse
814 2750 866 2785 ire
899 2761 1021 2794 agere:
1057 2750 1152 2795 quod
1185 2750 1214 2785 si

122 2796 332 2841 probavero,
357 2795 525 2830 inhibebo
551 2806 641 2840 opus
665 2800 776 2831 tuum.
814 2796 898 2831 item
919 2796 1077 2830 Iulianus
1100 2795 1213 2839 scrip-

123 2842 179 2883 sit,
205 2841 234 2876 si
257 2841 392 2875 vicinus
416 2841 453 2875 in
477 2851 541 2876 suo
568 2841 790 2877 aedificando
816 2841 990 2883 effecerit,
1016 2842 1087 2875 110’1
1112 2840 1213 2875 811111-

124 2886 253 2921 cidium
277 2897 394 2920 meum
418 2886 602 2931 reciperet,
627 2897 734 2931 posse
757 2897 813 2921 me
838 2897 942 2931 agere
966 2886 1010 2921 de
1027 2886 1104 2921 iure
1124 2895 1214 2927 meo,

127 2932 162 2966 id
187 2935 241 2966 est
265 2932 320 2966 ius
346 2941 423 2966 esse
454 2931 665 2966 immittendi
698 2932 932 2973 stillicidium,
966 2931 1060 2966 sicut
1090 2931 1128 2965 in
1159 2931 1215 2965 via

125 2976 286 3011 diximus.
321 2976 384 3011 sed
403 2977 433 3011 si
451 2977 592 3021 quidem
611 2977 769 3012 nondum
789 2977 1000 3019 aedificavit,
1021 2977 1093 3011 sive
1110 2987 1215 3011 usum

123 3021 279 3057 fructum
304 3021 377 3056 sive
401 3022 492 3056 viam
515 3023 643 3064 habet,
674 3023 730 3058 ius
763 3023 831 3058 sibi
856 3033 933 3058 esse
956 3022 1008 3057 ire
1032 3031 1137 3067 agere
1161 3021 1215 3056 vel

124 3066 195 3101 frui
217 3067 401 3102 intendere
424 3070 560 3112 potest:
595 3067 690 3112 quod
722 3068 752 3103 si
783 3069 854 3103 iam
879 3067 1079 3103 aedificavit
1103 3067 1214 3101 domi-

125 3122 213 3154 nus,
242 3112 273 3147 is
297 3112 357 3157 qui
380 3112 448 3147 iter
473 3116 508 3147 et
531 3116 652 3147 actum
675 3113 784 3148 habet
811 3113 929 3148 adhuc
953 3116 1072 3158 potest
1098 3113 1214 3147 inten-

126 3157 209 3192 dere
239 3157 294 3192 ius
331 3157 398 3192 sibi
433 3167 530 3200 esse,
565 3157 784 3193 fructuarius
822 3163 941 3193 autem
977 3168 1049 3193 non
1083 3161 1214 3202 potest,

150 3202 209 3236 uia
232 3203 351 3237 amisit
373 3213 477 3237 usum
500 3202 677 3238 fructum:
704 3207 738 3238 et
762 3204 841 3238 idco
863 3203 907 3238 de
932 3203 1013 3238 dolo
1039 3204 1216 3238 actionem

152 3247 280 3282 andam
303 3248 372 3282 hoc
397 3258 485 3283 casu
509 3248 667 3283 Iulianus
692 3249 751 3283 ait.
790 3252 916 3283 contra
948 3249 978 3284 si
1008 3249 1045 3283 in
1077 3248 1215 3290 itinere,

128 3292 223 3371 311οᾱ
245 3302 309 3336 per
330 3292 481 3327 fundum
506 3293 571 3327 tibi
595 3293 726 3336 debeo,
761 3293 946 3336 aedifices,
979 3297 1077 3329 recte
1099 3294 1214 3328 inten-

152 3347 208 3370 am
230 3337 286 3371 ius
309 3337 374 3371 tibi
398 3349 470 3373 non
495 3348 573 3373 esse
597 3338 787 3374 aedificare
812 3340 866 3374 vel
890 3338 1118 3374 aedificatum
1150 3338 1213 3373 ha-

127 3381 230 3422 bere,
255 3383 557 3433 ‚quemadmodum
588 3384 618 3419 si
648 3385 686 3419 in
716 3395 801 3419 area
824 3394 903 3419 mea
928 3384 1012 3429 quid
1037 3383 1213 3418 aedifices.

131 3429 146 3460 1
197 3426 264 3470 Qtu
296 3427 423 3462 latiore
453 3429 510 3463 via
540 3429 595 3463 vel
626 3430 829 3474 angustiore
863 3440 948 3464 usus
982 3432 1053 3471 est,
1088 3428 1217 3464 retinet

136 3539 169 3580 11)
195 3539 363 3571 reficietur
375 3540 425 3572 F¹
527 3542 570 3581 (2)
595 3542 729 3583 regulas
742 3555 806 3575 scr.
906 3543 947 3583 (3)
974 3541 1124 3574 (1011111110
1139 3542 1212 3574 dett.

131 3586 173 3623 (4)
199 3584 369 3616 serviunt:
391 3595 468 3618 nam
493 3588 555 3620 ins.
707 3587 752 3628 (5)
777 3585 959 3618 balneariis
984 3598 1051 3618 cum
1081 3585 1216 3619 Graecis

133 3629 177 3669 (6)
203 3629 353 3660 iursiiuli
366 3630 399 3662 F
406 3629 426 3669 ¹,
440 3630 476 3661 in
489 3631 597 3662 hortis
611 3631 689 3663 iulii
703 3632 736 3664 F
742 3631 788 3664 28
912 3632 954 3673 (7)
982 3632 1024 3664 he
1038 3631 1099 3671 F¹,
1113 3634 1147 3663 et
1160 3631 1194 3663 F
1202 3629 1216 3650 ²

132 3673 177 3714 (8)
201 3684 261 3705 nos
277 3673 479 3706 Hotomanus
572 3677 615 3717 (9)
641 3687 719 3708 num
734 3676 866 3719 possint
877 3677 951 3709 dett.
1045 3677 1104 3718 (10)
1130 3676 1216 3716 iure]

132 3727 167 3751 re
179 3731 238 3751 scr.
335 3720 389 3760 (11)
415 3721 489 3751 tuas
504 3720 536 3752 F
622 3723 680 3763 (12)
706 3723 753 3755 sic
763 3721 798 3755 F
806 3721 827 3764 ¹,
840 3731 913 3755 eras
926 3720 1004 3756 [³²8
1083 3722 1141 3765 (13)
1165 3723 1214 3758 fa-

2223 83 2321 126 v111
2354 88 2376 126 5

1280 208 1496 250 servitutem,
1521 207 1630 243 sicuti
1655 208 1715 252 qui
1739 218 1845 260 aqua,
1871 219 1914 243 ex
1941 218 2013 253 qua
2035 209 2092 243 ius
2116 207 2227 243 habet
2244 207 2378 249 utendi,

1281 255 1352 289 alia
1375 254 1486 288 mixta
1510 263 1596 288 usus
1626 257 1690 295 est,
1716 257 1846 288 retinet
1869 254 1924 289 ius
1949 264 2065 289 suum.

1331 298 1379 336 10
1413 299 1606 334 ULPJANUS
1628 298 1721 333 libro
1743 300 1905 345 quinqua
1933 300 2068 334 ensz'mo
2089 299 2194 334 tertio
2216 297 2266 334 ad
2285 298 2379 334 edic-

1282 347 1355 379 tum
1404 344 1441 378 Si
1465 344 1544 389 quis
1566 343 1738 379 diuturno
1760 354 1827 378 usu
1849 348 1884 379 et
1918 354 2009 389 onga
2029 344 2133 390 quasi
2152 343 2380 390 possessione

1280 390 1336 424 ius
1362 400 1477 434 aquae
1502 388 1691 424 ducendae
1714 393 1841 424 nactus
1874 390 1938 432 sit,
1971 400 2044 425 non
2077 393 2131 425 est
2164 389 2196 424 ei
2232 399 2379 425 necesse

1283 435 1412 470 docere
1437 435 1481 470 de
1504 434 1600 476 iure,
1636 444 1707 479 quo
1733 444 1827 479 aqua
1862 435 2057 469 constituta
2088 439 2161 478 est,
2194 434 2303 470 veluti
2336 444 2378 470 ex

1280 480 1397 525 legato
1422 481 1478 515 vel
1502 480 1571 514 alio
1596 479 1723 522 modo,
1749 479 1813 514 sed
1837 480 1959 515 utilem
1984 480 2093 515 habet
2117 480 2314 523 actionem,
2339 483 2378 514 ut

1282 525 1449 562 ostendat
1479 536 1544 571 per
1577 535 1692 560 annos
1725 524 1819 560 forte
1850 528 1904 560 tot
1936 535 2040 560 usum
2074 536 2112 561 se
2145 537 2217 561 non
2250 526 2283 562 vi
2307 535 2379 560 non

1283 574 1297 605 1
1350 571 1440 605 clam
1476 581 1547 606 non
1584 569 1748 615 precario
1785 570 1998 615 possedisse.
2053 571 2120 616 Agi
2156 576 2273 606 autem
2310 571 2380 606 hac

1281 616 1423 651 actione
1447 617 1579 661 poterit
1602 626 1676 651 non
1700 619 1841 650 tantum
1878 626 1959 651 cum
1993 626 2053 659 eo,
2086 617 2122 651 in
2157 617 2258 652 cuius
2293 626 2379 662 agro

1282 672 1376 706 aqua
1412 662 1525 697 oritur
1560 661 1615 696 vel
1650 671 1714 706 per
1745 661 1847 696 cuius
1880 660 2032 696 fundum
2064 661 2226 705 ducitur,
2260 672 2379 697 verum

1282 707 1388 742 etiam
1422 718 1502 742 cum
1535 707 1700 742 omnibus
1733 706 1790 751 agi
1820 707 1971 752 poterit,
2005 707 2217 752 quicumque
2251 718 2379 752 aquam

1281 753 1380 787 non⁸
1405 752 1535 787 ducere
1558 752 1779 797 impediunt,
1814 752 1974 797 exemplo
2002 756 2200 787 ceterarum
2226 753 2375 787 servitu-

1281 798 1380 832 tium.
1426 802 1461 833 et
1484 798 1698 842 generaliter
1723 797 1937 842 quicumque
1961 808 2090 842 aquam
2115 798 2245 833 ducere
2269 799 2378 844 impe-

1282 843 1367 885 diat,
1392 843 1462 878 hac
1486 843 1628 878 actione
1653 853 1735 878 cum
1760 853 1801 878 eo
1826 843 1978 888 experiri
2002 846 2140 888 potero.

1331 887 1377 925 11
1407 888 1651 924 MARCELLUS
1678 888 1770 923 libro
1802 892 1909 923 sexto
1934 888 2154 934 dz'qestorum
2201 889 2260 923 An
2284 899 2377 924 unus

1282 944 1326 969 ex
1351 934 1457 969 sociis
1481 934 1519 968 in
1544 933 1723 969 communi
1754 933 1834 969 loco
1867 933 1986 968 invitis
2022 934 2149 969 ceteris
2181 933 2257 969 iure
2282 934 2378 969 aedi-

1281 979 1391 1014 ficare
1415 979 1541 1024 possit,
1566 978 1603 1013 id
1629 982 1683 1014 est
1706 989 1764 1021 an,
1790 979 1821 1014 si
1844 979 2081 1024 prohibeatur
2104 990 2126 1014 a
2151 979 2270 1022 sociis,
2294 989 2379 1025 pos-

1282 1025 1329 1060 sit
1353 1035 1434 1059 cum
1457 1025 1513 1060 his
1537 1024 1588 1059 ita
1621 1024 1775 1069 experiri
1804 1024 1860 1059 ius
1893 1024 1961 1059 sibi
1992 1035 2071 1060 esse
2103 1025 2313 1067 aedificare,
2347 1028 2382 1060 et

1282 1080 1328 1105 an
1352 1070 1442 1105 socii
1467 1081 1548 1105 cum
1573 1080 1614 1105 eo
1637 1070 1689 1104 ita
1714 1080 1817 1115 agere
1841 1070 1982 1114 possint
2004 1070 2060 1105 ius
2082 1070 2149 1105 sibi
2168 1070 2381 1123 prohibendi

1282 1126 1361 1150 esse
1384 1116 1440 1150 vel
1463 1116 1513 1150 illi
1537 1116 1594 1150 ius
1618 1115 1833 1150 aedificandi
1857 1126 1929 1151 non
1954 1126 2052 1151 esse:
2091 1119 2126 1151 et
2160 1126 2190 1151 81
2214 1116 2380 1151 aedifica-

1281 1165 1358 1195 tum
1381 1160 1452 1195 iam
1478 1161 1535 1204 sit,
1560 1172 1631 1196 non
1655 1161 1796 1205 possit⁰
1821 1171 1902 1196 cum
1927 1171 1968 1196 eo
1993 1161 2045 1195 ita
2070 1161 2222 1206 experiri
2242 1162 2298 1196 ius
2318 1161 2382 1196 tibi

1282 1217 1354 1241 non
1380 1216 1458 1241 esse
1481 1206 1533 1241 ita
1557 1206 1785 1241 aedificatum
1809 1206 1954 1249 habere,
1980 1207 2175 1252 quaeritur.
2211 1210 2246 1242 et
2269 1206 2381 1252 magis

1283 1252 1354 1287 dici
1377 1255 1497 1296 potest
1519 1252 1734 1297 prohibendi
1757 1252 1876 1297 potius
1925 1262 2008 1286 uam
2031 1252 2187 1287 faciendi
2213 1262 2290 1287 esse
2325 1252 2381 1288 ius

1282 1297 1402 1339 socio,
1436 1297 1520 1342 quia
1551 1297 1663 1342 magis
1695 1297 1774 1340 ille,
1808 1298 1867 1342 qui
1918 1308 2022 1333 acere
2055 1301 2208 1333 conatur
2231 1301 2273 1332 ut
2297 1297 2381 1340 dixi,

1283 1342 1545 1388 quodammodo
1571 1343 1640 1378 sibi
1673 1343 1827 1378 alienum
1861 1353 2002 1388 quoque
2033 1343 2090 1378 1118
2121 1343 2316 1389 praeripit,
2352 1343 2382 1378 si

1283 1388 1386 1433 quasi
1412 1388 1511 1423 solus
1544 1388 1708 1423 dominus
1742 1389 1789 1423 ad
1821 1399 1926 1424 suum
1959 1388 2146 1424 arbitrium
2178 1389 2232 1424 uti
2263 1390 2342 1424 iure
2356 1390 2382 1410 ¹⁰

1284 1433 1464 1469 communi
1489 1433 1581 1468 velit.

1332 1476 1383 1515 12
1409 1478 1454 1514 ΙΑ
1465 1488 1637 1514 VOLENUS
1657 1478 1749 1514 libro
1773 1478 1930 1515 secundo
1955 1479 2193 1526 epistularum
2240 1478 2309 1559 Εἷι
2326 1478 2382 1514 1118

1281 1524 1332 1559 1111
1357 1535 1429 1560 11011
1451 1534 1528 1559 0880
1545 1524 1646 1569 signa
1666 1524 1703 1558 in
1722 1525 1895 1569 parietem
1915 1534 2034 1560 meum
2053 1525 2210 1560 immissa
2229 1524 2277 1559 ha
2304 1534 2380 1559 ere:

1283 1580 1331 1605 an
1356 1573 1390 1605 et
1414 1569 1459 1604 de
1481 1569 1613 1605 futuris
1637 1579 1710 1604 non
1733 1570 1964 1605 immittendis
1990 1570 2188 1606 cavendum
2213 1570 2293 1605 est?
2325 1580 2381 1605 re·

1283 1615 1431 1661 spondi:
1463 1615 1592 1650 iudicis
1625 1615 1744 1650 officio
1780 1616 1955 1651 contineri
1985 1619 2094 1662 puto,
2126 1619 2168 1651 ut
2191 1615 2236 1651 de
2258 1615 2381 1651 futuro

1284 1671 1353 1706 quo
1381 1670 1426 1696 ue
1449 1671 1557 1706 opere
1581 1660 1698 1696 caveri
1723 1660 1864 1696 debeat.

1333 1671 1382 1744 13,
1409 1705 1620 1741 Pzzowws
1648 1706 1739 1741 libro
1773 1707 1900 1752 quinto
1925 1707 2163 1753 epistularum
2210 1705 2381 1748 Fistulas,

1284 1752 1414 1797 quibus
1447 1762 1578 1796 aquam
1613 1751 1727 1794 duco,
1762 1751 1801 1786 in
1833 1752 1890 1787 via
1921 1752 2066 1798 publica
2099 1752 2215 1787 habeo
2248 1754 2284 1787 et
2314 1752 2383 1787 hae

1283 1801 1412 1843 ruptae
1435 1797 1613 1832 inundant
1637 1796 1810 1841 parietem
1833 1801 1954 1832 tuum:
1988 1801 2076 1842 puto
2110 1807 2218 1843 posse
2249 1801 2285 1832 te
2308 1807 2381 1832 me-

1284 1854 1365 1879 cum
1389 1846 1487 1878 recte
1511 1852 1616 1895 agore
1638 1842 1694 1877 ius
1719 1842 1804 1877 mihi
1829 1853 1901 1878 non
1934 1853 2013 1879 esse
2043 1843 2193 1878 flumina
2225 1852 2269 1878 ex
2302 1852 2381 1878 meo

1282 1888 1319 1923 in
1344 1892 1446 1923 tuum
1470 1891 1642 1933 parletem
1666 1887 1790 1923 fluere.

1333 1932 1384 1971 14
1409 1933 1642 1969 POMPONIUS
1662 1933 1753 1968 libro
1779 1933 1988 1980 triqensz'mo
2013 1934 2118 1969 tertio
2139 1932 2189 1968 ad
2207 1932 2382 1969 Sabinum

1284 1978 1341 2022 Si,
1377 1990 1457 2014 cum
1481 1989 1582 2014 meus
1606 1978 1773 2024 proprius
1799 1983 1893 2014 esset
1916 1979 2055 2024 paries,
2087 1989 2217 2025 passus
2249 1978 2315 2014 sim
2346 1981 2382 2014 te

1283 2024 1474 2060 immittere
1497 2025 1595 2069 tigna
1644 2034 1710 2059 uae
1743 2028 1849 2059 antea
1881 2024 2070 2060 habueris:
2104 2024 2135 2060 si
2167 2034 2260 2059 nova
2292 2023 2381 2060 velis

1283 2070 1491 2112 immittere,
1516 2070 1620 2115 prohi
1648 2070 1698 2104 eri
1722 2079 1744 2104 a
1768 2080 1825 2105 me
1847 2073 1971 2115 potes:
2006 2070 2112 2105 immo
2145 2070 2253 2105 etiam
2278 2079 2383 2114 agere

1283 2118 1403 2151 tecum
1426 2119 1575 2160 potero,
1608 2118 1649 2150 ut
1680 2125 1741 2157 ea,
1774 2125 1866 2160 quae
1898 2126 1991 2151 nova
2021 2115 2229 2158 immiseris,
2262 2115 2379 2150 tollas.

1287 2163 1302 2195 1
1353 2160 1391 2196 Si
1414 2161 1532 2206 paries
1558 2161 1755 2196 communis
1781 2170 1889 2206 opere
1913 2161 1978 2196 abs
2002 2164 2039 2196 te
2073 2160 2171 2196 facto
2204 2160 2241 2195 in
2274 2159 2381 2195 aedes

1284 2216 1381 2241 meas
1406 2217 1445 2242 se
1467 2206 1703 2249 inclinaverit,
1727 2209 1853 2250 potero
1879 2210 1997 2241 tecum
2021 2216 2126 2252 agere
2145 2206 2201 2241 ius
2222 2206 2287 2241 tibi
2309 2216 2380 2241 non

1285 2262 1364 2287 esse
1387 2251 1559 2296 parietem
1583 2251 1682 2286 illum
1706 2252 1758 2286 ita
1781 2251 1924 2287 habere.

1334 2296 1384 2334 15
1417 2296 1613 2333 ULPIANUS
1634 2297 1724 2332 libro
1748 2300 1854 2332 sexto
1879 2298 2090 2343 opinionum
2137 2295 2255 2331 Altius
2275 2295 2380 2332 aedes

1284 2343 1409 2378 suas¹¹
1435 2342 1649 2385 extollendo,
1674 2346 1715 2377 ut
1738 2342 1930 2377 luminibus
1955 2342 2080 2378 domus
2105 2341 2252 2376 minoris
2277 2341 2381 2376 annis

1283 2388 1406 2432 viginti
1430 2388 1586 2433 quinque
1609 2388 1664 2423 vel
1686 2388 1892 2432 impuberis,
1919 2388 2020 2423 cuius
2042 2391 2188 2423 curator
2208 2386 2263 2422 vel
2283 2390 2381 2422 tutor

1285 2437 1363 2468 0101
1377 2435 1415 2476 ¹²,
1440 2433 1634 2476 officiatur,
1660 2433 1789 2469 efficit:
1815 2433 1975 2478 quamvis
1996 2433 2064 2468 hoc
2086 2442 2227 2477 quoque
2240 2432 2381 2467 nomine

1284 2479 1426 2514 actione
1449 2479 1527 2524 ipse
1550 2479 1771 2524 heredesque
1794 2481 2004 2521 teneantur,
2038 2478 2122 2523 quia
2154 2477 2248 2523 quod
2273 2478 2380 2512 alium

1283 2523 1474 2559 facientem
1498 2524 1688 2569 prohibere
1713 2534 1754 2558 ex
1780 2523 1900 2559 officio
1922 2533 2068 2559 necesse
2087 2523 2224 2565 habuit,
2249 2522 2286 2557 id
2304 2522 2381 2567 ipse

1286 2570 1505 2605 committere
1528 2580 1601 2604 non
1626 2569 1768 2611 debuit,
1793 2572 1914 2603 tamen
1938 2573 1973 2604 et
1997 2568 2167 2604 adversus
2192 2567 2377 2613 possiden-

1283 2619 1355 2649 tem
1388 2614 1530 2650 easdem
1568 2615 1675 2650 aedes
1712 2614 1830 2649 danda
1863 2618 1917 2650 est
1951 2614 2128 2659 impuberi
2162 2614 2217 2649 vel
2253 2613 2379 2648 minori

1284 2661 1391 2702 actio,
1416 2663 1458 2695 ut
1481 2660 1576 2705 quod
1601 2670 1674 2695 non
1698 2660 1775 2694 iure
1798 2659 1935 2694 factum
1961 2663 2015 2694 est
2038 2659 2195 2695 tollatur.

1334 2703 1384 2742 16
1417 2705 1612 2741 IULIANUS
1644 2705 1736 2740 libro
1769 2706 1920 2751 septimo
1953 2704 2174 2751 diqestorum
2223 2703 2259 2739 Si
2293 2714 2315 2739 a
2344 2707 2380 2739 te

1285 2761 1423 2792 emero,
1448 2754 1489 2785 ut
1513 2750 1598 2785 mihi
1621 2750 1729 2785 liceat
1753 2760 1796 2785 ex
1821 2750 1969 2785 aedibus
1993 2750 2081 2785 meis
2105 2750 2142 2785 in
2167 2749 2273 2785 aedes
2298 2754 2379 2784 tuas

1285 2796 1500 2831 stillicidium
1532 2796 1720 2830 immittere
1753 2799 1788 2830 et
1820 2798 1947 2840 postea
1980 2798 2016 2830 te
2040 2795 2175 2830 sciente
2200 2806 2243 2830 ex
2269 2805 2380 2831 causa

1286 2841 1473 2885 emptionis
1486 2841 1680 2876 immissum
1692 2840 1856 2882 habeam,
1877 2851 2022 2885 quaero,
2045 2850 2091 2875 an
2113 2851 2156 2876 ex
2179 2840 2248 2876 hac
2270 2850 2380 2876 causa

1285 2887 1427 2921 actione
1444 2886 1600 2930 quadam
1620 2885 1675 2918 vel
1690 2885 1904 2928 exceptione
1923 2884 2080 2920 tuendus
2100 2885 2178 2921 sim.
2211 2887 2382 2931 respondi

1286 2935 1365 2966 utro
1393 2941 1438 2965 ue
1461 2930 1591 2965 auxilio
1615 2938 1673 2966 me
1694 2938 1854 2967 usurum.

1334 2942 1391 3012 13¹
1408 2976 1590 3011 ALFENUS
1609 2975 1702 3012 libro
1726 2976 1882 3013 secundo
1907 2975 2128 3022 diqestorum
2177 2975 2214 3010 Si
2233 2974 2375 3020 quando

1283 3021 1377 3056 inter
1401 3021 1507 3055 aedes
1532 3021 1634 3056 binas
1659 3021 1776 3065 paries
1802 3023 1915 3064 esset,
1941 3021 2001 3066 qui
2023 3021 2075 3056 ita
2098 3024 2256 3056 ventrem
2280 3020 2377 3055 face-

1284 3068 1394 3108 ret¹³,
1433 3069 1474 3101 ut
1504 3065 1541 3100 in
1573 3066 1678 3101 vicini
1711 3066 1854 3102 domum
1887 3066 2099 3111 semipedem
2131 3070 2194 3100 aut
2229 3065 2378 3110 amplius

1285 3112 1545 3157 procumberet,
1572 3111 1629 3156 agi
1653 3115 1796 3156 oportet
1819 3112 1874 3147 ius
1899 3123 1971 3147 non
1993 3122 2071 3147 esse
2089 3111 2187 3146 illum
2207 3111 2378 3156 parietem

1289 3161 1303 3191 1
1352 3158 1404 3192 ita
1439 3156 1637 3201 proiectum
1671 3157 1708 3191 in
1742 3167 1844 3192 suum
1877 3167 1955 3192 esse
1987 3157 2097 3192 invito
2131 3167 2180 3192 se.
2230 3155 2318 3190 Cum
2341 3155 2377 3190 in

1287 3202 1390 3237 domo
1417 3201 1497 3236 Gaii
1522 3201 1580 3236 Sei
1610 3202 1711 3237 locus
1746 3202 1889 3247 quidam
1920 3202 2067 3237 aedibus
2092 3202 2188 3236 Anni
2218 3201 2271 3236 ita
2304 3211 2376 3235 ser-

1285 3248 1393 3290 viret,
1428 3250 1469 3282 ut
1502 3247 1540 3281 in
1573 3257 1613 3282 eo
1647 3247 1727 3283 loco
1760 3248 1915 3292 positum
1946 3248 2080 3282 habere
2112 3247 2168 3281 ius
2193 3245 2273 3281 Seio
2306 3256 2377 3280 non

1287 3296 1390 3335 esset,
1416 3295 1452 3327 et
1476 3291 1577 3327 Seius
1600 3292 1638 3327 in
1663 3303 1704 3328 eo
1729 3293 1852 3328 silvam
1877 3293 2035 3335 sevisset,
2059 3293 2097 3327 in
2121 3301 2192 3343 qua
2215 3290 2317 3325 labra
2342 3293 2377 3324 et

1286 3341 1385 3372 tenes
1399 3338 1428 3358 ¹⁴
1452 3337 1668 3373 cucumellas
1692 3338 1829 3383 positas
1853 3338 2021 3379 haberet,
2046 3338 2163 3372 Anmo
2190 3335 2375 3370 consilium

1286 3393 1408 3417 omnes
1432 3382 1518 3417 iuris
1543 3383 1647 3427 periti
1672 3383 1866 3426 dederunt,
1898 3386 1938 3419 ut
1963 3393 2042 3417 cum
2068 3392 2108 3417 οο
2135 3379 2298 3425 ageret¹⁵
2318 3379 2375 3414 ius

1287 3428 1318 3462 ei
1342 3438 1413 3462 non
1438 3437 1515 3463 esse
1538 3428 1575 3463 in
1607 3438 1648 3464 eo
1681 3428 1761 3464 loco
1795 3438 1838 3464 ea
1869 3428 1988 3474 posita
2020 3427 2154 3463 habere
2183 3425 2291 3460 invito
2325 3434 2374 3459 se.

1282 3551 1355 3574 uere
1377 3542 1408 3574 F
1494 3543 1555 3586 (14)
1579 3544 1684 3585 tenes]
1705 3542 1797 3577 lenes
1819 3545 1852 3577 et
1873 3544 2077 3577 Hotomanus
2097 3541 2225 3574 collatis
2238 3539 2378 3583 Afranii

1282 3594 1313 3620 et
1332 3587 1472 3621 Laberii
1491 3588 1569 3622 locis
1590 3590 1682 3633 apud
1701 3589 1842 3623 Nonium
1861 3602 1897 3633 p.
1917 3596 1980 3628 ⁶44,
2006 3589 2064 3630 qui
2083 3588 2219 3629 iunyunt
2240 3591 2375 3626 uterque

1281 3631 1427 3719 2321}
1427 3631 1534 3698 lenis,
1548 3635 1619 3668 item
1637 3635 1847 3676 D.19,1,15:
1873 3634 1959 3666 lines
1972 3635 2004 3665 et
2016 3631 2110 3664 labra
2169 3631 2231 3671 (16)
2252 3629 2298 3662 εἰσ
2313 3628 2372 3671 F¹,

2065 3772 2106 3808 16
