2528 3918
141 128 264 166 unm:
294 128 371 166 vm
399 129 457 166 ΕΤ
484 127 610 166 UXOR

140 247 242 283 cuius
273 247 484 292 cognatione
512 243 710 291 quaeritur,
739 240 859 288 patrui
888 240 1032 277 maximi
1061 242 1226 278 avunculi

138 292 283 328 maximi
313 293 445 328 amitae
478 291 652 327 maximae
680 291 893 324 materterae
924 288 1100 324 maximae
1130 287 1225 323 filius

138 339 229 381 filia,
261 338 345 373 item
368 337 492 383 proavi
515 335 682 381 proaviae
706 333 977 371 consobrinus¹.
1021 333 1142 369 fratris
1166 344 1225 370 so-

138 384 301 428 rorisque
324 383 482 427 adnepos
506 380 668 425 adneptis
679 382 710 414 ²:
737 389 909 424 personas
934 379 1118 414 continent
1142 389 1225 415 cen-

138 435 214 464 tum
233 429 267 464 vi
291 429 355 463 inti
373 432 464 463 octo.
506 424 694 470 trinepotis
711 424 818 468 filius,
842 425 927 459 item
944 424 1035 460 filia:
1061 424 1225 470 trineptis

138 474 244 517 filius,
269 478 353 509 item
375 472 459 507 filia.
506 471 544 506 hi
567 474 710 506 centum
733 469 856 515 viginti
879 473 961 505 octo
985 471 1092 513 fiunt,
1118 469 1224 515 quod,

139 531 221 555 cum
244 519 400 563 trinepos
423 516 668 562 trineptisque,
697 519 738 551 ut
761 525 872 561 supra
895 515 1224 557 demonstravimus,

139 564 323 609 sexaginta
347 566 516 607 quattuor
537 562 718 607 impleant,
742 561 837 596 filius
856 570 978 596 eorum
995 561 1119 597 eadem
1137 571 1224 596 enu-

138 609 332 645 meratione
355 607 575 653 totidemque
597 606 671 642 filia
694 606 972 652 computabitur.

633 745 691 784 XI
699 744 726 783 ³.

443 811 569 845 UNDE
594 810 675 844 VIR
696 810 757 844 ET
780 809 916 844 UXOR.

185 877 203 915 1
239 877 435 914 Utmzws
456 878 546 914 libro
570 877 877 924 quadraqensimo
894 877 1046 923 septimo
1064 876 1114 912 acl
1132 875 1225 912 edic-

137 927 208 958 tum
256 923 305 958 Ut
334 924 509 959 bonorum
538 923 718 969 possessio
748 922 823 967 peti
852 923 967 967 possit
994 922 1090 958 unde
1112 921 1166 956 vir
1189 924 1226 973 et

136 979 242 1011 uxor,
266 969 398 1004 iustum
422 979 501 1005 esse
523 968 787 1004 matrimonium
812 972 964 1013 oportet.
1014 971 1172 1003 ceterum
1195 977 1225 1002 Si

134 1015 304 1050 iniustum
336 1014 445 1050 fuerit
474 1013 756 1055 matrimonium,
795 1023 1021 1058 nequaquam
1049 1013 1224 1048 bonorum

133 1059 314 1105 possessio
372 1060 421 1095 eti
451 1060 600 1105 poterit,
634 1058 932 1104 quemadmodum
956 1068 1023 1094 nee
1048 1069 1092 1093 ex
1114 1061 1224 1093 testa·

134 1105 278 1141 mento⁴
313 1071 405 1140 adiri
438 1105 616 1141 hereditas
646 1105 701 1140 vel
734 1104 930 1139 secundum
967 1103 1110 1139 tabulas
1150 1103 1225 1149 peti

134 1151 307 1186 bonorum
339 1151 518 1197 possessio
549 1154 686 1195 potest:
723 1150 810 1184 nihil
841 1150 934 1184 enim
967 1149 1048 1194 capi
1077 1153 1226 1194 propter

138 1200 151 1231 1
202 1196 372 1231 iniustum
407 1196 670 1231 matrimonium
707 1198 838 1275 potest.
892 1194 942 1230 Ut
977 1198 1099 1229 autem
1134 1194 1224 1229 haec

133 1242 309 1277 bonorum
327 1241 507 1286 possessio
525 1242 644 1276 locum
659 1241 707 1275 ha
733 1244 802 1282 eat,
821 1250 969 1276 uxorem
988 1250 1066 1275 esse
1086 1243 1226 1285 oportet

133 1286 258 1323 mortis
287 1291 458 1331 tempore.
513 1286 577 1322 sed
609 1286 640 1321 si
670 1286 859 1321 divortium
889 1285 1031 1330 quidem
1063 1288 1224 1320 secutum

133 1333 190 1376 sit,
215 1336 459 1367 verumtamen
481 1332 558 1367 iure
583 1331 690 1367 durat
711 1331 992 1373 matrimonium,
1022 1331 1114 1366 haec
1143 1340 1223 1366 suc-

133 1378 248 1413 cessio
279 1377 398 1412 locum
429 1387 501 1412 non
532 1377 653 1413 habet.
699 1377 769 1412 hoc
802 1380 921 1411 autem
952 1376 990 1411 in
1020 1375 1227 1411 huiusmodi

133 1423 321 1475 speciebus
348 1423 524 1502 procedit.
571 1423 700 1458 liberta
724 1423 770 1457 ab
793 1422 904 1457 invito
929 1426 1082 1467 patrono
1108 1421 1224 1457 divor-

131 1472 194 1504 tit:
224 1469 282 1503 lex
306 1469 346 1502 Iu
365 1469 397 1503 'a
426 1468 470 1504 de
499 1467 709 1503 maritandis
743 1467 929 1503 ordinibus
959 1468 1089 1502 retinet
1118 1467 1225 1502 istam

130 1513 169 1548 in
192 1513 436 1556 matrimonio,
461 1513 546 1549 dum
571 1524 649 1549 eam
672 1513 903 1559 prohiberet⁵
927 1513 989 1547 alii
1011 1513 1147 1548 nubere
1169 1512 1224 1547 in-

132 1559 204 1595 vito
220 1563 384 1605 patrono.
420 1559 505 1595 item
518 1559 612 1594 Iulia
633 1558 677 1594 de
698 1558 894 1600 adulteriis,
915 1558 984 1593 nisi
1004 1562 1100 1593 certo
1119 1557 1223 1593 modo

133 1604 322 1640 divortium
345 1604 481 1640 factum
506 1605 563 1649 sit,
587 1615 654 1650 pro
678 1603 811 1639 infecto
835 1604 956 1639 habet.

621 1743 698 1782 XII
707 1742 733 1781 ⁶.

135 1812 194 1843 DE
219 1808 566 1843 VETERANORUM
593 1809 654 1842 ΕΤ
678 1808 881 1841 MILITUM
905 1807 1224 1841 SUCCESSIONE.

182 1876 199 1913 1
228 1875 372 1912 MACER
395 1876 486 1912 libro
510 1876 666 1911 secundo
693 1875 736 1910 cle
760 1886 800 1910 re
824 1875 976 1911 militari
1020 1873 1138 1916 Militi,
1164 1873 1225 1918 qui

125 1921 249 1967 capite
264 1921 384 1966 puniri
397 1920 536 1964 meruit,
552 1924 807 1956 testamentum
821 1920 941 1956 facere
958 1918 1224 1955 concedendum

129 1967 267 2002 Paulus
292 1970 328 2002 et
351 1966 549 2003 Menander
573 1966 736 2001 scribunt
760 1966 906 2010 eiusque
934 1966 1028 2001 bona
1051 1964 1222 2006 intestati,

124 2013 162 2047 ⁴si
185 2013 332 2058 punitus
357 2012 422 2054 sit,
454 2012 500 2047 ad
525 2016 696 2056 cognatos
722 2011 798 2046 eius
821 2011 1018 2055 pertinere,
1050 2010 1080 2045 si
1103 2013 1224 2045 tamen

124 2069 177 2093 «ex
199 2057 344 2093 militari
367 2057 508 2101 delicto,
533 2068 606 2093 non
631 2068 674 2092 ex
699 2056 878 2092 communi
899 2056 1047 2101 punitus
1072 2059 1137 2091 est.

178 2101 202 2140 2
237 2103 483 2139 {tammam
519 2104 610 2138 libro
645 2106 751 2137 sexto
789 2102 925 2137 decimo
965 2112 1223 2147 responsorum

132 2147 234 2184 Bona
263 2148 384 2183 militis
416 2148 577 2183 intestati
609 2147 768 2183 defuncti
804 2147 1001 2182 castrensia
1030 2146 1118 2182 fisco
1150 2157 1224 2181 non

129 2194 357 2229 vindicantur
367 2195 391 2237 ⁷,
431 2205 512 2229 cum
548 2194 652 2229 heres
684 2192 861 2237 legitimus
894 2192 941 2227 ad
970 2192 1078 2227 finem
1110 2192 1224 2236 quinti

127 2240 263 2283 gradus
295 2238 432 2274 exstitit
461 2243 524 2274 aut
552 2239 734 2284 proximus
761 2241 934 2283 cognatus
959 2237 1117 2273 eiusdem
1141 2248 1221 2282 gra-

130 2285 198 2320 dus
222 2285 318 2319 intra
341 2287 482 2330 tempus
505 2284 769 2329 possessionem
793 2283 985 2329 acceperit.

609 2423 742 2462 XIII⁸.

130 2489 297 2526 QUIBUS
329 2490 424 2523 NON
461 2489 692 2524 COMPETIT
724 2489 946 2522 BONORUM
977 2490 1220 2523 POSSESSIO.

180 2554 198 2592 1
241 2555 436 2592 IULIANUS
473 2556 563 2592 libro
603 2556 794 2592 vicensimo
835 2559 960 2592 octavo
1000 2555 1221 2601 diqestorum

130 2600 240 2637 Servo
263 2611 342 2637 meo
366 2602 497 2637 herede
519 2602 710 2637 instituto⁹
734 2601 816 2637 dolo
841 2601 926 2643 feci,
958 2612 1004 2636 ne
1027 2605 1220 2636 testamen—

130 2650 205 2681 tum
224 2651 435 2689 mutaretur,
460 2657 612 2691 eumque
637 2650 764 2691 postea
788 2647 994 2682 manumisi:
1021 2647 1221 2692 quaesitum

130 2695 196 2734 est,
220 2702 268 2726 an
291 2692 451 2727 actiones
478 2693 510 2727 ei
533 2692 762 2736 denegandae
784 2695 913 2727 essent.
949 2693 1137 2737 respondi:
1163 2692 1221 2727 hic

131 2747 236 2772 casus
260 2738 377 2772 verbis
401 2737 508 2772 edicti
531 2748 604 2772 non
629 2738 842 2772 continetur.
891 2737 955 2772 sed
977 2748 1131 2782 aequum
1156 2741 1220 2781 est,

131 2782 161 2816 si
185 2782 347 2817 dominus
380 2782 463 2818 dolo
495 2783 637 2826 fecerit,
669 2793 714 2817 ne
737 2786 987 2818 testamentum
1010 2786 1220 2825 mutaretur,

131 2838 199 2872 quo
225 2838 348 2863 servus
373 2828 450 2863 eius
473 2828 577 2863 heres
603 2828 759 2873 scriptus
785 2833 877 2872 erat,
912 2828 1071 2873 quamvis
1094 2838 1220 2863 manu—

129 2873 258 2908 missus
291 2873 419 2908 adierit
447 2873 698 2915 hereditatem,
730 2874 762 2909 ei
793 2874 976 2918 denegari,
1009 2884 1091 2908 cum
1115 2874 1222 2908 etiam

129 2918 353 2963 emancipato
375 2919 447 2954 filio
468 2919 663 2964 denegetur
676 2920 714 2962 ¹⁰,
739 2919 770 2955 si
789 2923 893 2964 pater
913 2919 994 2954 dolo
1014 2919 1151 2963 fecerit,
1176 2930 1221 2954 ne

129 2967 383 2999 testamentum
406 2969 617 2999 mutaretur.

588 3104 706 3142 XIIII
718 3103 757 3142 ²¹.

130 3168 188 3200 UT
225 3168 292 3201 EX
325 3169 523 3202 LEGIBUS
560 3168 826 3202 SENATUSVE
863 3170 1111 3203 CONSULTIS

374 3214 536 3248 NORUM
558 3215 791 3248 POSSESSIO
816 3216 979 3248 DETUR.

180 3278 198 3316 1
241 3279 436 3316 ULPJANUs
464 3281 555 3317 libro
588 3281 892 3327 quadraqensz'mo
923 3293 1018 3317 nono
1049 3282 1098 3317 ad
1126 3282 1221 3318 edic-

130 3328 203 3359 tum
249 3324 401 3360 Praetor
420 3326 487 3362 ait:
515 3327 579 3361 ‘uti
596 3337 652 3362 me
670 3336 812 3371 quaque
830 3328 906 3371 lege
925 3331 1069 3363 senatus
1083 3328 1109 3348 ¹2
1135 3338 1220 3363 con-

1148 3171 1220 3203 ΒΟ-

1209 110 1294 164 585

1599 116 1834 164 XXXVIII
1869 122 1933 163 10.
1964 118 2026 163 11.
2055 121 2119 163 12.
2150 123 2213 164 13.
2242 121 2306 163 14.
2335 122 2385 165 15

1296 243 1402 279 ‘sulto
1415 242 1594 279 bonorum
1607 243 1872 288 possessionem
1887 244 1972 281 dare
1987 245 2179 291 oportebit,
2196 245 2249 282 ita
2268 246 2388 283 dabo'.

1299 293 1310 323 1
1363 289 1568 334 Numquam
1592 288 1768 324 bonorum
1792 290 1983 334 possessio,
2009 302 2101 336 quae
2124 302 2169 327 ex
2193 292 2265 328 alia
2283 297 2387 338 parte

1295 334 1402 370 edicti
1426 334 1572 379 adgnita
1596 338 1660 377 est,
1688 334 1835 378 impedit
1859 336 1963 370 istam
1987 336 2162 373 bonorum
2189 339 2387 383 possessio-

1296 384 1315 414 2
1364 391 1455 415 nem.
1493 380 1582 414 Cum
1600 390 1643 414 ex
1658 379 1736 424 lege
1750 379 1937 416 duodecim
1955 383 2156 417 tabularum
2179 384 2259 428 quis
2278 384 2388 419 habet

1296 426 1547 467 hereditatem,
1573 424 1657 460 hinc
1682 436 1753 460 non
1778 425 1885 469 petit,
1919 427 1982 462 sed
2005 428 2087 463 inde
2114 432 2201 464 ‘tum
2226 440 2331 474 quem
2356 430 2387 464 ei

1297 470 1475 506 ‘heredem
1505 480 1584 505 esse
1608 470 1773 515 oportet’,
1805 470 1937 515 quippe
1969 483 2050 507 cum
2082 485 2154 508 non
2184 475 2272 509 alias
2302 475 2386 509 hinc

1296 520 1475 560 competat
1498 516 1676 551 bonorum
1698 515 1890 560 possessio,
1919 527 2025 561 quam
2049 518 2079 554 si
2103 519 2161 555 lex
2185 520 2388 565 specialiter

1296 561 1434 596 deferat
1460 561 1635 597 bonorum
1657 561 1934 606 possessionem.

1780 700 1854 739 XV
1870 699 1909 739 ¹³.

1296 765 1400 802 QUIS
1429 765 1548 799 ORDO
1579 754 1672 798 ΙΝ14
1693 766 2067 800 POSSESSIONIBUS
2098 757 2382 805 SERVETUR¹⁶.

1345 829 1364 868 1
1392 830 1648 868 MODESTINUS
1669 832 1761 868 libro
1784 836 1891 868 sexto
1908 833 2177 879 pandectarum
2223 837 2388 873 Intestati

1294 876 1333 911 hi
1362 877 1495 921 gradus
1525 881 1719 913 vocantur:
1757 878 1912 931 primum
1943 878 2000 913 sui
2031 879 2197 924 heredes,
2230 884 2386 918 secundo

1295 922 1457 966 legitimi,
1490 924 1597 958 tertio
1620 923 1775 968 proximi
1801 924 1959 969 cognati,
1993 923 2120 960 deinde
2149 927 2202 961 vir
2226 931 2260 962 et
2284 939 2386 964 uxor.

1299 971 1313 1001 1
1364 967 1445 1003 Sive
1468 969 1616 1004 tabulae
1639 969 1843 1003 testamenti
1867 980 1939 1004 non
1964 974 2114 1014 exstent,
2140 971 2213 1007 sive
2238 978 2387 1016 exstent,

1296 1012 1328 1048 si
1355 1013 1555 1049 secundum
1584 1024 1646 1049 eas
1674 1014 1730 1049 vel
1755 1018 1881 1049 contra
1906 1025 1966 1050 eas
1990 1015 2166 1051 bonorum
2190 1020 2387 1061 possessio-

1295 1068 1376 1092 nem
1406 1069 1509 1094 nemo
1540 1060 1698 1104 accepit,
1731 1060 1892 1094 intestati
1925 1060 2028 1095 detur
2041 1063 2068 1082 ¹⁶
2098 1062 2274 1098 bonorum
2305 1075 2387 1109 pos-

1296 1107 1315 1138 2
1363 1105 1490 1139 sessio.
1538 1105 1703 1140 Intestati
1727 1105 1842 1150 patris
1867 1105 1989 1141 liberis
2013 1107 2188 1142 bonorum
2207 1110 2387 1153 possessio

1295 1149 1403 1184 datur
1436 1160 1508 1185 non
1539 1153 1681 1184 tantum
1711 1150 1785 1193 his,
1826 1151 1887 1195 qui
1917 1151 1955 1185 in
1984 1155 2201 1196 potestatem
2230 1156 2389 1199 parentis

1295 1205 1408 1238 usque
1431 1195 1468 1229 in
1491 1195 1617 1230 mortis
1641 1199 1782 1240 tempus
1807 1195 1969 1240 fuerunt,
2002 1197 2066 1232 sed
2082 1199 2107 1219 ¹⁷
2141 1199 2386 1245 emancipatis.

1342 1239 1367 1277 2
1405 1241 1600 1276 ULPIANUS
1627 1240 1719 1277 libro
1752 1242 2058 1287 quadraqensimo
2089 1254 2184 1278 nono
2217 1245 2266 1278 ad
2297 1245 2390 1280 edic-

1295 1289 1368 1320 tum
1421 1285 1518 1322 Utile
1552 1289 1695 1331 tempus
1731 1290 1786 1322 est
1821 1287 1996 1322 bonorum
2026 1289 2295 1332 possessionum
2326 1290 2389 1325 ad-

1294 1331 1566 1367 mittendarum:
1598 1331 1650 1366 ita
1673 1335 1793 1368 autem
1818 1333 1903 1368 utile
1928 1336 2068 1378 tempus
2094 1338 2165 1376 est,
2198 1338 2238 1369 ut
2261 1335 2389 1381 singuli

1295 1377 1369 1412 dies
1393 1377 1431 1411 in
1456 1387 1497 1412 eo
1522 1377 1628 1412 utiles
1653 1377 1734 1421 sint,
1761 1377 1898 1413 scilicet
1922 1382 1963 1412 ut
1984 1388 2049 1423 per
2073 1380 2230 1424 singulos
2256 1381 2329 1416 dies
2356 1385 2391 1415 et

1294 1423 1417 1457 scierit
1441 1426 1476 1457 et
1499 1423 1657 1467 potuerit
1682 1423 1886 1458 admittere:
1914 1427 2072 1459 ceterum
2090 1435 2314 1471 quacumque
2334 1426 2390 1462 die

1294 1468 1461 1503 nescierit
1485 1471 1548 1502 aut
1571 1479 1644 1503 non
1668 1469 1841 1513 potuerit,
1872 1469 1973 1504 nulla
1996 1468 2173 1506 dubitatio
2199 1475 2270 1513 est,
2304 1473 2388 1516 quin

1296 1513 1370 1548 dies
1396 1513 1428 1548 ei
1451 1524 1524 1548 non
1549 1513 1664 1549 cedat.
1713 1514 1792 1548 fieri
1816 1518 1936 1549 autem
1960 1518 2095 1560 potest,
2128 1520 2169 1550 ut
2198 1516 2259 1561 qui
2287 1516 2388 1552 initio

1296 1558 1417 1594 scierit
1439 1559 1495 1593 vel
1518 1559 1676 1604 potuerit
1700 1559 1876 1595 bonorum
1899 1560 2163 1604 possessionem
2190 1562 2388 1604 admittere,

1294 1604 1353 1639 hic
1375 1604 1526 1649 incipiat
1549 1604 1687 1639 nescire
1710 1605 1765 1639 vel
1789 1616 1861 1639 non
1884 1615 1991 1650 posse
2015 1606 2222 1641 admittere:
2252 1608 2389 1642 scilieet

1295 1649 1336 1692 si,
1364 1660 1445 1684 curn
1468 1649 1571 1685 initio
1598 1649 1822 1693 cognovisset
1846 1660 1926 1685 eum
1950 1650 2159 1686 intestatum
2180 1652 2387 1695 decessisse,

1293 1697 1419 1740 postea
1467 1695 1547 1730 uasi
1571 1695 1722 1730 certiore
1746 1696 1871 1730 nuntio
1897 1695 2005 1730 allato
2030 1695 2196 1732 dubitare
2217 1699 2387 1743 coeperit,

1293 1706 1467 1785 numquid
1491 1743 1645 1775 testatus
1670 1740 1865 1775 decesserit
1888 1741 1944 1776 vel
1968 1741 2140 1786 numquid
2162 1742 2272 1786 vivat,
2306 1744 2388 1787 quia

1293 1785 1352 1820 hic
1383 1795 1505 1820 rumor
1534 1788 1662 1830 postea
1692 1789 1930 1831 perrepserat.
1986 1786 2080 1821 idem
2109 1790 2146 1822 et
2173 1787 2211 1822 in
2243 1793 2387 1823 contra-

1292 1831 1384 1865 rium
1410 1829 1527 1875 accipi
1550 1834 1687 1875 potest,
1717 1834 1760 1865 ut
1788 1831 1848 1875 qui
1871 1831 2047 1875 ignoravit
2069 1831 2187 1876 initio,
2218 1837 2347 1878 postea
2362 1835 2388 1854 ¹⁸

1294 1879 1310 1911 1
1360 1877 1452 1911 scire
1475 1876 1637 1920 incipiat.
1686 1877 1773 1912 Dies
1806 1878 1981 1913 bonorum
2011 1879 2251 1923 possessionis
2280 1880 2386 1914 utiles

1291 1931 1370 1956 esse
1402 1921 1522 1966 palam
1547 1926 1617 1956 est:
1657 1922 1719 1957 sed
1751 1932 1824 1958 non
1857 1924 2057 1958 sessionum
2089 1924 2384 1967 numerabuntur,

1291 1966 1322 2001 si
1354 1966 1459 2001 modo
1492 1976 1534 2001 ea
1559 1967 1605 2002 sit
1635 1967 1813 2002 bonorum
1842 1969 2042 2012 possessio,
2080 1979 2171 2013 quae
2201 1969 2244 2004 de
2277 1970 2384 2014 plano

1291 2012 1365 2056 peti
1388 2012 1517 2056 potuit.
1568 2012 1663 2056 quod
1689 2013 1719 2047 si
1734 2012 1762 2032 ¹⁹
1785 2022 1844 2055 ea,
1875 2024 1967 2057 quae
1992 2023 2124 2048 causae
2148 2015 2386 2058 cognitionem

1292 2067 1357 2101 pro
1383 2056 1554 2091 tribunali
1584 2057 1762 2092 desiderat
1793 2059 1849 2093 vel
1874 2069 1965 2102 quae
1997 2058 2181 2094 decretum
2211 2061 2384 2104 exposcit,

1293 2102 1470 2136 sessiones
1495 2106 1600 2137 erunt
1624 2103 1727 2138 nobis
1750 2104 2023 2148 computandae,
2045 2105 2174 2148 quibus
2199 2106 2291 2140 sedit
2315 2106 2344 2140 is
2355 2107 2386 2126 ²⁰

1292 2147 1493 2192 quibusque
1518 2158 1582 2192 per
1603 2149 1720 2192 ipsum
1745 2155 1946 2193 praetorem
1971 2150 2107 2184 factum
2127 2160 2199 2185 non
2224 2154 2287 2193 est,
2315 2162 2384 2195 quo

1294 2196 1312 2226 2
1360 2192 1477 2228 minus
1494 2193 1597 2228 daret
1613 2194 1788 2228 bonorum
1805 2194 2078 2239 possessionem.
2118 2195 2189 2230 21Ιῐι
2210 2196 2384 2230 bonorum

1292 2239 1528 2282 possessione,
1555 2248 1647 2283 quae
1663 2250 1728 2283 pro
1750 2239 1923 2275 tribunali
1940 2240 2057 2283 datur,
2082 2240 2170 2276 illud
2187 2241 2382 2285 quaeritur,

1292 2283 1320 2318 si
1347 2283 1439 2318 sedit
1449 2285 1480 2304 ²2
1505 2284 1646 2329 quidem
1670 2288 1817 2329 praetor
1841 2296 1907 2330 pro
1932 2285 2114 2327 tribunali,
2139 2287 2201 2320 sed
2222 2288 2382 2330 postula-

1291 2328 1448 2364 tionibus
1472 2339 1545 2364 non
1562 2329 1716 2364 dedit²³:
1743 2333 1863 2374 potest
1883 2331 1952 2365 dici
1977 2333 2117 2375 tempus
2138 2331 2182 2365 ad
2208 2332 2382 2366 bonorum

1290 2374 1553 2418 possessionem
1587 2385 1658 2410 non
1695 2375 1837 2417 cedere,
1876 2386 1957 2410 cum
1989 2386 2134 2419 praeses
2160 2376 2241 2411 aliis
2274 2377 2381 2412 rebus

1290 2422 1353 2454 aut
1376 2419 1591 2455 militaribus
1616 2422 1680 2455 aut
1704 2420 1877 2456 custodiis
1902 2423 1967 2455 aut
1991 2421 2253 2465 cognitionibus
2275 2422 2383 2457 fuerit

1291 2468 1308 2498 :3
1358 2468 1568 2509 occupatus.
1611 2465 1647 2500 Si
1668 2475 1817 2509 praeses
1838 2466 2041 2509 provinciae
2065 2466 2101 2500 in
2123 2467 2289 2510 proxima
2314 2467 2383 2502 fuit

1290 2509 1442 2553 civitate,
1467 2510 1638 2544 accedere
1661 2511 1765 2544 debet
1782 2511 1828 2545 ad
1851 2511 2040 2545 utilitatem
2057 2512 2227 2555 temporis
2249 2512 2342 2547 ratio
2352 2513 2382 2533 ²⁴

1289 2555 1440 2597 itineris,
1473 2555 1611 2590 scilicet
1635 2557 1882 2591 numeratione
1907 2556 2029 2599 viginti
2054 2556 2186 2590 milium
2211 2567 2381 2601 passuum

1290 2601 1404 2635 facta:
1431 2611 1497 2635 nec
1519 2601 1613 2635 enim
1633 2606 1842 2645 exspectare
1862 2601 2043 2642 debemus,
2069 2606 2107 2636 ut
2127 2612 2273 2646 praeses
2298 2613 2379 2647 pro-

1290 2645 1426 2680 vinciae
1458 2646 1577 2681 veniat
1605 2646 1651 2680 ad
1686 2656 1785 2687 eum,
1823 2646 1882 2690 qui
1912 2647 2087 2681 bonorum
2115 2648 2381 2691 possessionem

1290 2695 1308 2725 4
1357 2691 1535 2736 petiturus
1566 2694 1632 2726 est.
1682 2691 1719 2726 Si
1751 2695 1873 2726 venter
1902 2691 1939 2725 in
1961 2692 2224 2736 possessionem
2249 2693 2379 2727 missus

1290 2736 1345 2779 sit,
1371 2737 1546 2771 bonorum
1568 2736 1806 2781 possessionis
1823 2739 1964 2781 tempus
1989 2747 2062 2771 non
2086 2737 2211 2772 cedere
2228 2749 2378 2783 sequen—

1289 2782 1384 2816 tibus
1409 2792 1634 2825 nequaquam
1657 2782 1906 2825 ambigendum
1931 2785 1995 2824 est,
2022 2792 2088 2817 nec
2111 2783 2259 2817 tandum
2284 2784 2379 2818 intra

1290 2827 1544 2862 centensimum
1569 2827 1672 2869 diem,
1698 2837 1821 2861 verum
1846 2827 1953 2861 etiam
1978 2827 2148 2872 quamdiu
2173 2828 2273 2863 nasci
2295 2839 2377 2873 pos-

1289 2873 1351 2906 sit:
1378 2883 1459 2907 nam
1483 2877 1518 2907 et
1542 2873 1573 2907 si
1597 2876 1703 2907 natus
1729 2872 1854 2915 fuerit,
1880 2875 1966 2907 ante
1991 2873 2024 2906 ei
2048 2874 2179 2908 deferri
2204 2874 2379 2909 bonorum

1290 2922 1307 2950 ι’)
1355 2918 1619 2962 possessionem
1651 2917 1837 2952 sciendum
1869 2922 1935 2952 est.
1985 2917 2176 2952 Scientiam
2208 2929 2284 2953 eam
2315 2920 2377 2953 ob-

1289 2963 1497 2997 servandam
1522 2963 1740 3007 Pomponius
1772 2963 1841 3005 ait,
1874 2973 1946 2998 non
1978 2973 2070 3007 quae
2096 2964 2192 2997 cadit
2222 2965 2258 2998 in
2292 2963 2378 2998 iuris

1289 3009 1500 3052 prudentes,
1533 3008 1594 3043 sed
1621 3018 1725 3051 quam
1751 3009 1829 3052 quis
1854 3008 1926 3043 aud
1953 3018 2018 3053 per
2042 3019 2081 3044 se
2112 3012 2175 3042 aut
2200 3019 2263 3053 per
2288 3008 2377 3043 alios

1289 3053 1435 3097 adsequi
1460 3053 1595 3098 potuit,
1629 3053 1767 3088 scilicet
1792 3054 2011 3089 consulendo
2037 3055 2303 3098 prudentiores,
2337 3055 2378 3087 ut

1289 3098 1546 3142 diligentiorem
1571 3101 1708 3142 patrem
1729 3098 1882 3133 familias
1908 3099 2093 3134 consulere
2118 3099 2261 3142 dignum
2285 3098 2372 3133 sit-¹⁵.

1334 3143 1358 3180 3
1385 3143 1545 3178 PAULUS
1574 3144 1664 3178 libro
1690 3144 1997 3189 quadraqensimo
2028 3151 2179 3189 quarta,
2211 3143 2261 3177 ad
2283 3142 2375 3177 edic-

1290 3193 1361 3223 tum
1418 3189 1522 3223 Circa
1552 3192 1715 3232 tempora
1748 3189 1924 3224 bonorum
1955 3189 2192 3233 possessionis
2223 3187 2377 3233 patris²⁶

1289 3234 1439 3269 scientia
1462 3233 1679 3277 ignoranti²⁷
1704 3234 1777 3269 filio
1803 3245 1875 3270 non
1900 3239 2014 3270 nocet.

1334 3281 1359 3316 4
1386 3279 1577 3314 IULIANUS
1598 3279 1690 3315 libro
1716 3281 1906 3315 vicensimo
1932 3284 2059 3315 octavo
2084 3279 2305 3323 diqestorum
2337 3277 2374 3312 Si

1289 3324 1457 3359 coheredi
1480 3328 1543 3359 tuo
1569 3324 1784 3361 substitutus
1808 3325 1939 3360 fuisses
1965 3329 1999 3359 et
2030 3324 2204 3358 bonorum
2229 3332 2372 3366 posses-

132 3443 167 3480 111
194 3439 392 3471 consobrina
405 3441 464 3473 ins.
559 3446 601 3479 (2)
627 3441 772 3483 abnepos
784 3441 934 3484 abneptis
946 3443 979 3473 F

175 3486 217 3526 13)
244 3484 326 3518 Sab.
347 3503 391 3508 -
412 3485 496 3518 Bas.
517 3487 572 3528 45,
591 3494 618 3520 5.
635 3504 680 3510 ——
703 3488 752 3530 Cf
779 3487 856 3519 Cod.
877 3488 908 3528 6,
926 3494 960 3520 18
1087 3489 1129 3528 (4)
1154 3487 1218 3519 sibi

129 3529 328 3561 succedunt:
354 3540 430 3561 nam
442 3529 561 3563 illicite
577 3531 669 3563 inter
688 3542 722 3564 se
734 3531 909 3564 coniuncti
926 3532 955 3564 si
973 3531 1057 3564 alter
1075 3532 1218 3564 alterum

130 3574 282 3607 heredem
300 3575 504 3618 scripserint,
525 3575 621 3609 nullo
638 3577 736 3609 modo
755 3587 794 3609 ex
812 3579 1008 3609 testamento
1025 3591 1086 3610 sec.
1101 3578 1136 3610 Β
1156 3580 1215 3610 ins.

129 3620 173 3662 (5)
196 3619 352 3662 prohibet
364 3620 438 3653 dett.

174 3669 218 3705 (6)
245 3666 369 3704 Sab.1;
387 3665 473 3709 Pap.
485 3666 659 3699 2.—-Bas.
672 3669 852 3709 45,1,1ο.11
916 3668 958 3710 (7)
985 3667 1176 3700 vidicantur
1191 3668 1223 3698 F

175 3712 220 3753 (8)
244 3710 327 3744 Sab.
343 3729 383 3734 —
397 3710 483 3745 Bas.
498 3713 590 3753 45,1,
603 3720 636 3746 13
722 3712 768 3753 (9)
792 3711 947 3744 instituio
963 3713 997 3744 F
1077 3715 1135 3753 (10)
1161 3713 1215 3745 de-

125 3758 295 3797 negentur
309 3755 388 3788 Hal.

1334 3440 1389 3478 (11)
1415 3438 1496 3470 δαὶ).
1511 3457 1554 3461 -
1569 3438 1653 3471 Bas.
1667 3438 1763 3483 453,
1779 3446 1810 3471 27

1904 3440 1962 3478 (12)
1987 3439 2159 3468 senatusve
2186 3438 2259 3468 decc.

1332 3485 1392 3525 (13)
1415 3484 1589 3520 Sab.2...4;
1608 3484 1707 3518 Ed.1.
1721 3484 1957 3521 5.-—Bas.45,
1970 3488 2115 3515 2.28...32
2238 3481 2295 3521 (14)
2315 3481 2373 3513 bo-

1289 3539 1407 3560 norum
1424 3530 1483 3561 ins.
1499 3531 1565 3562 ind.
1583 3530 1612 3561 F
1711 3531 1768 3569 (15)
1793 3530 1889 3560 detur
1904 3528 1970 3560 ind.
1987 3528 2018 3558 F
2117 3526 2176 3567 (16)
2201 3525 2299 3557 datur
2310 3539 2370 3560 scr.

1287 3578 1346 3618 (17)
1371 3578 1404 3609 et
1416 3577 1476 3609 ins.
1491 3577 1565 3609 dett,
1631 3576 1692 3617 (18)
1717 3585 1830 3617 possea
1844 3575 1879 3606 F
1932 3573 1992 3616 (19)
2016 3573 2060 3604 sit
2073 3574 2132 3604 ins.
2192 3573 2256 3612 (20)
2281 3582 2371 3613 prae-

1288 3626 1342 3653 tor-
1371 3622 1430 3663 qui
1460 3620 1625 3654 bonorum
1652 3620 1888 3662 possessionem
1917 3618 2056 3650 daturus
2086 3619 2134 3648 est
2164 3629 2226 3649 sec.
2256 3617 2288 3648 Β
2315 3619 2372 3649 ins.

1287 3669 1348 3708 (21)
1372 3667 1522 3699 namins.
1583 3667 1647 3707 (22)
1666 3664 1792 3696 sededit
1806 3665 1840 3696 F
1889 3664 1950 3704 (23)
1970 3663 2056 3695 Sedit
2068 3663 2168 3694 codex
2182 3662 2375 3694 Charondae

1288 3715 1348 3751 (24)
1374 3711 1481 3755 spatio
1496 3712 1546 3745 Ιῖ*2
1650 3712 1711 3751 (25)
1737 3709 1908 3741 consulere
1927 3707 2030 3740 solere
2050 3707 2226 3739 dicendum
2247 3707 2291 3737 sit
2309 3719 2369 3740 scr.

1288 3760 1349 3799 (20)
1375 3757 1463 3799 patri
1479 3758 1513 3790 F
1597 3758 1657 3791 (2-1)
1683 3755 1849 3796 iguaranti
1866 3755 1898 3786 F
1905 3754 1925 3793 ¹,
1946 3751 2138 3794 ignarantia
2152 3752 2201 3784 F²

2055 3810 2095 3840 74
