2528 3918
161 114 511 159 xxxxw1.2

161 247 225 283 pro
240 247 279 272 se
298 236 457 273 solvendi
476 237 606 282 animo,
630 237 694 274 sed
714 248 779 283 pro
799 237 895 275 Titio
917 236 1013 281 fecit,
1039 242 1081 273 ut
1097 238 1251 275 maxime

159 293 241 318 eum
263 282 401 326 liberet,
425 283 574 320 habebit
598 294 679 319 cum
702 293 746 320 eo
770 283 928 319 mandati
951 283 1139 319 actionem.

206 325 259 365 70
286 327 411 364 Gams
431 328 522 364 libro
538 330 664 376 primo
688 328 734 364 de
756 330 944 369 verborum
969 329 1251 375 obliyatae'onibus

160 372 198 408 Si
228 383 251 408 a
279 382 342 408 reo
382 374 449 409 sub
487 373 698 410 condicione
734 373 839 411 fuero
870 374 1081 419 stipulatus,
1122 377 1249 418 potero

159 417 404 454 fideiussorem
429 423 465 454 et
487 418 526 454 in
549 419 644 455 hanc
666 423 703 455 et
723 419 763 455 in
785 420 891 455 aliam
916 418 1160 454 condicionem
1185 419 1251 454 ob-

162 463 288 516 ligare,
321 463 351 498 si
382 463 488 500 modo
521 474 583 500 eas
613 465 842 510 coniungam:
883 464 951 499 nisi
981 464 1075 499 enirn
1098 468 1251 509 utraque

160 508 346 550 exstiterit,
372 519 445 545 non
462 509 653 552 tenebitur,
679 520 760 546 cum
783 520 867 545 reus
887 520 931 544 ex
950 519 1023 544 una
1042 508 1251 545 condicione

160 558 334 591 teneatur.
378 554 475 600 quod
497 555 528 591 si
552 565 614 591 eas
637 555 850 600 disinngam,
875 554 997 590 durior
1019 554 1062 589 fit
1085 554 1250 591 condicio

160 598 379 652 fideiussoris
410 610 476 635 nec
508 601 554 636 ob
584 600 622 636 id
651 600 849 646 obligatur:
888 600 1019 653 quippe
1050 599 1124 636 sive
1153 610 1251 635 com-

160 655 276 680 munis
309 645 423 681 utrius
448 655 494 682 ue
517 646 681 682 condicio
705 646 861 681 extiterit
885 655 957 681 sure
982 645 1176 688 alterutra,
1199 645 1251 680 vi-

159 689 288 726 deatur
318 689 430 735 adpre
457 690 557 735 endi,
599 702 680 727 cum
713 702 794 726 reus
826 701 898 725 non
930 690 1035 726 aliter
1072 694 1249 733 teneatur,

159 745 267 780 quam
289 736 321 771 si
346 736 543 772 communis
567 737 758 772 exstiterit:
800 740 864 771 aut
885 736 993 779 igitur
1021 736 1120 772 nullo
1144 735 1250 772 modo

158 781 341 817 tenebitur
362 780 563 826 fideiussor,
588 786 662 825 aut,
687 781 784 827 quod
807 781 919 826 magis
943 785 1010 824 est,
1039 781 1250 823 ¹tenebitur,

165 830 177 861 l
227 826 258 862 si
280 826 381 879 prius
405 827 562 862 extiterit
585 827 794 863 communis.
838 826 912 862 Sub
937 826 1086 863 diversis
1110 837 1252 871 quoque

160 870 429 908 condicionibus
467 873 498 908 si
528 873 662 908 fuerint
692 872 919 916 interrogati,
958 872 1124 916 interest,
1167 878 1251 906 utra

159 927 283 953 eorum
341 917 417 954 rior
452 918 620 953 extiterit.
681 918 711 952 si
751 927 813 952 reo
852 917 1030 961 iniuncta,
1070 917 1251 953 tenebitur

159 961 267 998 etiam
290 961 326 1016 fi·
341 962 499 1016 eiussor,
533 974 614 998 cum
628 962 807 1016 ‘condicio
832 963 908 999 eius
932 962 1125 1016 exstiterit,
1157 966 1251 997 tam-

159 1009 564 1106 gfficizlngtgggptzbs
583 1013 688 1089 ὲὲἒὲἓ
720 1018 937 1089 ἓξιυῗίἰεὲἕεθᾶ
952 1007 1250 1096 αξξῐιιῖεεεῖΐῇεᾱιέ

158 1099 308 1135 iussons
333 1099 495 1135 condicio
519 1099 617 1144 prior
640 1099 809 1141 extiterit,
834 1109 906 1134 non
925 1103 1080 1143 tenetur,
1103 1098 1251 1144 perinde

159 1155 203 1180 ac
235 1144 266 1181 si
295 1145 417 1180 statim
448 1145 495 1179 ab
526 1144 626 1180 initio
655 1154 747 1190 pure
775 1148 948 1190 acceptus
978 1147 1074 1180 esset
1095 1154 1156 1180 reo
1181 1144 1249 1179 sub

159 1193 179 1225 2
228 1189 438 1225 condicione
468 1190 638 1234 obligato.
687 1189 726 1224 Si
756 1200 818 1225 reo
847 1189 884 1224 in
908 1189 1060 1224 fundum
1092 1189 1249 1234 obligato

159 1234 349 1271 fideiussor
367 1235 404 1270 in
425 1245 529 1270 usum
548 1235 704 1270 fructum
726 1235 935 1280 accipiatur,
961 1235 1162 1288 quaesitum
1183 1239 1249 1277 est,

159 1284 278 1316 utrum
309 1280 486 1325 obligetur
518 1280 709 1316 fideiussor
740 1280 844 1325 quasi
871 1280 910 1315 in
934 1290 1071 1324 minus,
1107 1290 1155 1315 an
1177 1290 1251 1315 non

158 1326 337 1371 obligetur
367 1326 470 1371 quasi
500 1326 536 1361 in
571 1325 680 1361 aliud.
728 1325 831 1361 nobis
854 1325 892 1361 in
916 1335 958 1361 eo
981 1325 1123 1361 videtur
1146 1324 1249 1360 dubi-

158 1371 246 1407 tatio
277 1381 374 1414 esse,
412 1381 501 1407 usus
531 1371 672 1406 fructus
734 1381 794 1406 ars
826 1371 878 1406 rei
909 1370 956 1406 sit
986 1381 1033 1406 an
1063 1370 1250 1417 proprium

159 1416 345 1462 quiddam:
381 1416 444 1453 sed
473 1427 555 1452 cum
583 1427 671 1452 usus
712 1419 841 1452 'ructus
870 1415 974 1451 fundi
1004 1416 1061 1452 ius
1091 1421 1163 1459 est,
1195 1416 1249 1451 in·

159 1462 260 1498 civile
279 1466 334 1498 est
356 1462 602 1498 fideiussorem
626 1473 670 1497 ex
691 1472 757 1498 sua
775 1462 1011 1514 promissione
1029 1472 1102 1498 non
1121 1461 1247 1497 teneri.

159 1511 178 1543 3
225 1507 327 1544 Adeo
358 1517 382 1543 a
411 1518 512 1543 servo
550 1511 670 1553 potest
708 1507 898 1543 fideiussor
927 1507 1061 1553 accipi,
1101 1510 1144 1542 ut
1173 1507 1251 1552 ipse

159 1563 299 1599 quoque
322 1552 485 1589 dominus
508 1553 547 1588 in
568 1552 626 1596 id,
650 1553 747 1599 quod
770 1552 839 1588 sibi
863 1552 1030 1596 debetur,
1061 1551 1248 1588 fideiusso-

158 1609 233 1634 rem
257 1598 304 1634 ab
334 1609 376 1634 eo
406 1603 504 1634 recte
527 1598 698 1651 accipiat:
735 1608 842 1643 quem
864 1597 1111 1634 fideiussorem
1142 1597 1249 1633 etiam

159 1648 179 1679 4
227 1644 274 1679 ab
297 1654 341 1679 eo
371 1645 450 1690 ipso
479 1654 581 1679 servo
604 1643 818 1689 interrogari
841 1643 931 1678 nihil
958 1643 1117 1688 impedit.
1166 1642 1204 1678 Si
1228 1652 1251 1677 a

159 1689 295 1725 furioso
326 1689 519 1734 stipulatus
546 1689 678 1731 fueris,
710 1699 782 1725 non
815 1699 923 1734 posse
945 1692 982 1724 te
1004 1688 1251 1724 fideiussorem

160 1734 326 1780 accipere
350 1738 487 1770 certum
512 1738 583 1778 est,
619 1735 703 1780 quia
726 1745 800 1769 non
823 1734 938 1769 solum
960 1734 1041 1779 ipsa
1064 1733 1250 1779 stipulatio

160 1780 260 1815 nulla
281 1780 562 1822 intercessisset,
595 1779 659 1816 sed
691 1790 735 1815 ne
768 1779 948 1824 negotium
971 1778 1113 1825 quidem
1137 1779 1250 1814 ullum

160 1830 297 1871 gestum
320 1825 546 1871 intellegitur.
584 1824 681 1871 quod
705 1824 737 1860 si
753 1835 819 1871 pro
837 1824 975 1860 furioso
994 1824 1074 1860 iure
1092 1824 1250 1869 obligato

159 1875 178 1906 5
225 1870 472 1907 fideiussorem
489 1881 664 1916 accepero
701 1874 844 1906 tenetur
861 1869 1060 1906 fideiussor.
1094 1869 1136 1905 Id
1155 1869 1251 1915 quod

158 1916 261 1963 volgo
299 1916 433 1952 dictum
473 1920 527 1951 est
561 1897 820 1951 maleficiorum
856 1915 1101 1951 fideiussorem
1134 1915 1251 1960 accipi

158 1972 231 1997 non
254 1972 362 2007 posse
384 1972 457 1997 non
477 1962 529 1997 sic
552 1960 708 2006 intellegi
732 1961 849 2003 debet,
873 1965 915 1996 ut
937 1961 974 1996 in
990 1971 1144 2006 poenam
1163 1959 1251 1995 furti

157 2008 201 2050 is,
226 2008 285 2043 cui
308 2006 444 2042 furtum
467 2006 604 2042 factum
627 2011 693 2050 est,
718 2006 963 2042 fideiussorem
987 2006 1152 2052 accipere
1175 2016 1248 2041 non

159 2053 274 2098 possit
305 2056 401 2096 (nam
431 2062 569 2097 poenas
600 2052 646 2087 ob
679 2051 855 2087 maleficia
883 2051 974 2087 solvi
1004 2061 1134 2096 magna
1157 2051 1250 2086 ratio

159 2098 319 2141 suadet),
352 2097 416 2133 sed
439 2099 490 2132 ita
513 2097 653 2143 potius,
686 2100 727 2132 ut
750 2097 810 2142 qui
834 2107 915 2132 cum
945 2096 1015 2132 alio
1046 2097 1150 2132 cum²
1179 2107 1251 2141 quo

158 2143 295 2179 furtum
318 2142 471 2186 admisit,
496 2142 534 2177 in
555 2146 706 2187 partem,
731 2152 839 2187 quam
863 2152 908 2177 ex
930 2141 1029 2177 furto
1053 2141 1123 2177 sibi
1145 2141 1250 2176 resti-

159 2189 213 2224 tui
241 2188 439 2230 desiderat,
474 2187 721 2223 fideiussorem
757 2187 916 2232 obligare
946 2197 1018 2222 non
1050 2187 1182 2232 possit,
1216 2191 1252 2221 et

159 2234 222 2280 qui
251 2234 368 2269 alieno
399 2233 547 2269 hortatu
577 2232 624 2268 ad
657 2232 794 2267 furtum
824 2232 1028 2268 faciendum
1057 2237 1251 2278 provectus

160 2284 233 2322 est,
265 2289 311 2315 ne
333 2279 370 2314 in
401 2278 491 2314 furti
520 2288 639 2324 poena
662 2278 708 2313 ab
733 2287 776 2314 eo
806 2277 867 2323 qui
898 2277 1064 2313 hortatus
1087 2282 1143 2312 est
1164 2276 1250 2312 fide-

160 2326 335 2361 iussorem
372 2324 537 2370 accipere
574 2323 700 2369 possit.
754 2323 792 2358 in
838 2323 968 2368 quibus
1008 2322 1153 2359 casibus
1189 2322 1251 2357 illa

159 2370 253 2406 ratio
286 2369 434 2415 impedit
465 2369 712 2405 fideiussorem
744 2368 912 2414 obligari,
945 2368 1029 2414 quia
1051 2368 1189 2404 scilicet
1212 2368 1249 2402 in

160 2415 294 2451 nullam
318 2415 492 2451 rationem
517 2414 708 2450 adhibetur
733 2413 941 2456 fideiussor,
967 2414 1073 2449 cum³
1096 2413 1248 2458 flagitio-

160 2470 222 2496 sae
245 2461 297 2496 rei
322 2461 474 2496 societas
499 2460 595 2495 coita
616 2459 752 2495 nullam
774 2459 845 2495 vim
868 2458 989 2495 habet.

207 2503 255 2543 71
290 2505 346 2541 ΡΑ
355 2515 450 2541 vhUs
485 2505 576 2542 libro
617 2508 749 2551 quarto
786 2505 1037 2551 quaestionum
1093 2503 1249 2539 Granius

159 2552 364 2587 Antoninus
392 2562 459 2596 pro
490 2550 607 2586 Iulio⁴
640 2549 802 2585 Pollione
833 2553 870 2585 et
892 2549 985 2585 Iulio
1010 2548 1106 2584 Rufo
1139 2559 1248 2594 pecu-

160 2597 256 2632 niam
287 2600 447 2632 mutuam
470 2596 548 2632 acci
574 2595 746 2639 ientibus‚
779 2595 830 2630 ita
853 2599 895 2630 ut
918 2594 989 2630 duo
1014 2595 1065 2630 rei
1089 2594 1250 2630 eiusdem

161 2642 269 2678 debiti
293 2641 442 2685 fuerint,
468 2652 538 2687 apu
585 2640 767 2676 Aurelium
790 2640 951 2676 Palmam
975 2639 1165 2675 mandator
1187 2650 1249 2674 ex·

160 2688 294 2723 stitit⁵:
325 2687 407 2722 Iulii
436 2687 532 2722 bona
555 2686 602 2721 ad
625 2686 751 2721 fiscum
774 2686 989 2721 venerunt⁶:
1021 2685 1184 2721 similiter
1213 2691 1250 2720 et

162 2732 330 2768 creditori
358 2731 470 2768 fiscus
499 2735 736 2767 successerat.
784 2731 972 2766 mandator
1001 2730 1181 2776 allegabat
1211 2740 1250 2766 se

161 2778 351 2813 liberatum
373 2777 451 2812 iure
476 2776 713 2820 confusionis,
744 2776 829 2821 quia
851 2776 960 2811 fiscus
983 2782 1057 2811 tam
1082 2775 1250 2811 creditori

161 2833 267 2868 quam
291 2822 443 2858 debitori
466 2826 700 2858 successerat.
747 2826 784 2857 et
815 2821 956 2867 quidem
980 2821 1011 2856 si
1035 2831 1128 2856 unus
1152 2820 1249 2856 debi-

161 2873 219 2903 tor
240 2867 384 2910 fuisset,
408 2878 481 2903 non
505 2867 714 2903 dubitabam
738 2867 832 2903 sicut
853 2866 1115 2910 fideiussorem,
1139 2865 1191 2900 ita
1213 2870 1251 2901 et

162 2912 406 2949 mandatorem
436 2912 624 2948 liberatum
655 2922 749 2948 esse:
792 2912 951 2958 quamvis
991 2911 1085 2947 enim
1118 2910 1250 2947 iudicio

161 2962 335 2994 convento
359 2957 549 3011 principali
572 2957 731 2994 debitore
755 2957 944 2992 mandator
966 2967 1039 2992 non
1066 2956 1248 2999 liberetur,

163 3011 283 3039 tamen
314 3003 378 3039 ubi
408 3003 582 3038 successit
614 3002 770 3038 creditor
801 3002 971 3046 debitori,
1012 3001 1121 3037 velun·
1151 3001 1248 3037 solu-

162 3050 268 3085 tionis
296 3049 375 3084 iure
398 3048 541 3084 sublata
572 3048 788 3093 obligatione
813 3048 918 3083 etiam
949 3047 1138 3082 mandator
1161 3047 1249 3083 libe-

163 3100 283 3137 ratur,
316 3093 372 3130 vel
395 3093 479 3139 quia
502 3103 574 3129 non
598 3098 717 3138 potest
740 3103 805 3139 pro
830 3093 954 3128 eodem
978 3091 1076 3139 apud
1098 3092 1250 3128 eundem

162 3140 241 3186 quis
273 3139 461 3175 mandator
492 3148 581 3174 esse.
630 3138 691 3173 sed
723 3149 804 3174 cum
836 3138 907 3174 duo
938 3138 991 3173 rei
1021 3137 1250 3183 promittendi

162 3186 234 3220 sint
262 3189 300 3220 et
322 3184 426 3220 alteri
457 3183 562 3219 heres
585 3184 722 3219 exstitit
745 3183 920 3226 creditor,
952 3183 1048 3219 iusta
1071 3182 1248 3219 dubitatio

162 3235 233 3272 est,
269 3235 387 3265 utrum
412 3230 504 3264 alter
526 3238 668 3274 quoque
699 3228 872 3264 liberatus
896 3232 967 3270 est,
1002 3238 1045 3264 ac
1075 3228 1107 3264 si
1131 3227 1249 3263 soluta

162 3276 288 3311 fnisset
311 3275 475 3320 pecunia,
499 3284 546 3310 an
567 3283 724 3319 persona
746 3277 885 3308 tantum
910 3276 1075 3319 exempta
1098 3272 1250 3309 confusa

163 3320 387 3365 obligatione.
437 3324 473 3355 et
499 3325 589 3365 puto
619 3318 775 3354 aditione
807 3319 1014 3354 hereditatis
1039 3317 1249 3354 confusione

163 3365 387 3410 obligationis
418 3364 525 3401 eximi
553 3373 761 3410 personam:
798 3364 859 3399 sed
890 3368 926 3399 et
957 3363 1180 3399 accessiones
1206 3374 1249 3399 ex

163 3412 240 3447 eius
270 3421 426 3456 persona
455 3409 601 3446 liberari
639 3413 785 3455 propter
815 3408 912 3443 illam
935 3409 1128 3450 rationem,
1165 3409 1250 3454 quia

163 3466 236 3492 non
265 3460 417 3501 possunt
473 3466 515 3491 ro
538 3454 663 3491 eodem
686 3453 783 3500 apud
807 3453 956 3489 eundem
989 3452 1133 3499 obligati
1157 3463 1247 3495 esse,

163 3506 204 3537 ut
226 3500 436 3547 quemadmo
462 3511 522 3536 um
543 3500 702 3546 incipere
725 3499 814 3535 alias
831 3509 903 3533 non
925 3503 1087 3544 possunt,
1111 3499 1163 3534 ita
1181 3508 1247 3534 nec

164 3618 202 3652 (ί)
226 3614 276 3648 ita
295 3615 354 3649 ins.
374 3613 427 3647 17²
527 3615 571 3656 (2)
595 3623 672 3648 cum
691 3613 754 3647 del.
847 3613 890 3653 (³)
914 3610 1042 3644 seilicet
1060 3611 1096 3644 in
1117 3610 1246 3644 nullam

163 3661 326 3693 rationem
344 3659 522 3693 adhibetur
538 3659 711 3693 fideiussor
727 3668 803 3691 eum
826 3658 887 3691 del.
1007 3657 1051 3697 (4)
1076 3657 1178 3689 Innio
1195 3657 1249 3690 vel

163 3706 264 3739 simile
285 3707 366 3748 quid
381 3717 446 3738 scr.
558 3707 601 3744 (ὁ)
626 3704 791 3737 exstiterit
811 3702 846 3736 F
951 3703 996 3743 (6)
1022 3702 1198 3734 venierunt
1217 3701 1251 3734 F

164 3752 208 3792 (Ἰ)
232 3749 277 3793 et]
291 3750 397 3782 vietus
409 3761 470 3784 ner.

1243 112 1330 162 744

1981 131 2042 162 DE
2072 132 2133 163 No
2137 132 2406 164 vanomnus

1319 243 1538 275 remaneant.
1586 240 1694 286 igitur
1723 241 1875 277 alterum
1905 252 2007 277 reum
2044 243 2203 278 eiusdem
2234 243 2408 288 pecuniae

1319 294 1392 320 non
1414 284 1561 320 liberari
1585 289 1621 321 et
1641 295 1707 331 per
1728 285 1800 322 hoc
1823 297 1889 322 nec
1913 285 2158 323 fideiussorem
2181 287 2236 323 vel
2258 287 2405 323 manda-

1319 333 1434 364 torem
1464 330 1552 366 eius.
1629 329 1710 366 lane
1749 331 1833 376 quia
1863 332 1894 367 is
1926 332 2086 367 mandati
2116 332 2247 368 iudicio
2280 331 2408 378 eligere

1345 378 1439 427 otest
1462 374 1518 428 vel
1541 385 1562 411 c
1629 375 1770 420 torem,
1802 377 2077 422 competituram
2105 377 2140 413 ei
2163 378 2407 423 exceptionem

1345 420 1393 455 oh
1414 420 1514 462 mah,
1547 421 1578 456 si
1607 421 1766 466 coeperit
1793 422 1983 458 conveniri.
2032 433 2112 458 cum
2142 423 2257 458 altero
2289 427 2407 458 autem

1319 475 1382 500 reo
1414 465 1469 500 vel
1499 465 1538 500 in
1568 465 1739 509 solidum,
1777 466 1808 502 si
1839 478 1912 503 non
1941 467 2050 503 fuerit
2081 468 2251 511 societas,
2283 467 2338 503 vel
2371 469 2408 502 in

1319 514 1476 556 partem,
1514 511 1545 546 si
1579 510 1667 546 socii
1701 510 1866 555 fuerunt,
1903 523 2010 558 posse
2045 512 2258 549 creditorem
2290 523 2406 558 agere.

1320 554 1418 600 quod
1440 556 1471 591 si
1495 555 1651 592 creditor
1668 555 1871 593 fideiussori
1889 557 1994 594 heres
2018 558 2128 593 fuerit
2144 558 2199 594 vel
2218 557 2409 594 fideiussor

1321 600 1501 643 creditori,
1525 606 1614 654 puto
1640 603 1828 638 convenire
1852 603 2061 639 confusione
2086 603 2312 649 obligationis
2335 614 2408 638 non

1323 651 1336 680 1
1358 690 1366 699 ⁸
1388 645 1536 682 liberari
1566 656 1677 682 reum.
1725 646 1765 682 Si
1797 658 1973 692 ponamus
2005 659 2115 684 unum
2148 659 2193 684 ex
2221 649 2292 684 reis
2323 659 2407 701 pro-

1319 691 1482 726 mittendi
1518 697 1666 737 pactum
1706 702 1800 735 esse,
1840 703 1886 728 ne
1922 703 1946 729 a
1980 704 2018 730 se
2048 698 2249 739 peteretur,
2282 693 2409 730 demde

1320 736 1566 773 mandatorem
1589 737 1755 773 solvisse:
1794 738 1952 774 mandati
1975 739 2107 775 iudicio
2132 739 2321 775 convenire
2343 750 2408 784 po-

1320 781 1391 816 tuit
1422 782 1529 817 etiam
1558 792 1659 826 eum,
1697 793 1778 818 cum
1841 794 1888 819 uo
1924 788 2073 836 pactum
2105 788 2177 820 est:
2213 795 2286 820 non
2317 785 2408 819 enim

1320 830 1340 861 2
1387 831 1535 872 pactum
1558 827 1745 864 creditoris
1768 828 1822 864 tol
1834 829 1864 863 it
1886 829 2037 864 ahenam
2061 829 2249 865 actionem.
2285 828 2411 864 Placet

1320 872 1566 909 mandatorem
1610 873 1724 909 teneri
1760 874 1867 909 etiam
1906 874 1936 910 si
1974 874 2203 910 faeneraturo
2243 873 2410 910 creditori

1320 917 1463 953 mandet
1485 918 1676 964 pecuniam
1701 918 1857 955 credere.

1367 961 1421 1000 72
1448 963 1572 1000 szs
1599 963 1690 999 libro
1715 965 1820 1000 tertio
1844 964 1889 1000 de
1917 965 2105 1000 verborum
2129 964 2411 1011 obliqationibus

1320 1008 1357 1043 Si
1386 1008 1587 1045 fideiussori
1619 1010 1686 1045 sub
1727 1009 1937 1045 condicione
1973 1009 2129 1055 obligato
2162 1010 2204 1045 ‘si
2234 1009 2334 1046 navis
2364 1019 2410 1045 ex

1321 1055 1420 1089 ‘Asia
1443 1054 1601 1098 venerit’‚
1626 1065 1730 1100 quem
1755 1055 1822 1091 sub
1845 1055 1915 1091 hoc
1937 1055 2044 1091 modo
2068 1056 2209 1101 accepi,
2233 1059 2274 1091 ut
2296 1065 2410 1101 usque

1320 1100 1365 1134 ad
1389 1104 1529 1146 tempus
1546 1100 1641 1136 vitae
1665 1110 1752 1135 suae
1773 1100 1960 1136 dumtaxat
1979 1100 2208 1146 obligaretur,

1321 1144 1531 1181 condicione
1569 1149 1755 1191 acceptum
1789 1145 1903 1181 latum
1942 1145 2051 1181 fuerit
2088 1151 2125 1181 et
2154 1145 2186 1182 is

1320 1190 1438 1226 adhuc
1461 1189 1640 1236 pendente
1661 1190 1872 1227 condicione
1889 1195 2052 1227 mortuus
2073 1191 2197 1227 fuerit:
2223 1191 2410 1227 confestim

1320 1246 1342 1270 a
1375 1246 1436 1271 reo
1455 1240 1583 1288 petere
1603 1246 1772 1282 possum,
1805 1236 1890 1281 quia
1921 1236 2077 1272 existens
2109 1236 2271 1272 condicio
2295 1246 2410 1282 neque

1320 1281 1571 1326 obligationem
1593 1281 1630 1317 in
1658 1292 1849 1327 personam
1871 1281 1944 1317 iam
1975 1281 2107 1317 mortui
2130 1281 2271 1318 efficere
2295 1291 2410 1327 neque

1320 1337 1406 1362 acce
1432 1327 1630 1362 tilationem
1656 1326 1867 1363 confirmare
1890 1327 2015 1372 possit.

1366 1337 1431 1410 73)
1444 1371 1500 1407 ΡΑ
1509 1382 1604 1408 vsvs
1624 1372 1715 1408 libro
1739 1373 2029 1420 septuaqensimo
2053 1375 2159 1408 sexto
2185 1372 2234 1408 ad
2255 1372 2410 1408 edictum

2259 1100 2411 1136 endente

2249 1145 2411 1182 deiussor

1319 1418 1409 1453 Cum
1436 1421 1651 1463 procurator
1681 1417 1720 1453 in
1749 1428 1825 1453 rem
1859 1417 2006 1463 agebat,
2039 1418 2240 1453 cautionem
2263 1416 2411 1453 dederat

1318 1468 1434 1499 ratam
1456 1473 1531 1499 rem
1554 1463 1736 1499 dominum
1765 1461 1986 1499 habiturum:
2011 1467 2138 1509 postea
2161 1463 2254 1498 victo
2278 1473 2320 1498 eo
2346 1462 2408 1498 do·

1318 1509 1434 1544 minus
1457 1518 1621 1545 reversus
1645 1509 1775 1544 iterum
1799 1508 1844 1544 (le
1865 1508 1989 1544 eadem
2012 1519 2051 1543 re
2075 1508 2244 1554 agitabat,
2269 1511 2306 1544 et
2328 1518 2409 1544 cum

1317 1564 1400 1590 reus
1424 1554 1574 1590 haberet
1596 1554 1875 1599 possessionem,
1899 1555 1956 1589 et⁷
1980 1553 2096 1589 noluit
2119 1563 2198 1589 eam
2221 1553 2410 1589 restituere

1319 1603 1356 1635 et
1378 1599 1458 1635 ideo
1481 1609 1609 1644 magno
1635 1600 1892 1635 condemnatus
1916 1602 1989 1634 est:
2021 1599 2059 1633 in
2088 1598 2241 1643 amplius
2265 1598 2409 1633 fideius-

1320 1655 1419 1681 sores
1438 1654 1513 1680 non
1528 1648 1712 1680 tenentur:
1734 1644 1804 1680 hoc
1819 1644 1913 1680 enim
1929 1654 2002 1679 non
2018 1643 2125 1679 debet
2139 1644 2307 1689 imputari
2322 1643 2409 1678 fide·-

1318 1690 1530 1732 iussoribus,
1555 1689 1652 1734 quod
1675 1689 1735 1724 ille
1758 1693 1907 1735 propter
1925 1699 2027 1725 suam
2048 1698 2198 1735 poenam
2219 1689 2408 1734 praestitit.

1826 1827 1903 1866 11⁸.

1390 1893 1453 1926 DE
1476 1893 1818 1927 NOVATIONIBUS
1841 1893 1901 1926 ΕΤ
1926 1891 2340 1926 DELEGATIONIBUS.

1370 1958 1389 1997 1
1424 1958 1619 1996 ULPJAMJS
1651 1959 1744 1995 libro
1776 1959 2081 2006 quadraqensimo
2106 1962 2211 1994 sexto
2235 1957 2286 1993 ad
2307 1956 2409 1994 Sabi-

1320 2015 1406 2039 num
1440 2004 1594 2040 Novatio
1615 2009 1670 2041 est
1692 2004 1821 2050 prioris
1839 2004 1949 2040 debiti
1971 2004 2009 2039 in
2033 2004 2141 2039 aliam
2160 2002 2409 2048 obligationem

1319 2049 1375 2085 vel
1399 2049 1535 2086 civilem
1559 2050 1615 2086 vel
1638 2050 1838 2086 naturalem
1858 2049 2052 2085 transfusio
2078 2054 2187 2094 atque
2209 2048 2409 2091 translatio,

1319 2096 1389 2131 hoc
1421 2099 1476 2131 est
1507 2106 1589 2131 cum
1613 2106 1658 2131 ex
1679 2095 1909 2141 praecedenti
1939 2104 2050 2130 causa
2078 2095 2129 2130 ita
2158 2103 2250 2129 nova
2275 2093 2409 2129 consti·

1318 2145 1461 2184 tuatur,
1500 2144 1541 2175 ut
1571 2141 1671 2186 prior
1703 2145 1918 2187 perematur.
1973 2139 2117 2175 novatio
2150 2139 2243 2175 enim
2272 2148 2295 2174 a
2317 2149 2409 2174 novo

1324 2190 1337 2221 1
1387 2196 1517 2222 nomen
1544 2186 1686 2232 accepit
1716 2190 1752 2221 et
1775 2196 1798 2221 a
1820 2196 1913 2221 nova
1944 2185 2171 2239 obligatione.
2218 2184 2313 2220 Illud
2336 2194 2409 2220 non

1319 2231 1484 2274 interest,
1516 2231 1631 2277 qualis
1655 2232 1856 2277 processit⁹
1879 2231 2060 2276 obligat10‚
2093 2234 2213 2265 utrum
2235 2229 2409 2265 naturalis

1320 2288 1378 2312 an.
1401 2277 1513 2312 civilis
1543 2287 1591 2312 an
1620 2277 1831 2320 honoraria,
1864 2281 1902 2313 et
1931 2281 2051 2311 utrum
2082 2275 2199 2311 verbis
2229 2285 2276 2310 an
2299 2285 2339 2310 re
2362 2285 2407 2310 an

1320 2332 1516 2358 consensu:
1557 2323 1826 2368 qualiscumque
1864 2321 1973 2367 igitur
2007 2321 2177 2366 obligatio
2215 2320 2282 2363 sit,
2317 2330 2408 2366 quae

1318 2368 1534 2413 praecessit,
1566 2367 1692 2403 novari
1723 2368 1841 2403 verbis
1872 2370 2010 2413 potest,
2042 2365 2233 2402 dummodo
2256 2375 2408 2411 sequens

1320 2412 1489 2457 obligatio
1513 2416 1578 2448 aut
1602 2413 1750 2448 civiliter
1772 2416 1895 2448 teneat
1917 2415 1982 2447 aut
2005 2411 2232 2447 naturaliter:
2257 2415 2298 2446 ut
2320 2414 2408 2457 puta

1319 2459 1348 2494 si
1400 2469 1422 2492 u
1448 2457 1530 2493 illus
1554 2458 1631 2493 sine
1654 2458 1784 2493 tutoris
1807 2457 2024 2493 auctoritate
2046 2456 2259 2502 promiserit.

1365 2469 1396 2541 Ξ
1439 2513 1523 2538 DEM
1550 2503 1641 2539 libro
1673 2502 1980 2556 quadraqensimo
2005 2507 2130 2538 octavo
2161 2501 2212 2537 ad
2233 2500 2407 2537 Sabinum

1320 2549 1451 2585 Omnes
1481 2558 1556 2601 res·
1569 2552 1723 2601 tran-stre
1753 2548 1790 2583 in
1821 2548 2054 2602 ‘novationem
2082 2550 2237 2593 possunt
2245 2559 2260 2600 ε.
2294 2545 2407 2592 quod-

1319 2604 1599 2682 essffitffenffi
1621 2593 2407 2685 321⁶..32?z‡.313ss‘ffi‘33b32‘.5¹2z1122¹3

1318 2685 1452 2721 tionem
1468 2694 1514 2720 ex
1537 2694 1760 2730 quacumque
1786 2684 2012 2737 obligatione,
2039 2682 2227 2718 dummodo
2252 2681 2406 2718 sciamus

1319 2730 1544 2766 novationem
1566 2729 1619 2765 ita
1641 2729 1782 2766 demum
1805 2729 1901 2772 fieri,
1927 2729 1958 2765 si
1980 2729 2050 2764 hoc
2073 2731 2210 2774 agatur,
2234 2731 2276 2763 ut
2299 2737 2405 2762 nove-

1318 2780 1378 2811 tur
1401 2775 1588 2821 obligatio:
1613 2779 1771 2811 ceterum
1791 2775 1821 2810 si
1844 2785 1917 2810 non
1940 2774 2010 2810 hoc
2027 2778 2165 2819 agatur,
2190 2772 2281 2808 duae
2303 2776 2406 2808 erunt

1319 2820 1565 2866 obligationes.

1365 2863 1389 2904 3
1416 2865 1645 2901 Poupomos
1665 2865 1756 2901 libro
1777 2865 1898 2911 primo
1922 2863 1973 2899 ad
1994 2863 2167 2899 Sabinum
2213 2862 2281 2898 Cui
2302 2862 2405 2898 bonis

1318 2910 1548 2947 interdictum
1577 2913 1649 2953 est,
1681 2918 1814 2946 novare
1837 2909 2088 2954 obligationem
2118 2918 2221 2944 suam
2243 2918 2316 2943 non
2338 2917 2404 2953 po-

1318 2960 1402 2999 test,
1427 2955 1497 2992 nisi
1519 2955 1700 2991 meliorem
1723 2965 1826 2991 suam
1850 2954 2094 2990 condicionem
2116 2952 2252 2989 fecerit.

1365 3001 1389 3039 4
1430 3001 1626 3038 ULPIANUS
1659 3000 1750 3036 libro
1782 3001 1910 3047 quinto
1941 2999 1992 3035 ad
2021 2999 2194 3035 Sabinum
2248 2997 2287 3034 Si
2316 3008 2404 3033 usus

1317 3046 1459 3083 fructus
1482 3045 1678 3082 debitorem
1709 3055 1825 3081 meum
1855 3044 2061 3091 delegavero
2083 3043 2166 3086 tibi,
2198 3054 2271 3079 non
2294 3053 2403 3079 nova-

1317 3096 1377 3128 tur
1392 3094 1419 3113 ¹⁰
1448 3091 1617 3136 obligatio
1647 3100 1743 3126 mea:
1777 3090 1938 3136 quamvis
1962 3089 2170 3135 exceptione
2193 3088 2265 3124 doli
2288 3089 2343 3124 vel
2365 3088 2403 3124 in

1317 3137 1454 3173 factum
1489 3140 1590 3172 tutus
1621 3136 1751 3171 debeat
1781 3146 1860 3171 esse
1890 3134 2059 3171 adversus
2091 3143 2147 3169 me
2169 3134 2200 3169 is
2225 3134 2285 3186 qui
2308 3133 2403 3169 dele-

1340 3187 1421 3219 atus
1445 3181 1574 3223 fuerit,
1611 3184 1648 3217 et
1676 3192 1748 3216 non
1778 3181 1894 3217 solum
1925 3180 2039 3216 donec
2071 3183 2191 3214 manet
2221 3180 2290 3215 e1¹¹
2315 3188 2402 3214 usus

1332 3232 1456 3264 ructus
1480 3225 1539 3262 cui
1561 3225 1736 3271 delegavi,
1767 3225 1829 3262 sed
1861 3225 1967 3262 etiam
1997 3228 2081 3270 post
2101 3223 2284 3259 interitum
2306 3223 2402 3260 eius:

1317 3272 1512 3308 videbimus
1525 3272 1554 3293 ¹²
1583 3272 1669 3317 quia
1699 3271 1806 3307 etiam
1834 3271 1904 3307 hoc
1921 3268 2190 3324 ‚incommodum
2213 3268 2337 3312 sentit,
2371 3268 2403 3304 si

1316 3313 2401 3442 &fissffigfflaffffiffieffinffeffiiiissiffss‘pessffiss

1317 3418 1359 3444 co
1387 3417 1493 3443 aeren
1525 3434 1533 3442 .

1362 3451 1387 3490 5
1413 3451 1518 3488 IDEM
1547 3452 1637 3487 libro
1667 3452 1875 3499 triqensimo
1907 3455 2039 3496 quarto
2068 3449 2119 3485 ad
2141 3448 2311 3484 Sabinum
2360 3448 2400 3482 In

1317 3497 1408 3534 diem
1432 3497 1599 3543 obligatio
1624 3496 1748 3532 novari
1778 3497 1897 3542 potest
1920 3499 1956 3530 et
1983 3494 2083 3541 prius
2107 3504 2214 3540 quam
2237 3493 2313 3530 dies
2337 3493 2401 3529 ad-

1359 3611 1405 3652 (ε)
1430 3610 1512 3644 Sub.
1526 3617 1627 3649 1...1e;
1646 3610 1712 3644 Ed.
1726 3615 1850 3647 17...2t;
1872 3607 1956 3651 Pap.
1971 3614 2088 3642 τμη.
2098 3608 2237 3641 -Βω,
2252 3608 2306 3649 26,
2319 3614 2388 3641 ⁴.—

1318 3655 1369 3700 G's.
1386 3655 1462 3690 cod.
1479 3656 1510 3695 8,
1529 3661 1564 3688 ⁴²
1674 3655 1722 3697 (ο)
1744 3653 1922 3698 praecessit
1939 3654 2012 3686 edd.
2126 3654 2186 3693 (ιο)
2211 3653 2353 3685 novetur
2371 3651 2405 3685 F

1315 3701 1370 3742 (n)
1395 3700 1467 3733 eius
1482 3701 1515 3733 F
1523 3701 1531 3719 ¹
1626 3701 1688 3743 (¹2)
1711 3698 1905 3741 videbimus]
1921 3695 2076 3730 videncet
2087 3710 2139 3731 scr

2516 2627 2528 2770 ‘mffl..„a..
2522 2595 2528 2610 -
2526 2516 2528 2518 .
