2528 3918
0 3751 11 3918 Ξ

126 92 278 125 01111515
306 91 503 122 1111101105
1215 72 1270 120 65

2242 82 2384 124 ΙΙΠ6

125 205 235 248 afuit,
266 215 311 241 ex
342 204 531 239 novissimo
563 201 679 236 reditu
711 205 851 244 tempus
874 198 1110 234 restitutionis
1136 209 1214 234 esse
1246 203 1252 239 1
1284 201 1304 233 6
1335 202 1442 234 esse.
1489 199 1580 234 Item
1604 209 1803 251 paganum,
1837 201 1898 253 (1111
1929 201 1966 236 111
1999 201 2225 246 expeditione
2252 214 2382 238 consu-

125 251 157 286 ei
182 250 458 295 computandum
481 247 603 282 Labeo
627 248 743 290 putat.
778 244 841 279 sed
871 244 902 279 si
926 255 1047 280 omnes
1072 244 1214 290 quidem

124 295 308 330 absentiae
319 304 451 330 annum
464 292 641 336 colligant,
663 289 822 334 singulae
834 290 950 325 minus
963 300 1070 332 anno,
1093 293 1214 324 utrum

125 351 258 375 annum
290 340 323 375 ei
353 339 477 374 damus
509 337 555 371 ad
588 335 848 370 restitutionem
881 345 928 369 an
957 345 1041 370 vero
1072 338 1213 370 tantum

123 384 304 430 temporis,
324 386 496 429 quantum
516 380 708 416 novissima
730 380 805 414 eius
826 380 990 415 absentia
1011 380 1212 425 occupavit,

123 434 145 465 4
190 428 396 465 videndum:
430 431 466 463 et
498 430 586 472 puto
619 436 753 460 annum
777 424 946 460 dandum.
995 425 1032 460 Si
1064 436 1147 461 cum
1175 426 1213 459 in

122 474 305 520 provincia
328 472 543 509 domicilium
565 471 736 512 haberes,
763 480 859 505 esses
884 472 1027 505 autem¹
1051 470 1089 505 in
1112 470 1212 512 urbe,

123 531 169 555 an
200 519 284 554 mihi
316 529 431 553 annus
464 517 587 558 cedat,
624 516 727 561 quasi
759 515 967 560 experiundi
997 519 1213 560 potestatem

122 564 297 599 habeam?
333 568 368 598 et
398 564 450 598 ait
471 562 594 597 Labeo
619 571 692 596 non
716 560 855 595 cedere.
892 571 956 605 ego
981 564 1102 596 autem
1124 564 1212 606 puto

121 610 190 644 1100
213 609 264 643 110
286 619 429 651 verum,
462 608 492 643 si
523 607 578 642 ius
602 605 795 641 revocandi
820 605 964 640 domum
988 606 1212 642 adversarius

121 654 264 689 habuit:
297 654 328 689 si
351 654 486 695 minus,
516 652 628 688 videri
651 661 729 686 esse
753 651 962 695 experiundi
985 655 1211 696 potestatem,

121 703 140 734 5
188 699 272 744 quia
296 702 332 733 et
353 698 490 733 Romae
514 697 707 733 contestari
730 697 828 731 litem
859 697 987 741 potuit.
1036 697 1211 741 Exemplo

119 744 348 780 rescissoriae
372 743 523 779 actionis
549 742 656 778 etiam
680 742 840 786 exceptio
863 741 915 783 ei,
941 742 1002 786 qui
1021 743 1074 777 rei
1093 742 1211 787 publi-

121 800 184 825 cae
209 799 319 824 causa
344 788 446 831 afuit,
473 787 658 832 competit:
683 786 777 822 forte
801 787 831 821 si
854 797 912 821 res
937 787 983 821 ab
1009 797 1050 822 eo
1069 797 1211 831 posses-

120 838 140 870 6
188 835 323 870 sionem
346 837 478 869 nancto
503 833 735 868 vindicentur.
784 832 826 866 In
839 832 981 867 actione
993 832 1211 875 rescissoria,

143 890 211 915 uae
242 880 413 915 adversus
443 879 589 914 militem
623 877 811 922 competit,
848 877 1102 922 aequissimum
1134 888 1212 913 0550

150 925 337 970 omponius
361 925 412 959 ait
435 924 510 959 eius
536 933 676 969 quoque
699 922 881 967 temporis,
907 933 976 967 quo
999 923 1130 958 absens
1150 923 1210 975 (1οῑ

117 970 241 1005 sensus
265 981 338 1005 non
362 972 427 1012 est,
450 969 591 1004 fructus
616 979 697 1004 eum
720 971 924 1013 praestare:
951 978 1033 1013 ergo
1056 972 1091 1004 et
1110 968 1212 1003 mil1t1

118 1015 300 1050 debebunt
322 1015 479 1050 restitui:
505 1015 684 1059 utrimque
708 1014 802 1048 actio
829 1013 906 1055 erit,

164 1058 217 1098 29
241 1061 468 1095 AFRICANUS
484 1060 574 1096 libro
586 1059 737 1105 septimo
752 1059 1001 1104 quaestionum
1047 1058 1212 1094 videlicet

119 1116 162 1142 ne
176 1106 235 1140 cui
247 1105 404 1140 officium
416 1105 600 1149 publicum
618 1104 674 1140 vel
694 1103 823 1138 damno
844 1103 900 1138 vel
921 1104 1130 1148 compendio
1152 1104 1208 1139 sit.

164 1148 217 1188 30
242 1150 299 1185 ΡΑ
308 1160 402 1186 ULUS
412 1150 504 1186 libro
518 1150 729 1185 duodecimo
744 1149 794 1183 ad
804 1148 959 1184 edictum
1008 1148 1098 1184 Cum
1110 1150 1209 1184 miles

117 1196 178 1241 qui
203 1196 441 1241 usucapiebat
472 1195 664 1231 decesserit
696 1198 732 1229 et
763 1194 866 1229 heres
898 1194 1097 1239 impleverit
1122 1205 1208 1230 usu-

117 1241 322 1286 capionem,
348 1251 501 1285 aequum
525 1244 580 1276 est
602 1239 758 1275 rescindi
782 1239 878 1284 quod
902 1243 1028 1284 postea
1052 1251 1208 1285 usucap-

115 1290 192 1322 tum
217 1289 282 1329 est,
307 1289 347 1320 ut
371 1285 494 1320 eadem
516 1286 554 1320 in
576 1285 780 1326 heredibus,
807 1285 868 1330 qui
890 1284 928 1319 in
951 1285 1209 1331 usucapionem

116 1331 333 1373 succedunt,
370 1331 544 1366 servanda
579 1331 668 1366 sint:
713 1330 797 1375 quia
858 1330 1012 1365 05505510
1050 1330 1210 1366 defuncti

116 1377 220 1422 quasi
242 1376 429 1411 iniuncta²
453 1376 637 1411 descendit
660 1375 706 1410 ad
737 1375 821 1410 here
848 1385 903 1410 em
936 1379 971 1410 01
1001 1376 1210 1421 plerumque

118 1426 132 1457 1
183 1421 342 1457 nondum
364 1421 561 1456 hereditate
585 1421 683 1456 adita
708 1420 917 1465 completur.
956 1421 992 1455 Si
1011 1421 1052 1463 is,
1078 1421 1139 1466 qui
1158 1422 1211 1456 rei

115 1467 281 1513 publicae
308 1477 418 1501 causa
442 1466 553 1509 afuit,
585 1466 749 1510 usucepit
781 1469 817 1500 01
846 1469 930 1511 post
953 1467 1209 1511 usucapionem

115 1512 323 1547 alienaverit
345 1523 438 1555 rem,
464 1513 642 1547 restitutio
668 1511 834 1546 facienda
859 1511 936 1554 erit,
964 1515 999 1546 et
1022 1511 1107 1547 11001
1131 1513 1208 1548 51110

116 1558 196 1593 (1010
221 1557 352 1592 afuerit
376 1561 412 1592 et
434 1558 648 1603 usuceperit,
673 1557 774 1591 lucro
800 1556 874 1591 eius
895 1557 1036 1592 occurri
1056 1561 1207 1602 oportet.

114 1604 198 1638 item
233 1613 277 1638 ex
311 1603 455 1647 reliquis
491 1603 653 1638 omnibus
687 1602 805 1637 causis
836 1602 1013 1637 restitutio
1043 1602 1210 1638 facienda

116 1648 191 1689 erit,
216 1648 324 1683 veluti
348 1648 378 1683 si
403 1648 571 1683 adversus
596 1659 676 1683 eum
701 1647 973 1692 pronuntiatum
997 1648 1055 1682 sit.

153 1691 211 1730 31
238 1693 347 1729 IDEM
367 1693 459 1728 libro
484 1693 812 1739 quinquaqensimo
837 1694 942 1728 tertio
974 1693 1024 1728 ad
1054 1693 1208 1728 edictum

115 1738 151 1773 Si
174 1739 224 1781 is,
250 1738 352 1773 cuius
376 1749 452 1773 rem
475 1739 641 1784 usucepit
663 1738 714 1773 rei
737 1738 906 1782 publicae
931 1748 1042 1773 causa
1066 1739 1207 1782 absens,

114 1784 376 1829 possessionem
408 1794 494 1819 suae
518 1785 570 1819 rei
593 1784 638 1818 ab
663 1784 724 1818 illo
748 1787 947 1828 usucaptae
971 1787 1126 1819 nanctus
1151 1785 1206 1826 sit,

114 1829 182 1864 etsi
204 1833 332 1874 postea
355 1829 522 1872 amiserit,
547 1840 620 1864 non
643 1828 886 1873 temporalem,
912 1829 975 1864 sed
998 1833 1208 1874 perpetuam

114 1875 223 1909 habet
246 1874 434 1909 actionem.

160 1917 214 1956 32
238 1919 495 1954 MODESTINUS
516 1918 607 1953 libro
632 1929 728 1952 nono
752 1918 964 1963 reqularum
998 1919 1137 1955 Abesse
1156 1920 1208 1955 rei

113 1965 280 2009 publicae
304 1975 415 2000 causa
438 1963 655 2007 intellegitur
686 1966 722 1997 et
744 1963 795 2004 is,
830 1964 891 2008 qui
923 1964 969 1998 ab
1003 1965 1092 1999 urbe
1123 1976 1206 2010 pro-

112 2010 230 2045 fectus
255 2013 327 2052 est,
352 2010 436 2044 licet
458 2008 616 2043 nondum
641 2008 857 2051 provinciam
882 2010 1118 2044 excesserit³:
1145 2010 1208 2045 sed

114 2056 170 2089 et⁴
191 2055 221 2090 is
234 2054 294 2100 qui
307 2055 470 2096 excessit,
495 2053 609 2088 donec
633 2053 666 2086 in
693 2053 819 2087 urbem
841 2058 1051 2089 revertatur.
1080 2058 1115 2090 et
1137 2055 1207 2091 hoc

114 2100 161 2134 ad
172 2100 406 2145 proconsules
426 2099 633 2143 legatosque
654 2108 776 2132 eorum
797 2102 832 2132 et
854 2098 925 2132 ad⁵
945 2109 1017 2141 eos,
1043 2101 1104 2145 qui
1123 2112 1207 2145 pro-

113 2145 237 2180 vinciis
269 2148 461 2189 praesunt,
493 2146 790 2189 procuratoresve
820 2144 1041 2189 principum,
1080 2146 1140 2197 qui
1170 2146 1207 2180 in

114 2190 303 2235 provinciis
328 2193 514 2231 tenentur,
539 2189 714 2233 pertinet,
741 2193 775 2223 et
799 2189 845 2223 ad
869 2189 1032 2225 tribunos
1057 2191 1208 2226 m1litum

114 2240 150 2270 et
173 2234 377 2279 praefectos
404 2238 439 2269 et
463 2234 608 2269 comites
633 2234 847 2277 legatorum,
874 2235 934 2279 qui
959 2235 1006 2270 ad
1029 2237 1207 2271 aerarium

114 2280 223 2316 delati
247 2284 311 2315 aut
333 2280 371 2314 in
396 2279 689 2315 commentarium
713 2279 883 2323 principis
909 2280 1041 2315 delati⁰
1065 2286 1160 2316 sunt.

159 2323 210 2362 33
237 2325 262 2360 Ι
263 2335 345 2359 DEM
361 2325 451 2360 libro
463 2324 646 2370 sinqulari
656 2324 700 2358 de
712 2325 908 2359 enucleatis
920 2326 1064 2361 casibus
1109 2327 1208 2361 Inter

114 2381 187 2413 eos,
211 2371 272 2415 qui
296 2381 340 2405 ex
363 2370 520 2415 generali
544 2369 708 2405 clausula
731 2369 954 2413 adiuvantur,
981 2374 1016 2405 et
1039 2371 1118 2407 fisci
1141 2382 1205 2416 pa-

116 2419 131 2450 1
180 2419 306 2451 tronus
344 2419 631 2451 connumeratur.
688 2414 782 2456 Eos,
820 2415 879 2459 qui
913 2416 1007 2451 notis
1043 2417 1207 2452 scribunt

113 2464 196 2496 acta
226 2461 449 2506 praesidum,
482 2460 534 2495 rei
556 2459 722 2505 publicae
747 2470 857 2495 causa
880 2471 953 2496 non
977 2462 1104 2498 abesse
1129 2473 1204 2498 cer-

114 2509 133 2541 2
179 2509 257 2540 tum
281 2509 345 2541 est.
393 2506 548 2540 Militum
570 2505 710 2546 medici,
735 2506 904 2549 quoniam
928 2506 1087 2542 officium
1110 2508 1205 2553 quod

113 2555 240 2596 gerunt
264 2554 300 2586 et
323 2551 466 2596 publice
487 2550 637 2602 prodest
660 2553 696 2584 et
717 2549 882 2585 fraudem
901 2551 951 2586 eis
973 2551 1114 2588 adferre
1133 2564 1205 2588 non

114 2596 221 2632 debet
229 2597 254 2638 ⁷,
279 2596 515 2631 restitutioms
540 2595 711 2630 auxilium
734 2595 925 2640 implorare
948 2602 1111 2641 possunt.

159 2638 213 2679 34
237 2641 284 2676 IA
293 2650 464 2676 VOLENUS
481 2641 572 2676 libro
593 2640 718 2686 quinto
731 2640 867 2675 decimo
880 2652 930 2677 ex
946 2642 1067 2677 Cassio
1100 2643 1205 2679 Miles

115 2690 315 2721 commeatu
328 2690 478 2730 accepto
493 2686 523 2721 si
534 2686 639 2720 domo
660 2695 726 2719 sua
746 2690 811 2726 est,
836 2686 887 2720 rei
906 2687 1072 2732 publicae
1094 2699 1206 2724 causa

116 2734 131 2766 1
181 2732 308 2766 abesse
331 2742 404 2766 non
427 2731 578 2766 videtur.
623 2730 691 2774 Qui
715 2741 841 2775 operas
866 2731 903 2766 in
926 2732 1083 2776 publico,
1109 2734 1205 2778 quod

113 2777 337 2821 vectigalium
351 2787 460 2811 00050
480 2777 637 2811 locatum
658 2778 723 2817 est,
744 2776 815 2817 dat,
838 2776 890 2811 rei
909 2778 1075 2821 publicae
1096 2789 1206 2814 causa

114 2832 184 2856 non
209 2822 322 2856 abest.

159 2864 212 2904 35
238 2866 294 2901 ΡΑ
303 2876 397 2902 ULUS
414 2866 505 2902 libro
527 2866 631 2900 tertio
652 2866 702 2900 ad
720 2865 833 2912 leqem
846 2865 980 2902 Iuliam
1000 2871 1035 2902 et
1047 2867 1204 2914 Papiam

115 2910 182 2955 Qui
212 2912 418 2953 mittuntur,
454 2914 495 2946 ut
526 2911 654 2945 milites
687 2910 860 2946 ducerent
894 2915 958 2946 aut
990 2912 1205 2948 reducerent

115 2960 178 2991 aut
210 2957 349 3001 legendi
385 2960 552 2991 curarent
563 2957 586 2997 ⁸,
623 2956 676 2990 rei
709 2956 876 3000 publicae
912 2968 1023 2992 causa
1058 2958 1202 2993 absunt.

74 3017 77 3021 <
117 3004 133 3035 1
181 3001 228 3036 Hi
242 3011 419 3053 quoque,
451 3001 511 3046 qui
534 3001 632 3035 missi
654 3004 739 3035 sunt
762 3001 808 3036 ad
830 3002 1082 3046 gratulandum
1105 3004 1203 3048 prin-

115 3048 135 3080 2
183 3046 262 3092 cip1.
310 3047 400 3081 Item
431 3051 644 3090 procurator
677 3046 860 3089 Caesaris,
894 3058 967 3083 non
1000 3048 1115 3083 solum
1147 3049 1204 3084 cui

115 3100 232 3126 rerum
255 3091 457 3137 provinciae
483 3092 655 3136 cuiusque
686 3093 892 3135 procuratio
925 3093 1095 3128 mandata
1126 3094 1203 3136 erit,

116 3136 179 3170 sed
210 3140 248 3171 et
277 3137 327 3178 is,
361 3137 419 3171 cui
448 3147 566 3171 rerum
599 3136 759 3180 quamvis
783 3148 856 3172 non
879 3139 1047 3173 omnium.
1082 3139 1204 3184 itaque

115 3180 233 3224 plures
249 3182 299 3216 ibi
310 3182 333 3202 ⁸·
352 3185 603 3226 procuratores
620 3181 838 3217 diversarum
854 3193 972 3218 rerum
983 3184 997 3204 ⁹
1019 3184 1071 3219 rei
1087 3185 1203 3229 publi-

117 3227 136 3259 3
184 3236 247 3261 cae
272 3237 382 3261 causa
405 3227 530 3261 abesse
562 3226 824 3270 intelleguntur.
873 3228 1083 3264 Praefectus
1139 3240 1203 3264 uo-

117 3280 184 3314 que
207 3271 359 3316 Aegypti
381 3272 434 3306 rei
465 3271 630 3316 publicae
664 3281 775 3306 causa
805 3273 926 3316 abest,
961 3274 1065 3318 quive
1098 3285 1119 3309 a
1136 3275 1204 3309 'am

117 3315 162 3349 ob
187 3326 332 3351 causam
363 3317 415 3351 rei
445 3316 611 3361 publicae
641 3317 757 3360 gratia
787 3322 889 3353 extra
920 3319 1045 3354 urbem
1076 3320 1202 3354 aberit.

117 3363 138 3393 4
184 3360 254 3395 Sed
277 3365 314 3395 et
335 3361 373 3395 in
396 3362 638 3396 urbanicianis
662 3361 832 3398 militibus
863 3363 957 3398 idem
992 3364 1093 3399 divus
1117 3365 1203 3399 Pius

117 3406 136 3437 5
185 3406 378 3440 constituit.
426 3406 634 3450 Quaesitum
658 3409 713 3440 est
737 3406 781 3442 de
806 3418 859 3450 eo,
884 3409 946 3453 qui
969 3409 1016 3443 ad
1040 3419 1201 3454 compes-

118 3449 248 3484 cendos
271 3450 383 3485 malos
415 3451 576 3486 homines
607 3451 735 3486 missus
768 3457 839 3495 est,
876 3463 923 3488 an
955 3454 1007 3488 rei
1037 3455 1202 3499 publicae

119 3502 227 3528 causa
250 3494 408 3529 abesset:
434 3499 470 3530 et
491 3496 627 3540 placuit
649 3496 700 3530 rei
719 3498 885 3540 publicae
906 3509 1017 3533 causa
1036 3509 1117 3534 eum
1137 3500 1201 3534 ab-

123 3605 158 3646 (ι)
183 3608 293 3638 autem
306 3607 367 3639 del.

122 3648 226 3683 Faber

125 3693 279 3727 Budaeus

469 3609 513 3652 (2)
537 3610 738 3651 (1005100010
750 3612 785 3644 F
792 3611 803 3631 ¹
903 3613 944 3653 (3)
970 3613 1149 3644 0000550111
1162 3611 1200 3644 P.

341 3652 382 3692 (4)
408 3655 442 3685 01
454 3653 491 3694 S,
506 3667 562 3687 om.
577 3655 612 3687 F
720 3657 763 3698 (5)
789 3656 830 3689 ad
844 3657 905 3689 del.
1035 3658 1079 3698 (6)
1104 3657 1203 3689 relati

414 3699 456 3739 (7)
482 3698 603 3731 debent
615 3700 648 3732 F
780 3702 822 3742 (8)
850 3711 963 3734 curam
976 3705 1115 3744 agerent
1129 3703 1201 3735 dett.

1281 244 1369 279 laris
1392 244 1494 279 iussu
1516 248 1712 280 1100510101
1733 245 1853 290 ibique
1876 257 1914 281 111
1938 246 2014 282 acie
2036 246 2234 282 ceciderat:
2259 248 2384 284 heredi

1284 292 1302 323 7
1351 289 1446 324 enim
1480 290 1557 324 eius
1593 291 1876 326 succurrendum
1913 295 1977 327 est.
2027 291 2095 336 Qui
2128 292 2181 327 rei
2216 293 2383 337 publicae

1284 344 1395 368 causa
1406 334 1559 370 Romam
1571 334 1756 380 profectus
1777 340 1842 378 est,
1864 336 1991 372 abesse
2011 338 2065 372 rei
2085 338 2253 382 publicae
2273 349 2385 374 causa

1281 379 1432 414 videtur.
1492 380 1557 415 sed
1581 384 1617 415 et
1640 380 1671 415 si
1695 383 1796 415 extra
1819 382 1973 425 patriam
1998 393 2100 417 suam
2130 383 2183 418 rei
2215 384 2382 428 publicae

1283 434 1395 459 causa
1418 425 1604 469 profectus
1629 425 1686 467 sit,
1712 426 1831 467 etiam,
1857 426 1888 461 si
1910 437 1976 470 per
1999 429 2124 463 urbem
2143 429 2176 464 ei
2195 428 2265 464 iter
2286 440 2382 464 com-

1284 472 1303 503 8
1350 470 1450 514 petit,
1476 471 1528 505 rei
1551 471 1719 516 publicae
1745 481 1856 506 causa
1890 472 2002 506 abest.
2053 473 2220 509 Similiter
2252 475 2313 519 qui
2344 475 2382 510 in

1281 515 1467 559 provincia
1492 519 1558 558 est,
1583 519 1624 551 01
1646 516 1799 560 primum
1823 520 1887 550 aut
1911 517 2015 552 domo
2038 528 2103 552 sua
2123 519 2307 563 profectus
2329 523 2383 555 est

1282 563 1365 602 aut,
1400 570 1481 595 cum
1515 562 1553 595 in
1576 561 1701 597 eadem
1725 562 1910 606 provincia
1935 562 2030 606 degit
2053 564 2106 598 rei
2129 565 2294 608 publicae
2318 565 2381 600 ad-

1281 605 1539 641 ministrandae
1573 617 1702 648 causa,
1737 607 1841 641 simul
1866 617 1971 651 agere
1994 618 2069 642 rem
2093 610 2274 652 publicam
2300 621 2379 645 coe-

1283 653 1302 684 9
1349 651 1414 695 pit,
1440 651 1486 686 ad
1511 652 1775 687 similitudinem
1800 652 1961 687 absentis
1985 653 2149 688 habetur.
2191 655 2278 689 ¹⁰Et
2298 656 2383 691 dum

1282 699 1341 730 eat
1372 696 1411 730 in
1444 702 1563 732 castra
1595 701 1631 732 et
1664 697 1807 739 redeat,
1843 698 1895 732 rei
1926 698 2094 743 publicae
2125 710 2236 735 causa
2267 701 2382 744 abest,

1281 740 1379 821 guod
1404 744 1440 776 et
1463 743 1620 777 eundum
1644 743 1691 778 sit
1713 742 1750 777 in
1783 746 1903 778 castra
1933 743 2128 779 militaturo
2161 749 2197 780 et
2228 746 2380 782 redeun-

1306 797 1376 821 um.
1412 786 1584 823 Vivianus
1609 788 1735 824 scribit
1753 788 1947 823 Proculum
1971 789 2201 834 respondisse
2224 791 2381 834 militem,

1281 832 1342 876 qui
1367 836 1568 868 commeatu
1593 834 1697 875 absit,
1724 833 1807 867 dum
1832 833 1976 868 domum
1999 834 2098 869 vadit
2121 839 2185 870 aut
2203 836 2305 878 redit,
2331 838 2382 872 rei

1279 877 1447 922 publicae
1471 889 1583 914 causa
1607 879 1744 921 abesse,
1771 878 1855 914 dum
1880 879 1975 914 domi
1999 880 2056 922 sit,
2081 890 2155 915 non
2179 881 2315 916 abesse.

1328 919 1381 960 36
1414 922 1611 959 ULPIANUS
1632 924 1723 959 libro
1748 928 1854 960 sexto
1880 925 1931 959 ad
1953 925 2066 971 leqem
2090 925 2227 961 Iuliam
2250 931 2284 960 et
2309 926 2381 962 Pa-

1272 968 1380 1014 piam
1426 968 1494 1004 Rei
1517 969 1684 1014 publicae
1709 980 1820 1004 causa
1846 970 1972 1005 abesse
1998 980 2057 1005 eos
2084 971 2179 1006 solos
2203 972 2379 1017 intellegi-

1279 1023 1370 1053 11105,
1397 1014 1457 1059 (101
1480 1025 1554 1049 11011
1579 1015 1636 1050 501
1661 1015 1838 1050 commodi
1863 1026 1985 1058 causa,
2010 1016 2074 1051 sed
2099 1017 2216 1052 coacti
2237 1017 2379 1052 absunt.

1327 1056 1380 1096 37
1406 1059 1567 1094 PAULUS
1584 1060 1676 1095 libro
1698 1061 1802 1094 tertio
1824 1060 1874 1094 ad
1895 1060 2007 1107 leyem
2020 1061 2155 1096 Iuliam
2178 1066 2212 1096 et
2225 1062 2381 1108 Papiam

1279 1104 1345 1146 Hi,
1381 1104 1441 1149 qui
1463 1105 1501 1139 in
1524 1105 1709 1150 provincia
1733 1116 1800 1140 sua
1823 1106 1919 1140 ultra
1941 1109 2083 1151 tempus
2108 1117 2130 1141 a
2155 1108 2381 1144 constitutio-

1279 1150 1385 1184 nibus
1411 1160 1623 1186 concessum
1648 1151 1822 1193 adsident,
1847 1151 1995 1196 publica
2020 1162 2131 1187 causa
2155 1153 2282 1188 abesse
2306 1164 2380 1189 non

1278 1195 1545 1240 intelleguntur.

1326 1238 1380 1278 38
1413 1240 1610 1277 ULPIANUS
1630 1241 1721 1277 libro
1745 1244 1851 1277 sexto
1876 1241 1926 1276 ad
1948 1242 2063 1288 leqem
2087 1242 2222 1278 Iuliam
2246 1248 2282 1278 et
2305 1243 2377 1280 Pa-

1272 1286 1378 1331 piam
1414 1286 1453 1321 Si
1476 1286 1533 1321 cui
1556 1287 1594 1321 in
1617 1287 1803 1331 provincia
1827 1297 1894 1322 sua
1917 1287 2085 1332 princeps
2110 1288 2273 1324 adsidere
2297 1300 2377 1334 spe-

1280 1331 1362 1366 ciali
1373 1331 1547 1367 beneficio
1567 1332 1780 1377 permiserit,
1801 1336 1889 1377 puto
1911 1343 1991 1367 eum
2011 1333 2063 1368 rei
2082 1334 2249 1378 publicae
2271 1345 2382 1370 causa

1280 1377 1425 1412 abesse:
1453 1377 1549 1422 quod
1573 1378 1604 1412 si
1626 1388 1700 1413 non
1725 1388 1769 1412 ex
1792 1378 1968 1422 permissu
1992 1378 2062 1414 hoc
2086 1378 2223 1422 fecerit,
2250 1390 2376 1415 conse-

1279 1425 1431 1466 quenter
1455 1423 1634 1465 dicemus,
1668 1434 1750 1457 cum
1782 1423 1917 1458 crimen
1949 1423 2112 1467 admisit,
2148 1435 2220 1460 non
2242 1425 2380 1461 habere

1279 1477 1360 1501 eum
1384 1468 1566 1513 privilegia
1591 1479 1724 1510 eorum,
1751 1469 1811 1513 qui
1834 1469 1886 1503 rei
1909 1468 2076 1513 publicae
2101 1480 2212 1505 causa
2234 1471 2377 1506 absunt.

1282 1516 1296 1547 1
1348 1512 1501 1547 Tamdiu
1525 1513 1576 1548 rei
1599 1513 1767 1558 publicae
1791 1524 1902 1548 causa
1927 1514 2054 1549 abesse
2079 1515 2157 1559 quis
2190 1516 2378 1559 videbitur,

1278 1558 1447 1602 quamdiu
1471 1558 1590 1594 officio
1615 1559 1734 1604 aliquo
1755 1563 1917 1602 praeest:
1945 1560 2040 1604 quod
2060 1560 2091 1595 si
2109 1560 2250 1596 finitum
2271 1561 2379 1597 fuerit

1278 1602 1456 1646 officium,
1489 1604 1561 1639 iam
1586 1604 1715 1639 desinit
1739 1604 1866 1639 abesse
1889 1605 1941 1639 rei
1964 1605 2131 1649 publicae
2156 1617 2277 1642 causa.
2315 1607 2379 1642 sed

1278 1648 1324 1683 ad
1359 1649 1610 1685 revertendum
1645 1649 1697 1684 illi
1731 1653 1895 1694 tempora
1931 1651 2219 1695 computabimus
2255 1653 2377 1688 statim

1277 1698 1385 1738 atque
1410 1694 1515 1729 desiit
1538 1695 1591 1729 rei
1614 1695 1781 1739 publicae
1806 1705 1917 1730 causa
1941 1695 2068 1731 abesse
2093 1706 2136 1731 ea
2160 1697 2289 1741 quibus
2321 1708 2377 1733 re-

1277 1740 1367 1774 verti
1389 1739 1427 1774 in
1451 1740 1577 1774 urbem
1601 1740 1737 1785 potuit:
1765 1743 1800 1775 et
1824 1741 1892 1775 erit
1915 1740 2140 1776 moderatum
2162 1746 2326 1787 tempora
2346 1743 2378 1779 ei

1277 1784 1382 1827 dare,
1442 1795 1510 1820 uae
1542 1786 1600 1820 lex
1631 1785 1892 1820 revertentibus
1925 1787 2157 1830 praestitit¹¹.
2204 1798 2315 1832 quare
2347 1789 2378 1823 si

1278 1840 1347 1875 quo
1382 1830 1426 1865 de
1456 1831 1568 1865 exerit
1580 1831 1608 1851 ¹2
1632 1841 1720 1866 suae
1751 1831 1803 1865 rei
1834 1841 1964 1873 causa,
1996 1842 2070 1867 non
2105 1831 2309 1868 dubitamus
2340 1833 2378 1868 id

1277 1880 1418 1919 tempus
1454 1876 1485 1910 ei
1519 1887 1593 1911 non
1627 1876 1824 1921 proficere,
1859 1876 2057 1921 habitaque
2093 1877 2377 1914 dinumeratione

1276 1920 1466 1964 temporis,
1504 1932 1575 1966 quo
1608 1922 1737 1956 reverti
1768 1922 1906 1966 potuit,
1942 1922 2064 1957 statim
2099 1932 2180 1958 eum
2217 1924 2377 1960 dicemus

1278 1965 1412 2001 desisse
1443 1966 1496 2001 rei
1520 1966 1688 2011 publicae
1713 1977 1823 2001 causa
1848 1967 1986 2002 abesse.
2022 1968 2130 2012 plane
2166 1969 2197 2004 si
2226 1969 2375 2004 infirmi-

1277 2014 1351 2045 tate
1374 2011 1566 2055 impeditus
1591 2012 1802 2047 continuare
1825 2012 1893 2047 iter
1916 2023 1990 2047 non
2013 2014 2149 2057 potuit,
2185 2014 2377 2050 habebitur

1277 2056 1369 2090 ratio
1405 2057 1659 2099 humanitatis,
1696 2057 1803 2092 sicuti
1834 2057 1961 2092 haberi
1993 2058 2086 2093 solet
2117 2062 2153 2094 et
2183 2059 2308 2094 hiemis
2342 2064 2377 2095 et

1277 2101 1512 2144 navigationis
1538 2105 1573 2137 et
1598 2106 1797 2137 ceterorum
1821 2113 1915 2147 quae
1940 2113 2027 2137 casu
2052 2103 2274 2149 contingunt.

1323 2144 1376 2184 39
1401 2146 1562 2182 PAULUS
1583 2147 1674 2183 libro
1703 2148 1828 2194 primo
1860 2149 2120 2183 sententiarum
2166 2150 2202 2184 Is
2234 2150 2294 2194 qui
2324 2151 2376 2185 rei

1277 2192 1442 2236 publicae
1468 2203 1579 2227 causa
1603 2192 1768 2227 afuturus
1793 2196 1890 2235 erat,
1924 2193 1956 2228 si
1986 2197 2260 2238 procuratorem
2291 2196 2373 2230 reli-

1277 2238 1410 2282 querit,
1435 2248 1500 2282 per
1525 2248 1631 2282 quem
1656 2238 1797 2273 defendi
1820 2239 1957 2283 potuit,
1990 2239 2028 2273 in
2052 2239 2229 2284 integrum
2252 2241 2374 2276 volens

1276 2283 1416 2317 restitui
1439 2294 1511 2318 non
1538 2283 1693 2317 auditur.

1322 2326 1375 2364 40
1409 2327 1605 2363 ULPJANUS
1626 2329 1717 2363 libro
1742 2329 1868 2374 quinto
1893 2329 2104 2374 opinionum
2153 2330 2190 2365 Si
2215 2341 2285 2375 qua
2309 2332 2372 2365 mi-

1276 2373 1328 2407 liti
1363 2373 1546 2408 accusatio
1586 2377 1767 2418 competat
1800 2377 1980 2418 tempore,
2017 2385 2086 2419 quo
2121 2376 2174 2410 rei
2207 2376 2374 2420 publicae

1278 2421 1292 2452 1
1344 2428 1490 2462 operam
1515 2419 1631 2462 dedit,
1656 2430 1729 2454 non
1754 2419 1956 2463 peremitur.
2007 2418 2111 2463 Quod
2135 2430 2176 2455 eo
2201 2424 2372 2465 tempore,

1275 2473 1345 2508 quo
1369 2464 1406 2498 in
1429 2464 1547 2499 insula
1572 2465 1699 2509 aliquis
1722 2464 1792 2498 fuit
1817 2474 1860 2498 ex
1883 2474 2000 2508 poena
2026 2465 2057 2498 ei
2075 2465 2245 2510 irrogata,
2271 2466 2372 2501 cuius

1274 2508 1536 2544 restitutionem
1560 2509 1772 2554 impetravit,
1798 2509 1844 2544 ab
1870 2510 1939 2544 alio
1960 2513 2171 2553 usurpatum
2193 2521 2237 2545 ex
2256 2511 2371 2553 bonis,

1275 2564 1366 2598 quae
1389 2565 1463 2589 non
1487 2558 1591 2589 erant
1614 2555 1791 2599 adempta,
1815 2555 2007 2598 probatum
2028 2554 2148 2597 fuerit,
2174 2566 2262 2591 suae
2286 2567 2371 2591 cau-

1275 2609 1336 2633 sae
1359 2600 1618 2634 restituendum
1644 2604 1707 2634 est.

1321 2642 1371 2681 41
1400 2644 1593 2680 IULIANUS
1621 2645 1712 2680 libro
1746 2645 1957 2690 triyensimo
1990 2645 2115 2690 quinto
2149 2645 2369 2691 diqestorum

1275 2688 1313 2723 Si
1345 2689 1424 2734 quis
1456 2690 1551 2725 Titio
1583 2690 1770 2734 legaverit,
1807 2690 1837 2724 si
1868 2690 1992 2724 mortis
2026 2700 2113 2725 suae
2142 2694 2303 2735 tempore
2334 2692 2371 2726 in

1274 2734 1379 2769 Italia
1403 2738 1517 2777 esset,
1551 2739 1615 2769 aut
1645 2735 1682 2769 in
1717 2745 1830 2769 annos
1863 2735 2040 2779 singulos,
2074 2735 2170 2780 quod
2202 2736 2239 2770 in
2263 2737 2368 2772 Italia

1275 2783 1389 2821 esset,
1425 2784 1460 2814 et
1483 2781 1516 2814 ei
1540 2790 1750 2815 succursum
1773 2780 1899 2822 fuerit,
1933 2780 2016 2825 quia
2041 2781 2086 2815 ob
2110 2781 2165 2823 id,
2199 2781 2295 2826 quod
2318 2783 2371 2817 rei

1273 2824 1440 2868 publicae
1465 2835 1577 2860 causa
1600 2824 1702 2867 afuit,
1728 2825 1894 2859 exclusus
1918 2825 2027 2860 fuerit
2052 2836 2073 2860 a
2096 2826 2232 2870 legato:
2269 2826 2369 2862 fidei-

1275 2869 1500 2904 commissum
1531 2870 1576 2905 ab
1602 2880 1643 2905 eo
1668 2870 1830 2904 relictum
1855 2874 2036 2915 praestare
2067 2872 2213 2916 cogitur.
2262 2872 2369 2907 MAR-

1278 2924 1422 2949 UELLUS
1441 2918 1563 2949 notat:
1595 2915 1673 2960 quis
1707 2915 1799 2950 enim
1832 2915 2009 2950 dubitabit
2042 2917 2140 2951 salva
2171 2917 2368 2961 legatorum

1274 2963 1310 2994 et
1332 2959 1687 2995 fideicommissorum
1712 2971 1822 2995 causa
1842 2961 1944 2995 militi
1963 2961 2104 2996 restitui
2123 2962 2367 3005 hereditatem,

1274 3014 1381 3049 quam
1405 3005 1450 3040 ob
1474 3005 1512 3039 id
1534 3005 1708 3050 perdidit,
1734 3006 1829 3050 quod
1852 3006 1903 3040 rei
1926 3007 2091 3050 publicae
2116 3017 2227 3042 causa
2251 3007 2368 3042 afuit?

1319 3047 1374 3085 42
1405 3050 1590 3085 ALFENUS
1619 3050 1709 3086 libro
1742 3052 1868 3096 quinto
1900 3051 2120 3097 diqestorum
2167 3052 2251 3087 Non
2286 3062 2367 3088 vere

1274 3094 1404 3129 dicitur
1427 3095 1478 3129 rei
1502 3095 1668 3140 publicae
1693 3106 1803 3131 causa
1827 3096 1953 3131 abesse
1979 3107 2080 3139 eum,
2114 3097 2175 3142 qui
2207 3098 2263 3132 501
2293 3098 2365 3142 pri-

1273 3140 1348 3174 vati
1371 3140 1504 3184 negotii
1529 3150 1639 3175 causa
1661 3141 1699 3175 in
1722 3141 1898 3186 legatione
1922 3145 1987 3176 est.

1319 3182 1371 3221 43
1397 3187 1624 3221 AFRICANUS
1646 3186 1736 3221 libro
1760 3187 1911 3232 septimo
1938 3188 2187 3232 quaestionum
2237 3187 2365 3232 Siquis

1274 3230 1466 3274 stipulatus
1500 3230 1548 3265 sit
1577 3231 1614 3265 in
1645 3241 1759 3266 annos
1792 3232 1971 3276 singu-los,
2005 3232 2124 3276 quoad
2138 3233 2164 3253 ¹³
2194 3233 2231 3267 in
2262 3232 2366 3267 Italia

1274 3278 1367 3309 esset
1390 3275 1444 3309 vel
1467 3275 1544 3319 ipse
1567 3275 1622 3310 vel
1645 3277 1850 3321 promissor,
1877 3281 1912 3311 et
1935 3277 2107 3312 alteruter
2130 3277 2180 3312 rei
2200 3277 2365 3321 publicae

1274 3330 1384 3354 causa
1407 3320 1533 3355 abesse
1558 3321 1735 3366 coeperit,
1768 3321 1928 3357 officium
1959 3323 2133 3366 praetoris
2168 3326 2221 3356 est
2253 3322 2363 3355 intro-

1273 3364 1404 3399 ducere
1436 3365 1559 3400 utilem
1599 3366 1786 3402 actionem.
1838 3367 1961 3402 eadem
1994 3367 2152 3402 dicemus
2187 3371 2222 3401 et
2253 3366 2283 3400 si
2313 3366 2364 3399 ita

1273 3413 1447 3454 concepta
1478 3410 1660 3455 stipulatio
1693 3412 1818 3446 fuerit:
1854 3413 1895 3446 ‘si
1928 3412 2166 3457 quinquennio
2202 3410 2361 3455 proximo

1272 3454 1420 3489 ‘Romae
1431 3454 1549 3490 fuerit’
1563 3456 1602 3498 ¹⁴,
1626 3456 1761 3492 velita:
1787 3457 1829 3492 ‘si
1847 3457 1984 3492 Romae
2005 3468 2077 3492 non
2097 3456 2205 3491 fuerit
2218 3456 2257 3496 ¹⁴,
2278 3465 2361 3489 cen-

1273 3502 1361 3534 ‘tum
1385 3499 1471 3534 dare
1495 3501 1648 3544 spondes
1660 3502 1695 3536 ’.θ’

1275 3611 1330 3652 (8¹)
1355 3609 1482 3643 ibidem
1495 3624 1558 3647 scr.
1664 3615 1708 3655 (9)
1733 3624 1846 3646 rerum
1859 3613 1897 3655 S,
1912 3626 1969 3646 om.
1985 3614 2020 3645 F
2105 3614 2164 3652 (10)
2189 3610 2285 3643 miles
2298 3612 2356 3644 ins.

1275 3658 1328 3693 (11)
1353 3656 1538 3699 praestitit]
1553 3658 1768 3701 praesidibus
1782 3658 1980 3700 praestituit
1992 3670 2053 3690 scr.
2148 3656 2207 3697 (12)
2233 3655 2358 3698 quode·-

1274 3700 1409 3733 fiuxerit
1420 3701 1473 3733 F²
1566 3707 1623 3744 (13)
1650 3704 1738 3745 quod
1751 3704 1803 3736 F¹
1897 3705 1954 3744 (14)
1980 3701 2083 3734 fueris
2096 3714 2158 3734 scr.

2064 3758 2083 3789 9
