2528 3918
163 108 370 152 XXXVII
399 111 452 152 10

161 231 199 267 in
231 230 427 267 secundm
461 228 604 266 tabulas
638 229 676 266 iu
709 229 923 276 quibusdam
958 230 1100 266 casibus
1133 230 1249 276 possit

163 275 272 312 videri
303 275 543 311 necessarium
575 274 752 319 edictum,
783 275 892 312 veluti
914 275 946 311 si
968 278 1072 320 pater
1093 274 1246 311 familias

162 322 213 357 ita
242 320 453 356 instituerit:
494 323 692 366 ‘postumus
722 320 825 356 heres
856 320 945 366 esto'
983 320 1038 355 vel
1070 322 1248 372 ‘postuma

165 366 279 402 ‘heres
312 365 399 401 esto'
431 368 469 400 et
495 368 646 411 negetur
675 374 754 401 esse
783 375 920 409 verum,
976 364 1050 400 uod
1077 376 1115 400 in
1136 368 1246 400 testa-

167 414 180 446 1
229 413 350 446 mento
379 409 552 456 scriptum
581 413 647 446 est.
700 410 752 445 Et
782 420 863 445 cum
893 409 938 445 de
993 409 1247 446 deicommissis

163 455 217 491 vel
241 454 285 491 de
306 455 433 500 legatis
457 454 651 500 quaeritur,
676 454 810 491 differri
827 457 952 507 potest
973 464 1085 490 causa
1107 454 1143 489 in
1160 459 1246 489 tem-

162 510 230 546 pus
253 499 473 545 pubertatis:
496 499 535 536 id
557 499 651 536 enim
674 499 774 536 divus
794 500 882 535 Pius
899 498 1047 535 Claudio
1063 499 1246 535 Hadriano

163 548 183 580 2
231 544 427 590 rescripsit.
474 543 640 589 Quamvis
671 545 804 624 scrigto
836 543 959 579 heredi
987 554 1061 596 non
1088 545 1248 590 promitti

162 590 338 626 bonorum
361 590 622 634 possessionem
647 600 690 625 ex
715 599 734 625 e
762 589 830 624 ‘cto
856 588 1081 625 Carboniano
1113 593 1248 625 certum

163 634 228 676 sit,
258 637 379 670 tamen
409 634 654 679 quaestionem
685 637 801 669 status
824 634 861 668 in
884 637 1025 679 tempus
1074 634 1247 670 ubertatis

163 677 296 715 differri
316 678 447 731 procul
469 678 577 715 dubio
601 683 667 715 est.
705 689 785 723 ergo
811 679 842 714 si
865 678 1007 731 quidem
1056 689 1075 715 e
1089 679 1247 725 parentis

163 723 266 760 bonis
295 724 399 760 simul
426 727 464 760 et
486 724 531 760 de
554 727 651 760 statu
675 729 917 759 controverffla
939 723 1021 768 fiat,
1051 724 1121 760 lioc
1153 724 1246 760 edic-

161 772 237 805 tum
259 769 378 805 locum
395 768 561 805 habebit:
585 769 641 804 sin
656 779 739 804 vero
757 772 896 804 tantum
914 772 1041 812 status,
1066 768 1248 805 differetur

163 814 324 859 quaestio
355 813 394 850 in
422 817 562 859 tempus
593 814 814 859 pubertatis,
846 813 909 849 sed
941 824 1012 850 non
1044 825 1088 850 ex
1112 814 1245 850 Carbo-

163 864 183 893 3
230 859 355 913 niano²
386 858 450 895 sed
478 869 523 895 ex
555 858 879 895 constitutionibus.
926 859 1058 895 Puberi
1090 860 1247 905 quamvis

163 904 290 940 minori
320 904 443 950 Viginti
475 904 630 950 quinque
654 904 758 940 annis
783 903 1046 940 Carbonianum
1069 915 1142 941 non
1164 915 1245 941 suc-

164 949 286 985 currit.
333 949 398 985 sed
420 952 456 985 et
479 949 510 985 si
523 951 546 992 ¹,
577 960 657 984 cum
682 952 777 985 esset
798 949 929 1001 pubes,
959 950 1062 995 quasi
1083 950 1132 986 im
1158 951 1246 986 ubes

163 993 363 1040 obrepserit
384 994 630 1040 bonorumque
652 1004 912 1040 possessionem
936 995 1094 1041 accepit,
1153 995 1245 1031 ‘cen-

163 1039 246 1075 dum
269 1039 337 1075 erit
358 1039 447 1075 nihil
470 1049 552 1076 eum
576 1039 707 1085 egisse:
742 1049 825 1075 nam
855 1043 892 1075 et
914 1040 945 1076 si
967 1040 1130 1086 impubes
1154 1044 1248 1077 esset

161 1094 245 1120 mox
277 1084 393 1130 pubes
428 1084 566 1128 factus,
602 1084 764 1121 finiretur
799 1085 976 1121 bonorum
1009 1086 1247 1132 possessionis

162 1133 182 1164 4
231 1129 517 1165 emolumentum.
553 1129 691 1166 Causae
713 1129 867 1175 cognitio
890 1131 927 1166 in
950 1139 993 1167 eo
1010 1131 1170 1173 vertitur,
1194 1135 1246 1175 ut,

162 1175 192 1210 si
216 1174 405 1210 manifesta
428 1175 606 1210 calumnia
628 1179 819 1221 appareret
842 1185 982 1219 eorum,
1012 1175 1074 1222 qui
1101 1175 1245 1212 infanti-

162 1220 229 1255 bus
263 1219 439 1256 bonorum
472 1220 733 1265 possessionem
767 1223 948 1266 peterent,
988 1231 1061 1256 non
1099 1220 1248 1258 daretur

160 1265 336 1301 bonorum
357 1265 548 1310 possessio.
597 1266 798 1301 summatim
822 1276 918 1311 ergo,
943 1277 1023 1302 cum
1046 1267 1180 1312 petitur
1204 1277 1247 1303 ex

162 1309 387 1346 Carboniano
405 1310 580 1346 bonorum
622 1311 788 1353 ossessio‚
813 1310 920 1347 debet
933 1315 1079 1357 praetor
1096 1323 1245 1357 cognos-

162 1364 261 1391 cere:
292 1358 328 1390 et
357 1355 389 1390 si
417 1355 559 1401 quidem
583 1366 605 1391 a
631 1355 786 1391 solutam
810 1366 956 1392 causam
979 1357 1153 1393 invenerit
1175 1358 1246 1394 evi-

162 1399 355 1444 denterque
384 1400 585 1445 probatur2
614 1400 727 1436 filium
757 1411 830 1437 non
855 1412 953 1445 esse,
986 1412 1118 1447 negare
1141 1402 1248 1440 debet

161 1445 192 1481 ei
209 1445 383 1481 bonorum
399 1445 660 1490 possessionem
675 1446 955 1483 Carbonianam:
981 1447 1012 1483 si
1030 1457 1113 1484 vero
1132 1447 1246 1485 ambi-

159 1500 265 1536 guam
286 1490 533 1542 causamnlioc
554 1494 609 1526 est
626 1491 682 1527 vel
699 1491 877 1527 modicum
895 1503 962 1538 pro
980 1502 1091 1538 puero
1110 1493 1246 1530 facien·

160 1539 242 1578 tem,
267 1538 309 1570 ut
331 1546 404 1571 non
426 1535 587 1571 videatur
612 1536 791 1573 evidenter
812 1536 907 1573 filius
931 1548 1004 1574 non
1028 1548 1117 1582 esse,
1148 1539 1249 1575 dabit

161 1584 180 1615 5
229 1580 262 1616 ei
298 1580 561 1616 Carbonianam
601 1581 778 1618 bonorum
815 1583 1089 1629 possessionem.
1142 1583 1247 1620 Duae

161 1629 280 1661 autem
313 1629 398 1661 sunt
428 1636 559 1662 causae
583 1627 818 1673 cognitiones,
850 1638 923 1663 una
947 1628 1087 1665 dandae
1111 1628 1245 1665 Carbo·

161 1670 289 1706 nianae
304 1671 551 1716 possessionis,
577 1682 669 1716 quae
691 1672 801 1708 habet
824 1673 1047 1709 commodum
1070 1674 1170 1718 illud,
1194 1677 1245 1717 ut,

160 1715 306 1761 perinde
329 1719 436 1761 atque
459 1716 491 1752 si
517 1717 652 1752 nullam
676 1718 951 1754 controversiam
973 1722 1158 1764 pateretur
1179 1720 1245 1755 im-

159 1761 284 1806 pubes,
304 1761 566 1807 possessionem
581 1762 748 1808 accipiat,
768 1763 840 1799 alia
854 1774 985 1800 causae
1002 1764 1155 1809 cognitio
1172 1765 1245 1808 illa,

159 1810 280 1841 utrum
311 1805 445 1842 differri
476 1806 606 1843 debeat
634 1807 672 1843 in
704 1811 843 1854 tempus
867 1809 1066 1854 pubertatis
1092 1809 1245 1855 cognitio

160 1862 206 1886 an
230 1851 504 1897 repraesentari.
549 1853 620 1890 hoc
652 1856 772 1889 autem
801 1853 1068 1899 diligentissime
1089 1855 1247 1900 praetori

160 1896 434 1932 examinandum
465 1900 536 1941 est,
566 1908 613 1933 an
637 1908 681 1934 ex
707 1898 803 1934 ediat
826 1899 961 1944 pupillo
985 1900 1247 1946 repraesentari

160 1941 405 1996 cognitionem·
425 1943 620 1995 ampotius
650 1909 784 1979 dffierri
812 1943 850 1979 in
870 1948 1011 1990 tempus
1033 1945 1245 1991 pubertatis,

160 1990 197 2022 et
218 1997 371 2022 maxime
393 1998 575 2033 inquirere
596 1988 666 2024 hoc
689 1999 712 2024 a
735 1989 894 2034 cognatis
918 1993 1032 2026 matre
1049 1990 1245 2026 tutoribus-

160 2041 234 2112 ΕΞ
259 2032 387 2077 pupilli
419 2031 534 2068 debet.
588 2033 682 2079 finge
712 2043 791 2070 esse
821 2038 931 2070 testes
963 2034 1152 2087 quosdam,
1208 2035 1246 2071 ui

186 2077 194 2084 '
233 2080 273 2112 ta
303 2078 547 2114 controversia
577 2082 641 2114 aut
670 2079 861 2114 mutabunt
888 2079 1074 2115 consssium
1097 2083 1161 2115 aut
1208 2090 1245 2116 e-

161 2122 288 2158 cedent
310 2126 374 2157 aut
396 2126 545 2167 propter
566 2123 737 2169 temporis
759 2123 983 2160 intervallum
1006 2135 1077 2160 non
1097 2125 1246 2161 eandem

160 2166 265 2202 fidem
285 2167 488 2203 habebunt:
513 2168 568 2203 vel
590 2167 684 2213 finge
708 2178 786 2204 esse
809 2179 918 2204 anum
940 2169 1167 2206 obstetricem
1190 2170 1246 2207 vel

160 2211 318 2256 ancillas,
343 2221 435 2257 quae
457 2212 642 2249 veritatem
666 2224 731 2258 pro
754 2217 862 2259 partu
883 2218 1036 2259 possunt
1053 2215 1244 2260 insinuare,

160 2257 215 2293 vel
245 2256 483 2293 instrumenta
512 2257 599 2294 satis
628 2257 758 2294 idonea
781 2258 828 2294 ad
851 2259 1035 2295 victoriam
1058 2260 1113 2296 vel
1137 2270 1244 2306 quae-

160 2302 242 2338 dam
265 2301 337 2337 alia
359 2312 400 2337 ar
485 2305 579 2346 enta,
606 2306 649 2338 ut
670 2303 781 2356 magis
806 2303 973 2339 damnum
996 2305 1156 2350 patiatur
1178 2317 1244 2351 pu-

159 2347 285 2393 pillus,
317 2357 387 2392 quo
446 2346 610 2383 differtur
635 2348 812 2394 cognitio,
846 2359 952 2395 quam
985 2350 1244 2396 compendium,

160 2391 255 2437 quod
283 2402 356 2427 non
386 2396 693 2447 repraesentatur:
731 2393 825 2439 finge
850 2394 1035 2447 ‘pupillum
1051 2396 1245 2448 ‘satisdare

160 2437 1245 2535 ffitss’tffitssssyssrmsssstafflffffiffissssz’.&tuffam

159 2537 291 2563 novare
314 2527 448 2563 moliri:
474 2532 538 2563 aut
560 2528 662 2564 stulti
685 2533 748 2564 aut
768 2529 880 2575 iniqui
896 2531 1069 2576 praetoris
1086 2531 1154 2567 erit
1170 2541 1245 2568 rem

159 2572 196 2607 in
224 2575 366 2653 temgus
397 2573 596 2618 pubertatis
628 2573 770 2610 differre
802 2585 883 2610 cum
914 2586 1053 2612 summo
1083 2576 1158 2612 eius
1188 2576 1243 2612 in-

160 2627 296 2654 commo
323 2628 362 2660 o,
387 2618 446 2654 cui
470 2618 672 2654 consultum
695 2619 790 2655 velit.
838 2620 939 2656 divus
964 2621 1069 2656 etiam
1091 2621 1244 2658 Hadria-

159 2673 226 2698 nus
250 2662 302 2698 ita
323 2663 525 2708 rescripsit:
559 2663 675 2709 ‘Quod
703 2664 741 2699 in
771 2669 911 2711 tempus
939 2666 1139 2711 pubertatis
1163 2669 1244 2703 res³

159 2706 304 2742 ‘differri
327 2708 428 2751 solet,
452 2708 671 2754 pupillorum
691 2719 802 2746 causa
817 2710 869 2754 fit,
894 2721 939 2746 ne
963 2711 1007 2746 de
1029 2714 1127 2747 statu
1149 2712 1243 2757 peri-

160 2751 356 2794 ‘clitentur‚
395 2757 587 2799 antequam
623 2764 662 2790 se
697 2754 791 2790 tueri
820 2755 972 2801 possint.
1026 2760 1184 2792 ceterum
1213 2758 1244 2793 si

159 2796 317 2833 ‘idoneos
340 2797 512 2842 habeant,
542 2809 566 2834 a
589 2799 717 2844 quibus
742 2799 995 2844 defendantur,
1026 2804 1062 2838 et
1083 2805 1159 2837 tam
1181 2813 1242 2838 ex-

159 2841 328 2895 ‘peditam
352 2852 516 2887 causam,
546 2847 588 2879 ut
617 2844 776 2889 ipsorum
806 2845 948 2882 intersit
970 2850 1109 2883 mature
1133 2846 1177 2884 de
1200 2858 1244 2884 ea

160 2885 339 2931 uudicari,
372 2891 407 2922 et
435 2892 572 2924 tutores
604 2899 726 2925 eorum
755 2889 887 2927 iudicio
920 2891 1073 2944 experiri
1101 2891 1242 2929 volunt:

160 2935 244 2985 ‘non
275 2931 381 2968 debet
396 2932 582 2984 ,adversus
615 2934 772 2980 pupillos
804 2935 1003 2979 observari,
1044 2937 1140 2982 quod
1177 2948 1243 2984 pro

159 2980 258 3022 ‘ipsis
282 2980 520 3022 excogitatum
543 2982 609 3022 est,
633 2983 671 3015 et
692 2979 847 3026 pendere
870 2984 986 3018 status
1002 2991 1136 3026 eorum,
1162 2993 1244 3019 cum

160 3025 180 3058 6
227 3022 309 3057 ‘iam
331 3022 447 3068 possit
468 3023 691 3060 indubitatus
715 3026 816 3061 esse'.
854 3025 892 3061 Si
916 3029 1029 3062 mater
1050 3026 1242 3080 impuberis

160 3066 310 3119 subiecti
359 3070 458 3102 artus
481 3077 543 3103 rea
565 3069 749 3114 postulata
772 3080 918 3106 causam
940 3071 1153 3117 optinuerit,
1175 3083 1242 3118 po-

159 3115 243 3147 terit
352 3122 399 3148 uc
434 3123 622 3158 superesse
656 3118 771 3150 status
828 3116 985 3159 uaestio,
1022 3120 1064 3152 ut
1092 3121 1182 3162 puta
1212 3118 1243 3154 si

159 3156 301 3192 dicatur
323 3160 388 3193 aut
409 3167 482 3193 non
506 3167 584 3194 esse
607 3168 651 3194 ex
673 3159 751 3204 ipso
776 3159 800 3196 d
837 3164 944 3197 uncto
963 3171 1074 3197 conce
1099 3165 1158 3198 tus
1179 3166 1244 3198 aut

161 3205 178 3254 [¹
228 3211 272 3237 ex
291 3202 373 3254 ipso
397 3201 549 3248 quidem,
574 3203 638 3239 sed
655 3214 727 3240 non
744 3215 787 3241 ex
801 3205 1025 3242 matrimonio
1089 3207 1168 3243 ’tus.
1205 3207 1243 3244 Si

158 3256 207 3289 is,
263 3258 299 3282 ιιι
331 3250 447 3283 status
477 3249 753 3285 controversiam
783 3249 857 3287 fllio
887 3250 1045 3288 faciebat
1068 3255 1104 3288 et
1126 3252 1241 3289 solum

160 3301 198 3327 se
271 3292 340 3327 'um
370 3292 529 3335 dicebat,
559 3292 752 3329 decesserit
779 3298 816 3331 et
843 3299 957 3331 mater
985 3297 1018 3332 ei
1046 3296 1151 3334 lieres
1179 3307 1239 3333 ex·

159 3336 286 3379 titerit‚
327 3337 358 3372 si
397 3337 538 3382 quidem
574 3337 723 3374 eandem
760 3340 1036 3377 controversiam
1065 3342 1241 3388 impuberi

159 3384 273 3417 mater
301 3381 431 3425 faciat,
488 3382 525 3418 ui
547 3392 587 3419 se
609 3392 653 3419 ex
675 3382 746 3418 alia
770 3388 893 3420 natum
916 3385 1099 3430 adfirmat,
1132 3397 1240 3433 quam

159 3424 254 3462 filius
277 3426 354 3463 eius
376 3426 469 3463 facie
495 3431 549 3471 at,
579 3427 716 3464 scilicet
738 3432 779 3463 ut
802 3434 907 3474 neget
929 3442 1009 3467 eum
1031 3431 1161 3477 filium,
1184 3431 1239 3468 id-

160 3469 327 3517 circoque
361 3470 409 3507 ad
442 3482 482 3508 se
511 3475 626 3509 totam
654 3472 886 3510 hereditatem
917 3485 961 3511 ex
991 3485 1146 3522 persona
1175 3477 1240 3513 filii

1232 104 1319 153 558

1482 0 1487 23 N

1490 22 1597 133 ἶ,

1315 230 1372 267 ιιιιί
1400 229 1559 267 defuncti
1581 230 1760 277 pertinere
1782 229 1930 266 debere:
1961 229 1999 266 in
2029 233 2168 276 tempus
2198 230 2394 276 pubertatis

1316 274 1450 311 differri
1465 274 1625 312 Iulianus
1648 274 1710 319 ait,
1735 274 1819 322 quia
1841 274 1929 311 nihil
1951 275 2109 320 interest,
2134 285 2199 312 suo
2223 285 2271 311 an
2292 276 2394 313 liere-

1317 319 1446 356 ditario
1469 319 1611 356 nomine
1635 320 1910 357 controversiam
1933 319 2055 356 faciat.
2101 320 2208 366 plane
2230 321 2261 356 si
2283 323 2396 357 mater

1317 364 1492 400 concedat
1521 365 1618 401 hunc
1650 375 1790 418 quoque
1820 365 1979 401 defuncti
2008 364 2120 401 filium
2144 375 2221 402 esse
2244 365 2395 402 idcirco-

1317 413 1557 491 ἓὲιοῇἑιέἰιὲῑειιέ
1584 409 1775 491 ἀίιιιιιξίιιιιιο
1786 410 1993 491 hereditat&
2013 410 2144 491 'adalgi
2152 410 2397 492 sginvffidioet

1556 457 1667 491 ternis
1730 466 1754 491 n
1778 466 1801 491 n
1825 466 1874 491 eri
1913 466 1951 490 iu
1990 466 2084 491 cium
2355 468 2395 492 u-

1316 499 1466 536 bertatis
1554 482 1741 537 erendui’n:
1774 511 1847 536 non
1871 501 1964 536 enim
1988 500 2032 536 de
2055 466 2396 546 paternis,psedpde

1318 548 1337 579 8
1383 544 1552 581 fraternis
1576 545 1679 581 bonis
1701 545 1750 581 im
1774 545 1877 581 uberi
1899 544 1941 581 fit
1964 545 2216 582 controversia.
2262 545 2395 582 Ibidem

1315 589 1476 626 Iulianus
1500 589 1657 636 quaerit:
1689 589 1719 626 si
1774 601 1820 627 uo
1851 590 2052 636 impuberes
2075 590 2259 637 patiantur
2281 594 2396 626 status

1317 635 1594 671 controversiam
1632 639 1668 671 et
1701 635 1793 671 alter
1823 645 1945 672 eorum
1974 636 2160 682 pubuerit,
2197 636 2398 682 exspectari

1316 680 1462 716 alterius
1494 690 1636 726 quoque
1666 680 1837 726 pubertas
1868 679 1990 725 debet,
2029 680 2166 717 scilicet
2196 684 2238 716 ut
2267 681 2320 717 sic
2353 680 2398 716 de

1317 724 1502 771 utriusque
1526 728 1623 761 statu
1645 729 1790 771 agatur,
1819 736 1865 762 ne
1888 725 2033 772 aliquod
2055 725 2311 772 praeiudicium
2334 725 2398 762 fiat

1317 774 1337 806 9
1383 769 1559 816 impuberi
1595 780 1660 816 per
1695 770 1839 823 puberis
1874 781 2074 817 personam.
2134 770 2240 807 Parvi
2276 770 2397 814 refert,

1317 818 1437 851 utrum
1464 815 1596 862 petitor
1626 815 1673 852 sit
1702 816 1863 862 impubes
1893 827 1940 851 an
1962 826 2166 862 possessor,
2198 816 2259 862 qui
2282 819 2397 852 status

1318 861 1596 897 controversiam
1618 860 1771 907 patitur:
1796 871 1879 896 nam
1903 862 1975 898 sive
1997 861 2179 907 possideat
2198 862 2270 897 sive
2312 864 2398 903 etat,

1319 909 1360 941 10
1405 905 1444 941 in
1467 910 1607 959 tempus
1630 905 1830 952 pubertatis
1850 906 2021 942 differtur.
2057 905 2096 943 Si
2111 906 2180 942 duo
2197 906 2294 952 impu
2321 916 2397 942 eres

1316 950 1465 1005 inuicem
1486 951 1624 987 faciant
1646 954 1761 1004 status
1786 951 2073 1004 controversiam,
2095 952 2254 995 interest,
2279 954 2398 1004 utrum

1316 996 1687 1094 ffiffitffiffl
1698 996 1942 1084 3¹32&ssss
1960 1000 2171 1094 ἷὲιθέθίἰὶθ
2184 1007 2399 1094 ’ξῖῗηὲἓέῗ

1316 1086 1405 1122 siam
1435 1086 1482 1122 ad
1513 1090 1700 1140 utriusque
1726 1087 1950 1132 pubertatem
1974 1086 2107 1123 differri
2116 1087 2141 1130 ⁶,
2173 1097 2246 1123 sive
2293 1090 2399 1123 etitor

1316 1132 1389 1168 sive
1411 1142 1599 1178 possessor
1621 1136 1677 1168 sit.
1725 1132 1756 1167 si
1785 1142 1868 1167 vero
1901 1132 1992 1167 alter
2022 1142 2061 1168 se
2092 1131 2224 1175 solum,
2284 1135 2339 1168 ter
2362 1135 2399 1167 et

1316 1187 1354 1213 se
1378 1177 1491 1220 dicat,
1523 1177 1579 1214 si⁷
1603 1177 1743 1231 quidem
1765 1176 1824 1212 ille
1847 1176 2039 1213 adoleverit
2062 1177 2122 1223 qui
2145 1187 2184 1214 se
2207 1177 2320 1213 solum
2344 1177 2396 1212 di-

1317 1225 1394 1265 cat,
1427 1222 1545 1259 adhuc
1580 1222 1742 1258 differtur
1774 1222 2015 1259 controversia
2042 1226 2190 1269 propter
2211 1222 2398 1268 pueritiam

1317 1268 1391 1303 eius
1416 1268 1476 1314 qui
1499 1271 1536 1304 et
1558 1278 1598 1304 se
1622 1267 1723 1311 dicit,
1755 1267 1819 1304 sed
1843 1267 1888 1303 de
1910 1271 2030 1313 parte,
2062 1278 2136 1303 non
2159 1266 2203 1303 de
2224 1271 2322 1303 toto:
2354 1267 2399 1303 de

1315 1316 1419 1358 parte
1443 1313 1535 1349 enim
1558 1313 1682 1359 utique
1705 1323 1772 1349 nec
1794 1312 1963 1365 litigatur.
2011 1312 2107 1359 quod
2135 1313 2166 1349 si
2194 1312 2255 1348 ille
2278 1312 2397 1349 adole-

1315 1358 1405 1394 verit
1427 1358 1488 1404 qui
1512 1362 1548 1394 et
1570 1368 1610 1394 se
1634 1358 1737 1402 dicit,
1767 1357 1828 1394 ille
1857 1358 2018 1404 impubes
2051 1358 2099 1394 sit
2127 1357 2188 1403 qui
2216 1367 2255 1394 se
2283 1358 2397 1394 solum

1315 1402 1419 1446 dicit,
1452 1414 1524 1439 non
1555 1403 1718 1439 differtur
1749 1403 2008 1439 controversia:
2044 1413 2111 1439 nec
2140 1403 2232 1439 enim
2261 1403 2398 1448 patitur

1314 1448 1478 1494 impubes
1510 1442 1626 1485 status
1658 1448 1952 1492 controversiam,
1991 1447 2054 1485 sed
2083 1448 2191 1491 facit,
2228 1458 2308 1484 cum
2338 1448 2398 1484 hic

1318 1497 1356 1529 11
1404 1494 1519 1539 pubes
1550 1498 1587 1530 et
1616 1504 1654 1529 se
1686 1494 1798 1537 dicat,
1829 1494 1929 1529 illuni
1958 1504 2030 1530 non
2060 1496 2164 1539 neget
2191 1492 2337 1545 filium.-
2361 1493 2398 1528 Si

1316 1538 1395 1584 quis
1425 1538 1517 1575 liber
1547 1543 1583 1575 et
1612 1539 1716 1575 heres
1740 1549 1818 1575 esse
1840 1539 1957 1575 iussus
1981 1542 2097 1575 status
2121 1541 2398 1574 controversiam

1314 1583 1490 1630 impuberi
1505 1583 1627 1627 faeiat,
1676 1584 1713 1619 ui
1734 1583 1829 1620 filius
1852 1594 1931 1620 esse
1954 1588 1990 1619 et
2010 1586 2262 1620 testamentum
2285 1583 2397 1628 patris

1314 1629 1455 1710 332..
1479 1629 1886 1711 &ffatim-¹¹⁰⁸&
1907 1632 1968 1665 ψ
2014 1628 2396 1710 mfflffifflhi.

1420 1685 1437 1710 s
1469 1685 1488 1710 e
1585 1685 1604 1711 e
1691 1685 1708 1710 s
1738 1686 1776 1710 in
1835 1685 1870 1709 m
1988 1685 2013 1709 u
2388 1688 2395 1707 :

1314 1723 1481 1755 neutrum
1513 1720 1605 1756 enim
1636 1730 1759 1756 eorum
1790 1721 1841 1755 ita
1871 1685 2042 1765 exmplilgari
2070 1723 2207 1765 potest,
2246 1722 2288 1755 ut
2324 1729 2418 1755 non*

1316 1764 1516 1801 condicioni
1551 1765 1643 1809 eius,
1673 1765 1734 1811 qui
1757 1775 1796 1802 se
1818 1763 1931 1800 filium
1954 1774 2031 1801 esse
2055 1765 2261 1808 contendat,
2292 1773 2395 1810 prae·

1314 1809 1504 1846 iudicetur.
1552 1814 1692 1847 ceterae
1725 1820 1867 1856 quoque
1896 1809 2071 1846 libertatis
2104 1810 2329 1856 quaestiones
2353 1819 2397 1846 ex

1313 1858 1525 1891 testamento
1557 1855 1753 1901 pendentes
1781 1856 1819 1891 in
1841 1859 1913 1891 tem
1938 1865 1982 1891 us
2004 1855 2204 1901 pubertatis
2228 1854 2396 1891 differun-

1317 1903 1357 1935 12
1403 1904 1474 1936 tur.
1529 1900 1617 1936 Cum
1646 1904 1785 1937 extaret
1813 1900 1911 1947 impu
1939 1910 1993 1944 es,
2032 1900 2093 1946 qui
2123 1910 2162 1937 se
2193 1896 2304 1936 filium
2335 1899 2395 1936 de-

1313 1945 1430 1982 functi
1461 1945 1612 1990 diceret,
1645 1945 1892 1992 debitoresque
1921 1949 2052 1991 negent
2081 1956 2163 1982 eum
2184 1945 2296 1981 filium
2319 1955 2397 1981 esse

1314 1990 1475 2027 defuncti
1503 1994 1540 2027 et
1569 1991 1727 2027 intestati
1755 1990 1988 2027 hereditatem
2019 1990 2065 2026 ad
2094 1990 2303 2036 adgnatum,
2337 1991 2397 2036 qui

1313 2035 1407 2071 forte
1429 2038 1529 2071 trans
1552 2046 1651 2072 mare
1675 2036 1807 2079 aberit,
1837 2036 2035 2082 pertinere:
2067 2035 2306 2072 necessarium
2329 2036 2397 2072 erit

1313 2091 1424 2127 puero
1456 2080 1719 2117 Carbonianum
1758 2081 1924 2118 edictum.
1978 2081 2042 2118 sed
2081 2084 2117 2118 et
2152 2081 2293 2118 absenti
2328 2081 2396 2117 erit

1317 2128 1357 2161 13
1404 2126 1710 2172 prospiciendum,
1750 2131 1791 2162 ut
1828 2127 1947 2163 cautio
1978 2129 2194 2179 praestetur.
2245 2126 2396 2162 Missum

1314 2173 1434 2207 autem
1466 2181 1510 2207 ex
1534 2171 1758 2208 Carboniano
1781 2172 1819 2207 in
1841 2182 2102 2218 possessionem
2124 2170 2270 2208 student
2291 2181 2394 2218 prae-

1312 2219 1409 2252 tores
1431 2226 1676 2262 possessorem
1700 2217 1927 2254 constituere.
1973 2217 2072 2263 quod
2096 2217 2128 2253 si
2152 2217 2310 2263 coeperit
2332 2221 2396 2253 aut

1312 2261 1545 2298 hereditatem
1575 2265 1697 2310 petere
1727 2262 1831 2309 quasi
1852 2262 2028 2299 bonorum
2050 2272 2236 2309 possessor
2259 2262 2394 2298 Carbo·

1313 2306 1442 2359 nianus
1477 2310 1541 2342 aut
1577 2307 1736 2361 singulas
1764 2317 1842 2350 res,
1880 2307 2077 2361 rectissime
2105 2307 2264 2361 Iulianus
2301 2307 2393 2343 libro

1311 2352 2053 2450 fflzssgnffmofflffifflffifflzss
2075 2356 2394 2451 33322202533

1312 2445 1498 2524 {232312'312
1528 2442 2394 2534 (1ὲέοῥ·ἐξ83ιῖῗέΟέἓὲ«ιιῖἓιῗὲἑῧῗωειῖῃεῖι“ιὲ”ξὲ.ἷ

1311 2535 1445 2579 petere,
1468 2535 1579 2585 petat,
1593 2498 1728 2579 &quit
1760 2532 1897 2569 directa
1919 2534 2061 2570 actione
2083 2534 2185 2580 quasi
2206 2534 2322 2577 heres,
2352 2538 2394 2569 ut

1312 2588 1356 2615 ea
1378 2578 1549 2624 petitione
1570 2577 1722 2614 iudicari
1730 2579 1868 2660 (possit,
1892 2589 1940 2614 an
1963 2579 2065 2625 quasi
2088 2589 2133 2614 ex
2151 2578 2271 2615 liberis
2288 2579 2391 2614 heres

1313 2623 1370 2666 sit,
1394 2632 1440 2659 ne
1462 2624 1705 2669 praesumptio
1758 2623 1975 2660 arbonianae
1997 2624 2173 2660 bonorum
2194 2623 2390 2670 possessio—

1312 2669 1366 2704 nis
1389 2668 1554 2703 iniuriam
1577 2668 1791 2705 adversariis
1815 2668 1960 2706 afferat:
1985 2679 2077 2715 quae
2093 2668 2269 2705 sententia
2283 2669 2393 2705 habet

1316 2717 1356 2748 14
1402 2713 1576 2749 rationem
1606 2717 1641 2750 et
1663 2714 1888 2760 aequitatem.
1935 2714 2035 2750 Haec
2064 2718 2184 2750 autem
2213 2714 2391 2760 possessio

1311 2758 1407 2794 intra
1429 2769 1562 2794 annum
1586 2758 1708 2802 datur,
1739 2759 1846 2795 sicuti
1876 2759 2078 2796 ordinariae
2108 2769 2178 2805 quo
2204 2768 2249 2795 ue
2299 2769 2391 2804 quae

1315 2807 1354 2839 15
1402 2803 1523 2839 liberis
1547 2804 1695 2847 dantur,
1726 2804 1821 2840 intra
1848 2815 1981 2840 annum
2004 2804 2145 2840 dantur.
2181 2770 2268 2840 qSetf
2286 2814 2389 2850 opor-

1310 2849 1400 2885 tebit
1423 2849 1530 2891 hunc,
1555 2849 1616 2894 qui
1639 2859 1678 2885 se
1701 2849 1814 2884 filium
1837 2849 1933 2893 dicit,
1960 2860 2033 2885 non
2055 2849 2171 2885 solum
2194 2848 2389 2885 Carbonia·

1311 2904 1394 2929 nam
1424 2894 1599 2930 bonorum
1628 2894 1890 2940 possessionem
1920 2895 2101 2940 accipere,
2131 2904 2253 2930 verum
2283 2894 2389 2930 etiam

1319 2942 1354 2973 16
1402 2938 1618 2975 ordinariam
1647 2949 1851 2984 agnoscere.
1899 2940 2056 2975 Curi-unt
2083 2942 2201 2975 autem
2228 2943 2390 2985 tempora

1311 2983 1357 3019 ad
1381 2987 1567 3036 utramque
1590 2983 1763 3020 bonorum
1786 2985 2045 3030 possessionem
2066 2994 2105 3021 se
2129 2984 2268 3027 atatim,
2293 2984 2387 3021 ordi-

1311 3029 1434 3064 uariae
1457 3028 1616 3074 quidem,
1648 3039 1692 3064 ex
1723 3040 1792 3074 quo
1815 3035 1955 3075 patrem
1977 3040 2080 3066 suum
2128 3029 2298 3066 ecessisse
2321 3029 2389 3065 scit

1311 3077 1347 3109 et
1369 3073 1576 3109 facultatem
1598 3073 1773 3110 bonorum
1795 3075 2030 3121 possessionis
2052 3074 2227 3120 petendae
2249 3075 2386 3118 habuit,

1311 3118 1558 3154 Carbonianae
1580 3129 1663 3155 vero
1688 3130 1732 3155 ex
1754 3130 1798 3156 eo
1821 3123 1998 3168 tempore,
2023 3130 2067 3156 ex
2090 3129 2159 3165 quo
2184 3122 2385 3156 controver-

1310 3163 1399 3199 siam
1422 3163 1490 3199 sibi
1512 3163 1590 3199 fieri
1615 3164 1790 3209 cognovit.

1355 3207 1381 3246 4
1414 3207 1606 3244 Iomanes
1641 3209 1732 3245 libro
1770 3209 1960 3246 vicensimo
2107 3221 2128 3245 o
2165 3209 2384 3257 differtor-um

1308 3252 1391 3289 Ideo
1423 3252 1454 3289 si
1482 3253 1550 3289 αι’
1578 3254 1694 3299 prima
1721 3258 1825 3300 parte
1851 3254 1958 3291 edicti
1984 3254 2159 3291 bonorum
2187 3255 2383 3301 possessio-

1308 3307 1390 3334 nem
1418 3298 1515 3334 non⁹
1544 3299 1704 3343 petierit,
1738 3299 1827 3336 alias
1855 3299 1989 3345 poterit
2018 3310 2062 3335 ex
2093 3300 2253 3346 sequenti
2282 3303 2385 3346 parte

1308 3342 1415 3380 edicti
1452 3341 1499 3378 ad
1536 3353 1635 3379 exem
1661 3344 1733 3379 lum
1765 3343 1978 3380 Carboniani
2012 3345 2175 3392 accipere
2210 3345 2384 3382 bonorum

1307 3387 1586 3440 possessionem,
1616 3398 1639 3423 a
1655 3388 1706 3425 'as
1736 3399 1808 3425 non
1837 3389 1981 3442 poterit.
2027 3400 2110 3443 nam
2136 3390 2168 3426 si
2198 3390 2383 3444 confestim

1306 3435 1399 3513 35³3,ss
1436 3436 2038 3525 tffsssssszz‘sssmwssszssffless
2060 3434 2383 3527 mma&

2011 121 2075 153 DE
2103 120 2394 154 cmouuno

161 3584 199 3624 (ι)
224 3584 258 3615 et
267 3582 297 3616 si
308 3582 394 3625 aaa,
406 3596 465 3618 om.
479 3583 515 3617 Γ
640 3586 685 3628 (2)
707 3584 868 3629 probetur
880 3587 931 3620 Ρ

162 3627 203 3670 (4)
228 3628 505 3681 aflieeitsortam
528 3629 692 3682 Ulpianus
709 3631 826 3674 utpote
843 3630 967 3665 habens
983 3632 1036 3665 iun
1055 3589 1245 3668 {iver-off

160 3672 203 3712 (s)
226 3684 275 3705 ne
292 3671 357 3715 ΙΝ,
379 3674 493 3707 utrum
517 3684 658 3717 quisque
675 3673 782 3709 nolam
800 3674 908 3709 fllium
928 3676 1016 3710 dicat
1034 3677 1140 3711 fllium
1164 3679 1236 3719 (rol.

160 3717 235 3757 om.)
249 3717 310 3757 1⁷¹,
326 3719 441 3751 utrm
452 3719 592 3761 quisque
602 3718 709 3753 solum
720 3718 828 3754 fllium
839 3719 929 3755 dicat
938 3731 972 3755 se
984 3733 1026 3755 sn
1040 3722 1124 3756 alter
1134 3723 1234 3757 solus.

1306 3599 1382 3623 nam
1393 3590 1422 3622 si
1434 3591 1574 3633 quisque
1585 3601 1619 3626 se
1629 3590 1737 3626 solum
1747 3591 1838 3626 dicat
1847 3592 1954 3627 mium
1964 3606 2029 3630 scr.

2142 3596 2187 3638 (ο)
2211 3595 2343 3630 differre
2355 3597 2390 3630 F

1305 3634 1349 3674 (Ἰ)
1372 3635 1400 3667 si
1414 3636 1501 3678 deta,
1518 3637 1548 3669 is
1561 3637 1597 3670 F
1677 3637 1722 3678 (8)
1745 3636 1774 3670 ui
1786 3647 1825 3670 ex
1839 3639 1926 3680 dett„
1942 3649 1998 3673 sex
2011 3639 2045 3672 F·

2129 3641 2176 3682 (ο)
2198 3640 2279 3684 ιιοιι]
2291 3641 2379 3674 intre

1303 3689 1428 3712 lunum
1439 3693 1501 3715 ecr-
