2528 3918
201 132 430 177 XXXXVI
460 137 485 178 3

202 257 252 292 ita
270 256 434 299 cavisset,
458 261 500 291 ιιι
517 256 586 292 sibi
604 256 760 292 solutum
779 267 824 293 ex
841 268 1006 295 universo
1025 258 1159 294 credito
1179 258 1285 304 signi-

203 302 338 344 ficaret,
362 301 489 337 crediti
511 301 704 347 appellatio
728 302 864 339 solam¹
889 303 1152 340 fideicommissi
1171 313 1285 357 pecu-

203 347 296 381 niam
319 345 564 382 demonstrare
587 346 738 390 videtur,
761 358 835 384 non
855 357 943 390 eam,
993 358 1061 383 uae
1079 348 1286 393 petitionem

202 391 343 436 quidem
365 402 439 427 non
462 391 588 435 habet,
618 391 794 428 solutione
823 396 943 436 autem
981 398 1063 428 acta
1086 393 1199 438 repeti
1222 404 1285 439 pe-

203 435 335 472 cunia¹
357 447 429 471 non
452 438 582 482 potest.
631 447 712 472 cuni
734 447 817 474 vero
841 448 962 474 servus
987 437 1071 472 Titii
1095 442 1197 473 actor
1220 438 1283 473 ab·

201 484 301 517 sente
319 480 461 516 domino
481 481 669 526 pecuniam
690 482 844 524 solverit,
868 493 912 518 ne
930 482 1122 517 dominium
1144 483 1284 528 quidem

201 536 424 561 nummorum
448 526 486 561 iii
510 536 588 561 eam
612 527 792 579 speciem³
822 527 1065 572 obligationis,
1099 538 1191 573 quae
1219 528 1283 563 ha-

202 571 280 606 buit
303 571 473 606 auxilium
496 572 726 616 exceptionis,
751 573 962 608 translatum
986 572 1090 615 foret,
1119 573 1151 608 si
1175 583 1218 608 eu
1241 583 1284 608 ea

202 625 313 651 causa
336 616 465 652 solutio
490 616 589 652 facta
610 621 888 663 proponeretur,
921 618 1005 662 quia
1027 628 1100 652 non
1124 622 1179 654 est
1201 628 1283 653 vero

202 660 314 696 simile
346 661 526 696 dominum
555 661 602 697 ad
634 672 711 698 eam
740 662 892 708 speciem
922 662 1098 698 solvendis
1122 663 1283 708 pecuniis

202 715 341 741 servum
364 706 627 752 praeposuisse,
651 718 742 752 quae
767 707 856 743 solvi
878 718 950 742 non
973 707 1184 750 debuerunt,
1212 719 1284 743 non

202 750 311 795 magis
342 761 448 796 quam
482 757 524 787 ut
553 762 717 788 nummos
750 752 947 797 peculiares
979 762 1024 788 ex
1055 763 1166 788 causa
1196 753 1282 788 fide—

201 795 386 838 iussionis,
418 806 524 842 quam
555 807 677 833 servus
710 808 781 833 non
807 807 850 831 ex
874 797 1027 833 utilitate
1050 798 1181 842 peculii
1204 809 1282 833 sus-

201 850 242 876 ce
267 840 307 883 it,
332 841 495 877 solveret.

275 884 299 922 5
325 885 430 922 Imm
449 886 539 922 libro
557 887 747 922 vicensimo
767 890 892 922 octavo
912 889 1162 933 quaestionum
1201 887 1282 922 ‘Sti—

201 931 320 966 ‘chum
344 936 408 966 aut
429 930 666 977 Pamphilum,
691 935 813 966 utrum
835 941 900 976 ego
924 932 1039 975 velim,
1064 933 1150 968 dare
1174 943 1281 977 spon-

201 974 275 1011 ‘des
284 976 312 1011 ?‘
344 976 457 1012 altero
480 981 621 1011 mortuo
646 976 707 1021 qui
730 976 814 1011 vivit
837 976 935 1013 solus
962 981 1120 1023 petetur,
1152 978 1223 1012 nisi
1253 977 1284 1012 si

202 1029 301 1057 mora
329 1019 428 1056 facta
457 1021 506 1056 sit
535 1021 573 1055 in
602 1031 643 1056 eo
673 1026 832 1065 mortuo,
865 1032 968 1075 quem
998 1023 1131 1068 petitor
1159 1022 1280 1067 elegit:

200 1069 287 1101 tunc
318 1065 412 1101 enim
440 1065 587 1111 perinde
616 1066 713 1102 solus
737 1066 796 1102 ille
843 1077 881 1101 ui
905 1067 1057 1103 decessit
1078 1068 1281 1114 praebetur,

204 1115 216 1145 1
267 1121 312 1146 ac
327 1111 359 1146 si
375 1111 473 1146 solus
488 1111 527 1146 in
545 1110 796 1155 obligationem
839 1111 988 1147 eductus
1006 1112 1144 1148 fuisset.
1180 1112 1283 1156 Quod

199 1156 232 1192 si
266 1155 495 1201 promissoris
532 1155 642 1191 fuerit
677 1156 822 1198 electio,
862 1156 1030 1193 defuncto
1071 1158 1182 1193 altero
1220 1157 1282 1237 gui

198 1204 362 1246 superest
384 1211 497 1245 aeque
519 1201 592 1245 peti
616 1201 781 1246 poterit⁴.
829 1201 1006 1238 enimvero
1037 1202 1068 1238 si
1098 1202 1193 1238 facto
1244 1212 1280 1237 e-

200 1245 325 1281 bitoris
349 1245 439 1281 alter
462 1246 509 1280 sit
532 1251 704 1289 mortuus,
729 1257 810 1281 cum
835 1246 1004 1282 debitoris
1029 1251 1124 1282 esset
1142 1247 1279 1289 electio,

198 1290 357 1336 quamvis
379 1290 521 1326 interim
544 1300 617 1325 non
636 1291 726 1325 alius
745 1291 819 1335 peti
865 1291 964 1333 ossit,
989 1302 1095 1337 quam
1115 1292 1177 1337 qui
1192 1292 1282 1328 solvi

198 1336 306 1371 etiam
328 1340 458 1381 potest,
482 1345 596 1380 neque
617 1335 776 1371 defuncti
795 1347 816 1371 ο
844 1337 915 1371 eri-i
932 1337 1131 1373 aestimatio
1149 1340 1280 1382 potest,

197 1381 230 1417 si
250 1380 346 1417 forte
368 1380 472 1424 longe
484 1380 564 1432 ‘fuit
585 1380 704 1424 vilior,
729 1381 896 1433 quoniam
919 1381 956 1416 id
979 1393 1044 1427 pro
1068 1382 1222 1428 petitore
1243 1382 1282 1417 in

197 1435 348 1472 poenam
378 1425 604 1470 promissoris
637 1429 869 1461 constitutum
901 1431 973 1468 est,
1012 1431 1151 1471 tamen,
1183 1427 1215 1463 si
1245 1431 1282 1462 et

197 1471 288 1506 alter
317 1480 439 1506 servus
470 1475 596 1516 postea
631 1470 707 1505 sine
746 1471 854 1516 culpa
888 1471 1058 1508 debitoris
1098 1472 1280 1516 moriatur,

199 1515 295 1550 nullo
317 1514 424 1551 modo
447 1525 493 1550 ex
516 1515 689 1560 stipulatu
712 1515 770 1560 agi
788 1517 931 1561 poterit,
957 1527 1037 1552 cum
1053 1517 1115 1553 illo
1134 1517 1173 1552 in
1191 1521 1279 1553 tem-

199 1569 295 1606 pore,
320 1570 390 1604 quo
413 1560 643 1602 moriebatur,
667 1571 740 1595 non
764 1562 980 1597 commiserit
1002 1562 1278 1607 stipulationem.

198 1615 284 1640 sane
319 1606 486 1650 quoniam
520 1605 695 1650 impunita
729 1615 801 1640 non
839 1606 970 1642 debent
1006 1617 1084 1643 esse
1114 1607 1279 1649 admissa,

197 1649 270 1686 doli
299 1650 395 1685 actio
424 1660 498 1685 non
527 1650 701 1686 immerito
731 1650 1008 1687 desiderabitur:
1042 1652 1145 1687 aliter
1174 1662 1280 1697 quam

196 1695 234 1730 in
255 1704 411 1748 persona
433 1695 670 1737 fideiussoris,
705 1696 766 1740 qui
789 1697 1001 1740 promissum
1024 1697 1202 1733 hominem
1224 1697 1280 1732 in-

197 1740 354 1783 tertecit,
378 1740 463 1785 quia
486 1745 627 1776 tenetur
651 1750 695 1775 ex
718 1741 892 1785 stipulatu
916 1742 1057 1778 actione
1080 1742 1278 1783 fideiussor,

196 1785 491 1830 quemadmodum
512 1786 720 1829 tenebatur,
747 1786 779 1821 si
801 1785 942 1822 debitor
965 1787 1041 1823 sine
1064 1787 1195 1823 herede
1218 1787 1279 1822 de-

197 1836 216 1865 2
263 1830 440 1866 cessisset.
496 1830 617 1866 Aditio
653 1830 859 1866 hereditatis
898 1842 1165 1877 nonnumquam
1203 1832 1280 1867 iure

196 1874 384 1911 confundit
413 1875 684 1920 obligationem,
722 1875 832 1911 veluti
862 1876 894 1911 si
926 1877 1079 1912 creditor
1111 1877 1279 1913 debitoris

195 1920 250 1955 vel
273 1926 400 1956 contra
423 1920 562 1956 debitor
585 1920 769 1956 creditoris
787 1920 915 1956 adierit
931 1922 1177 1958 hereditatem.
1214 1923 1278 1957 ali·

197 1965 337 2010 quando
369 1976 435 2018 pro
466 1966 644 2001 solutione
673 1965 786 2008 cedit,
823 1966 855 2001 si
883 1966 977 2001 sorte
1009 1967 1181 2009 creditor,
1219 1967 1280 2012 qui

195 2010 331 2090 Eupillo
360 2020 437 2046 sine
466 2011 595 2046 tutoris
626 2010 840 2046 auctoritate
874 2022 1036 2047 nummos
1067 2013 1278 2054 crediderat,

220 2065 299 2091 eres
321 2055 355 2090 ei
378 2055 510 2090 extitit:
536 2066 608 2091 non
628 2055 720 2090 enini
741 2060 874 2100 quanto
892 2057 1104 2101 locupletior
1122 2069 1170 2103 pu
1196 2057 1278 2092 illus

195 2099 314 2136 factus
341 2105 415 2143 est,
450 2104 742 2146 consequeretur,
772 2100 836 2136 sed
865 2101 903 2136 in
928 2102 1080 2137 solidum
1105 2113 1164 2139 cre
1192 2102 1278 2137 ‘tum

194 2155 300 2180 suum
337 2155 382 2180 ex
418 2145 616 2181 hereditate
650 2146 789 2181 retinet.
845 2146 1034 2190 aliquando
1065 2148 1197 2189 evenit,
1237 2151 1278 2182 ut

195 2189 312 2225 inanis
330 2190 501 2235 obligatio
520 2189 676 2225 aditione
694 2190 901 2226 hereditatis
922 2191 1162 2227 confirmetur.
1195 2202 1278 2227 nam

194 2234 227 2270 si
247 2235 371 2278 heres,
403 2235 466 2280 qui
495 2235 692 2271 restituerit
714 2245 758 2270 ex
782 2235 1009 2272 Trebelliano
1033 2237 1276 2278 hereditatem,

195 2278 520 2316 fideicommissario
554 2281 659 2316 heres
694 2280 886 2324 exstiterit,
921 2281 976 2316 vel
1005 2282 1148 2324 mulier,
1186 2292 1278 2326 quae

195 2335 266 2405 pio·
286 2324 381 2404 Τὲιιίο
403 2325 666 2406 invtitleirscesserat}3
691 2325 931 2406 effemdilzgroees
953 2326 1121 2379 extiterit,
1153 2326 1278 2379 incipit

194 2379 216 2404 o
343 2380 365 2405 o
395 2381 429 2405 ci
537 2381 629 2415 prop
666 2381 685 2405 r
738 2380 798 2406 ere
910 2382 944 2405 m
976 2382 1071 2415 eius,
1108 2382 1171 2416 qui
1200 2381 1277 2406 iure

195 2419 275 2450 tene
301 2419 394 2459 atur,
419 2415 590 2450 auxilium
613 2415 831 2460 exceptionis
855 2416 1034 2452 amittere:
1066 2416 1193 2452 etenim
1221 2416 1276 2450 in-

195 2459 377 2495 conditum
407 2464 462 2496 est
491 2460 677 2495 subvenire
705 2460 831 2495 sexui⁵
867 2461 1042 2505 mulieris,
1081 2471 1174 2505 quae
1210 2471 1275 2496 suo

195 2508 215 2538 3
260 2505 403 2540 nomine
433 2505 664 2550 periclitetur.
719 2505 822 2549 Quod
857 2506 959 2550 volgo
997 2506 1153 2541 iactatur
1188 2505 1274 2540 fide-

193 2549 383 2593 iussorem,
439 2550 477 2584 ui
503 2550 656 2585 debitori
678 2549 782 2585 heres
805 2550 939 2594 extitit,
971 2560 1015 2586 ex
1047 2560 1158 2586 causa
1187 2550 1275 2586 fide-

193 2594 360 2631 iussionis
390 2594 417 2630 li
443 2595 552 2637 erari,
586 2595 717 2630 totiens
748 2605 870 2630 verum
901 2598 971 2637 est,
1004 2596 1167 2641 quotiens
1198 2595 1276 2630 rei⁶

219 2640 331 2675 lenior
353 2639 583 2685 promittendi
606 2639 776 2684 obligatio
799 2639 987 2675 invenitur.
1032 2650 1115 2675 nam
1139 2640 1169 2676 si
1191 2650 1274 2676 reus

194 2650 380 2721 dumtaxat
411 2684 480 2720 fuit
514 2685 708 2730 obligatus,
745 2684 933 2720 fideiussor
963 2685 1173 2721 liberabitur
1182 2687 1207 2720 ⁷.
1255 2695 1274 2720 e

195 2729 375 2765 contrario
399 2740 471 2764 non
520 2734 612 2765 otest
635 2730 705 2764 dici
729 2740 799 2765 nou
830 2729 908 2765 tolli
934 2730 1153 2766 fideiussoris
1184 2730 1273 2766 obli-

193 2774 391 2818 gationem,
423 2774 452 2809 si
476 2741 616 2810 dgbitor
632 2775 817 2828 propriam
842 2779 878 2809 et
901 2776 1125 2820 personalem
1147 2775 1275 2811 habuit

194 2818 451 2854 defensionem:
489 2829 572 2854 nam
611 2830 643 2854 si
677 2820 803 2855 minori
833 2819 954 2864 viginti
985 2821 1141 2864 quinque
1171 2820 1274 2856 annis

195 2863 309 2899 bonae
337 2863 445 2898 fidei⁸
473 2865 660 2916 pecuniam
689 2864 861 2899 credidit⁹
889 2865 990 2909 isque
1023 2875 1183 2900 nummos
1213 2875 1273 2900 ac-

194 2912 317 2954 ceptos
347 2907 502 2954 perdidit
536 2914 571 2943 et
599 2909 694 2943 intra
724 2914 884 2954 tempora
914 2910 951 2944 in
973 2910 1147 2954 integrum
1171 2910 1272 2945 resti-

192 2953 340 2989 tutionis
360 2952 513 2989 decessit
530 2953 659 2989 herede
677 2954 897 2996 fideiussore,
921 2954 1065 2990 difficile
1081 2958 1137 2989 est
1153 2954 1271 2990 dicere

194 3007 340 3034 causam
367 2998 457 3034 iuris
488 2998 686 3051 honorarii,
716 3009 807 3043 quae
838 2999 957 3044 potuit
985 2999 1117 3035 auxilio
1147 2999 1272 3034 minori

194 3052 288 3085 esse,
312 3042 465 3079 retinere
488 3043 704 3078 fideiussoris
728 3044 995 3088 obligationem,
1026 3047 1053 3065 ¹⁰
1061 3054 1152 3089 quae
1175 3044 1271 3089 prin-

194 3088 320 3133 cipalis
350 3087 420 3123 fuit
448 3093 484 3123 et
513 3088 570 3124 cui
599 3087 816 3123 fideiussoris
841 3089 993 3125 accessit
1016 3089 1092 3124 sine
1115 3094 1272 3124 contem-

192 3133 351 3178 platione
371 3133 460 3168 iuris
483 3133 662 3185 praetorii.
708 3133 878 3168 auxilium
908 3134 1015 3179 igitur
1038 3134 1272 3170 restitutionis

193 3177 410 3222 fideiussori,
442 3188 503 3223 qui
531 3177 749 3213 adulescenti
772 3178 874 3213 heres
898 3179 1030 3219 extitit,
1063 3179 1156 3213 intra
1187 3189 1271 3214 con-

192 3225 214 3256 4
260 3223 425 3259 stitutum
448 3229 588 3268 tempus
612 3222 747 3257 salvum
772 3223 847 3257 erit.
895 3223 1079 3259 Naturalis
1103 3223 1271 3268 obligatio

193 3270 234 3302 ut
260 3268 434 3313 pecuniae
464 3267 723 3310 numeratione,
755 3267 806 3301 ita
834 3268 928 3303 iusto
958 3273 1063 3313 pacto
1091 3268 1147 3304 vel
1177 3269 1270 3304 iure-

192 3312 342 3348 iurando
366 3313 445 3358 ipso
469 3313 547 3348 iure
569 3311 723 3351 tollitur,
752 3313 845 3356 quod
868 3313 1046 3347 vinculum
1070 3313 1269 3358 aequitatis,

193 3367 263 3402 quo
286 3357 362 3393 solo
387 3357 646 3399 sustinebatur,
677 3357 919 3392 conventionis
942 3368 985 3392 ae
1010 3358 1121 3393 nitate
1144 3357 1269 3393 dissol-

194 3402 305 3438 vitur:
340 3402 490 3447 ideoque
520 3401 724 3444 fideiussor,
758 3410 861 3446 quem
918 3403 976 3446 upi
1005 3413 1046 3438 us
1078 3402 1193 3445 dedit,
1226 3413 1271 3438 ex

195 3451 213 3482 5
260 3446 339 3483 istis
371 3448 490 3483 causis
519 3446 664 3483 liberari
695 3445 834 3482 dicitur.
914 3447 1089 3482 uaesitum
1120 3450 1191 3491 est,
1222 3458 1269 3483 an

192 3491 244 3526 ita
267 3491 428 3536 stipulari
453 3492 531 3537 quis
553 3492 686 3538 possit:
717 3490 814 3526 ‘inihi
843 3495 908 3526 aut
937 3491 1009 3526 filio
1038 3502 1117 3528 meo
1148 3492 1270 3528 decem

193 3610 233 3648 (ι)
256 3605 317 3640 soli
343 3605 390 3639 F'²
885 3604 929 3646 (3)
953 3603 989 3635 in
1009 3613 1047 3636 ea
1066 3605 1173 3646 specie
1192 3605 1265 3638 edd.

194 3655 235 3687 (⁴)
259 3650 470 3692 potueritF²
538 3652 582 3690 (a)
606 3649 748 3682 sexusF
805 3650 849 3690 (o)
873 3647 1063 3687 reiS,eiF
1122 3650 1165 3690 (¹1)
1190 3659 1266 3681 nain

192 3696 221 3727 si
240 3706 315 3728 reus
334 3696 505 3727 dumtaxat
521 3694 588 3727 suit
599 3692 765 3736 obligatus
777 3691 999 3745 [natur-aliter,
1018 3692 1188 3727 fideiussor
1198 3703 1266 3727 iion

193 3739 405 3772 liberabitur:
430 3740 458 3772 si
475 3737 618 3772 civiliter
636 3738 703 3771 fuit
719 3735 907 3779 obhgatus,]
924 3737 1095 3770 fideiussor
1111 3737 1266 3771 liberabi-

492 3606 534 3644 (2)
559 3604 701 3648 pecunia
721 3604 782 3638 del.

1273 133 1360 182 754
1548 143 1569 182 k

1333 3606 1389 3637 tur
1401 3617 1462 3638 scr.
1479 3606 1636 3645 (similiter
1653 3606 1815 3647 Cuiaciuae)

1333 3648 1405 3682 didi
1423 3661 1486 3683 cer.

1475 12 1491 49 NI

1487 54 1559 140 Ἣ

2021 153 2080 184 ΒΕ
2108 152 2431 186 echonomus

1572 183 1602 193 x.

1356 258 1443 294 ‘dari
1451 259 1479 294 ’θ’
1502 260 1559 296 vel
1581 260 1650 296 ita:
1676 261 1772 297 ‘mihi
1795 266 1858 298 ant
1879 264 1974 308 patri
1983 263 2012 298 ‘?’
2037 265 2100 300 sed
2122 276 2194 301 non
2213 266 2432 304 incommode

1353 306 1472 356 potest
1495 304 1655 357 adhiberi
1678 305 1876 349 distinctio,
1910 313 1949 342 ut
1980 308 2054 344 filio
2078 310 2218 355 quidem
2241 312 2432 358 stipulante

1354 352 1465 400 patris
1488 353 1574 384 tunc
1597 349 1772 386 adiciatur
1795 362 1967 397 persona,
2001 364 2082 389 cum
2106 355 2288 400 stipulatio
2311 358 2345 392 ei
2368 358 2429 393 ad-

1354 394 1445 438 quiri
1467 404 1539 447 non
1564 395 1695 439 possit:
1729 406 1750 431 e
1780 398 1960 433 contrario
1994 403 2112 434 autem
2135 400 2223 436 nihil
2245 403 2432 446 prohibeat

1353 442 1457 483 patre
1491 439 1686 483 stipulante
1713 440 1778 476 filii
1833 452 1995 478 ersonam
2029 444 2137 486 adici,
2178 456 2258 480 cum
2289 447 2429 489 totiens,

1354 483 1450 527 quod
1477 488 1582 536 pater
1608 483 1682 536 filio
1711 486 1782 538 stip
1822 490 1919 531 atur,
1952 488 2021 523 sibi
2045 489 2236 534 stipulatus
2260 491 2429 536 intellegi-

1353 533 1429 580 tur,
1461 538 1542 563 cum
1571 531 1680 581 ipsi¹¹
1711 530 1779 566 sibi
1808 531 1997 578 stipulatus
2027 544 2098 568 non
2127 538 2197 576 est,
2230 536 2325 571 etin
2348 547 2429 581 pro-

1352 576 1468 618 posito
1492 574 1720 610 mamfestum
1739 579 1793 610 est
1811 586 1883 611 non
1903 578 2140 623 obligationis,
2165 580 2227 616 sed
2246 581 2430 616 solutionis

1354 624 1397 669 ὅ.
1419 618 1535 670 gratia
1571 618 1634 653 filii
1698 630 1859 656 ersonam
1891 622 2076 659 adiectam.
2103 663 2106 666 ⁴
2132 624 2244 660 Usum
2275 625 2431 661 fructum

1352 662 1436 697 mihi
1459 667 1523 698 aut
1547 664 1641 699 Titio
1690 665 1743 699 ari
1765 666 1956 710 stipulatus
1980 679 2074 703 sum:
2110 669 2203 705 Titio
2232 671 2347 715 capite
2371 671 2430 706 de-

1353 708 1487 743 minuto
1517 708 1670 744 facultas
1701 710 1859 745 solvendi
1888 711 1982 747 Titio
2012 724 2084 749 non
2113 715 2308 757 intercidit,
2349 717 2431 761 quia

1353 756 1389 787 et
1411 753 1466 804 sic
1487 753 1649 797 stipulari
1672 764 1879 798 possumus:
1914 757 2011 792 ‘mihi
2033 763 2096 793 aut
2119 759 2231 802 Titio,
2263 770 2343 794 cum
2371 771 2429 795 ca-

1354 801 1370 831 7
1420 801 1504 877 6ὥιιθ
1535 798 1690 834 minutus
1721 800 1806 843 erit,
1840 800 1952 835 dari‘?
1998 802 2090 838 Nam
2103 805 2131 825 ¹²
2162 805 2193 839 si
2221 804 2347 840 furiosi
2377 806 2430 840 vel

1352 853 1425 887 pup
1465 842 1478 876 i
1507 853 1663 888 persona
1692 844 1832 895 adiecta
1862 846 1927 889 sit,
1966 846 2018 881 ita
2046 849 2157 884 tutori
2187 849 2241 884 vel
2275 850 2431 885 curatori

1352 897 1505 966 gecuma
1526 891 1624 923 recte
1649 888 1802 932 dabitur,
1827 890 1859 924 si
1881 891 2097 928 condicionis
2121 904 2260 939 quoque
2282 894 2430 939 implen-

1378 941 1420 967 ae
1451 942 1563 967 causa
1592 938 1690 968 recte
1717 935 1870 978 pecunia
1898 937 2009 971 tutori
2038 938 2094 972 vel
2125 939 2281 974 curatori
2313 939 2428 974 datur.

1352 977 1447 1021 quod
1471 977 1611 1022 quidem
1634 978 1756 1014 Labeo
1781 984 1816 1014 et
1839 979 1996 1025 Pegasus
2027 986 2242 1027 putaverunt
2267 984 2430 1019 utilitatis

1353 1031 1462 1057 causa
1487 1022 1749 1068 recipiendum:
1774 1024 1880 1069 idque
1902 1025 1954 1060 ita
1977 1027 2087 1072 recipi
2109 1031 2245 1072 potest,
2269 1029 2300 1064 si
2323 1039 2428 1074 pecu·

1351 1067 1411 1119 nia
1433 1067 1470 1101 in
1493 1077 1568 1119 rem
1588 1068 1646 1119 yel
1669 1069 1793 1112 pupilli
1817 1069 1872 1104 vel
1895 1070 2021 1106 furiosi
2043 1082 2145 1107 versa
2164 1077 2229 1115 est,
2253 1073 2429 1118 quomodo

1351 1122 1382 1146 si
1413 1111 1554 1148 domino
1585 1123 1704 1148 iussus
1743 1113 1828 1149 dare
1862 1124 1963 1151 servo
1999 1116 2171 1159 dedisset,
2210 1123 2250 1152 ut
2289 1118 2430 1154 domino

1351 1156 1462 1192 daret.
1512 1161 1670 1192 ceterum
1701 1159 1762 1203 qui
1791 1169 1892 1194 servo
1924 1160 2008 1196 dare
2037 1162 2156 1198 iussus
2186 1167 2257 1205 est,
2290 1164 2428 1198 domino

1355 1201 1472 1236 dando
1498 1213 1571 1237 non
1594 1203 1697 1238 aliter
1719 1204 1886 1249 implesse
1909 1206 2151 1242 condicionem
2174 1207 2429 1253 intellegendus

1351 1250 1416 1289 est,
1441 1257 1547 1292 quam
1572 1247 1603 1282 si
1627 1258 1671 1283 ex
1693 1249 1875 1284 voluntate
1899 1251 1990 1285 servi
2014 1251 2120 1286 dedit.
2167 1252 2260 1288 idem
2283 1263 2428 1298 respon-

1351 1291 1503 1327 dendum
1528 1297 1580 1327 est
1604 1293 1641 1327 in
1666 1293 1858 1336 solutione,
1884 1295 1915 1330 si
1937 1295 2107 1340 stipulato
2133 1297 2338 1342 Sempronio
2363 1299 2430 1334 sibi

1351 1341 1414 1371 aut
1437 1336 1559 1372 Sticho
1583 1337 1713 1372 Maevii
1743 1349 1844 1374 servo
1876 1339 1997 1375 decem
2026 1341 2104 1376 dari
2127 1342 2267 1377 debitor
2290 1343 2428 1378 Maevio

1352 1384 1370 1416 8
1418 1381 1559 1417 domino
1589 1383 1779 1428 pecuniam
1808 1384 1963 1420 solverit.
2011 1386 2048 1420 Si
2079 1387 2233 1422 creditor
2261 1387 2427 1428 debitoris

1349 1427 1583 1462 hereditatem
1606 1428 1652 1462 ad
1675 1438 1715 1463 se
1736 1439 1809 1463 non
1831 1430 2067 1474 pertinentem
2092 1432 2254 1477 possedit
2285 1437 2320 1468 et
2349 1437 2427 1467 tan-

1350 1475 1423 1506 tum
1457 1471 1504 1507 ad
1535 1482 1617 1507 eum
1646 1474 1824 1518 pervenit,
1867 1479 2052 1519 quantum,
2089 1477 2119 1511 si
2156 1477 2303 1522 quilibet
2337 1478 2428 1513 alius

1350 1517 1522 1552 bonorum
1559 1528 1745 1562 possessor
1781 1519 1815 1553 ei
1850 1520 2018 1563 solveret,
2055 1521 2223 1557 liberaret
2252 1522 2427 1564 heredem,

1349 1572 1421 1596 non
1443 1566 1561 1606 potest
1586 1563 1655 1597 dici
1677 1563 1902 1599 fideiussores
1926 1565 2085 1601 liberari:
2117 1576 2232 1612 neque
2259 1567 2351 1602 enim
2373 1568 2426 1612 ip-

1349 1617 1427 1641 sum
1460 1607 1528 1642 sibi
1557 1607 1702 1642 solvisse
1732 1609 1921 1652 pecuniam
1952 1610 2166 1646 credendum
2195 1616 2266 1652 est,
2304 1622 2327 1647 a
2357 1623 2425 1657 quo

1350 1654 1370 1686 9
1416 1651 1595 1687 hereditas
1619 1653 1803 1688 evincitur.
1842 1654 1934 1690 Dolo
1958 1655 2087 1698 fecisti,
2111 1666 2181 1701 quo
2204 1657 2321 1692 minus
2344 1668 2426 1702 pos—

1349 1695 1481 1732 sideres
1513 1697 1608 1740 quod
1640 1707 1684 1732 ex
1713 1698 1907 1734 hereditate
1935 1700 1982 1734 ad
2011 1700 2121 1735 alium
2144 1701 2342 1746 pertinente
2365 1702 2426 1737 ad-

1348 1741 1605 1786 prehenderas:
1638 1742 1670 1777 si
1699 1753 1886 1787 possessor
1915 1755 2045 1797 corpus
2074 1749 2137 1780 aut
2159 1746 2231 1781 litis
2262 1746 2425 1782 aestima·

1348 1787 1480 1821 tionem
1514 1787 1710 1831 praestitit,
1747 1798 1792 1823 ea
1825 1800 1882 1824 res
1917 1790 1982 1825 tibi
2010 1791 2187 1835 proderit,
2228 1791 2312 1836 quia
2340 1792 2427 1827 nihil

1348 1831 1510 1876 petitoris
1542 1833 1707 1868 interest:
1738 1837 1896 1869 ceterum
1927 1835 1958 1870 si
1987 1839 2027 1869 tu
2060 1839 2142 1871 ante
2167 1840 2359 1871 conventus
2383 1847 2426 1871 cx

1348 1876 1541 1921 praeterito
1573 1877 1652 1913 dolo
1686 1879 1925 1923 praestiteris,
1958 1880 2046 1914 nihil
2075 1890 2117 1915 ea
2145 1891 2202 1916 res
2230 1882 2426 1926 possessori

1355 1925 1392 1956 10
1438 1921 1607 1967 proderit.
1656 1922 1694 1958 Si
1724 1923 1894 1959 mandatu
1918 1934 1996 1960 meo
2022 1925 2115 1960 Titio
2139 1926 2325 1970 pecuniam
2348 1936 2423 1961 cre-

1349 1966 1517 2008 didisses,
1556 1967 1728 2002 eiusmodi
1765 1972 1972 2010 contractus
2011 1970 2134 2005 similis
2166 1974 2221 2005 est
2249 1970 2359 2006 tutori
2390 1975 2423 2006 et

1349 2011 1500 2046 debitori
1522 2012 1664 2057 pupilli:
1691 2018 1726 2047 et
1748 2013 1828 2048 ideo
1851 2014 2059 2050 mandatore
2080 2017 2252 2051 convento
2272 2019 2308 2051 et
2327 2015 2423 2050 dam-

1347 2060 1452 2098 nato,
1490 2066 1704 2102 quamquam
1740 2059 1893 2102 pecunia
1927 2060 2045 2094 soluta
2078 2060 2142 2101 sit,
2181 2070 2254 2095 non
2283 2060 2425 2096 liberari

1348 2101 1540 2137 debitorem
1564 2102 1657 2137 ratio
1681 2103 1823 2146 suadet,
1856 2104 1920 2139 sed
1950 2108 1986 2139 et
2015 2110 2199 2149 praestare
2221 2104 2327 2140 debet
2349 2115 2423 2140 cre-

1347 2146 1442 2181 ditor
1469 2147 1628 2182 actiones
1658 2147 1858 2184 mandatori
1887 2148 2054 2185 adversus
2085 2149 2296 2192 debitorem,
2328 2154 2369 2184 ut
2392 2150 2424 2185 ei

1346 2191 1508 2226 satisfiat.
1557 2195 1593 2226 et
1622 2192 1692 2228 hoc
1722 2193 1878 2237 pertinet
1898 2194 2026 2229 tutoris
2050 2197 2086 2229 et
2106 2195 2232 2239 pupilli
2256 2194 2423 2230 debitoris

1346 2246 1410 2270 nos
1434 2236 1562 2271 fecisse
1585 2238 1903 2282 comparationem:
1935 2249 2018 2273 nam
2050 2250 2130 2274 cum
2160 2244 2259 2275 tutor
2288 2239 2422 2284 pupillo

1345 2283 1486 2315 tenetur
1518 2282 1564 2316 ob
1596 2281 1649 2324 id,
1689 2282 1785 2327 quod
1819 2283 2013 2319 debitorem
2043 2284 2118 2319 eius
2147 2295 2219 2319 non
2249 2285 2422 2326 convenit,

1345 2335 1460 2370 neque
1482 2325 1613 2362 iudicio
1638 2337 1718 2361 cum
1742 2328 1853 2363 altero
1878 2332 2024 2373 accepto
2044 2329 2217 2364 liberatur
2235 2329 2326 2364 alter
2345 2339 2422 2371 nec,

1345 2371 1389 2405 si'
1396 2371 1587 2422 damnatus
1611 2375 1709 2406 tutor
1732 2373 1892 2416 solverit,
1925 2383 1966 2408 ea
1989 2383 2047 2408 res
2070 2373 2229 2418 proderit
2250 2374 2420 2409 debitori:

1345 2425 1431 2494 aum
1455 2415 1561 2450 etiam
1584 2415 1654 2451 dici
1678 2416 1768 2452 solet
1791 2418 1924 2453 tutelae
1949 2418 2127 2453 contraria
2151 2418 2290 2454 actione
2313 2428 2420 2463 agen-

1370 2470 1444 2503 um,
1484 2464 1524 2494 ut
1558 2461 1590 2495 ei
1625 2462 1782 2506 pupillus
1815 2462 1982 2498 adversus
2013 2462 2190 2498 debitores
2222 2463 2420 2499 actionibus

1348 2507 1385 2538 11
1436 2504 1549 2539 cedat.
1586 2505 1623 2540 Si
1647 2506 1802 2541 creditor
1825 2517 1847 2542 a
1870 2507 2030 2543 debitore
2043 2508 2069 2529 ¹³
2094 2508 2200 2553 culpa
2221 2518 2288 2543 sua
2312 2518 2422 2544 causa

1345 2549 1522 2591 ceciderit,
1546 2561 1659 2595 prope
1683 2556 1747 2593 est,
1772 2556 1812 2586 ut
1834 2553 1974 2587 actione
1998 2552 2156 2587 mandati
2178 2553 2266 2588 nihil
2282 2563 2306 2588 a
2319 2563 2419 2589 man-

1344 2594 1466 2629 datore
1497 2596 1667 2640 consequi
1697 2595 1841 2639 debeat,
1872 2607 1951 2632 cum
1980 2597 1992 2631 i
2019 2597 2092 2633 sius
2123 2597 2207 2632 vitio
2240 2597 2421 2640 acciderit,

1350 2642 1386 2673 12
1434 2649 1479 2673 ne
1502 2640 1702 2675 mandatori
1725 2642 1838 2694 possit
1861 2642 1991 2676 actioni
2018 2652 2060 2677 us
2085 2642 2221 2678 cedere.
2269 2643 2306 2678 Si
2328 2643 2421 2678 inter

1344 2688 1538 2729 emptorem
1569 2689 1606 2720 et
1634 2685 1849 2721 venditorem
1880 2687 2099 2731 convenerit,
2128 2687 2334 2733 priusquam
2356 2687 2418 2722 ali-

1344 2728 1428 2774 quid
1456 2740 1500 2764 ex
1531 2729 1703 2765 alterutra
1731 2735 1835 2776 parte
1866 2731 2076 2774 solveretur,
2107 2736 2147 2767 ut
2175 2732 2221 2767 ab
2244 2732 2419 2778 emptione

1344 2773 1558 2817 discedatur,
1582 2775 1769 2811 fideiussor
1792 2786 1832 2811 eo
1854 2776 1994 2811 nomine
2011 2780 2179 2822 acceptus
2196 2777 2313 2812 soluto
2334 2787 2417 2812 con-

1343 2822 1460 2853 tractu
1482 2819 1703 2855 liberabitur.

1388 2862 1442 2902 96
1465 2863 1573 2899 IDEM
1591 2865 1682 2900 libro
1706 2865 1891 2901 undecimo
1914 2875 2166 2919 responsorum
2206 2865 2334 2911 Papini
2357 2865 2416 2901 de-

1342 2909 1436 2944 bitor
1472 2913 1593 2945 tutore
1629 2909 1811 2954 delegante
1854 2920 2042 2955 pecuniam
2086 2910 2250 2946 creditori
2289 2910 2416 2946 tutoris

1342 2954 1461 2989 solvit:
1495 2954 1659 2990 liberatio
1697 2955 1859 3000 contigit,
1900 2955 1930 2990 si
1955 2966 2026 2990 non
2049 2955 2142 2990 malo
2167 2955 2311 2991 consilio
2336 2966 2415 2990 cum

1341 3003 1459 3034 tutore
1500 2999 1623 3035 habito
1664 3000 1733 3035 hoc
1766 2999 1901 3035 factum
1935 3010 2013 3035 esse
2054 3001 2236 3046 probetur.
2283 2999 2347 3035 sed
2381 3004 2415 3034 et

1340 3043 1531 3079 interdicto
1561 3044 1781 3079 fraudatorio
1810 3045 1939 3080 tutoris
1968 3045 2122 3080 creditor
2151 3044 2286 3090 pupillo
2318 3049 2414 3080 tene-

1339 3093 1415 3132 tur,
1445 3089 1477 3124 si
1500 3099 1578 3124 eum
1602 3089 1788 3124 consilium
1810 3089 1947 3125 fraudis
1970 3089 2099 3134 perfici
2165 3099 2204 3124 se
2227 3089 2413 3124 constabit.

1343 3138 1355 3168 1
1408 3133 1495 3169 Cum
1515 3133 1655 3214 ἓιιρίῌε.
1678 3135 1909 3179 magistratui,
1934 3135 1994 3179 qui
2015 3144 2080 3179 per
2156 3134 2259 3169 udem
2279 3133 2414 3180 pupillo

1339 3182 1493 3214 tutorem
1541 3178 1621 3222 edit,
1646 3179 1747 3214 heres
1767 3179 1951 3222 extitisset,
1975 3183 2111 3215 tutores
2134 3179 2210 3214 eius
2230 3189 2310 3214 cum
2326 3178 2414 3214 adu-

1339 3224 1494 3259 lescente
1531 3228 1794 3268 transegerunt:
1841 3234 1918 3260 eam
1962 3223 2237 3259 transactionem
2279 3223 2414 3268 pupilla

1339 3273 1453 3303 ratam
1476 3268 1609 3303 habere
1632 3269 1760 3303 noluit:
1796 3269 1907 3304 nihilo
1936 3268 2050 3304 minus
2081 3268 2149 3303 erit
2170 3272 2328 3303 tutorum
2351 3277 2412 3320 pe-

1338 3313 1444 3348 cunia
1466 3313 1615 3348 liberata
1638 3323 1704 3349 nec
1722 3318 1857 3349 tutores
1878 3317 2001 3349 contra
2019 3312 2281 3348 adulescentem
2301 3316 2412 3347 actio-

1337 3368 1416 3393 nem
1456 3367 1521 3392 nec
1561 3357 1681 3393 utilem
1717 3358 1913 3401 habebunt,
1953 3357 2013 3403 qui
2052 3368 2155 3393 suum
2190 3356 2410 3403 reciperavit.

1336 3402 1443 3447 plane
1471 3402 1500 3437 si
1531 3401 1739 3439 adulescens
1775 3403 1962 3448 pecuniam
1992 3403 2179 3438 restituere
2208 3401 2318 3437 tutori
2345 3412 2411 3446 pu-

1336 3447 1444 3492 pillae
1471 3446 1651 3490 maluerit,
1682 3448 1834 3484 rescisso
1887 3447 1959 3483 uod
1986 3451 2123 3492 gestum
2154 3451 2209 3483 est
2237 3446 2410 3498 actionem

1337 3491 1459 3527 utilem
1492 3491 1529 3526 in
1570 3492 1740 3538 pupillam
1782 3458 1945 3529 beregen)
1983 3493 2210 3537 magistratus
2247 3491 2409 3536 accipiet.

1887 3607 1932 3647 (8)
1956 3605 2043 3638 bona
2054 3604 2117 3638 fide
2130 3606 2203 3639 edd.
2271 3606 2316 3646 (9)
2340 3614 2408 3637 cre-

1578 3651 1638 3691 (10)
1663 3659 1731 3682 non
1753 3649 1894 3683 retinere
1912 3649 2147 3692 obligationem
2171 3650 2328 3683 similiave
2348 3652 2408 3683 ins.

1334 3694 1494 3736 (ciuiliter
1504 3694 1747 3738 Smallenburq)
1812 3695 1869 3736 (n)
1892 3694 2008 3738 ipseF
2067 3696 2127 3736 (12)
2151 3694 2239 3737 nam]
2253 3704 2333 3727 num
2344 3706 2405 3728 scr.

1334 3739 1393 3781 (1³)
1415 3737 1491 3782 plus
1502 3737 1644 3781 petendo
1656 3739 1709 3773 Ιιίο
1718 3738 1876 3773 sublatum
1890 3751 1958 3773 esre
1969 3740 2051 3774 vidit
2061 3739 2232 3784 Schultiny
