2528 3918
80 121 144 152 DE
174 118 596 152 GALUMNIATORIBUS

80 230 242 273 iudiciis,
274 230 336 265 ubi
369 228 555 273 conceptio
587 227 822 262 formularum
855 237 927 261 non
952 226 1173 268 observatur,

80 277 172 311 haec
197 274 376 320 suptilitas
400 283 623 318 supervacua
647 276 712 315 est,
737 272 891 307 maxime
916 282 998 307 cum
1022 275 1104 308 utra
1130 282 1175 307 ue

80 321 175 356 actio
206 319 364 355 eiusdem
394 317 583 364 potestatis
608 321 663 353 est
687 317 909 362 eundemque
932 318 1044 353 habet
1067 327 1087 353 e
1116 327 1174 352 ec-

79 370 167 402 tum.
219 400 222 404 .

126 408 179 448 47
207 406 286 453 (48)
311 408 559 444 PAPJNJANUS
579 407 671 443 libro
696 408 801 444 tertio
826 409 1079 453 quaestionum
1118 408 1174 453 Ig-

78 459 230 492 norante
262 464 404 500 quoque
428 463 552 490 sorore
576 453 607 488 si
630 452 743 488 frater
788 454 966 489 neffotium
1015 453 1092 489 eius
1114 463 1174 498 ge-

78 511 162 537 rens
187 500 307 536 dotem
331 510 353 535 a
376 499 451 534 viro
477 499 670 544 stipulatus
695 499 759 541 sit,
793 481 926 534 iudicio
951 499 1175 544 negotiorum

77 550 258 593 gestorum
280 549 322 580 ut
344 544 460 580 virum
482 544 651 580 liberaret
672 543 751 579 iure
776 544 994 580 convenitur.

124 589 177 629 48
203 588 283 635 (49)
331 591 561 626 AFRICANUS
582 589 674 625 libro
699 592 825 625 octavo
851 591 1103 635 quaestionum
1139 589 1176 625 Si

77 648 171 680 rem,
197 647 304 682 quam
328 646 452 672 servus
476 634 641 670 venditus
666 634 905 679 subripuisset
928 645 951 670 a
974 645 1030 670 me
1053 635 1174 671 vendi-

77 686 173 725 tore,
206 685 345 727 emptor
373 680 570 716 vendiderit
601 690 714 725 eaque
737 680 775 715 in
797 690 918 715 rerum
942 684 1075 716 natura
1098 690 1176 716 esse

78 728 239 771 desierit,
272 727 316 762 de
346 726 461 771 pretio
494 725 717 771 negotiorum
747 729 931 771 gestorum
962 726 1058 762 actio
1089 726 1177 761 mihi

78 773 196 809 danda
219 773 266 808 sit
279 774 301 815 ¹,
326 776 367 807 ut
390 771 467 807 dari
491 772 647 814 deberet,
673 771 704 806 si
727 771 929 816 negotium,
955 771 1051 816 quod
1074 775 1175 807 tuum

78 829 156 855 esse
180 818 421 860 existimares,
447 828 529 852 cum
553 820 647 852 esset
670 826 808 859 meum,
832 817 1049 861 gessisses2:
1083 817 1177 853 sicut

77 875 121 900 ex
146 863 325 899 contrario
349 863 387 898 in
410 872 467 898 me
489 862 557 897 tibi
581 862 738 905 daretur,
763 861 811 905 si,
838 873 919 897 cum
942 862 1177 898 hereditatem

77 920 168 955 quae
193 909 239 944 ad
262 919 318 944 me
340 908 496 954 pertinet
518 911 618 942 tuam
641 911 801 953 putares,
826 918 884 943 res
909 910 990 943 tuas
1011 908 1176 953 proprias

75 955 212 1000 legatas
233 954 410 996 soIvisses,
433 953 649 998 quandoque
664 952 708 988 de
718 954 732 974 ³
745 963 788 988 ea
801 953 978 989 solutione
990 954 1175 989 liberarer.

582 1046 674 1086 V1⁴.

353 1114 414 1146 DE
440 1112 890 1147 GALUMNIATORIBUS.

125 1180 143 1218 1
179 1180 375 1217 Uzmws
395 1180 486 1216 libro
510 1180 648 1216 decimo
673 1179 723 1215 ad
745 1179 900 1216 edictum
946 1180 988 1215 In
1010 1190 1092 1215 eum
1104 1179 1176 1226 qui,

74 1228 138 1262 ut⁵
163 1226 363 1262 calumniae
384 1236 495 1262 causa
515 1226 696 1271 negotium
713 1225 852 1261 faceret
870 1225 926 1261 vel
945 1236 1020 1261 non
1028 1225 1176 1268 faceret,

74 1272 265 1317 pecuniam
289 1272 473 1317 accepisse
496 1270 654 1314 dicetur,
678 1271 773 1306 intra
797 1281 933 1306 annum
955 1271 993 1305 in
1018 1270 1175 1316 quadru-

74 1317 175 1363 plum
207 1317 283 1353 eius
316 1317 511 1370 pecuniae,
544 1327 652 1362 quam
685 1316 869 1362 accepisse
902 1316 1059 1359 dicetur,
1094 1319 1178 1361 post

77 1366 92 1398 1
143 1373 277 1398 annum
300 1362 417 1408 simpli
439 1363 478 1397 in
500 1361 639 1398 factum
662 1362 757 1397 actio
783 1362 964 1407 competit.
1013 1362 1094 1398 Hoc
1111 1372 1176 1397 011-

74 1412 147 1444 tem
169 1407 341 1444 iudicium
364 1419 438 1443 non
462 1408 578 1444 solum
600 1409 638 1443 in
688 1407 879 1443 ecuniariis
903 1407 1033 1450 causis,
1058 1407 1122 1442 sed
1143 1411 1178 1442 et

75 1453 122 1489 ad
134 1453 281 1499 publica
294 1453 443 1489 crimina
454 1454 632 1499 pertinere
675 1453 865 1498 omponius
874 1452 1009 1496 scribit,
1023 1453 1177 1488 maxime

75 1510 156 1534 cum
180 1502 216 1534 et
238 1499 316 1544 lege
338 1498 617 1545 repetundarum
641 1502 817 1542 teneatur,
843 1499 904 1544 qui
924 1498 970 1534 ob
995 1498 1177 1544 negotium

73 1544 278 1580 faciendum
308 1548 373 1579 aut
403 1555 477 1580 non
507 1544 714 1580 faciendum
738 1555 802 1589 per
827 1543 1042 1579 calumniam
1065 1554 1175 1589 pecu-

75 1593 95 1625 2
143 1590 240 1625 niam
273 1590 425 1635 accepit.
475 1589 544 1634 Qui
576 1593 697 1625 autem
721 1590 863 1635 accepit
886 1590 1078 1635 pecuniam
1103 1589 1176 1625 sive

74 1639 158 1671 ante
179 1635 352 1671 iudicium
376 1636 449 1671 sive
471 1638 555 1688 post
576 1635 749 1671 iudicium
769 1640 959 1680 acceptum
970 1636 995 1678 ⁶,
1020 1638 1174 1671 tenetur.

74 1683 94 1716 3
142 1680 214 1717 Sed
238 1684 274 1717 et
298 1681 504 1717 constitutio
527 1681 754 1727 imperatoris
776 1681 900 1724 nostri,
951 1691 1020 1716 uae
1040 1681 1177 1726 scripta

74 1730 128 1762 est
158 1726 206 1762 ad
231 1726 395 1763 Cassium
420 1725 594 1762 Sabinum
604 1727 630 1770 ⁷,
662 1726 848 1772 prohibuit
877 1726 916 1761 iu
956 1727 989 1761 ci
1021 1726 1076 1762 vel
1111 1725 1175 1761 ad-

73 1772 230 1808 versario
265 1772 304 1807 in
335 1772 489 1817 publicis
514 1772 569 1808 vel
592 1771 741 1817 privatis
765 1772 821 1807 vel
844 1771 1031 1807 fiscalibus
1056 1772 1175 1807 causis

73 1818 263 1863 pecuniam
294 1817 399 1861 dare,
433 1821 469 1853 et
500 1827 544 1853 ex
567 1818 637 1853 hac
662 1827 774 1853 causa
797 1817 895 1852 litem
919 1818 1036 1863 perire
1059 1817 1174 1853 iussit.

74 1874 156 1898 nam
187 1863 337 1898 tractari
366 1866 505 1908 potest,
538 1863 569 1898 si
603 1863 830 1898 adversarius
854 1873 928 1898 11011
951 1873 1017 1908 per
1041 1863 1175 1898 calum-

73 1909 169 1943 niam
192 1908 412 1953 transigendi
436 1909 555 1943 01111110
580 1908 741 1953 accepit,
775 1918 823 1943 an
857 1907 1065 1944 constitutio
1100 1918 1175 1943 ces-

74 1955 155 1989 sat?
180 1958 216 1989 et
238 1958 327 1999 puto
354 1964 495 1989 cessare
518 1954 624 1989 sicuti
647 1954 717 1989 hoc
740 1964 881 1999 quoque
899 1953 1088 1989 iudicium:
1114 1963 1175 1988 ne-

74 2009 142 2044 que
167 1999 260 2034 enim
283 1999 588 2035 transactionibus
613 2002 668 2034 est
690 1999 939 2042 interdictum,
972 1998 1037 2034 sed
1061 1999 1174 2034 sordi-

73 2048 95 2079 4
142 2044 196 2080 (113
232 2044 540 2080 concussionibus.
599 2045 797 2079 Pecuniam
834 2048 955 2079 autem
991 2045 1175 2089 accepisse

75 2090 233 2125 dicemus
247 2091 261 2111 ⁸
285 2090 391 2125 etiam
416 2090 446 2125 si
469 2089 605 2170 ahcquid
628 2101 694 2135 pro
718 2090 872 2135 pecunia
896 2090 1101 2135 accepimus
1113 2089 1138 2124 ⁹.

120 2133 146 2171 2
161 2137 189 2156 ¹⁰
212 2135 372 2171 mes
393 2135 484 2171 libro
536 2136 649 2171 ocimo
675 2135 724 2170 ad
747 2135 902 2171 edictum
949 2134 1043 2179 Quin
1068 2135 1174 2170 etiam

74 2180 104 2216 si
129 2180 207 2226 quis
231 2180 448 2225 obligatione
471 2181 644 2215 liberatus
664 2180 720 2222 sit,
745 2183 865 2225 potest
885 2180 997 2216 videri
1018 2180 1172 2226 cepisse:

75 2225 240 2272 idemque
264 2226 295 2261 si
318 2226 475 2271 gratuita
497 2226 651 2271 pecunia
674 2226 809 2261 utenda
833 2226 919 2261 data
941 2226 998 2268 sit,
1024 2229 1089 2261 aut
1108 2226 1173 2260 mi-

74 2271 170 2307 noris
201 2271 322 2307 locata
354 2271 542 2307 venditave
565 2282 622 2306 res
648 2271 705 2306 sit.
742 2282 809 2306 nec
840 2271 969 2314 refert,
1003 2272 1082 2317 ipse
1111 2282 1173 2316 pe-

75 2317 218 2352 cuniam
242 2316 424 2362 acceperit
447 2327 494 2351 an
517 2317 578 2352 alii
601 2316 680 2352 dari
703 2317 849 2352 iusserit
867 2317 923 2352 vel
942 2318 1172 2362 acceptum¹¹

74 2372 138 2398 suo
164 2362 307 2398 nomine
330 2365 449 2397 ratum
471 2362 649 2397 habuerit.

120 2405 144 2445 3
177 2407 372 2443 Uzpmws
393 2408 484 2443 libro
508 2408 645 2444 decimo
670 2408 720 2443 ad
742 2407 897 2444 edictum
943 2408 994 2443 Et
1023 2418 1173 2453 genera-

73 2452 153 2489 liter
175 2452 270 2488 idem
290 2453 367 2496 erit,
392 2453 423 2488 si
444 2453 529 2498 quid
549 2453 692 2488 omnino
715 2453 917 2498 compendii
934 2453 1046 2489 sensit
1064 2464 1173 2498 prop-

75 2501 130 2534 ter
151 2499 242 2541 1100,
278 2499 351 2534 sive
375 2499 419 2533 ab
445 2498 647 2534 adversario
672 2499 745 2534 sive
769 2499 815 2534 ab
841 2499 911 2534 alio
937 2509 1173 2544 quocumque.

77 2546 92 2579 1
144 2543 182 2579 Si
200 2544 308 2589 igitur
327 2544 469 2588 accepit
488 2547 529 2579 ut
546 2544 727 2588 negotium
745 2544 882 2579 faceret
904 2544 976 2580 sive
995 2543 1083 2579 fecit
1102 2544 1176 2579 sive

75 2600 147 2625 non
170 2588 276 2632 fecit,
310 2592 346 2624 et
370 2589 431 2634 qui
454 2589 595 2634 accepit
618 2600 663 2624 ne
686 2589 821 2625 faceret
845 2589 912 2625 etsi
935 2589 1042 2632 fecit,
1075 2593 1174 2625 tene-

75 2637 95 2669 2
141 2638 212 2669 tur.
259 2634 339 2670 Hoc
376 2635 491 2670 edicto
526 2637 669 2670 tenetur
701 2635 808 2670 etiam
839 2635 870 2670 is
907 2635 968 2680 qui
1002 2635 1175 2680 depectus

76 2682 96 2715 3
145 2683 218 2716 est:
243 2679 287 2715 de
314 2683 415 2715 ectus
435 2683 555 2715 autem
575 2680 706 2715 dicitur
724 2680 879 2725 turpiter
898 2683 1040 2725 pactus.
1081 2680 1175 2715 Illud

75 2725 143 2760 erit
173 2728 286 2761 notan
313 2737 391 2768 um,
427 2725 523 2770 quod
547 2726 608 2770 qui
633 2725 731 2760 dedit
761 2725 970 2770 pecuniam,
1003 2729 1045 2760 ut
1067 2736 1174 2770 nego-

75 2770 163 2806 tium
186 2771 267 2816 quis
299 2774 507 2822 pateretur,
539 2782 612 2806 non
635 2770 783 2806 habebit
805 2771 883 2816 ipse
906 2771 1174 2815 repetitionem:

75 2816 228 2861 turpiter
252 2826 345 2851 emm
367 2816 471 2851 fecit:
508 2816 573 2852 sed
606 2816 639 2851 ei
671 2816 817 2851 dabitur
847 2816 994 2861 petitio,
1027 2820 1176 2861 propter

76 2871 180 2906 quem
212 2861 337 2897 datum
369 2865 423 2897 est
453 2865 496 2896 ut
520 2862 699 2897 calumnia
723 2862 755 2897 ei
778 2861 853 2896 fiat.
891 2872 1001 2907 quare
1033 2862 1064 2896 si
1096 2862 1175 2907 quis

77 2909 113 2941 et
134 2916 157 2942 a
180 2910 217 2942 te
239 2907 430 2952 pecuniam
454 2907 595 2952 accepit
608 2908 646 2950 ¹2,
671 2910 713 2942 ut
730 2907 817 2942 mihi
832 2908 1012 2952 negotium
1024 2906 1174 2949 faceret,

77 2954 113 3031 {t
135 2962 157 2987 a
180 2962 248 2995 me,
274 2962 319 2987 ne
341 2952 428 2987 mihi
450 2951 607 2995 faceret,
633 2952 774 2988 duobus
798 2952 939 2987 iudiciis
964 2952 1051 2987 mihi
1074 2956 1174 2987 tene-

102 2996 186 3033 itur.

78 3111 117 3152 (1)
142 3113 193 3143 est
205 3112 280 3145 edd.
353 3113 396 3154 (2)
421 3111 581 3154 gessisset
591 3113 627 3145 F
627 3111 656 3144 S
725 3114 767 3153 (3)
793 3112 928 3154 quando
943 3112 1079 3154 quidem
1093 3113 1171 3145 dett.

123 3156 166 3198 (4)
189 3157 348 3191 Ed.1...·1.
372 3156 454 3190 Sab.
471 3165 499 3192 8.
515 3164 602 3191 9.—
623 3157 709 3191 Bas.
725 3159 780 3199 60,
794 3165 818 3191 1.
832 3175 878 3181 -
904 3157 954 3201 Cf.
980 3158 1059 3191 Cod.
1080 3158 1111 3198 9,
1135 3164 1172 3191 411

80 3200 123 3242 (5)
148 3204 207 3234 aut
218 3202 254 3235 F
378 3203 422 3245 (6)
448 3202 582 3244 accepit
593 3215 655 3235 scr.
784 3204 827 3244 (7)
853 3210 943 3236 extat
958 3203 1035 3236 Cod.
1051 3204 1082 3243 7,
1097 3210 1144 3243 49,
1160 3210 1173 3237 1

24 3256 25 3260 ’
79 3245 126 3287 (8)
139 3245 290 3280 dicemur
301 3247 455 3292 Krueyer
510 3249 555 3290 (9)
568 3247 872 3291 pecuniacceptum
885 3247 936 3281 Γ*
993 3249 1054 3290 (10)
1067 3264 1114 3277 ---
1125 3249 1172 3281 D.

6 3526 39 3918 mmsae-o-mmmv«
5 3451 11 3484 -w-
6 3415 9 3429 -
4 3373 6 3378 -

1184 99 1240 147 49

2177 106 2240 148 ΙΠ
2271 109 2354 149 5.6

1292 223 1318 262 4
1347 225 1472 262 GAms
1488 225 1580 261 libro
1603 230 1734 272 quarto
1756 227 1806 262 ad
1824 227 1979 264 edictum
1988 227 2219 274 provinciale
2253 228 2354 264 Haec

1246 271 1341 306 actio
1366 271 1490 306 heredi
1514 270 1657 316 quidem
1682 282 1755 307 11011
1781 273 1970 318 competit,
2029 273 2090 308 uia
2123 273 2290 309 sufficere
2323 274 2354 309 ei

1246 316 1363 359 debet,
1389 316 1486 362 quod
1510 326 1590 352 eam
1613 317 1804 362 pecuniam
1829 329 1936 364 quam
1962 318 1985 354 d
2023 321 2156 355 unctus
2181 318 2279 354 dedit
2297 330 2354 355 re-

1245 365 1369 408 petere
1391 365 1531 407 potest:

1293 405 1317 443 5
1350 405 1549 445 Utfflms
1569 406 1662 443 libro
1687 407 1825 443 decimo
1850 408 1900 444 ad
1923 409 2079 444 edictum
2127 409 2165 444 in
2185 409 2354 446 heredem

1246 456 1367 488 autem
1400 452 1574 497 competit
1604 453 1643 487 in
1675 452 1713 487 id
1747 453 1843 498 quod
1875 453 1922 488 ad
1956 464 2036 489 eum
2059 455 2232 500 pervenit.
2270 466 2355 491 nam

1247 501 1301 533 est
1326 498 1563 533 constitutum
1586 498 1708 543 turpia
1730 498 1834 534 lucra
1856 498 2048 535 heredibus
2072 511 2215 546 quoque
2235 504 2354 537 extor-

1246 543 1358 589 queri,
1382 543 1468 578 licet
1493 543 1644 578 crimina
1669 544 1943 589 extinguantur:
1969 548 2011 580 ut
2059 550 2124 581 uta
2149 546 2195 582 ob
2220 545 2354 585 falsum

1244 588 1300 624 vel
1331 588 1442 624 iudici
1473 589 1519 623 ob
1552 588 1750 634 gratiosam
1781 590 1997 625 sententiam
2047 594 2147 627 atum
2171 595 2208 628 et
2230 592 2356 628 heredi

1245 637 1349 670 extor
1374 634 1518 669 uehitur
1562 638 1597 670 et
1641 634 1673 670 si
1708 634 1795 680 quid
1831 635 1930 670 aliud
1966 635 2101 671 scelere
2135 638 2349 689 quaesitum.

1248 682 1263 714 1
1315 679 1361 715 Se
1410 680 1518 715 etiam
1541 683 1686 725 praeter
1709 680 1805 715 hanc
1829 680 2010 716 actionem
2045 682 2223 718 condictio
2257 693 2354 719 com·

1245 725 1356 770 petit,
1390 725 1421 761 si
1444 725 1523 761 sola
1546 725 1733 770 turpitudo
1759 726 1969 778 accipientis
1992 731 2175 763 versetur:
2207 738 2292 763 nam
2323 729 2354 764 si

1246 773 1283 805 et
1319 770 1458 814 dantis,
1493 771 1618 806 melior
1653 781 1765 807 causa
1800 775 1869 807 erit
1902 771 2131 816 possidentis.
2177 784 2288 818 quare
2323 774 2354 809 si

1244 815 1355 851 fuerit
1380 816 1607 860 condictum,
1632 820 1755 852 utrum
1777 816 1917 852 tollitur
1939 817 2031 853 haec
2056 818 2173 861 actio,
2199 829 2246 854 an
2269 830 2353 855 vero

1244 861 1283 896 in
1306 861 1454 907 triplum
1478 862 1599 897 danda
1623 862 1698 897 sit?
1738 873 1786 898 an
1822 863 1985 907 exemplo
2018 862 2110 899 furis
2142 867 2179 899 et
2201 864 2239 899 in
2263 875 2352 910 qua-

1247 906 1315 942 dru
1342 907 1416 942 lum
1440 908 1620 943 actionem
1645 908 1772 943 damus
1797 911 1833 943 et
1858 908 2151 944 condictionem?
2176 909 2240 945 sed
2263 914 2352 955 puto

1246 952 1306 988 suf
1334 963 1415 988 cere
1447 953 1659 988 alterutram
1693 953 1882 989 actionem.
1920 954 1985 989 ubi
2019 958 2140 989 autem
2173 955 2352 991 condictio

1247 998 1437 1043 competit,
1473 998 1524 1033 ibi
1556 1009 1629 1034 non
1661 1002 1715 1034 est
1746 1009 1895 1035 necesse
1929 1003 2013 1044 post
2045 1011 2182 1036 annum
2206 1000 2293 1036 dare
2315 1002 2354 1036 in

1244 1043 1385 1079 factum
1409 1044 1599 1079 actionem.

1293 1086 1318 1126 6
1347 1088 1473 1126 Galus
1492 1089 1585 1125 libro
1610 1094 1742 1135 quarto
1767 1089 1818 1125 ad
1838 1090 1993 1126 edictum
2009 1090 2242 1136 provinciale
2277 1092 2352 1126 An-

1245 1145 1314 1170 nus
1339 1138 1460 1170 autem
1483 1135 1521 1170 in
1544 1145 1737 1180 personam
1751 1136 1779 1156 ¹³
1803 1135 1947 1180 quidem
1972 1136 2059 1179 eius,
2086 1136 2148 1181 qui
2172 1136 2271 1172 dedit
2290 1148 2352 1182 pe-

1246 1180 1389 1216 cuniam
1413 1191 1459 1216 ne
1482 1190 1606 1216 secum
1630 1184 1816 1226 ageretur,
1843 1191 1887 1216 ex
1912 1192 1953 1216 eo
1979 1185 2142 1227 tempore
2168 1181 2284 1225 cedit,
2310 1194 2354 1218 ex

1246 1236 1316 1271 quo
1350 1225 1466 1269 dedit,
1500 1226 1532 1261 si
1554 1225 1662 1262 modo
1687 1230 1849 1271 potestas
1875 1227 1908 1262 ei
1930 1226 2033 1262 fieret
2058 1227 2281 1272 experiundi.
2316 1228 2354 1263 in

1245 1271 1341 1307 illius
1364 1282 1448 1307 vero
1500 1282 1667 1307 ersonam
1681 1273 1719 1314 ¹³,
1754 1283 1836 1307 cum
1861 1283 1932 1317 quo
1956 1275 1998 1308 ut
2022 1276 2150 1317 agatur
2174 1273 2267 1308 alius
2290 1284 2352 1318 pe-

1247 1317 1390 1352 cuniam
1415 1283 1532 1360 dedit,
1567 1317 1726 1370 dubitari
1757 1321 1897 1363 potest,
1931 1321 2052 1353 utrum
2088 1329 2132 1354 ex
2164 1318 2222 1354 die
2246 1319 2353 1354 datae

1245 1363 1421 1408 pecuniae
1445 1372 1627 1398 numerari
1651 1362 1800 1406 debeat,
1835 1373 1883 1398 an
1906 1363 2027 1408 potius
2053 1374 2098 1399 ex
2122 1374 2193 1409 quo
2220 1374 2352 1410 cogno-

1245 1408 1295 1442 vit
1319 1408 1443 1443 datam
1467 1418 1564 1444 esse:
1590 1408 1675 1454 quia
1700 1409 1762 1454 qui
1781 1409 1905 1452 nescit,
1932 1409 1962 1444 is
1983 1409 2123 1444 videtur
2143 1410 2354 1455 experiundi

1245 1457 1461 1499 potestatem
1493 1465 1566 1489 non
1600 1454 1744 1489 habere.
1783 1457 1819 1489 et
1850 1454 1968 1490 verius
2001 1458 2057 1490 est
2081 1465 2125 1490 ex
2151 1465 2192 1491 eo
2218 1466 2352 1491 annum

1246 1500 1439 1542 numerari,
1465 1509 1510 1534 ex
1557 1510 1604 1535 uo
1630 1499 1806 1544 cognovit.

1293 1542 1316 1581 7
1343 1544 1505 1581 Panes
1549 1545 1627 1580 ibro
1660 1545 1799 1581 decimo
1831 1546 1880 1580 ad
1913 1546 2067 1581 edictum
2116 1546 2154 1581 Si
2190 1546 2269 1591 quis
2305 1547 2352 1582 ab

1245 1590 1315 1626 alio
1341 1590 1524 1635 acceperit
1547 1591 1738 1635 pecuniam
1762 1601 1807 1626 ne
1830 1591 1917 1625 mihi
1941 1592 2123 1636 negotium
2156 1591 2288 1635 faciat,
2322 1592 2353 1627 si

1246 1635 1390 1681 quidem
1413 1636 1588 1671 mandatu
1611 1646 1691 1671 meo
1717 1636 1842 1671 datum
1867 1640 1941 1679 est,
1974 1637 2029 1672 vel
2062 1647 2084 1671 a
2114 1640 2352 1682 procuratore

1244 1691 1323 1717 meo
1349 1681 1547 1717 01111111111114
1571 1692 1703 1723 rerum,
1728 1682 1784 1717 vel
1808 1682 1854 1716 ab
1880 1692 1921 1717 eo
1948 1682 2009 1727 qui
2030 1682 2211 1727 negotium
2233 1693 2352 1718 meum

1244 1737 1365 1772 gerere
1387 1727 1533 1762 volebat
1557 1730 1593 1761 et
1613 1731 1733 1762 ratum
1752 1727 1882 1762 habui:
1909 1738 1973 1773 ego
1995 1727 2134 1763 dedisse
2153 1728 2275 1764 intelle
2298 1739 2350 1764 or.

1245 1773 1275 1807 si
1288 1776 1407 1807 autem
1428 1783 1500 1807 non
1520 1772 1694 1807 mandatu
1714 1783 1793 1808 meo
1815 1773 1907 1808 alius
1928 1773 1961 1809 ei
1972 1773 2057 1808 licet
2084 1773 2269 1810 misericor
2297 1774 2351 1810 'ae

1245 1828 1357 1854 causa
1387 1817 1527 1853 dederit
1543 1827 1589 1853 ne
1612 1817 1677 1852 fiat
1700 1828 1817 1863 neque
1840 1821 1960 1853 ratum
1983 1818 2106 1861 habui,
2130 1822 2220 1855 tunc
2240 1822 2277 1854 et
2295 1820 2350 1865 ip-

1246 1874 1326 1899 sum
1367 1866 1531 1908 repetere
1575 1866 1611 1899 et
1645 1874 1702 1899 me
1737 1864 1775 1898 in
1811 1864 1952 1909 quadru
1978 1863 2053 1899 lum
2089 1875 2196 1910 agere
2231 1875 2349 1910 posse.

1248 1912 1262 1943 1
1314 1908 1352 1944 Si
1372 1912 1414 1943 ut
1432 1908 1506 1944 filio
1526 1908 1683 1944 familias
1702 1909 1884 1954 negotium
1898 1911 1926 1931 ¹⁵
1977 1913 2053 1944 eret
2072 1913 2263 1955 acceptum
2284 1914 2350 1953 est,

1246 1955 1321 1989 et¹⁶
1350 1955 1448 1999 patri
1479 1955 1574 1990 actio
1608 1954 1729 1989 danda
1762 1958 1826 1990 est.
1872 1955 1958 1991 item
2001 1955 2032 1991 si
2065 1954 2160 1991 filius
2195 1955 2350 1991 familias

1244 2000 1435 2045 pecuniam
1460 2000 1661 2045 acceperit,
1686 2003 1727 2035 ut
1750 1999 1889 2036 faceret
1911 2000 2095 2046 negotium
2118 2001 2174 2036 vel
2197 2011 2272 2037 non
2294 2000 2349 2036 fa-

1246 2048 1354 2087 ceret,
1377 2044 1416 2080 in
1435 2045 1554 2090 ipsum
1574 2045 1749 2081 iudicium
1771 2045 1936 2081 dabitur:
1962 2049 1999 2082 et
2020 2046 2051 2081 si
2072 2046 2164 2082 alius
2183 2056 2257 2082 non
2270 2057 2349 2082 meo

1245 2090 1420 2126 mandatu
1445 2090 1477 2125 ei
1501 2090 1640 2126 dederit
1662 2101 1708 2126 ne
1731 2090 1816 2134 fiat,
1850 2094 1939 2127 tunc
1972 2091 2080 2127 etiam
2103 2092 2223 2138 ipsum
2245 2103 2349 2138 repe-

1246 2139 1265 2170 2
1313 2139 1391 2172 tere
1415 2139 1451 2171 et
1473 2146 1530 2171 me
1552 2136 1590 2171 in
1615 2136 1857 2182 quadruplum
1881 2147 1988 2182 agere
2010 2147 2128 2183 posse.
2179 2136 2348 2183 0111111111-

1244 2181 1407 2217 blicanus
1431 2181 1614 2226 mancipia
1645 2182 1816 2217 retineret
1841 2182 1996 2228 dataque
2020 2182 2053 2218 ei
2076 2183 2232 2228 pecunia
2256 2187 2350 2219 esset

1267 2236 1337 2262 uae
1368 2237 1442 2263 non
1474 2227 1683 2270 deberetur,
1717 2230 1753 2263 et
1781 2228 1861 2273 ipse
1886 2238 1931 2263 ex
1952 2228 2024 2264 hac
2048 2232 2153 2273 parte
2178 2228 2286 2264 edicti
2310 2228 2346 2263 in

1255 2274 1381 2308 'actum
1406 2272 1548 2308 actione
1572 2276 1726 2309 tenetur.

1291 2313 1317 2356 8
1348 2317 1547 2354 Urpmws
1579 2318 1671 2354 libro
1706 2322 1839 2364 quarto
1874 2319 2088 2364 opinionum
2135 2318 2174 2354 Si
2210 2319 2256 2354 ab
2294 2329 2347 2361 eo,

1244 2363 1306 2408 qui
1327 2362 1501 2399 innocens
1526 2363 1607 2406 fuit,
1633 2363 1701 2399 sub
1727 2364 1847 2409 specie
1871 2363 2029 2399 criminis
2054 2364 2226 2407 alicuius,
2251 2364 2348 2409 quod

1242 2409 1280 2443 in
1305 2419 1346 2444 eo
1370 2409 1565 2454 probatum
1589 2419 1662 2444 non
1687 2414 1751 2451 est,
1778 2409 1968 2454 pecuniam
1988 2413 2176 2454 acceptam
2193 2409 2223 2444 is
2246 2410 2347 2445 cuius

1244 2454 1289 2489 de
1314 2464 1356 2489 ea
1379 2465 1419 2490 re
1442 2454 1541 2490 notio
1567 2458 1623 2489 est
1647 2454 1796 2490 edoctus
1815 2454 1943 2489 fuerit:
1969 2454 2006 2489 id
2025 2455 2122 2500 quod
2140 2454 2265 2491 illicite
2286 2465 2346 2490 ex-

1243 2503 1380 2535 tortum
1403 2503 1459 2536 est
1483 2499 1681 2535 secundum
1705 2499 1813 2536 edicti
1832 2499 1996 2541 formam,
2023 2499 2119 2545 quod
2139 2500 2184 2535 de
2202 2500 2259 2536 his
2279 2504 2346 2543 est,

1244 2545 1305 2590 qui
1327 2545 1519 2590 pecuniam
1543 2548 1584 2579 ut
1607 2545 1788 2590 negotium
1810 2544 1974 2580 facerent
1998 2549 2063 2580 aut
2086 2556 2160 2581 non
2183 2545 2347 2582 facerent

1244 2591 1429 2636 accepisse
1442 2591 1657 2632 dicerentur,
1679 2590 1819 2625 restitui
1839 2590 1964 2625 iubeat
1986 2593 2021 2626 et
2044 2590 2087 2633 ei,
2110 2590 2171 2636 qui
2190 2591 2227 2626 id
2249 2602 2345 2627 com-

1244 2636 1351 2679 misit,
1375 2647 1442 2681 pro
1467 2635 1573 2671 modo
1601 2635 1722 2671 delicti
1745 2645 1901 2680 poenam
1923 2635 2068 2681 irroget.

1291 2678 1316 2719 9
1341 2681 1592 2717 PAPJNIANUS
1608 2681 1699 2717 libro
1719 2681 1877 2717 secundo
1891 2680 1936 2716 de
1948 2681 2140 2717 adulteriis
2173 2680 2230 2717 De
2242 2692 2344 2718 servo

1244 2726 1306 2771 qui
1329 2730 1541 2768 accusatur,
1567 2726 1598 2762 si
1620 2725 1843 2771 postuletur,
1879 2727 2041 2771 quaestio
2065 2727 2239 2763 habetur:
2274 2738 2343 2773 quo

1244 2772 1411 2808 absoluto
1443 2773 1482 2807 in
1507 2771 1656 2823 duplum
1680 2772 1835 2816 pretium
1859 2775 2051 2807 accusator
2076 2772 2219 2808 domino
2245 2773 2344 2809 dam-

1243 2821 1369 2852 natur:
1395 2818 1459 2853 sed
1483 2821 1518 2852 et
1542 2820 1632 2852 oltra
1655 2817 1761 2861 pretii
1785 2817 2069 2853 aestimationem
2093 2818 2277 2863 quaeritur
2301 2818 2345 2854 de

1245 2862 1425 2898 calumnia
1458 2863 1544 2898 eius.
1583 2866 1791 2907 separatum
1816 2866 1870 2897 est
1895 2863 2025 2898 etenim
2049 2864 2250 2899 calumniae
2276 2864 2343 2899 cri-

1244 2918 1325 2943 men
1361 2919 1383 2943 a
1419 2908 1548 2943 damno
1583 2907 1679 2953 quod
1711 2907 1747 2942 in
1781 2918 1882 2943 servo
1919 2912 2068 2954 propter
2099 2909 2342 2954 quaestionem

1245 2953 1388 2989 domino
1414 2953 1536 2988 datum
1562 2956 1626 2987 est.

1244 3113 1299 3153 50,
1315 3119 1356 3150 17,
1371 3119 1418 3146 115
1427 3124 1481 3154 pr.

1244 3167 1326 3189 sona
1338 3157 1421 3189 Hal.

1245 3202 1410 3244 cogitium
1423 3203 1458 3235 F

1545 3115 1600 3155 (11)
1615 3114 1782 3156 acceptim
1793 3114 1829 3147 F
1888 3115 1946 3156 (12)
1961 3114 2090 3156 accipit
2102 3114 2137 3146 F
2190 3115 2248 3156 (13)
2265 3125 2341 3156 per-

1529 3159 1587 3200 (14)
1611 3160 1816 3191 meomnium
1829 3160 1863 3192 F
1961 3160 2020 3201 (15)
2044 3159 2219 3202 negotium
2232 3159 2269 3202 S,
2285 3159 2342 3191 de-

1535 3205 1596 3245 (16)
1621 3205 1723 3237 etiam
1736 3206 1772 3238 F
1780 3204 1795 3224 ²
