2528 3918
178 110 348 154 XXXII

177 232 306 269 'luerit'
330 234 485 267 tractum
507 230 628 273 habet,
652 230 822 276 quamdiu
844 230 939 267 vivat
960 230 1003 275 is,
1028 240 1051 266 a
1074 241 1146 277 quo
1165 230 1265 267 fidei-

178 276 403 314 commissum
427 275 591 311 relictum
614 279 688 311 est:
712 285 835 311 verum
855 276 886 311 si
905 279 1096 321 antequam
1116 275 1265 319 dederit,

178 322 388 364 decesserit,
424 321 528 356 heres
560 320 636 356 eius
649 322 660 343 ¹
717 324 862 357 raestat.
917 320 980 357 sed
1012 322 1073 356 et²
1103 321 1134 356 si
1165 320 1265 356 fidei-

178 366 454 409 commissarius,
478 369 670 412 antequam
719 375 797 403 eres
822 366 1030 408 constituat,
1061 365 1266 408 decesserit,

177 410 221 447 ad
247 411 411 447 heredem
443 421 546 446 suum
577 410 666 447 nihil
695 411 922 447 transtulisse
952 410 1110 447 videtur:
1144 410 1266 447 condi-

178 456 316 493 cionale
339 456 431 491 enim
455 466 533 492 esse
555 455 710 502 legatum
730 456 862 491 nemini
882 456 1029 491 dubium
1050 460 1106 492 est
1125 459 1161 491 et
1179 466 1266 501 pen-

178 502 281 538 dente
305 501 514 537 condicione
536 500 644 547 legati
665 501 776 537 videri
800 501 996 537 decessisse
1017 501 1266 537 fideicommis-

178 551 195 581 7
243 547 388 582 sarium.
478 556 668 592 uamquam
709 551 829 582 autem
866 546 1178 582 fideicommissum
1215 546 1267 581 ita

177 592 339 628 relictum
363 602 435 627 non
484 591 633 627 ebeatur
656 591 698 627 ‘si
722 591 899 634 volueris’,
931 595 1050 626 tamen
1074 592 1105 628 si
1127 592 1180 626 ita
1203 591 1266 626 ad-

177 637 350 682 scriptum
381 636 509 673 fuerit:
546 636 590 673 ‘si
617 636 727 672 fueris
760 636 967 672 arbitratus’
999 636 1043 672 ‘si
1073 637 1266 682 putaveris·

178 683 219 718 ‘si
242 681 496 717 aestimaveris’
528 682 571 717 ‘si
596 681 681 717 utile
709 682 776 716 tibi
799 681 908 716 fuerit
930 681 1055 717 visum'
1079 682 1135 716 vel
1159 681 1266 717 ‘vide-

177 727 309 769 ‘bitur',
342 726 548 763 debebitur:
580 737 653 762 non
685 727 777 762 enim
811 726 957 771 plenum
987 726 1175 762 arbitrium
1206 737 1266 763 vo-

177 771 323 808 luntatis
347 771 470 808 heredi
490 771 598 813 dedit,
622 771 684 807 sed
702 772 806 824 quasi
820 771 896 807 viro
921 772 1015 808 bono
1041 772 1267 808 commissum

177 821 196 852 8
242 817 417 853 relictum.
464 816 619 853 Proinde
649 817 679 852 si
710 821 762 852 lta
793 817 841 853 sit
868 817 1181 853 fideicommissum
1209 828 1266 853 re-

176 862 319 898 lictum:
345 862 419 904 ‘illi,
443 862 498 899 si³
515 866 553 898 te
575 862 766 904 meruerit'‚
792 862 994 898 omnimodo
1018 862 1265 898 fideicommis-

176 918 255 943 sum
279 907 485 950 debebitur,
517 907 548 943 si
578 907 683 942 modo
714 907 880 942 meritum
907 908 1011 953 quasi
1034 908 1130 953 apud
1153 908 1265 943 virum

177 953 310 988 bonum
342 952 521 988 collocare
551 952 900 989 fideicommissarius
930 953 1067 998 potuit:
1100 956 1137 988 et
1162 952 1193 988 si
1215 952 1266 987 ita

176 998 223 1034 sit
253 997 298 1034 ‘si
327 1001 364 1032 te
394 1008 467 1033 non
491 997 702 1040 offenderit’,
734 1007 847 1042 aeque
872 998 1077 1033 debebitur:
1110 1008 1178 1034 nec
1201 1009 1266 1043 po-

175 1042 260 1079 terit
288 1043 391 1079 heres
424 1043 567 1078 causari
597 1053 670 1078 non
701 1052 779 1078 esse
810 1043 992 1087 meritum,
1030 1043 1060 1078 si
1091 1043 1183 1078 alius
1213 1043 1267 1078 vir

175 1088 291 1124 bonus
330 1092 366 1123 et
404 1098 476 1123 non
515 1087 667 1123 infestus
707 1088 870 1123 meritum
910 1088 1030 1133 potuit
1066 1088 1265 1124 admittere.

176 1136 197 1169 9
242 1133 343 1169 Haec
371 1133 500 1168 verba:
534 1136 592 1177 ‘te,
621 1133 683 1175 fili,
713 1143 812 1177 rogo,
844 1137 885 1168 ut
933 1133 1066 1176 raedia,
1098 1143 1190 1179 quae
1220 1133 1266 1168 ad

176 1182 224 1214 ‘te
246 1178 489 1224 pervenerint,
522 1189 588 1223 pro
618 1182 682 1213 tua
705 1178 765 1213 dili
791 1178 886 1213 entia
907 1144 1058 1223 {diligas⁴
1082 1183 1118 1214 et
1142 1189 1265 1214 curam

176 1226 310 1260 ‘eorum
350 1233 456 1268 agas,
495 1227 536 1258 ut
570 1223 710 1276 possint
742 1234 763 1258 a
819 1223 911 1258 filios
943 1228 1026 1259 tuos
1056 1223 1264 1269 pervenire'‚

174 1268 259 1305 licet
281 1279 353 1304 non
377 1268 464 1304 satis
489 1272 692 1313 expnmunt
716 1268 1040 1312 fideicommissum,
1066 1269 1130 1305 sed
1153 1268 1265 1314 magis

175 1313 364 1350 consilium
388 1323 495 1358 quam
518 1313 769 1348 necessitatem
800 1313 1040 1358 relinquendi,
1072 1318 1192 1349 tamen
1224 1324 1267 1350 ea

173 1358 346 1404 praedia⁵
369 1359 406 1393 in
429 1358 619 1403 nepotibus
643 1362 727 1403 post
748 1362 899 1394 mortem
922 1358 1036 1404 patris
1058 1370 1179 1394 eorum
1195 1358 1266 1394 vim

177 1407 218 1440 10
264 1403 529 1438 fideicommissi
552 1403 718 1438 videntur
742 1403 936 1438 continere.
972 1403 1012 1440 Si
1031 1404 1104 1439 filio
1126 1414 1148 1439 a
1163 1408 1267 1449 patre

173 1449 304 1484 herede
326 1448 489 1484 instituto
513 1447 825 1484 fideicommissum
850 1449 1016 1484 relictum
1040 1449 1167 1492 fuerit,
1200 1450 1266 1484 etsi

174 1494 289 1529 verbis
321 1504 394 1529 non
425 1493 473 1529 sit
501 1493 554 1528 ita
585 1493 749 1529 relictum
788 1497 881 1529 ‘cum
911 1499 1015 1539 pater
1044 1495 1265 1536 moreretur',

173 1539 236 1575 sed
266 1538 424 1583 intellegi
454 1539 524 1574 hoc
554 1538 689 1584 possit,
720 1542 811 1584 puta
842 1539 926 1584 quia
949 1539 1001 1575 sic
1024 1540 1188 1575 relictum
1212 1543 1266 1575 est

174 1587 226 1620 ‘ut
249 1584 430 1629 relinquat
452 1583 537 1619 filio’
561 1583 618 1619 vel
641 1584 732 1619 ‘volo
759 1594 840 1619 eum
862 1585 1006 1620 habere'
1029 1585 1085 1620 vel
1111 1585 1202 1620 ‘volo
1219 1584 1266 1620 ad

174 1632 265 1665 ‘eum
298 1629 499 1674 perfinere',
532 1628 745 1665 defendetur
774 1629 813 1664 in
842 1629 880 1664 id
909 1633 1052 1675 tempus
1083 1629 1264 1665 fideicom-

175 1678 213 1710 11
261 1675 409 1710 missum
433 1674 607 1718 relictum,
633 1685 703 1719 quo
724 1675 780 1710 sui
798 1674 888 1711 iuris
907 1675 1003 1711 filius
1025 1674 1191 1711 efficitur.
1227 1674 1266 1710 Si

173 1719 232 1755 cui
270 1719 322 1755 ita
361 1718 471 1754 fuerit
502 1718 817 1755 fideicommissum
846 1719 1031 1756 relictum:
1072 1720 1115 1756 ‘si
1151 1723 1266 1756 morte

173 1764 298 1810 ‘patris
329 1764 387 1800 sui
412 1764 502 1799 iuris
526 1763 635 1799 fuerit
658 1764 818 1800 effectus’
843 1768 880 1800 et
902 1765 1186 1811 emancipatione
1209 1765 1266 1801 sui

171 1809 260 1846 iuris
290 1809 411 1845 factus
441 1809 506 1852 sit,
546 1820 620 1845 non
650 1809 764 1845 videri
795 1810 969 1846 defecisse
1001 1810 1264 1846 condicionem:

171 1854 236 1891 sed
266 1855 328 1890 et⁶
360 1865 441 1890 cum
471 1865 568 1890 mors
626 1855 695 1890 atri
726 1855 927 1901 contingat,
991 1855 1072 1891 uasi
1102 1859 1266 1891 exstante

175 1903 215 1935 12
263 1899 472 1935 condicione
511 1899 559 1935 ad
595 1865 909 1937 fideicommissum
947 1911 969 1935 a
995 1901 1167 1936 mittetur.
1227 1900 1266 1936 Si

171 1955 246 1981 rem
277 1955 379 1980 suam
410 1948 563 1980 testator
592 1945 626 1980 le
650 1945 764 1981 averit
793 1956 943 1991 eamque
966 1946 1181 1982 necessitate
1203 1957 1264 1981 ur-

170 1994 300 2036 guente
331 1990 556 2032 alienaverit,
588 1956 902 2027 fideicommissum
933 1991 1007 2036 peti
1037 2001 1164 2036 posse,
1196 1991 1264 2027 nisi

171 2035 345 2081 probetur
363 2035 518 2070 adimere
539 2035 573 2070 ei
590 2038 801 2071 testatorem
817 2036 992 2072 voluisse:
1016 2036 1264 2082 probationem

171 2084 292 2116 autem
321 2081 505 2116 mutatae⁷
537 2080 732 2116 voluntatis
755 2081 802 2116 ab
825 2081 1019 2117 heredibus
1043 2081 1263 2126 exigendam.

175 2129 214 2161 13
262 2125 360 2171 Ergo
385 2128 422 2161 et
444 2125 476 2160 si
498 2135 627 2160 nomen
651 2125 729 2178 quis
755 2125 925 2162 debitoris
958 2127 1136 2172 exegerit,
1169 2127 1265 2180 quod

171 2181 236 2216 per
262 2169 574 2206 fideicommissum
602 2170 670 2205 reh
694 2171 764 2213 uit,
795 2181 869 2206 non
896 2175 1017 2207 tamen
1039 2172 1110 2207 hoc
1133 2182 1263 2214 ammo,

171 2215 274 2296 quasi
302 2215 409 2251 vellet
437 2215 644 2268 extInguere
699 2215 1002 2259 deicommissum‚
1031 2217 1165 2262 poterit
1193 2217 1264 2252 dici

195 2261 309 2296 eberi:
334 2260 404 2296 nisi
426 2259 520 2296 forte
543 2263 638 2295 mter
659 2260 750 2296 haec
767 2260 932 2297 interest:
956 2261 1017 2297 hic
1035 2262 1129 2297 enim
1148 2262 1263 2297 extin-

169 2305 291 2351 guitur
311 2305 393 2351 ipsa
416 2305 644 2341 constantia⁸
667 2305 789 2348 debiti,
820 2306 872 2342 ibi
894 2316 952 2342 res
977 2306 1094 2350 durat,
1119 2307 1262 2342 tametsi

170 2351 327 2387 alienata
361 2350 418 2386 sit.
475 2361 557 2386 cum
591 2354 712 2386 tamen
746 2350 891 2396 quidam
926 2362 1055 2387 nomen
1090 2351 1262 2387 debitoris

170 2395 347 2449 exegisset
369 2399 405 2431 et
423 2406 494 2449 pro
519 2395 684 2440 deposito
707 2396 897 2441 pecuniam
919 2397 1116 2440 habuisset,
1139 2397 1263 2450 putavi

170 2441 434 2477 fideicommissi
456 2440 664 2486 petitionem
687 2451 887 2486 superesse,
910 2441 1064 2477 maxime
1088 2452 1173 2487 quia
1190 2453 1262 2478 non

172 2486 248 2531 ipse
270 2496 335 2522 exe
361 2490 454 2529 erat,
485 2485 549 2522 sed
573 2485 715 2521 debitor
737 2486 833 2522 ultro
856 2487 1046 2532 pecuniam
1069 2487 1260 2532 optulerat,

171 2542 276 2576 quam
301 2542 322 2567 o
351 2534 471 2567 erente
493 2531 574 2575 ipso
598 2541 670 2566 nou
693 2531 813 2576 potuit
835 2532 931 2568 non⁹
954 2531 1130 2577 accipere.
1171 2543 1260 2577 pau-

171 2577 269 2611 latim
285 2576 395 2621 igitur
406 2576 644 2618 admittemus,
669 2576 738 2612 etsi
760 2586 806 2612 ex
828 2577 898 2612 hac
909 2578 937 2599 ¹⁰
958 2581 1062 2630 parte
1085 2578 1261 2623 pecuniae

172 2632 244 2656 rem
275 2621 550 2666 comparaverit,
582 2631 689 2666 quam
711 2632 786 2657 non
808 2622 879 2658 hoc
909 2632 1028 2658 ammo
1057 2623 1191 2668 exegit,
1221 2626 1262 2657 ut

171 2666 535 2702 fideicommissariam
556 2666 716 2719 privaret
737 2666 1030 2710 fideicommisso,
1059 2678 1168 2712 posse
1197 2667 1260 2703 ad-

176 2715 212 2746 14
260 2711 330 2747 huc
354 2711 618 2747 fideicommssi
641 2711 849 2756 petitionem
873 2722 1073 2758 superesse.
1119 2712 1157 2749 Si
1181 2714 1260 2758 quis

170 2755 291 2791 illicite
315 2756 551 2798 aedificasset,
574 2755 612 2791 id
635 2760 692 2792 est
714 2757 784 2793 hoc
807 2757 904 2803 quod
922 2757 1016 2793 dirui
1033 2758 1259 2794 constitutio-

170 2811 233 2836 nes
256 2801 390 2843 iubent‚
415 2811 461 2836 an
484 2800 798 2838 fideicommissum
818 2802 1020 2848 relinquere
1044 2813 1088 2838 ex
1113 2813 1156 2839 eo
1199 2803 1260 2838 uid

171 2846 299 2890 possit,
330 2846 524 2881 videamus.
577 2851 614 2882 et
641 2851 730 2899 puto
759 2858 883 2892 posse:
920 2858 1002 2883 cum
1037 2849 1131 2883 enim
1223 2849 1261 2883 ui

171 2901 316 2927 necesse
345 2891 407 2933 sit,
437 2891 537 2926 nulla
566 2891 741 2928 dubitatio
771 2896 844 2935 est,
879 2893 967 2939 quin
995 2898 1142 2929 senatus
1173 2904 1258 2930 con-

176 2939 211 2970 15
260 2935 393 2971 sultum
420 2936 671 2980 impedimento
701 2947 774 2972 non
804 2938 861 2973 sit.
910 2937 950 2973 Si
977 2938 1082 2974 heres
1110 2943 1258 2984 rogatus

169 2980 217 3016 sit
240 2985 375 3016 certam
398 2991 571 3016 summam
595 2982 714 3018 usuris
739 2982 846 3019 certIs
870 2982 1009 3019 faenori
1038 2983 1141 3027 dare,
1170 2984 1258 3019 utile

169 3030 224 3062 est
245 3025 574 3061 fideicommissum:
607 3026 670 3062 sed
692 3027 903 3064 Maecianus
933 3032 1039 3073 putat
1066 3039 1139 3064 non
1168 3029 1258 3065 alias

170 3070 365 3116 cogendum
390 3070 545 3113 credere,
570 3082 677 3116 quam
698 3072 826 3108 idonee
843 3073 877 3109 ei
894 3077 1080 3110 caveatur:
1106 3073 1170 3110 sed
1192 3084 1258 3119 ego

169 3116 362 3161 proclivior
383 3125 481 3158 sum,
505 3120 547 3150 ut
569 3120 690 3161 putem
715 3118 916 3153 cautionem
939 3129 1013 3154 non
1036 3118 1256 3164 exigendam.

173 3164 212 3197 16
259 3160 298 3197 Si
327 3171 429 3196 servo
458 3160 576 3196 alieno
604 3161 731 3215 militia
758 3163 998 3208 relinquatur,
1037 3173 1084 3218 an
1114 3164 1257 3200 domino

168 3210 363 3293 ἓὲεΐρηἑῗ
370 3205 1258 3299 5352‘332253533333‘·dettntffissssigsssm'“nu-¹3

169 3300 205 3331 et
233 3295 401 3341 denegari
429 3294 692 3332 fideicommissi
742 3298 919 3334 ersecutio
943 3298 1065 3342 debet,
1095 3299 1196 3344 quia,
1227 3300 1258 3335 si

175 3344 209 3376 17
259 3341 387 3377 scisset
410 3350 562 3383 servum,
586 3351 659 3376 non
682 3351 720 3376 re
738 3342 895 3387 'quisset¹
934 3343 991 3379 Ex
1014 3344 1071 3379 his
1094 3349 1257 3397 apparet,

170 3397 250 3421 cum
277 3397 344 3431 per
370 3385 683 3422 fideicommissum
712 3386 848 3432 aliquid
875 3388 1105 3434 relinquitur,
1139 3399 1257 3434 ipsum

168 3431 422 3476 praestandum
457 3430 554 3478 quod
587 3430 750 3467 relictum
786 3436 856 3468 est:
899 3444 980 3469 cum
1021 3444 1105 3470 vero
1140 3435 1256 3479 ipsum

169 3547 207 3583 (ι)
233 3545 340 3587 ipsius
358 3544 409 3577 F²
547 3545 591 3586 (2)
616 3546 650 3577 et
667 3544 729 3578 del.

170 3591 213 3630 (⁴)
236 3590 414 3633 requiritur
424 3589 595 3622 custodias
608 3589 660 3623 vel
669 3589 773 3623 simile
783 3591 971 3623 vocabulum
991 3591 1127 3633 (diligas
1146 3598 1254 3625 natum

169 3646 208 3667 cz·
218 3646 284 3667 voc.
295 3635 524 3678 praecedente)

168 3691 229 3711 uer.
334 3682 378 3719 (s)
403 3682 437 3711 et
449 3680 510 3713 dol.
618 3680 662 3720 (7)
687 3682 835 3712 mutatae
852 3681 929 3713 add.
943 3679 997 3712 Ρ*
1105 3684 1150 3721 (s)
1175 3681 1253 3714 sub-

169 3724 294 3756 stantia
309 3724 470 3758 Burtolnu
529 3725 574 3766 (⁹)
599 3734 667 3757 non
679 3737 737 3758 om.
752 3724 788 3758 F
838 3725 897 3764 (ιο)
923 3724 985 3757 hac
998 3726 1059 3759 del.
1123 3727 1177 3766 (u)
1202 3726 1251 3759 sio

1258 105 1346 155 444
1570 110 1615 163 t„

869 3546 911 3587 (3)
936 3544 978 3578 de
996 3548 1056 3579 ins.
1072 3546 1253 3588 Hoffmann

634 3636 678 3677 (ὓ)
702 3633 915 3677 relinquendi
928 3645 966 3667 ea
980 3636 1128 3678 praedia,
1141 3639 1253 3669 tamen
1323 3636 1454 3669 miserit
1463 3648 1526 3669 scr.

1511 0 1581 109 (ἡ

2137 121 2200 153 DE
2228 120 2418 154 means

1334 230 1513 277 praestari
1539 241 1612 267 non
1639 234 1776 277 potest,
1811 231 2093 268 aestimationem
2123 240 2203 267 esse
2232 234 2416 276 praestan-

1339 279 1378 311 18
1429 275 1522 311 dam.
1569 275 1608 312 Si
1637 276 1717 322 quis
1747 275 1869 313 decem
1892 277 2001 312 alicui
2022 287 2088 322 per
2110 274 2420 312 fideicommissum

1334 321 1519 366 reliquerit
1540 325 1587 362 et,
1611 321 1643 357 si
1664 321 1879 366 perdidisset
1901 321 1937 356 id
1962 321 2058 367 quod
2080 324 2292 357 testamento
2314 320 2418 356 relic-

1334 369 1411 400 tum
1429 370 1494 408 est,
1518 376 1644 402 rursus
1661 366 1694 402 ei
1711 366 1904 412 reliquerit,
1929 366 2179 412 quaerebatur,
2203 376 2251 401 an
2268 376 2419 411 sequens

1334 410 1645 447 fideicommissum
1671 411 1790 447 valeat
1818 413 1873 448 vel
1903 422 1951 447 au
1980 412 2121 457 exigere
2154 411 2257 447 heres
2292 411 2420 446 debeat

1336 456 1538 492 cautionem
1561 455 1660 491 salva
1682 455 1760 492 fore
1783 456 1920 501 decem,
1950 468 1994 493 ne
2019 460 2174 501 cogatur
2190 456 2236 491 ad
2259 460 2419 502 praesta-

1334 501 1478 544 tionem,
1503 504 1540 536 et
1562 511 1619 544 an,
1644 501 1677 537 si
1699 502 1842 547 saepius
1860 502 2089 583 ffrdiffisset'
2121 502 2264 546 saepius
2287 502 2321 536 ei
2343 511 2419 536 sar-

1336 546 1470 581 ciretur
1490 545 1813 583 fideicommissum.
1886 548 1961 584 'vus
1984 547 2071 583 Pius
2099 546 2285 592 rescripsit
2306 556 2418 591 neque

1337 591 1538 626 cautionem
1573 601 1592 627 e
1619 591 1628 600 ‘
1673 591 1780 627 ndam
1812 596 1849 628 et
1883 604 1956 629 non
1984 592 2137 638 amplius
2165 602 2272 637 quam
2301 591 2417 634 semel,

1334 640 1526 681 postquam
1548 601 1778 681 peffiisset,
1806 638 2077 683 praestandum:
2111 647 2184 673 non
2211 637 2304 672 enim
2334 646 2418 671 one-

1335 681 1470 716 randus
1493 684 1550 717 est
1571 681 1686 724 heres,
1711 685 1753 717 ut
1768 682 1806 717 in
1822 682 2010 727 infinitum,
2058 682 2198 718 uotiens
2214 681 2418 727 perdiderit,

1335 726 1524 762 restituere
1547 726 1582 762 ei
1603 726 1811 763 tantundem
1835 728 1979 771 debeat,
2004 738 2043 764 se
2091 732 2131 763 ut
2153 737 2219 773 per
2240 726 2419 762 fideicom-

1335 771 1483 807 missum
1505 772 1685 816 posterius
1708 771 1891 818 duplicata
1913 774 1990 810 eius
2013 773 2131 819 legata
2151 772 2339 808 videantur
2355 781 2420 807 nec

1335 816 1487 861 amplius
1506 816 1552 851 ad
1569 817 1767 862 periculum
1784 818 1924 854 heredis
1942 819 2129 863 pertineat,
2148 818 2179 854 si
2197 816 2282 871 quid
2295 820 2421 862 postea

1334 861 1366 896 is
1391 861 1652 907 consumpserit
1674 863 1837 898 exsoluto
1862 868 1898 898 et
1921 863 2119 908 posteriore
2136 862 2419 899 fideicommisso.

1339 909 1379 941 19
1426 907 1515 942 Item
1550 906 1582 942 si
1615 907 1694 952 quis
1725 912 1858 943 certam
1887 909 2121 953 quantitatem
2150 908 2209 944 cui
2237 907 2421 952 reliquerit

1335 955 1372 987 et
1394 951 1571 987 addiderit
1593 951 1736 988 facilius
1758 953 1851 988 hanc
1874 963 2047 988 summam
2064 964 2171 998 posse
2187 952 2419 997 compensari,

1337 1007 1417 1031 cum
1447 997 1588 1032 debitor
1616 997 1664 1032 sit
1691 997 2041 1034 fideicommissarius
2071 1009 2116 1034 ex
2145 1008 2256 1034 causa
2283 996 2418 1032 heredi—

1335 1042 1419 1077 tatis
1443 1041 1525 1077 Gaii
1547 1042 1635 1085 Seii,
1664 1052 1731 1078 nec
1758 1043 1843 1078 velit
1869 1043 1930 1078 ille
1958 1043 2190 1079 hereditatem
2218 1043 2316 1078 adire
2341 1042 2420 1076 Gaii

1335 1087 1423 1130 Seii,
1465 1087 1527 1123 sed
1562 1091 1663 1132 petat
1696 1087 2025 1124 fideicommissum:
2067 1089 2262 1134 imperator
2300 1091 2422 1122 noster

1336 1136 1462 1168 contra
1489 1132 1708 1168 voluntatem
1737 1143 1818 1168 eum
1842 1134 2008 1169 testantis
2030 1138 2152 1179 petere
2174 1132 2419 1169 fideicommis-

1334 1188 1413 1213 sum
1436 1177 1631 1223 rescripsit,
1657 1189 1738 1213 cum
1755 1178 1792 1213 in
1809 1178 2091 1215 fideicommissis
2108 1179 2301 1223 praecipue
2318 1188 2419 1257 εἴξε-

1336 1226 1377 1257 20
1424 1222 1536 1258 tanda
1564 1224 1810 1268 servandaque
1839 1224 1886 1258 sit
1914 1224 2096 1259 testatoris
2120 1224 2295 1259 voluntas.
2372 1223 2405 1257 lc

1334 1278 1482 1313 rumque
1507 1268 1622 1303 evenit
1645 1269 1836 1303 multorum
1852 1269 2023 1304 interesse
2037 1269 2074 1304 id
2089 1269 2185 1314 quod
2199 1268 2420 1314 relinquitur,

1334 1323 1457 1348 verum
1486 1317 1692 1348 testatorem
1721 1314 1784 1348 uni
1806 1314 1960 1350 voluisse
1983 1315 2156 1350 honorem
2178 1314 2357 1356 habitum,
2386 1317 2422 1350 et

1335 1361 1374 1392 21
1426 1362 1481 1393 est
1499 1358 1590 1394 haec
1604 1359 1780 1394 sententia
1795 1359 1960 1394 Marcelli
1982 1359 2175 1395 verissima.
2212 1359 2271 1395 Sic
2295 1360 2421 1403 evenit,

1334 1407 1375 1438 ut
1402 1403 1618 1438 interdum¹¹
1655 1404 1686 1439 si
1719 1404 1882 1449 pluribus
1916 1408 2068 1440 testator
2096 1405 2266 1440 honorem
2289 1405 2422 1440 habere

1334 1448 1446 1483 voluit
1469 1453 1506 1484 et
1529 1448 1574 1484 de
1622 1449 1760 1484 Iuribus
1785 1449 1911 1492 sensit,
1943 1449 2101 1494 quamvis
2129 1460 2241 1485 unum
2268 1450 2422 1495 legatum

1334 1493 1391 1535 sit,
1415 1497 1536 1529 tamen
1559 1460 1620 1529 adp
1627 1494 1912 1539 persecutionem
1935 1495 2012 1530 eius
2035 1495 2158 1540 plures
2176 1495 2419 1530 admittantur.

1334 1542 1375 1572 ut
1397 1542 1486 1583 puta
1506 1539 1537 1574 si
1556 1538 1678 1574 decem
1696 1539 1843 1575 fuerunt
1861 1539 2019 1575 eiusdem
2033 1542 2070 1561 ¹¹·
2093 1540 2147 1576 rei
2169 1540 2363 1586 stipulandi
2386 1545 2423 1576 et

1334 1584 1438 1619 heres
1468 1584 1523 1619 vel
1551 1583 1902 1620 fideicommissarius
1930 1589 2076 1630 rogatus
2106 1588 2177 1628 est,
2209 1589 2251 1620 ut
2273 1586 2325 1622 eis
2348 1585 2421 1621 sol-

1334 1632 1447 1664 veret:
1482 1628 1541 1664 hic
1575 1629 1678 1664 enim·
1699 1629 1730 1665 si
1759 1630 1914 1666 omnium
1943 1630 2092 1666 interest
2119 1634 2157 1666 et
2184 1630 2228 1666 de
2258 1631 2421 1667 omnibus

1335 1673 1446 1709 sensit
1462 1677 1624 1717 testator,
1647 1674 1960 1711 fideicommissum
1977 1675 2141 1710 relictum
2159 1686 2280 1712 omnes
2300 1680 2421 1721 petere

1334 1720 1577 1799 gotueruntffl.
1626 1719 1691 1755 sed
1712 1723 1831 1755 utrum
1855 1721 1893 1754 in
1915 1725 2054 1765 partem
2143 1725 2185 1756 nt
2206 1731 2254 1756 an
2275 1721 2314 1756 in
2337 1722 2420 1757 soli-

1359 1775 1436 1806 um,
1465 1763 1664 1800 videamus:
1702 1769 1738 1800 et
1765 1765 1889 1807 credo,
1925 1770 2034 1810 prout
2063 1776 2234 1811 cmusque
2262 1766 2420 1809 interest,

1335 1813 1615 1862 consequentur:
1640 1821 1733 1845 unus
1757 1810 1866 1855 igitur
1889 1810 1951 1890 qui
1975 1814 2129 1864 occupat
2152 1811 2288 1856 agendo
2306 1815 2421 1847 totum

1334 1858 1871 1952 ssssffiatftxrmmmigsfflsaffi
1893 1855 2107 1946 qiiessiivffi
2130 1856 2422 1938 stetistis

1335 1947 1378 1979 22
1426 1955 1498 1980 slve
1522 1956 1606 1981 non.
1652 1945 1835 1981 Interdum
1864 1945 2013 1981 alterius
2042 1957 2170 1982 nomen
2193 1946 2363 1982 scribitur
2384 1947 2421 1982 in

1333 1993 1558 2032 testamento,
1584 1990 1689 2026 alteri
1712 2001 1795 2027 vero
1819 1990 2084 2027 fideicommissi
2100 1992 2226 2037 petitio
2243 1992 2298 2027 vel
2315 1992 2420 2038 legati

1335 2035 1523 2080 competit,
1559 2039 1600 2070 ut
1627 2039 1717 2081 puta
1746 2036 1778 2071 si
1805 2035 1890 2072 fidei
1917 2036 2058 2072 heredis
2090 2038 2346 2080 committatur,
2382 2043 2422 2072 ut

1333 2080 1411 2125 ipse
1434 2080 1618 2125 publicum
1635 2092 1701 2126 pro
1718 2081 1813 2116 Titio
1831 2085 2001 2127 praestet,
2025 2081 2335 2118 fideicommissum
2352 2083 2420 2118 hoc

1333 2126 1389 2160 vel
1418 2126 1574 2170 legatum
1602 2137 1676 2162 non
1704 2126 1919 2171 publicanus
1949 2127 2054 2172 petit,
2090 2127 2175 2163 licet
2208 2128 2242 2163 ei
2276 2129 2323 2163 sit
2357 2128 2419 2163 ad·

1332 2170 1506 2250 stiffi
1514 2170 1617 2252 ’eff
1631 2171 2144 2253 iffitffletffieffffietff
2160 2173 2421 2253 fiiitssssfftssff}

1578 2243 1585 2251 ⁸
2323 2245 2332 2261 2

1333 2261 1445 2296 voluit
1471 2266 1704 2306 prospectum
1733 2262 1906 2307 cuiusque
1937 2262 2235 2308 contemplatione
2268 2267 2422 2299 testator

1332 2305 1507 2341 fecerit¹³.
1542 2307 1751 2352 plerumque
1774 2311 1895 2342 autem
1917 2307 2191 2353 intellegendum
2214 2312 2269 2344 est
2291 2309 2420 2353 privati

1333 2361 1444 2386 causa
1460 2351 1530 2386 hoc
1547 2351 1687 2393 fecisse,
1712 2352 1796 2387 licet
1813 2352 2088 2387 emolumentum
2103 2353 2295 2398 publicano
2334 2363 2417 2389 uae-

1333 2399 1374 2430 23
1422 2400 1534 2431 ratur.
1583 2397 1622 2432 Si
1645 2396 1683 2431 in
1707 2407 1814 2442 opere
1839 2397 1991 2433 civitatis
2015 2397 2179 2433 faciendo
2203 2398 2313 2443 aliqui
2362 2409 2418 2434 re-

1331 2441 1454 2476 lictum
1477 2442 1540 2484 sit,
1571 2452 1681 2476 unum
1707 2452 1856 2487 uemque
1879 2442 2046 2478 heredem
2069 2443 2107 2477 in
2130 2443 2283 2478 solidum
2306 2445 2419 2479 teneri

1331 2486 1433 2521 divus
1450 2486 1602 2522 Marcus
1627 2490 1664 2522 et
1720 2487 1823 2522 ucius
1847 2487 1964 2523 Verus
1977 2489 2002 2508 ¹⁴
2026 2487 2202 2524 Proculae
2225 2489 2418 2534 rescripse-

1330 2535 1416 2566 runt
1429 2533 1473 2567 ¹⁵:
1505 2535 1647 2576 tempus
1670 2535 1791 2567 tamen
1815 2532 1982 2567 coheredi
2002 2533 2299 2577 praestituerunt,
2324 2534 2420 2569 intra

1330 2576 1426 2656 ssu⁰d
1457 2577 1576 2612 mittat
1607 2577 1653 2612 ad
1685 2588 1775 2622 opus
1806 2576 2021 2620 faciendum,
2057 2582 2141 2623 post
2176 2578 2270 2624 quod
2306 2579 2416 2614 solam

1360 2621 1521 2657 roculam
1561 2622 1752 2657 voluerunt
1795 2622 1915 2658 facere
1955 2623 2003 2657 im
2029 2626 2211 2658 utaturam
2254 2624 2417 2660 coheredi

1331 2669 1374 2702 24
1421 2670 1602 2712 sumptum
1625 2677 1692 2712 pro
1717 2671 1819 2712 parte
1841 2667 1930 2703 eius.
2011 2679 2073 2713 rgo
2102 2672 2140 2703 et
2166 2668 2204 2703 in
2234 2672 2355 2704 statua
2382 2674 2416 2704 et

1329 2712 1366 2746 in
1402 2712 1571 2748 servitute
1606 2713 1822 2758 ceterisque,
1883 2723 1950 2748 uae
1984 2712 2191 2749 divisionem
2224 2724 2297 2750 non
2325 2714 2415 2750 reci-

1330 2760 1371 2792 25
1419 2757 1539 2802 piunt,
1575 2757 1668 2792 idem
1703 2757 1805 2794 divus
1897 2768 1980 2794 rcus
2014 2758 2210 2803 rescripsit.
2264 2758 2303 2794 Si
2337 2759 2416 2805 quis

1329 2813 1420 2848 opus
1455 2802 1576 2838 facere
1608 2802 1728 2838 iussus
1762 2806 1911 2855 paratus
1947 2803 1994 2838 sit
2027 2803 2216 2848 pecuniam
2250 2803 2335 2840 dare
2365 2804 2417 2840 rei

1328 2848 1510 2927 guincae,
1541 2851 1583 2882 ut
1604 2847 1685 2893 ipsa
1707 2847 1835 2890 faciat,
1870 2859 1950 2883 cum
1979 2851 2131 2884 testator
2179 2859 2218 2885 er
2239 2848 2356 2895 ipsum
2379 2849 2415 2884 id

1354 2892 1406 2928 eri
1440 2893 1607 2935 voluerit,
1648 2903 1721 2928 non
1754 2892 1936 2928 audietur:
1979 2897 2016 2929 et
2048 2893 2100 2928 ita
2171 2904 2234 2929 vus
2268 2894 2415 2930 Marcus

1327 2938 1520 2983 rescripsit.

1377 2980 1429 3020 12
1463 2982 1618 3019 Vasslvs
1637 2981 1729 3018 libro
1746 2983 1869 3028 primo
1883 2984 1911 3005 ¹⁶

1328 3028 1430 3064 ‘chus
1453 3027 1545 3063 liber
1567 3031 1661 3064 esto:
1691 3031 1728 3063 et
1756 3032 1798 3062 ut
1825 3038 1908 3063 eum
1956 3038 2033 3064 eres
2057 3027 2249 3063 artificium
2273 3028 2413 3070 doceat,

1328 3073 1434 3108 ‘unde
1463 3083 1502 3109 se
1530 3072 1626 3108 tueri
1653 3072 1785 3117 possit,
1814 3074 1922 3118 peto’.
1973 3072 2132 3118 Pegasus
2159 3072 2285 3108 inutile
2313 3072 2413 3109 fidei-

1327 3118 1555 3154 commissum
1588 3127 1667 3153 esse
1696 3117 1763 3160 ait,
1799 3118 1884 3163 quia
1915 3128 2028 3163 genus
2062 3117 2206 3153 artificii
2236 3118 2413 3154 adiectum

1327 3174 1398 3199 non
1423 3167 1532 3199 esset:
1565 3162 1629 3198 sed
1659 3167 1806 3208 praetor
1834 3167 1898 3198 aut
1919 3162 2056 3198 arbiter
2078 3172 2123 3199 ex
2146 3163 2328 3199 voluntate
2352 3163 2413 3199 de·

1326 3208 1441 3244 functi
1468 3211 1506 3243 et
1534 3210 1652 3243 aetate
1680 3211 1717 3243 et
1746 3207 1955 3243 condicione
1986 3211 2023 3243 et
2050 3212 2181 3243 natura
2202 3208 2413 3254 ingenioque

1326 3253 1420 3295 eius,
1451 3252 1510 3288 cui
1538 3252 1703 3288 relictum
1733 3253 1817 3295 erit,
1847 3256 1996 3295 statuet,
2026 3253 2122 3298 quod
2149 3253 2373 3298 potissimum
2386 3255 2412 3274 '⁷

1326 3297 1517 3334 artificium
1544 3298 1649 3333 heres
1679 3297 1809 3334 docere
1837 3307 1919 3333 eum
1948 3298 2149 3343 sumptibus
2174 3298 2248 3334 suis
2271 3298 2409 3335 debeat.

1375 3340 1425 3380 13
1460 3341 1698 3378 Mammam
1734 3343 1825 3379 libro
1860 3343 2017 3378 secundo
2056 3343 2411 3388 fideicommissorum

1325 3387 1365 3424 Si
1388 3388 1440 3424 sic
1462 3387 1605 3423 locutus
1629 3387 1698 3423 erit
1719 3390 1886 3424 testator:
1918 3387 2033 3424 ‘heres
2062 3398 2162 3424 meus
2186 3388 2240 3423 illi
2261 3388 2411 3424 fundum

1325 3432 1439 3469 ‘datoz
1475 3432 1558 3468 Seio
1587 3433 1657 3468 hoc
1685 3432 1839 3478 amplius
1867 3431 2013 3475 decem',
2048 3444 2121 3469 non
2148 3433 2216 3468 erit
2244 3433 2410 3469 dubitan-

1961 2982 2284 3019 deioommissorum
2331 2983 2413 3019 ‘Sti-

1324 3545 1436 3578 evenit
1447 3549 1486 3578 ut
1498 3546 1680 3588 interdum]
1693 3547 1781 3579 sicut
1797 3546 1977 3588 interdum,
1998 3550 2037 3579 ut
2053 3558 2116 3581 scr.
2230 3549 2297 3590 (α’)
2321 3547 2409 3580 eius-

1323 3590 1397 3623 dem
1411 3591 1471 3625 del.
1574 3595 1632 3635 (12)
1655 3594 1816 3636 poterunt
1827 3592 1899 3625 edd.
2004 3593 2062 3634 (13)
2086 3591 2216 3634 fecerit]
2229 3591 2307 3625 fidei
2319 3602 2409 3625 com·

1626 3637 1686 3678 (u)
1709 3636 1779 3668 divi
1793 3636 1927 3669 Marcus
1940 3640 1974 3669 et
1986 3637 2092 3669 Verus
2110 3649 2172 3670 scr.
2273 3639 2331 3675 (15)
2356 3647 2408 3670 re-

1323 3681 1566 3723 scripsererunt
1577 3681 1612 3714 F
1688 3682 1748 3723 (16)
1772 3682 1918 3714 secundo
1931 3694 1991 3715 scr.
2074 3683 2134 3722 (ιτ)
2156 3682 2367 3724 opti-simum
2380 3682 2414 3715 F
