2528 3918
137 152 198 200 nn·
226 169 608 203 Accusariomus
635 170 694 202 nr
721 170 938 213 mscmr‘r.

135 286 322 340 multoque
352 285 466 331 magis
495 285 543 321 ad
572 284 850 321 defendendum:
884 283 947 320 sed
976 283 1223 320 excusationes

138 333 338 368 absentium
370 342 415 368 ex
446 334 593 367 senatus
625 330 788 366 consulto
821 329 1000 365 iudicibus
1024 330 1073 364 all
1118 333 1225 363 antur

137 381 193 420 et,
227 377 257 412 si
279 377 410 412 iustam
442 376 616 412 rationem
648 376 824 417 habeant,
850 376 1028 410 sententia
1077 374 1084 382 '
1110 376 1222 409 ‘ertuiz

189 421 239 459 14
264 421 373 457 IDEM
390 422 483 458 libro
506 421 772 456 sextodecimo
794 430 1050 467 responsorum
1093 418 1225 454 Generi

138 467 248 503 servis
273 477 296 503 a
319 477 444 503 socero
465 466 625 501 veneficii
645 466 824 501 accusatis
847 475 995 511 praeses
1018 464 1224 509 provinciae

137 517 276 564 patrem
313 511 525 548 calumniam
562 511 726 546 intulisse
765 511 1067 556 pronuntiaverat.
1131 509 1225 543 inter

138 557 288 593 infames
319 561 458 602 patrem
491 556 681 591 defunctae
714 567 787 592 non
816 555 1021 592 habendum
1044 554 1223 600 respondi,

139 603 306 647 quoniam
341 607 376 637 et
399 602 430 637 si
466 602 651 646 publicum
681 601 854 637 iudicium
891 601 986 636 inter
1016 600 1148 635 liberos
1181 599 1224 634 dc

138 652 252 684 morte
274 647 370 683 filiae
394 646 625 691 constitisset,
651 647 741 682 citra
764 646 962 692 periculum
985 650 1089 691 pater
1111 644 1222 680 vindi-

138 696 280 729 caretur
291 694 315 727 ¹.

642 830 719 870 11².
1165 863 1169 865 μ

187 896 250 929 ΒΕ
273 895 663 930 ACOUSA'HONIBUS
686 896 747 929 ΕΤ
770 894 1177 928 INSGRIPTIONIBUS.

187 961 206 999 1
235 961 464 998 POMPONIUS
491 963 582 999 libro
607 964 731 1009 primo
763 962 813 997 ad
843 960 1016 997 Sabinum
1063 960 1146 996 Non
1170 963 1225 995 est

166 1008 350 1043 ermissum
382 1008 521 1043 mulieri
550 1007 695 1052 publico
724 1007 856 1043 iudicio
890 1017 1102 1052 quemquam
1124 1016 1224 1041 reum

154 1063 268 1097 acere,
290 1053 358 1088 nisi
379 1053 515 1089 scilicet
533 1054 734 1098 parentium
746 1053 1012 1098 liberorumque
1024 1055 1060 1088 et
1079 1051 1224 1104 patroni

137 1103 175 1134 et
197 1102 371 1143 patronae
401 1102 439 1134 et
461 1108 582 1134 eorum
611 1098 676 1134 filii
698 1098 794 1134 filiae
824 1098 964 1143 nepotis
990 1100 1107 1143 neptis
1130 1107 1223 1132 mor-

137 1147 209 1178 tem
232 1147 441 1188 exequatur.

184 1186 210 1225 2
235 1188 481 1224 PAPJNJANUS
502 1189 591 1224 libro
610 1189 733 1234 primo
758 1188 802 1224 de
819 1188 1007 1223 adulteriis
1043 1187 1156 1223 Certis
1181 1197 1225 1222 ex

138 1233 259 1269 causis
283 1244 455 1269 concessa
477 1237 533 1269 est
555 1233 763 1268 mulieribus
786 1233 930 1279 publica
948 1233 1141 1274 accusatio,
1165 1242 1224 1267 ve-

137 1279 205 1315 luti
239 1279 271 1315 si
303 1283 453 1314 mortem
487 1284 712 1324 exequantur
750 1289 874 1314 eorum
917 1289 1110 1330 earumque
1122 1279 1146 1320 ³,
1188 1277 1226 1312 in

161 1334 228 1359 uos
258 1334 302 1359 ex
329 1323 407 1368 lege
435 1325 677 1360 testimonium
708 1324 957 1369 publicorum⁴
987 1324 1121 1359 inv1tae
1153 1333 1226 1358 non

164 1369 273 1405 ‘cunt.
320 1368 414 1404 idem
444 1373 480 1404 et
509 1370 547 1404 in
578 1370 655 1415 lege
680 1369 845 1405 Cornelia
875 1369 1146 1405 testamentaria
1169 1378 1224 1404 se-

137 1418 244 1449 natus
275 1414 420 1450 statuit:
459 1415 523 1451 sed
554 1418 590 1450 et
622 1415 666 1450 de
696 1419 910 1450 testamento
941 1414 1085 1460 paterni
1107 1413 1226 1449 liberti

138 1460 194 1495 vel
231 1460 383 1495 materni
419 1460 626 1496 mulieribus
655 1460 802 1505 publico
831 1460 963 1495 iudicio
996 1459 1114 1495 dicere
1143 1469 1224 1504 per-

142 1508 155 1540 1
205 1505 351 1540 missum
375 1508 441 1540 est.
488 1505 543 1540 Pu
570 1506 640 1541 illis
671 1516 717 1540 ex
748 1505 896 1541 consilio
928 1507 1088 1541 tutorum
1110 1504 1225 1550 patris

137 1553 306 1593 mortem,
337 1549 423 1585 item
452 1550 537 1596 pup'
567 1561 610 1586 ae
633 1551 690 1586 avi
721 1551 778 1586 sui
806 1555 958 1587 mortem
981 1560 1046 1586 exe
1071 1550 1110 1585 ui
1141 1560 1224 1585 con-

139 1605 279 1631 cessum
302 1599 368 1631 est.
403 1595 480 1641 lege
503 1599 623 1631 autem
646 1596 917 1632 testamentaria
940 1606 1023 1631 nam
1071 1606 1091 1631 e
1114 1594 1226 1648 patris

138 1640 280 1685 quidem
307 1644 520 1677 testamento
551 1641 695 1694 pupillis
772 1652 832 1677 ere
857 1641 957 1677 divus
982 1641 1054 1677 Ves
1081 1650 1226 1676 asianus

137 1685 340 1739 permisit⁵z
373 1686 436 1722 sed
468 1696 572 1731 quasi
602 1698 675 1722 non
706 1697 750 1723 ex
779 1687 944 1723 ‘beantur
966 1686 1029 1722 tab
1070 1696 1129 1729 ae,
1162 1696 1227 1731 per

137 1730 366 1767 mter-dictum
390 1735 541 1776 possunt
563 1732 729 1778 experiri.

185 1774 210 1814 3
242 1776 401 1812 Panas
428 1777 518 1812 libro
551 1779 656 1813 tertio
689 1778 734 1813 de
765 1777 953 1813 adulteriis
1004 1776 1226 1812 Libellorum

137 1821 247 1857 inscri
273 1821 380 1857 tionis
418 1822 605 1867 conceptio
640 1823 724 1858 talis
764 1826 828 1858 est.
878 1822 1025 1858 ‘Consul
1064 1826 1101 1858 et
1138 1821 1225 1857 dies.

139 1868 234 1912 ‘Apu
288 1867 389 1902 illum
419 1871 621 1912 praetorem
645 1868 700 1903 vel
730 1869 981 1913 proconsulem
1004 1867 1140 1903 Lucius
1165 1866 1225 1902 Ti-

139 1912 222 1947 ‘tius
245 1912 430 1956 professus
454 1914 511 1948 est
534 1924 572 1948 se
594 1913 772 1948 Maeviam
795 1914 871 1958 lege
894 1913 988 1948 Iulia
1020 1913 1063 1948 de
1088 1912 1224 1948 adulte-

139 1957 212 1992 ‘riis
236 1967 334 1992 ream
358 1956 505 2001 deferre,
530 1958 626 2003 quod
649 1958 747 1994 dicat
770 1969 848 1994 eam
873 1969 953 1994 cum
979 1958 1068 1993 Gaio
1083 1957 1165 1993 Seio
1189 1957 1226 1992 in

140 2002 294 2038 ‘civitate
316 2002 398 2045 illa,
424 2002 527 2038 domo
552 2003 657 2046 illius,
682 2014 804 2039 mense
826 2004 901 2047 illo,
925 2003 1132 2039 consulibus
1156 2003 1226 2038 illis

140 2047 367 2082 ‘adulterium
399 2048 641 2084 commisisse'.
691 2050 813 2094 utique
846 2049 939 2084 enim
969 2053 1007 2084 et
1036 2048 1139 2084 locus
1164 2047 1224 2083 de-

139 2093 332 2138 signandus
357 2097 428 2136 est,
452 2093 491 2128 in
514 2105 584 2139 quo
609 2095 824 2130 adulterium
848 2093 1074 2130 commissum
1099 2096 1164 2135 est,
1189 2097 1225 2128 et

138 2148 309 2183 persona,
336 2149 417 2174 cum
441 2149 512 2183 qua
535 2139 730 2175 admissum
754 2140 896 2182 dicitur,
922 2143 958 2175 et
980 2139 1130 2175 mensis:
1154 2139 1225 2174 hoc

140 2183 232 2218 enim
266 2184 344 2228 lege
379 2183 473 2219 Iulia
506 2185 732 2229 publicorum
768 2189 914 2221 cavetur
950 2188 986 2221 et
1012 2184 1225 2230 generaliter

138 2228 358 2274 praecipitur
392 2229 574 2272 omnibus,
616 2230 677 2275 qui
711 2241 811 2266 reum
845 2230 999 2283 aliquem
1041 2229 1223 2265 deferunt:

138 2283 253 2319 neque
276 2278 395 2309 autem
425 2274 517 2309 diem
546 2285 591 2310 ne
616 2286 661 2310 ue
691 2275 818 2311 horam
841 2276 973 2311 invitus
1005 2275 1224 2320 conprehen-

144 2322 157 2354 ἱ
208 2319 279 2355 det.
327 2319 429 2363 Quod
461 2319 492 2355 si
515 2320 586 2355 libe
617 2321 625 2329 '
656 2321 929 2366 inscriptionum
952 2321 1106 2365 legitime
1131 2319 1224 2356 ordi-

139 2364 216 2400 nati
245 2375 318 2400 non
347 2365 498 2407 fuerint,
529 2365 581 2400 rei
611 2377 740 2402 nomen
764 2366 929 2402 aboletur
953 2370 990 2402 et
1012 2376 1056 2401 ex
1085 2365 1225 2410 integro

140 2412 161 2445 2
207 2409 392 2454 repetendi
430 2420 531 2446 reum
559 2414 720 2455 potestas
750 2412 823 2447 fiet.
871 2412 961 2447 Item
1000 2411 1225 2447 subscribere

140 2454 285 2490 debebit
315 2456 347 2490 is
378 2455 438 2499 qui
470 2455 532 2491 dat
562 2456 702 2492 libellos
735 2467 772 2492 se
803 2457 1006 2510 professum
1037 2466 1135 2500 esse,
1169 2455 1224 2491 vel

141 2504 160 2536 3
208 2500 298 2535 alius
322 2511 388 2546 pro
412 2511 474 2543 eo,
505 2501 535 2535 si
558 2501 696 2537 litteras
720 2506 868 2538 nesciat.
918 2501 989 2538 Sed
1013 2504 1050 2537 et
1072 2503 1103 2537 si
1126 2501 1225 2536 aliud

140 2545 274 2581 crimen
307 2546 456 2588 obiciat,
492 2546 601 2582 veluti
656 2547 727 2583 uod
751 2547 895 2583 domum
919 2557 1023 2583 suam
1071 2546 1223 2589 raebuit,

139 2594 180 2626 ut
207 2594 372 2636 stuprum
401 2595 517 2627 mater
546 2591 698 2628 fam'1as
730 2596 933 2637 pateretur,
965 2602 1035 2638 quo
1085 2591 1223 2628 adulte-

140 2646 221 2671 rum
244 2635 503 2681 deprehensum
527 2636 715 2681 dimiserit,
741 2638 837 2683 quod
860 2637 1013 2683 pretium
1036 2647 1102 2683 pro
1127 2647 1222 2673 com-

139 2686 241 2727 perto
270 2686 396 2726 stupro
426 2682 624 2726 acceperit,
658 2687 694 2717 et
717 2683 747 2718 si
771 2683 856 2728 quid
878 2682 1011 2726 simile,
1046 2682 1083 2718 id
1106 2682 1223 2727 ipsum

140 2730 159 2760 4
207 2726 335 2762 libellis
359 2726 727 2771 comprehendendum
756 2728 835 2763 erit.
883 2728 921 2763 Si
944 2731 1138 2763 accusator
1162 2727 1222 2763 de-

140 2770 289 2806 cesserit
318 2771 430 2806 aliave
460 2782 552 2816 quae
575 2782 686 2808 causa
709 2773 741 2808 ei
763 2773 979 2818 impedierit,
1013 2784 1083 2818 quo
1106 2772 1223 2808 minus

140 2825 311 2852 accusare
360 2817 464 2860 ossit‚
489 2820 524 2852 et
548 2816 580 2852 si
627 2818 687 2853 uid
711 2818 841 2862 simile,
873 2829 1004 2854 nomen
1026 2818 1080 2854 rei
1102 2818 1222 2854 abole-

141 2866 201 2896 tur
234 2865 317 2906 post
357 2866 440 2897 ante
473 2871 551 2898 reo:
590 2862 603 2897 i
628 2873 696 2908 que
735 2867 771 2899 et
805 2864 882 2909 lege
913 2863 1006 2899 Iulia
1034 2863 1078 2898 de
1114 2863 1149 2898 vi
1190 2867 1224 2898 et

141 2910 285 2941 senatus
311 2906 475 2942 consulto
496 2911 640 2943 cautum
659 2912 723 2952 est,
748 2909 800 2944 ita
822 2914 864 2944 ut
886 2909 994 2945 liceat
1017 2909 1078 2944 alii
1101 2919 1145 2944 ex
1168 2909 1222 2943 in-

139 2955 238 3004 tegro
269 2955 429 3004 repetere
452 2962 564 2987 reum.
611 2953 675 2989 sed
697 2954 792 2990 intra
815 2954 911 2999 quod
934 2958 1090 3000 tempus,
1126 2954 1222 2989 vide-

140 2996 275 3032 bimus:
301 3001 337 3032 et
359 3001 482 3042 utique
504 2997 648 3042 triginta
671 2998 746 3035 dies
770 3000 875 3035 utiles
894 2999 1108 3035 observandi·
1127 3002 1221 3035 sunt.

186 3040 213 3078 4
244 3041 439 3078 ULPIANUS
467 3042 558 3078 libro
580 3045 737 3079 secundo
767 3045 811 3079 de
842 3045 1032 3080 adulteriis
1078 3044 1131 3087 Is,
1162 3045 1223 3089 qui

140 3086 272 3123 iudicio
293 3087 440 3139 publico
465 3087 653 3124 damnatus
677 3093 741 3132 est,
766 3089 822 3126 ius
842 3090 1039 3125 accusandi
1061 3100 1134 3125 non
1157 3089 1221 3124 ha-

140 3132 211 3174 bet,
235 3132 304 3167 nis:
325 3132 545 3168 liberorum⁶
567 3134 623 3168 vel
645 3138 879 3179 patronorum
902 3146 1049 3171 suorum
1073 3139 1223 3170 mortem

139 3187 184 3212 eo
206 3177 338 3213 iudicio
361 3178 416 3213 vel
440 3189 514 3213 rem
537 3189 641 3214 suam
664 3184 871 3225 exequatur.
903 3180 967 3216 sed
987 3184 1024 3215 et
1044 3180 1223 3215 calumnia

140 3222 273 3258 notatis
303 3222 358 3258 ius
388 3223 584 3259 accusandi
614 3223 817 3269 ademptum
847 3229 919 3269 est,
950 3226 1035 3260 item
1058 3225 1132 3267 his,
1163 3225 1223 3269 qui

141 3277 222 3302 oum
243 3267 366 3303 bestiis
391 3268 619 3313 depugnandi
642 3279 752 3305 causa
774 3270 812 3305 in
834 3270 1005 3305 harenam
1027 3270 1222 3305 intromissi

141 3315 235 3356 sunt,
260 3312 364 3357 quive
387 3318 500 3348 artem
523 3313 698 3349 ludicram
721 3315 777 3350 vel
799 3315 1037 3351 lenocinium⁷
1061 3315 1221 3357 fecerint,

141 3356 245 3401 quive
266 3358 580 3402 praevaricationis
604 3359 844 3395 calumniaeve
863 3370 974 3397 causa
991 3359 1078 3406 quid
1095 3359 1223 3396 fecisse

139 3401 271 3437 iudicio
295 3402 440 3447 publico
462 3404 716 3449 pronuntiatus
740 3404 825 3449 erit,
850 3405 954 3449 quive
977 3407 1022 3441 ob
1047 3416 1221 3441 accusan-

141 3446 227 3528 dudm
249 3448 469 3528 ιῖεςοείᾳῗινθ
489 3449 549 3485 cui
565 3449 815 3486 facessendum
833 3451 1022 3496 pecuniam
1041 3450 1222 3496 accepisse

140 3502 178 3528 iu
201 3502 258 3528 lca
274 3503 318 3529 us
341 3502 394 3528 en
410 3520 418 3529 .

139 3605 182 3652 (1)
207 3606 391 3640 vindicaret
403 3608 475 3641 edd.

187 3653 231 3693 (2)
256 3652 338 3685 Sab.
358 3659 436 3687 1...s.
455 3660 570 3692 11...14;
595 3653 660 3686 Ed.
683 3661 804 3692 15...20;
831 3653 916 3697 Pap.
936 3661 966 3689 9.
984 3662 1028 3688 10.
1048 3662 1092 3689 21.
1112 3662 1158 3689 22.
1177 3673 1221 3677 -

143 3697 227 3730 Bas.
241 3698 296 3739 ⁶0,
308 3705 354 3732 34.
366 3716 412 3722 —
428 3698 477 3740 Cf
495 3698 572 3731 cod.
586 3699 618 3739 9,
632 3705 648 3731 2
734 3701 776 3740 (3)
802 3708 955 3732 earumve
966 3711 1029 3734 scr.
1113 3702 1156 3739 (4)
1182 3710 1219 3731 ex

140 3739 214 3783 lege
229 3741 441 3788 publicorum
458 3742 684 3775 testimonium
704 3745 782 3776 Hal.
877 3745 920 3786 (5)
943 3743 1075 3787 pupillo
1090 3755 1128 3778 ex
1141 3753 1223 3777 oon—

140 3785 217 3819 silio
227 3790 377 3820 tutorum
389 3788 494 3830 patris
505 3790 644 3820 mortem
656 3789 749 3821 avive
760 3789 823 3831 sui,
844 3789 923 3822 item
941 3788 1090 3831 pupillae
1103 3788 1222 3831 exequi

1188 119 1190 121 ’
1219 155 1299 204 791

1987 163 2260 207 XXXXVHI
2295 167 2330 207 1.
2355 167 2380 206 2

1340 281 1364 318 5
1390 282 1496 318 lom
1524 281 1615 317 libro
1648 284 1751 318 tertio
1776 284 1820 319 de
1851 285 2040 322 adulteriis
2086 286 2214 323 Servos
2240 297 2381 333 quoque

1293 328 1461 363 adulterii
1484 336 1591 372 posse
1614 329 1779 363 accusari
1803 330 1902 365 nulla
1926 331 2100 367 dubitatio
2125 336 2199 368 est:
2233 333 2296 368 sed
2321 334 2381 378 qui

1293 373 1529 418 prohibentur
1552 370 1719 407 adulterii
1743 374 1872 410 liberos
1897 376 2057 412 homines
2080 387 2263 420 accusare,
2287 378 2380 413 idem

1294 429 1415 453 servos
1440 428 1582 462 quoque
1605 417 1900 462 prohibebuntur.
1949 421 2012 457 sed
2043 432 2086 457 ex
2110 422 2286 468 rescripto
2311 423 2380 458 divi

1293 463 1410 498 Marci
1433 463 1540 498 etiam
1561 462 1731 497 adversus
1755 466 1937 509 proprium
1956 477 2094 501 servum
2116 468 2380 504 accusationem

1293 508 1480 543 instituere
1503 507 1666 543 dominus
1686 512 1816 552 potest.
1854 515 1936 554 post
1954 512 2022 546 hoc
2043 512 2151 556 igitur
2169 513 2380 558 rescriptum

1294 553 1487 588 accusandi
1509 552 1706 588 necessitas
1730 553 1911 590 incumbet
1935 556 2074 591 domino
2096 568 2238 593 servum
2257 569 2379 594 suum:

1295 602 1452 634 ceterum
1475 598 1570 633 iuste
1593 598 1721 633 mulier
1744 603 1857 644 nupta
1880 602 2160 646 praescriptione
2184 607 2315 638 utetur.

1340 642 1365 681 6
1391 644 1500 678 IDEM
1519 643 1610 678 libro
1629 644 1786 679 seeundo
1808 644 1852 679 de
1870 646 1995 690 officio
2041 648 2242 682 roconsutz's
2272 649 2381 683 Levia

1295 689 1442 724 crimina
1480 688 1605 723 audire
1636 692 1673 723 et
1712 687 1890 725 discutere
1922 690 1964 725 de
1994 702 2016 735 p
2033 701 2101 727 ano
2132 694 2381 737 proconsulem

1295 737 1438 779 oportet
1468 737 1504 769 et
1532 734 1588 769 vel
1616 733 1770 769 liberare
1795 745 1873 778 eos,
1914 736 2041 780 quibus
2073 737 2294 782 obiciuntur,
2326 739 2382 774 vel

1294 779 1452 815 fust-ibus
1476 779 1652 826 castigare
1674 778 1730 814 vel
1753 778 1902 824 flagellis
1926 791 2046 816 servos
2069 783 2267 818 verberare.

1341 822 1365 861 7
1391 824 1499 859 IDEM
1536 825 1626 859 libro
1656 825 1808 870 septimo
1838 826 1883 860 de
1913 826 2038 871 officio
2068 828 2298 872 proconsulis
2343 828 2382 864 Si

1295 870 1354 906 cui
1379 869 1513 905 crimen
1537 870 1725 912 obiciatur,
1750 870 1964 915 praecedere
1988 871 2116 907 debet⁸
2140 872 2273 908 crimen
2296 874 2380 909 sub-

1294 915 1452 960 scriptio.
1502 925 1593 959 quae
1616 925 1674 950 res
1698 914 1745 950 ad
1767 914 1803 950 id
1826 916 1969 951 inventa
1993 921 2065 959 est,
2101 927 2146 952 ne
2176 917 2281 953 facile
2303 920 2381 963 quis

1294 961 1459 1006 prosiliat
1493 959 1540 995 ad
1573 960 1859 1003 accusationem,
1898 972 1979 996 cum
2013 961 2104 997 sciat
2132 962 2281 998 inultam
2315 964 2382 998 sibi

1299 1011 1312 1040 1
1362 1005 1630 1041 accusationem
1649 1017 1722 1041 non
1743 1005 1913 1041 futuram.
1954 1005 2088 1042 Caverit
2106 1007 2225 1052 itaque
2242 1009 2380 1053 singuli,

1295 1051 1391 1096 quod
1415 1051 1549 1086 crimen
1568 1051 1738 1093 obiciant,
1763 1054 1799 1086 et
1822 1055 2011 1097 praeterea
2033 1057 2320 1096 perseveraturos
2345 1064 2383 1089 se

1295 1100 1314 1132 2
1362 1097 1399 1132 in
1424 1096 1569 1132 crimine
1601 1107 1716 1141 usque
1739 1096 1786 1132 ad
1810 1097 2033 1132 sententiam.
2082 1097 2198 1132 Isdem
2229 1098 2382 1133 crimini-

1293 1143 1379 1186 bus,
1416 1142 1545 1187 quibus
1578 1142 1656 1187 quis
1688 1141 1861 1178 liberatus
1893 1146 1962 1185 est,
1999 1152 2071 1177 non
2102 1142 2207 1178 debet
2236 1154 2381 1188 praeses

1294 1188 1370 1232 pati
1393 1187 1545 1223 eundem
1574 1188 1755 1229 accusari,
1787 1191 1823 1223 et
1855 1188 1906 1223 ita
1937 1188 2037 1222 divus
2060 1187 2146 1222 Pius
2171 1188 2287 1223 Salvio
2311 1189 2383 1223 Va-

1293 1233 1381 1268 lenti
1403 1233 1603 1277 rescripsit:
1629 1233 1693 1268 sed
1716 1233 1796 1274 hoc,
1822 1235 1942 1268 utrum
1962 1233 2008 1268 ab
2030 1233 2154 1268 eodem
2178 1243 2225 1268 an
2247 1244 2313 1269 nec
2337 1234 2383 1269 ab

1295 1279 1367 1313 alio
1392 1279 1556 1314 accusari
1579 1278 1712 1323 possit,
1744 1278 1935 1313 videndum
1958 1282 2025 1313 est.
2073 1282 2108 1313 et
2131 1282 2271 1322 putem,
2296 1290 2383 1324 quo—

1295 1323 1390 1358 niam
1414 1334 1472 1359 res
1496 1323 1590 1358 inter
1614 1323 1704 1359 alios
1733 1323 1914 1359 iudicatae
1937 1323 1997 1358 alii
2021 1334 2094 1359 non
2151 1323 2382 1366 raeiudicant,

1295 1369 1326 1405 si
1348 1369 1390 1412 is,
1415 1369 1477 1413 qui
1501 1379 1596 1403 nunc
1617 1372 1808 1405 accusator
1826 1369 1971 1412 exstitit,
1997 1379 2100 1404 suum
2147 1369 2279 1404 olorem
2301 1380 2382 1415 per-

1295 1418 1467 1459 sequatur
1503 1414 1701 1459 doceatque
1740 1414 1925 1458 ignorasse
1963 1424 2002 1449 se
2042 1414 2307 1449 accusationem
2338 1415 2383 1450 ab

1295 1459 1364 1496 alio
1388 1459 1606 1502 institutam,
1631 1470 1761 1504 magna
1784 1470 1828 1494 ex
1853 1470 1964 1494 causa
1988 1459 2127 1494 admitti
2150 1469 2230 1494 eum
2253 1459 2301 1494 ad
2324 1470 2383 1495 ac-

1296 1508 1315 1540 3
1364 1505 1584 1540 cusationem
1609 1505 1749 1540 debere.
1795 1504 1833 1540 Si
1855 1509 1974 1540 tamen
1998 1505 2068 1540 alio
2093 1504 2238 1540 crimine
2260 1509 2384 1550 postu-

1295 1550 1389 1586 letur
1412 1551 1457 1585 ab
1483 1549 1617 1593 eodem,
1643 1549 1705 1594 qui
1727 1550 1764 1585 in
1788 1550 1858 1586 alio
1883 1550 2030 1585 crimine
2048 1560 2129 1585 eum
2149 1550 2383 1586 calumniatus

1295 1599 1361 1638 est,
1384 1599 1475 1648 puto
1499 1606 1572 1631 non
1595 1595 1702 1631 facile
1725 1595 1986 1631 admittendum
2004 1606 2085 1631 eum
2110 1595 2170 1639 qui
2193 1595 2301 1631 semel
2325 1606 2384 1631 ca-

1295 1641 1488 1676 lummatus
1530 1640 1594 1676 sit:
1642 1641 1801 1686 quamvis
1840 1640 1951 1676 filium
1988 1640 2208 1676 accusatoris
2247 1640 2385 1676 admitti

1296 1689 1463 1731 oportere
1494 1686 1601 1721 aliam
1636 1686 1902 1722 accusationem
1938 1686 2184 1721 instituentem
2214 1686 2384 1722 adversus

1296 1742 1395 1775 eum,
1428 1741 1533 1775 quem
1555 1736 1661 1777 pater
1683 1734 1916 1768 accusaverat
1939 1731 2042 1767 divus
2065 1731 2150 1766 Pius
2174 1731 2265 1767 Iulio
2289 1731 2383 1766 Can-

1295 1780 1316 1812 4
1364 1776 1447 1812 dido
1471 1777 1668 1823 rescripsit.
1716 1777 1815 1813 Idem
1838 1777 2035 1822 imperator
2056 1776 2240 1821 rescripsit
2263 1786 2383 1812 servos

1294 1822 1344 1857 ibi
1367 1822 1578 1867 puniendos,
1603 1822 1666 1858 ubi
1690 1822 1879 1867 deliquisse
1904 1825 2110 1866 arguantur,
2136 1821 2384 1867 dominumque

1296 1878 1433 1910 eorum,
1459 1867 1490 1902 si
1514 1868 1598 1903 velit
1622 1878 1683 1903 eos
1707 1867 1907 1911 defendere,
1932 1878 2004 1903 non
2027 1878 2134 1913 posse
2157 1877 2325 1903 revocare
2347 1868 2383 1902 in

1295 1912 1516 1958 provinciam
1548 1923 1668 1955 suam,
1708 1913 1771 1949 sed
1799 1913 1850 1949 ibi
1879 1916 2044 1965 oportere
2073 1912 2281 1956 defendere,
2322 1913 2384 1948 ubi

1297 1962 1315 1992 5
1365 1957 1587 2002 deliquerint.
1637 1958 1726 1993 Cum
1757 1958 1984 2003 sacrilegium
2014 1957 2209 1993 admissum
2230 1961 2326 1994 esset
2346 1958 2384 1993 in

1297 2003 1418 2048 aliqua
1441 2004 1636 2049 provincia,
1661 2003 1790 2039 deinde
1812 2004 1850 2039 in
1874 2004 1946 2039 alia
1967 2003 2084 2039 minus
2109 2003 2259 2047 crimen,
2282 2003 2384 2039 divus

1295 2048 1381 2084 Pius
1405 2049 1536 2085 Pontio
1559 2049 1715 2085 Proculo
1739 2049 1942 2095 rescripsit,
1994 2053 2156 2094 ostquam
2181 2048 2385 2094 cognoverit

1296 2094 1340 2130 de
1372 2094 1518 2130 crimine
1547 2094 1585 2129 in
1622 2105 1689 2130 sua
1725 2095 1910 2148 provincia
1946 2060 2119 2136 agmisso,
2151 2098 2193 2129 ut
2222 2104 2323 2129 reum
2346 2094 2383 2129 in

1295 2150 1374 2175 eam
1397 2140 1617 2184 provinciam
1649 2144 1863 2183 renntteret,
1895 2139 1958 2175 ubi
1982 2139 2206 2185 sacrilegium
2230 2140 2382 2175 admisit.

1342 2181 1366 2222 8
1398 2184 1541 2220 MAOER
1576 2186 1668 2221 libro
1693 2185 1850 2221 seeundo
1875 2185 1920 2221 de
1947 2185 2105 2232 publicis
2129 2185 2271 2220 iudiciis
2316 2184 2384 2229 Q'ui

1295 2240 1466 2265 accusare
1489 2235 1652 2276 possunt,
1676 2231 1933 2276 intellegemus,
1958 2230 1990 2266 si
2008 2230 2203 2274 scierimus,
2228 2230 2289 2275 qui
2311 2240 2382 2265 non

1294 2280 1457 2320 possunt.
1503 2276 1626 2322 itaque
1662 2275 1899 2322 prohibentur
1937 2285 2110 2312 accusare
2140 2275 2202 2310 alii
2237 2279 2384 2320 propter

1294 2331 1418 2356 sexum
1462 2321 1518 2356 vel
1553 2325 1726 2363 aetatem,
1768 2325 1810 2356 ut
1843 2321 1988 2363 mulier,
2031 2324 2072 2355 ut
2107 2321 2280 2366 pupillus:
2323 2321 2383 2355 alii

1293 2370 1440 2411 propter
1463 2370 1739 2410 sacramentum,
1764 2370 1806 2401 ut
1823 2366 1882 2412 qui
1907 2366 2122 2412 stipendium
2142 2369 2297 2401 merent:
2322 2366 2383 2401 alii

1293 2415 1443 2456 propter
1473 2412 1722 2457 magistratum
1751 2415 2029 2457 potestatemve,
2069 2412 2106 2446 in
2136 2422 2206 2456 qua
2236 2414 2381 2456 agentes

1293 2456 1369 2492 sine
1392 2456 1520 2492 fraude
1543 2457 1581 2491 in
1604 2457 1660 2493 ius
1685 2456 1828 2493 evocari
1850 2468 1924 2493 non
1947 2460 2115 2503 possunt:
2152 2457 2213 2491 alii
2234 2460 2382 2502 propter

1294 2501 1464 2537 delictum
1486 2503 1690 2548 proprium,
1722 2506 1763 2537 ut
1785 2502 1955 2538 infames:
1989 2502 2050 2537 alii
2073 2506 2220 2547 propter
2241 2506 2380 2546 turpem

1294 2551 1497 2591 quaestum,
1537 2552 1578 2583 ut
1606 2547 1668 2593 qui
1703 2547 1773 2583 duo
1808 2547 1940 2583 iudicia
1974 2547 2145 2583 adversus
2177 2547 2265 2583 duos
2300 2557 2379 2582 reos

1293 2592 1498 2638 subscripta
1520 2593 1655 2628 habent
1674 2603 1881 2628 nummosve
1904 2593 1951 2629 ob
1969 2592 2209 2628 accusandum
2233 2592 2289 2627 vel
2307 2603 2380 2627 non

1293 2637 1538 2673 accusandum
1575 2638 1796 2684 acceperint:
1840 2637 1901 2673 alii
1943 2642 2091 2683 propter
2138 2637 2379 2674 condicionem

1293 2693 1408 2726 suam,
1433 2687 1475 2718 ut
1496 2683 1655 2719 libertini
1679 2687 1806 2719 contra
1828 2687 2018 2728 patronos:

1339 2726 1364 2765 9
1389 2728 1549 2764 PAULUS
1578 2728 1669 2764 libro
1695 2729 1820 2781 quinto
1843 2729 2101 2764 sententiarum
2149 2727 2211 2763 alii
2233 2730 2379 2773 propter

1293 2774 1532 2818 suspicionem
1557 2773 1776 2816 calummac,
1808 2777 1849 2809 ut
1879 2773 1948 2817 illi,
1982 2773 2042 2818 qui
2064 2773 2196 2809 falsum
2218 2772 2374 2808 testimo-

1292 2818 1390 2853 nium
1414 2819 1602 2855 subornati
1624 2818 1808 2854 dixerunt:

1342 2863 1391 2901 10
1416 2864 1762 2900 HERMOGENJANUS
1783 2864 1874 2899 libro
1897 2866 2001 2899 sexto
2028 2863 2119 2898 iuris
2140 2863 2375 2909 epitomarum

1293 2909 1454 2944 nonnulli
1490 2913 1638 2955 propter
1671 2912 1935 2954 paupertatem,
1973 2912 2014 2943 ut
2051 2912 2136 2944 sunt
2173 2907 2233 2953 qui
2260 2907 2375 2942 minus

1292 2965 1398 3000 quam
1423 2954 1680 3000 quinquaginta
1704 2965 1832 2990 aureos
1857 2954 2001 2989 habent.
2367 2997 2373 3002 Π

1342 2999 1387 3036 11
1417 2999 1560 3035 Mamm
1594 3000 1685 3035 libro
1717 3000 1875 3035 seeundo
1900 3000 1944 3034 cle
1960 2999 2118 3045 publicis
2141 2997 2284 3033 iudiciis
2328 2996 2375 3031 Η]

1291 3048 1411 3080 tamen
1435 3055 1568 3088 omnes,
1594 3045 1625 3080 si
1643 3054 1745 3080 suam
1760 3044 1926 3079 iniuriam
1946 3046 2167 3088 exequantur
2185 3046 2375 3076 mortemve

1291 3101 1356 3135 pro
1383 3090 1575 3135 inquorum
1598 3089 1806 3132 defendent,
1837 3090 1882 3125 ab
1907 3089 2137 3124 accusatione
2160 3098 2231 3122 non
2255 3086 2374 3137 exclu7

1295 3140 1308 3169 1
1385 3140 1505 3170 untur.
1552 3134 1675 3170 Liberi
1712 3134 1902 3180 libertique
1938 3145 2010 3170 non
2044 3136 2128 3168 sunt
2165 3130 2374 3176 prohibendi

1291 3191 1437 3215 suarum
1459 3190 1580 3215 rerum
1604 3179 1903 3216 defendendarum
1925 3179 2040 3223 gratia
2065 3177 2106 3212 de
2125 3176 2222 3211 facto
2235 3186 2373 3227 ’paren-

1291 3226 1379 3260 tium
1410 3229 1688 3270 patronorumve
1721 3225 1838 3269 queri,
1867 3224 1976 3260 veluti
2007 3222 2037 3258 si
2068 3222 2189 3256 dicant
2212 3231 2245 3255 vi
2267 3230 2307 3272 se
2330 3221 2374 3255 a⁹

1291 3270 1518 3316 possessione
1547 3271 1594 3306 ab
1625 3270 1682 3305 his
1705 3270 1890 3315 expulsos,
1926 3267 2061 3303 scilicet
2084 3277 2155 3301 non
2179 3270 2219 3300 ut
2243 3275 2372 3300 crimen

1290 3316 1343 3351 vis
1363 3316 1414 3351 eis
1433 3315 1631 3359 intendant,
1652 3315 1716 3350 sed
1735 3319 1775 3350 ut
1793 3313 2054 3360 possessionem
2074 3310 2258 3355 recipiant.
2290 3320 2373 3362 nam

1291 3366 1326 3396 et
1349 3360 1443 3395 filius
1468 3371 1540 3396 non
1564 3360 1706 3406 quidem
1735 3359 1936 3405 prohibitus
1967 3361 2022 3392 est
2052 3356 2095 3391 de
2124 3356 2220 3390 facto
2250 3358 2372 3407 matris

1291 3405 1402 3450 queri,
1426 3405 1459 3441 si
1482 3405 1579 3441 dicat
1601 3406 1826 3451 suppositum
1849 3404 1895 3439 ab
1919 3412 1962 3437 ea
1984 3406 2143 3447 partum,
2168 3410 2237 3445 quo
2261 3410 2319 3452 ma

1291 3450 1503 3486 coheredem
1525 3451 1693 3494 haberet,
1725 3450 1787 3486 sed
1810 3459 1908 3484 ream
1932 3457 2009 3482 eam
2031 3446 2108 3490 lege
2134 3444 2296 3480 Corneha
2333 3454 2372 3479 a·

1292 3499 1311 3530 2
1360 3505 1441 3531 cere
1463 3495 1677 3542 permissum
1696 3495 1730 3531 ei
1748 3505 1820 3530 non
1838 3496 1903 3529 est.
1940 3491 1997 3527 Ab
2015 3490 2085 3527 alio
2105 3490 2261 3526 delatum
2280 3489 2372 3525 alius

1290 3619 1481 3642 concessum
1494 3612 1560 3643 est:
1583 3609 1656 3651 lege
1674 3610 1784 3640 autem
1801 3606 2050 3639 testamentaria
2068 3605 2107 3638 de
2123 3604 2228 3647 patris
2238 3603 2370 3646 quidem

1290 3656 1485 3688 testamento
1503 3654 1644 3698 pupillis
1663 3663 1759 3696 agere
1784 3652 1880 3685 divus
1899 3651 2120 3694 Vespasianus
2141 3649 2308 3692 permisit,
2333 3649 2372 3682 de

1750 3700 1793 3739 (6)
1815 3696 1868 3730 vel
1879 3695 2068 3739 parentium
2083 3697 2140 3728 ins.
2213 3695 2258 3736 (7)
2280 3693 2368 3726 leno-

1290 3698 1366 3731 aliis
1375 3709 1444 3732 non
1455 3699 1606 3743 permisit
1617 3710 1679 3732 scr.

1848 3742 1893 3783 (9)
1918 3740 1987 3773 visa
2000 3742 2035 3774 F

1291 3744 1378 3777 cium
1393 3746 1428 3778 F
1510 3746 1555 3786 (8)
1580 3744 1617 3777 in
1630 3745 1689 3778 im.
1706 3742 1756 3776 F²
