2528 3918
214 126 356 170 11112

214 248 434 290 facultatem,
459 247 490 282 si
514 246 589 282 vult
612 257 765 292 poenam
789 247 932 283 evitare.
964 252 1049 293 post
1068 258 1202 283 annum
1225 257 1308 284 vero

214 294 252 330 in
275 294 441 339 simplum
464 293 642 327 actionem
665 292 865 338 pollicetur,
890 291 954 328 sed
976 303 1050 328 non
1070 302 1221 338 semper,
1246 292 1310 329 sed

216 342 235 374 2
284 349 397 375 causa
428 338 581 383 cognita.
629 337 672 372 In
703 347 835 373 causae
858 342 979 373 autem
1004 337 1207 383 cognitione
1229 348 1308 373 ver-

214 387 337 427 satur,
361 387 421 426 ut,
445 383 477 418 si
499 382 571 418 alia
595 382 689 418 actio
714 392 788 418 non
811 382 868 426 sit,
893 387 980 419 tunc
1004 383 1095 418 haec
1119 382 1240 419 detur:
1274 387 1311 418 et

214 440 303 466 sane
336 439 418 464 cum
447 437 515 474 per
544 430 680 463 metum
710 426 811 463 facta
832 428 964 464 iniuria
988 438 1083 464 anno
1108 431 1145 463 et
1168 427 1309 474 quidem

213 474 292 510 utili
316 472 518 516 exoleverit,
542 472 674 509 idonea
696 482 776 509 esse
800 483 912 509 causa
936 473 1053 516 debet,
1077 476 1119 508 ut
1140 476 1226 519 post
1245 483 1307 508 an-

214 524 300 555 num
323 518 418 554 actio
442 518 532 554 haec
557 517 636 554 dari
667 518 807 554 debeat.
844 519 915 554 alia
948 521 1070 554 autem
1103 518 1199 554 actio
1231 528 1310 554 esse

214 565 266 600 sic
286 566 425 610 potest:
451 563 482 599 si
503 563 535 599 is
559 563 619 600 cui
641 563 693 600 vis
717 563 874 599 admissa
896 567 952 600 est
976 563 1179 607 decesserit,
1204 564 1309 599 heres

213 610 289 645 eius
312 609 424 644 habet
445 608 654 645 hereditatis
678 609 904 655 petitionem,
937 609 1105 654 quoniam
1135 619 1201 654 pro
1226 619 1308 653 pos-

213 665 354 691 sessore
377 654 440 700 qui
461 654 532 690 vim
554 654 676 689 intulit
698 654 876 700 possidet:
901 657 1051 699 propter
1074 653 1170 700 quod
1187 654 1310 690 heredi

213 711 286 735 non
310 700 378 735 erit
399 702 516 735 metus
540 709 653 735 causa
676 700 782 742 actio,
838 699 994 742 uamvis,
1026 699 1058 735 si
1089 710 1206 735 annus
1237 699 1307 734 lar-

211 745 364 800 giretur,
399 744 507 781 etiam
537 745 642 781 heres
673 745 711 780 in
743 755 813 790 qua
884 744 983 790 plum
1007 745 1160 790 experiri
1181 744 1306 790 possit.

211 790 292 826 ideo
317 793 438 826 autem
461 790 732 826 successoribus
758 790 882 833 datur,
916 789 1085 835 quoniam
1110 793 1146 826 et
1167 790 1220 826 rei
1242 790 1307 825 ha-

213 839 233 871 3
281 835 343 871 bet
353 835 650 889 persecutionem.
689 835 732 870 In
755 836 825 871 hac
847 834 991 870 actione
1014 845 1088 871 non
1112 835 1307 881 quaeritur,

212 884 332 916 utrum
354 891 386 917 1s
410 881 471 926 qui
495 881 704 917 convenitur
727 891 774 916 an
807 880 898 916 alius
929 883 1065 916 metum
1094 880 1199 916 fecit:
1232 880 1308 916 suf-

211 925 289 962 ficit
315 926 408 962 enim
431 927 502 962 hoc
526 926 655 962 docere
678 929 811 961 metum
836 925 905 961 sibi
927 925 1066 961 illatum
1089 926 1145 962 vel
1167 926 1248 969 vim,
1274 928 1310 961 et

212 982 257 1007 ex
280 972 349 1007 hac
380 981 420 1007 re
451 982 533 1008 eum
563 971 625 1017 qui
656 971 883 1014 convenitur,
920 971 987 1006 etsi
1019 971 1165 1007 crimine
1198 974 1307 1014 caret,

211 1017 353 1053 lucrum
384 1020 507 1052 tamen
539 1016 705 1052 sensisse.
742 1026 825 1051 nam
858 1026 940 1052 cum
974 1019 1090 1052 metus
1114 1016 1250 1052 habeat
1271 1017 1309 1051 in

211 1073 250 1115 se
281 1062 537 1115 ignorantiam,
571 1062 697 1097 merito
746 1062 801 1114 uis
826 1071 899 1097 non
923 1061 1159 1115 adstringitur
1181 1065 1223 1097 ut
1247 1061 1307 1097 de-

210 1111 459 1188 ῗέἓθξὲῃὲἳὲ
476 1106 1133 1204 θὲςῇῗᾛεῖῗῑῃέῗΐηῗᾱᾞῗωέὁοέἑι
1146 1106 1310 1188 1Ἓέιῶ

210 1198 248 1234 111
280 1208 392 1234 causa
420 1197 552 1240 fuisse,
591 1200 633 1232 ut
664 1197 772 1233 ahcui
807 1200 995 1242 acceptam
1030 1197 1220 1243 pecuniam
1251 1197 1307 1233 fa-

211 1247 311 1280 ceret
341 1243 399 1279 vel
428 1252 504 1278 rem
534 1242 694 1278 traderet
723 1242 779 1278 vel
810 1242 896 1288 quid
927 1242 1025 1278 aliud
1056 1242 1204 1278 faceret.
1241 1253 1308 1279 nec

211 1289 379 1334 cuiquam
401 1288 563 1333 iniquum
585 1287 746 1323 videtur¹
774 1298 818 1323 ex
849 1288 965 1323 alieno
996 1287 1096 1324 facto
1130 1288 1240 1323 alium
1271 1288 1309 1323 in

211 1334 450 1380 quadruplum
481 1332 732 1376 condemnari,
772 1332 856 1379 quia
886 1343 960 1368 non
993 1333 1114 1368 statim
1149 1333 1307 1379 quadru-

210 1382 232 1414 4
278 1380 329 1424 pli
364 1382 419 1414 est
451 1378 558 1421 actio,
593 1378 658 1414 sed
687 1378 718 1414 si
746 1388 804 1414 res
837 1388 908 1414 non
937 1378 1161 1414 restituatur.
1209 1379 1308 1415 Haec

212 1429 334 1461 autem
357 1424 451 1459 actio
478 1434 561 1459 011111
589 1423 780 1459 arbitraria
803 1423 861 1467 sit,
884 1423 996 1459 habet
1017 1433 1102 1459 reus
1129 1424 1308 1460 licentiam

209 1479 324 1515 usque
348 1469 395 1504 ad
418 1469 633 1504 sententiam
657 1468 703 1504 ab
728 1468 864 1504 arbitro
890 1468 1012 1504 datam
1034 1468 1307 1513 restitutionem,

210 1514 408 1551 secundum
432 1514 529 1560 quod
552 1524 664 1559 supra
688 1514 861 1557 diximus,
892 1514 946 1550 rei
975 1513 1115 1550 facere:
1148 1514 1245 1560 quod
1277 1515 1309 1550 si

209 1570 283 1597 non
311 1559 457 1602 fecerit,
492 1559 571 1595 iure
601 1559 800 1605 meritoque
823 1558 1015 1605 quadrupli
1039 1559 1307 1596 condemnatio-

210 1609 229 1640 5
277 1615 359 1641 nem
389 1605 558 1651 patietur.
606 1604 810 1650 Aliquando
844 1607 967 1640 tamen
991 1607 1027 1640 et
1049 1604 1080 1640 si
1103 1608 1219 1640 metus
1243 1605 1307 1640 ad-

208 1650 343 1687 hibitus
376 1653 619 1696 proponatur,
656 1650 843 1685 arbitrium
878 1650 1142 1686 absolutionem
1177 1649 1305 1686 adfert.

209 1695 296 1742 quid
319 1695 413 1732 enim
438 1696 469 1730 si
491 1699 626 1731 metum
673 1695 793 1730 uidem
817 1694 934 1731 Titius
959 1695 1124 1731 adhibuit
1146 1706 1204 1731 me
1234 1706 1308 1731 non

209 1741 368 1785 conscio,
391 1751 450 1776 res
474 1744 596 1776 autem
619 1750 641 1776 a
689 1751 746 1776 me
768 1740 941 1786 pervenit,
967 1744 1003 1776 et
1024 1740 1117 1777 haec
1139 1740 1178 1776 in
1199 1741 1307 1777 rebus

208 1786 376 1823 humanis
400 1796 475 1822 non
500 1789 555 1821 est
577 1786 654 1821 sine
678 1785 761 1822 dolo
786 1785 881 1821 malo
905 1796 1004 1821 meo:
1036 1796 1157 1822 nonne
1179 1785 1307 1822 iudicis

209 1831 330 1868 officio
354 1831 547 1867 absolvar?
578 1834 644 1866 aut
667 1831 698 1867 si
721 1840 842 1867 servus
865 1830 903 1866 111
925 1830 1014 1876 fuga
1037 1834 1102 1874 est,
1127 1841 1252 1877 aeque,
1277 1831 1308 1867 si

208 1887 336 1913 cavero
359 1876 487 1912 iudicis
511 1875 630 1912 officio
655 1886 723 1919 me,
748 1876 835 1912 81111
854 1886 970 1912 meam
989 1879 1206 1922 potestatem
1252 1886 1306 1912 er-

206 1922 362 1966 venerit,
395 1922 664 1964 restituturum,
695 1921 831 1958 absolvi
856 1921 1005 1958 debebo.
1041 1921 1139 1957 unde
1162 1922 1224 1968 qui
1250 1932 1309 1958 am

207 1970 340 2014 putant
373 1967 471 2003 bona
503 1966 575 2002 fide
607 1970 803 2012 emptorem
835 1967 882 2002 ab
915 1977 958 2003 eo
991 1967 1053 2012 qui
1084 1967 1155 2003 vim
1185 1967 1309 2003 intulit

209 2016 479 2058 comparantem
508 2022 583 2048 non
613 2012 727 2047 teneri
757 2022 825 2047 nec
858 2022 939 2047 eum
963 2012 1025 2058 qui
1048 2011 1143 2048 dono
1167 2012 1308 2058 accepit

207 2058 264 2094 vel
287 2058 347 2094 cui
367 2068 426 2094 res
449 2057 568 2103 legata
592 2060 657 2093 est.
695 2057 760 2093 sed
781 2057 980 2093 rectissime
990 2057 1144 2094 Viviano
1167 2057 1308 2094 videtur

208 2104 317 2140 etiam
338 2102 407 2139 hos
429 2102 555 2146 teneri,
579 2112 625 2138 ne
647 2106 782 2146 metus,
807 2113 912 2148 quem
934 2112 1065 2148 passus
1090 2112 1189 2146 sum,
1220 2102 1307 2138 mihi

208 2149 393 2194 captiosus
417 2147 475 2184 sit.
511 2147 643 2184 Pedius
667 2157 811 2194 quoque
833 2148 924 2183 libro
949 2151 1076 2184 octavo
1101 2148 1228 2184 scribit
1247 2158 1305 2184 ar-

207 2194 356 2230 bitrium
377 2193 507 2229 iudicis
530 2193 568 2228 in
590 2192 813 2229 restituenda
843 2203 884 2228 re
913 2193 986 2229 tale
1021 2203 1118 2236 esse,
1151 2196 1194 2229 ut
1226 2203 1307 2229 eum

208 2239 350 2285 quidem
374 2238 436 2284 qui
458 2238 529 2274 vim
552 2238 696 2274 admisit
717 2238 841 2274 iubeat
863 2237 1070 2281 restituere,
1097 2238 1237 2275 etiamsi
1259 2239 1306 2274 ad

208 2285 320 2321 alium
351 2295 410 2320 res
441 2283 622 2329 pervenit,
658 2294 740 2319 eum
771 2287 893 2319 autem
924 2283 972 2319 ad
1003 2293 1109 2329 quem
1132 2283 1304 2329 pervenit,

209 2329 349 2366 etiamsi
371 2329 464 2365 alius
487 2332 621 2365 metum
643 2328 749 2365 fecit:
774 2339 857 2364 nam
879 2328 918 2364 in
941 2328 1089 2364 alterius
1108 2328 1306 2374 praemium

209 2379 230 2412 6
258 2374 367 2429 ,verti
390 2374 547 2411 alienum
569 2377 715 2426 metum·
726 2384 800 2410 non
823 2377 975 2427 oportet.
1022 2374 1147 2426 Labeo
1172 2374 1242 2417 ait,
1275 2374 1306 2410 si

207 2430 385 2502 efflusi:
409 2423 566 2507 «ἴέἓὲωι-ῑι,
579 2423 747 2511 Γὲἳῆῑῗέἓ
758 2422 1035 2517 “sufflat-¹²
1049 2418 1305 2500 ffiffssssffieffi

208 2511 308 2547 solus
331 2510 524 2546 fideiussor
546 2514 644 2546 metu
669 2513 832 2553 accessit,
856 2520 931 2546 non
955 2513 1062 2545 etiam
1084 2520 1180 2553 reus,
1205 2509 1303 2545 solus

210 2560 228 2590 7
275 2555 467 2592 fideiussor
474 2555 697 2591 liberabitur.
723 2554 996 2601 Quadruplatur
1004 2554 1170 2591 811181111ᾱ
1179 2555 1304 2601 quanti

209 2605 228 2637 8
277 2611 320 2637 ea
337 2611 395 2637 res
417 2601 495 2644 erit,
515 2600 553 2636 id
572 2604 628 2636 est
646 2611 728 2636 cum
746 2600 926 2636 fructibus
947 2603 984 2636 et
996 2600 1093 2636 omni
1106 2610 1228 2636 causa.
1267 2599 1305 2636 Si

208 2646 288 2726 guis
301 2657 385 2727 dffig
414 2646 491 2726 111111
517 2646 596 2682 81811
626 2645 875 2726 111-0111111111811313.
898 2649 1026 2726 11088138
1047 2645 1304 2725 tfideiussorem

277 2701 299 2727 a
388 2701 511 2734 ea,1s
560 2701 678 2727 uoue
753 2701 814 2727 era
876 2718 884 2726 .
960 2700 1116 2726 ees1

207 2736 278 2772 vim
301 2736 495 2782 stipulatus
535 2702 632 2772 gumq
640 2740 830 2783 acceptum
852 2746 926 2772 non
947 2735 1101 2778 faceret,

208 2781 448 2828 quadruplum
473 2781 741 2825 condemnatus,
767 2791 811 2817 ex
834 2780 1010 2827 stipulatu
1035 2791 1116 2816 eum
1141 2784 1303 2826 agentem

208 2826 379 2863 adversus
413 2827 659 2872 exceptionem
690 2826 924 2872 replicatione
955 2826 1118 2861 adiuvari
1141 2826 1302 2862 Iulianus

207 2875 332 2918 putat,
366 2882 448 2907 cum
478 2872 516 2906 in
548 2872 749 2917 quadruplo
782 2875 818 2907 et
849 2872 1016 2917 simplum
1039 2871 1086 2907 sit
1107 2881 1192 2907 reus
1216 2882 1301 2908 con-

208 2921 366 2953 secutus.
414 2916 538 2952 Labeo
563 2921 682 2953 autem
706 2917 813 2953 etiam
844 2921 929 2962 post
962 2916 1155 2962 quadrupli
1188 2916 1301 2952 actio-

208 2973 290 2998 nem
313 2961 423 2997 nihilo
443 2962 560 2997 minus
581 2963 791 3008 exceptione
811 2961 1104 2998 summovendum
1124 2972 1216 3005 eum,
1242 2962 1303 3007 qui

207 3008 279 3043 vim
309 3007 448 3050 intulit,
482 3006 641 3043 dicebat:
679 3007 776 3053 quod
808 3018 889 3043 cum
921 3007 1048 3043 durum
1079 3007 1302 3049 videbatur2,

207 3053 261 3089 ita
289 3052 562 3098 temperandum
594 3057 667 3095 est,
701 3057 742 3088 ut
771 3056 846 3088 tam
877 3052 975 3098 tripli
1007 3051 1303 3088 condemnatione

208 3098 405 3144 plectatur,
449 3107 557 3143 quam
601 3098 910 3144 acceptilationem
945 3097 1147 3133 omnimodo
1182 3097 1303 3133 facere

211 3146 253 3179 10
300 3141 546 3188 compellatur.
583 3142 767 3187 Quatenus
788 3147 908 3178 autem
928 3142 1080 3179 diximus
1101 3142 1301 3188 quadruplo

209 3188 376 3234 simplum
397 3187 526 3230 inesse,
551 3188 603 3223 sic
626 3189 695 3224 hoc
721 3188 979 3234 disponendum
1003 3191 1070 3231 est,
1093 3191 1136 3223 ut
1157 3187 1196 3223 in
1215 3197 1301 3224 con-

209 3233 435 3270 demnatione
467 3232 659 3279 quadrupli
690 3244 746 3268 res
779 3233 919 3278 quidem
952 3232 1154 3269 omnimodo
1188 3233 1301 3269 conti-

209 3282 339 3315 neatur
361 3282 398 3314 et
421 3277 497 3314 eius
519 3279 697 3314 restitutio
722 3279 796 3321 fiat,
821 3289 959 3323 poenae
978 3282 1099 3314 autem
1122 3288 1236 3324 usque
1254 3278 1302 3313 ad

212 3327 250 3359 11
299 3323 446 3376 triplum
469 3326 593 3359 stetur.

210 3370 269 3405 cul
295 3379 318 3405 a
337 3379 424 3412 81118,
444 3369 505 3415 qui
524 3368 727 3404 vimintulit
748 3372 784 3403 et
804 3369 1062 3404 condemnatus
1083 3371 1149 3412 est,
1169 3367 1302 3415 periit?

209 3425 247 3450 m
296 3425 339 3450 00
364 3424 452 3450 08811
476 3424 499 3450 a
520 3413 599 3450 rei³
630 3413 926 3449 condemnatione
956 3413 1037 3449 ideo
1069 3413 1300 3456 relaxabitur,

211 3460 241 3495 si
273 3460 369 3495 intra
398 3463 562 3504 tempora
591 3459 738 3494 iudicati
771 3459 946 3494 actionis⁴
968 3458 1161 3502 moriatur,
1194 3458 1302 3505 quia⁸

210 3505 307 3550 tripli
338 3514 457 3550 poena
479 3508 627 3558 propter
649 3503 790 3539 facinus
814 3503 1024 3539 satisfacere
1047 3503 1196 3549 cogitur.
1233 3513 1299 3549 pro

211 3560 253 3585 eo
277 3553 409 3593 autem,
434 3560 496 3595 qm
518 3549 555 3585 111
577 3549 664 3595 fuga
687 3558 765 3584 esse
790 3548 930 3591 dicitur,
956 3549 1075 3584 cautio
1100 3548 1146 3584 ab
1172 3558 1213 3584 eo
1238 3557 1299 3584 ex·

1164 2691 1220 2727 uis
1239 2701 1304 2736 per

1150 2736 1244 2771 uerit
1266 2735 1304 2771 in

642 3323 735 3368 Quid
759 3324 789 3358 si
812 3323 918 3359 homo
943 3323 1021 3359 sine
1044 3323 1126 3359 dolo
1149 3323 1243 3359 malo
1266 3326 1303 3359 et

642 3710 686 3751 (⁶2)
710 3707 863 3740 videatur
877 3707 958 3740 Hal.
1087 3709 1130 3749 (3)
1156 3706 1298 3740 08811181

212 3708 252 3749 (¹)
276 3709 431 3742 videatur
443 3710 518 3743 dete.

729 3754 771 3795 (4)
804 3754 851 3786 sic
877 3752 938 3793 F¹,
972 3752 1192 3785 iudicationis
1218 3751 1299 3786 F³S

212 3752 309 3789 F²S.
334 3765 411 3786 casa
435 3765 471 3787 re
495 3755 545 3788 F¹

1321 120 1379 171 52

2003 140 2130 185 quon
2156 141 2302 174 11111118
2331 141 2472 177 causa

1380 246 1582 300 torquenda
1606 250 1671 291 est,
1695 251 1873 301 quatenus
1897 253 1934 286 et
1955 254 2192 297 persequatur
2215 255 2252 287 et
2270 251 2472 290 omnimodo

1380 303 1462 328 eum
1471 296 1657 328 restituat:
1683 297 1720 329 et
1736 294 1847 330 nihilo
1867 295 1984 331 minus
2007 296 2045 331 in
2067 307 2142 332 rem
2160 296 2217 332 vel
2236 297 2283 332 ad
2303 297 2472 333 exhiben-

1380 337 1466 390 dum
1497 337 1554 374 vel
1573 338 1617 391 'si
1647 348 1720 384 qua
1742 339 1815 375 alia
1838 339 1871 375 ei
1894 340 2066 386 competit
2088 341 2182 377 actio
2207 341 2253 377 ad
2278 351 2360 378 811111·
2381 343 2472 379 reci-

1378 382 1550 429 piendum
1571 385 1711 429 integra
1733 383 1766 420 ei
1789 384 1850 430 qui
1872 385 1943 421 vim
1961 396 2093 431 passus
2113 390 2168 423 est
2189 387 2399 431 servabitur,
2422 387 2474 424 ita

1378 431 1437 471 ut,
1470 428 1500 464 si
1524 427 1690 464 dominus
1713 439 1794 465 eum
1817 440 1960 476 quoquo
1984 430 2090 467 modo
2121 432 2318 477 receperit,
2348 432 2380 469 is
2412 433 2473 478 qui

1380 483 1424 508 ex
1447 473 1678 519 stipulatione
1701 475 1912 510 convenitur
1933 476 2143 522 exceptione
2161 480 2263 514 tutus
2282 477 2358 513 fiat.
2383 478 2473 514 haec

1378 518 1879 601 ffossfftsissssnigffitii’dfiss
1889 521 1961 601 ‘0151
1979 523 2472 604 sin‘ffiassssassssoeffl

1378 608 1479 644 bitur
1489 610 1515 652 ⁶,
1549 612 1586 644 et
1607 608 1678 645 hoc
1700 609 1743 645 fit
1764 610 1820 646 his
1843 577 1977 647 verbisp
1986 611 2093 648 edicti
2116 615 2172 649 ‘ne
2198 623 2244 648 ue
2266 622 2311 648 ea
2326 594 2390 648 ’res
2414 623 2472 648 ar-

1379 654 1498 690 ‘bitrio
1521 653 1650 690 iudicis
1673 655 1905 691 restituetur’.
1951 666 2034 702 ergo
2059 657 2089 693 si
2111 657 2149 693 in
2188 668 2258 703 uga
2280 658 2329 694 sit
2350 667 2473 694 servus

1379 699 1456 734 sine
1479 699 1560 736 dolo
1585 699 1678 736 malo
1703 703 1739 736 et
1762 701 1869 746 culpa
1891 701 1966 737 eius
1991 712 2074 737 cum
2097 713 2166 748 quo
2184 706 2320 748 agetur,
2345 713 2472 739 caven-

1379 744 1464 780 dum
1500 748 1556 780 est
1616 755 1655 780 er
1686 745 1859 789 iudicem,
1895 750 1937 782 ut
1972 757 2053 782 eum
2087 757 2228 784 servum
2262 751 2473 793 persecutus

1378 789 1516 825 reddat.
1551 799 1593 843 se
1652 794 1689 826 et
1723 791 1755 827 si
1786 801 1859 827 non
1892 792 1999 838 culpa
2029 793 2075 828 ab
2110 803 2153 829 eo
2177 803 2332 839 quocum
2355 793 2474 839 agitur

1379 835 1505 878 aberit,
1530 844 1560 871 81
1582 838 1704 872 18111811
1753 836 1887 872 eritura
1909 847 1967 873 res
1991 848 2064 873 non
2086 837 2167 881 fuit,
2192 838 2224 874 si
2246 841 2380 874 metum
2400 848 2473 874 non

1379 880 1586 916 adhibuisse
1636 884 1720 917 tene
1744 881 1817 917 itur
1840 892 1943 918 reus:
1977 883 2071 918 sicut
2101 883 2140 918 in
2161 883 2353 919 interdicto
2378 883 2474 920 unde

1378 925 1413 961 vi
1436 925 1492 961 vel
1515 936 1586 971 quo
1634 926 1670 962 vi
1693 930 1756 962 aut
1780 927 1872 962 018111
1896 927 2119 964 observatur.
2151 928 2274 974 itaque
2295 928 2473 964 interdum

1377 970 1531 1007 hominis
1555 971 1688 1007 mortui
1709 972 1864 1017 pretium
1886 972 2034 1019 recipit,
2067 973 2128 1019 qui
2160 983 2241 1009 eum
2264 974 2472 1010 venditurus

1381 1018 1422 1051 12
1468 1015 1556 1059 fuit,
1590 1016 1622 1052 si
1644 1016 1714 1052 vim
1736 1027 1865 1063 passus
1889 1028 1962 1053 non
1986 1022 2091 1054 esset.
2140 1017 2210 1063 Qui
2240 1019 2310 1054 vim
2341 1019 2472 1062 intulit,

1379 1071 1461 1097 cum
1483 1061 1747 1106 possessionem
1770 1072 1792 1098 a
1815 1073 1872 1098 me
1895 1063 1942 1098 sit
1966 1067 2193 1107 consecutus,
2217 1063 2279 1100 fur
2300 1074 2374 1100 non
2398 1067 2471 1100 est:

1378 1107 1540 1152 quamvis
1563 1107 1649 1153 qui⁷
1670 1107 1802 1153 rapuit,
1825 1108 1885 1143 fur
1907 1108 2103 1154 improbior
2125 1118 2204 1145 esse
2226 1108 2408 1152 videatur,
2432 1112 2474 1145 ut

1381 1154 1422 1187 13
1469 1151 1609 1188 Iuliano
1632 1152 1762 1198 placet.
1810 1152 1905 1189 Eum
1929 1154 1990 1199 qui
2012 1157 2147 1190 metum
2162 1153 2251 1190 fecit
2271 1157 2307 1190 et
2325 1154 2370 1190 de
2390 1154 2472 1190 dolo

1377 1197 1493 1233 teneri
1517 1200 1654 1233 certum
1678 1201 1751 1240 est,
1778 1202 1814 1233 et
1835 1198 1887 1234 ita
1909 1199 2151 1244 Pomponius,
2176 1203 2213 1235 et
2236 1199 2398 1235 consumi
2420 1199 2471 1235 al-

1377 1245 1492 1278 teram
1515 1242 1692 1278 actionem
1714 1253 1779 1288 per
1802 1243 1950 1279 alteram
1970 1244 2178 1297 exceptione
2192 1245 2231 1280 in
2249 1244 2387 1280 factum
2408 1255 2472 1290 op·

1381 1290 1424 1322 14
1470 1287 1600 1333 posita.
1647 1288 1807 1324 Iulianus
1843 1289 1894 1324 ait
1928 1289 2025 1335 quod
2060 1293 2210 1326 111181881
2240 1289 2474 1336 quadruplari

1378 1332 1505 1375 solum,
1531 1336 1568 1368 et
1589 1332 1670 1369 ideo
1695 1343 1786 1376 eum,
1810 1334 1871 1379 qui
1895 1344 1940 1370 ex
1964 1345 2074 1371 causa
2096 1334 2360 1371 fideicommissi
2384 1345 2472 1381 qua-

1379 1377 1544 1423 draginta
1575 1378 1748 1421 debebat,
1780 1379 1811 1414 si
1840 1382 2002 1415 trecenta
2031 1380 2235 1426 promiserit
2256 1390 2323 1426 per
2343 1380 2415 1416 vim
2438 1383 2474 1416 et

1378 1423 1543 1467 solverit,
1567 1423 1804 1460 ducentorum
1827 1425 2012 1470 sexaginta
2036 1425 2275 1471 quadruplum
2299 1435 2472 1462 consecu-

1377 1471 1517 1504 turum:
1561 1469 1599 1504 in
1633 1469 1690 1505 his
1725 1469 1818 1505 enim
1854 1480 1935 1505 cum
1971 1470 2101 1506 effectu
2135 1471 2206 1506 vim
2265 1481 2369 1507 assus
2406 1474 2471 1507 est.

1381 1516 1421 1548 15
1470 1513 1676 1550 Secundum
1706 1514 1798 1550 haec
1831 1515 1862 1550 si
1884 1515 2006 1561 plures
2029 1519 2163 1552 metum
2186 1526 2209 1552 8
2260 1515 2415 1552 ’1111811111
2438 1519 2474 1552 81

1377 1569 1471 1595 1111118
1503 1558 1614 1595 fuerit
1645 1563 1862 1603 conventus,
1896 1561 1926 1596 si
1958 1560 2099 1606 quidem
2130 1564 2259 1614 sponte
2290 1571 2367 1597 rem
2390 1565 2474 1598 ante

1378 1604 1593 1640 sententiam
1615 1605 1829 1648 restituerIt,
1864 1616 1987 1642 omnes
2011 1606 2154 1642 liberat1
2178 1610 2282 1642 sunt:
2316 1606 2382 1642 sed
2405 1606 2473 1643 etsi

1377 1649 1415 1684 id
1445 1660 1518 1685 non
1547 1649 1693 1693 fecerit,
1725 1650 1789 1686 sed
1820 1661 1864 1686 ex
1894 1651 2073 1687 sententia
2104 1651 2345 1698 quadruplum
2367 1651 2472 1688 resti·

1377 1695 1507 1738 tuerit,
1539 1695 1658 1731 verius
1690 1700 1745 1731 est
1776 1696 1882 1731 etiam
1905 1696 1957 1732 sic
1979 1697 2114 1742 peremi
2137 1697 2308 1733 adversus
2334 1700 2473 1733 ceteros

1378 1743 1493 1775 metus
1519 1750 1629 1776 causa
1652 1741 1841 1776 actionem.

1427 1784 1477 1822 15
1502 1785 1663 1821 mes
1682 1785 1774 1822 libro
1797 1785 1986 1822 undecimo
2009 1787 2059 1822 ad
2081 1786 2236 1824 edictum
2280 1787 2358 1822 Aut
2376 1787 2415 1822 in
2435 1787 2473 1822 id

1378 1830 1522 1866 dabitur
1545 1830 1715 1866 adversus
1740 1834 1878 1867 ceteros
1911 1831 2025 1875 actio,
2057 1831 2154 1878 quod
2184 1832 2302 1868 minus
2333 1832 2380 1868 ab
2411 1832 2471 1869 illo

1379 1879 1546 1911 exactum
1571 1876 1627 1911 sit.

1427 1918 1478 1959 16
1510 1920 1706 1957 Uzfflws
1734 1921 1826 1957 libro
1857 1921 2046 1958 undecimo
2078 1922 2129 1958 ad
2158 1922 2312 1958 edictum

1378 1965 1532 2002 diximus
1555 1966 1586 2003 si
1633 1966 1730 2002 lures
1753 1970 1888 2002 metum
1911 1966 2141 2010 admiserunt,
2165 1967 2260 2003 idem
2283 1966 2472 2004 dicendum

1378 2012 1446 2047 erit
1469 2015 1506 2047 et
1529 2011 1561 2047 si
1585 2021 1607 2047 a

2367 1922 2472 1967 Quod
2526 1910 2528 1912 ’

1655 2012 1764 2047 81111111
1786 2022 1845 2047 188
1867 2012 2047 2057 pervenit,
2082 2012 2173 2049 alter
2205 2016 2339 2048 metum
2369 2012 2470 2048 adhi-
2523 2034 2528 2038 -

1380 2060 1394 2091 1
1445 2056 1534 2092 buit.
1584 2056 1657 2092 Sed
1691 2057 1722 2093 si
1758 2057 1850 2092 servi
1885 2060 2018 2092 metum
2049 2057 2296 2101 adhibuerint,
2331 2057 2471 2094 noxalis
2526 2053 2528 2096 J

1377 2101 1521 2182 38818111
1543 2102 1639 2138 80110
1662 2102 1824 2148 ipsorum
1846 2102 1990 2138 nomine
2012 2103 2090 2146 erit,
2114 2103 2249 2156 poterit
2259 2105 2381 2156 autem
2391 2103 2471 2149 quis
2526 2112 2528 2114 ·

1401 2147 1559 2183 ominum
1583 2147 1630 2183 ad
1654 2157 1758 2193 quem
1777 2157 1835 2183 res
1852 2147 2051 2194 pervenerit
2070 2157 2278 2184 convemre:
2303 2158 2366 2194 qm
2384 2158 2469 2184 con·
2516 2155 2528 2190 -ἶ

1376 2196 1503 2228 ventus
1528 2193 1602 2228 sive
1623 2202 1699 2228 rem
1722 2193 1796 2229 sive
1819 2192 2017 2228 secundum
2041 2192 2138 2238 quod
2158 2193 2231 2228 iam
2255 2192 2391 2229 dictum
2416 2197 2471 2229 est

1377 2237 1615 2284 quadruplum
1637 2238 1875 2283 praestiterit,
1905 2238 2066 2283 proderit
2095 2241 2132 2273 et
2163 2238 2285 2274 servis.
2321 2238 2353 2274 si
2384 2248 2469 2274 vero

1376 2282 1498 2318 noxali
1521 2286 1717 2319 conventus
1736 2283 1903 2318 maluerit
1921 2293 2037 2319 noxae
2057 2282 2197 2325 dedere,
2222 2283 2331 2319 nihilo
2351 2283 2470 2320 minus

1376 2331 1396 2363 2
1442 2328 1522 2373 ipse
1540 2328 1673 2374 poterit
1684 2328 1876 2371 conveniri,
1898 2328 1929 2364 si
1941 2328 1988 2364 ad
1999 2337 2149 2364 eumres
2187 2328 2333 2364 ervenit.
2368 2328 2470 2365 Haec

1376 2373 1471 2417 actio
1494 2372 1619 2409 heredi
1643 2373 1842 2419 ceterisque
1864 2373 2134 2409 successoribus
2157 2339 2276 2416 Satur,
2300 2374 2470 2420 quoniam

1375 2418 1428 2455 rei
1450 2418 1562 2454 habet
1584 2418 1883 2464 persecutionem.
1918 2418 1957 2453 in
1980 2418 2147 2454 heredem
2170 2422 2290 2455 autem
2313 2422 2351 2454 et
2374 2422 2468 2455 cete·

1374 2473 1435 2500 ros
1457 2464 1495 2499 in
1518 2463 1567 2507 id,
1592 2463 1688 2509 quod
1710 2463 1874 2509 pervenit
1896 2463 1943 2499 ad
1966 2473 2039 2506 eos,
2065 2463 2172 2499 datur
2191 2475 2264 2500 non
2283 2463 2467 2500 inmerito:

1374 2509 1459 2545 licet
1481 2509 1574 2545 enim
1597 2519 1715 2555 poena
1738 2508 1786 2544 ad
1808 2508 1975 2545 heredem
1997 2519 2071 2544 non
2094 2512 2277 2552 transeat,
2308 2512 2468 2545 attamen

1374 2553 1471 2601 quod
1492 2554 1648 2600 turpiter
1670 2554 1727 2590 vel
1749 2554 1884 2590 scelere
1931 2554 2108 2590 uaesitum
2132 2557 2198 2597 est,
2222 2557 2265 2590 ut
2287 2557 2392 2590 estet
2408 2563 2466 2591 re·

1374 2600 1445 2636 scri
1471 2603 1561 2643 tum,
1583 2599 1631 2635 ad
1650 2599 1899 2645 compendium
1944 2599 2059 2635 eredis
2071 2610 2145 2635 11011
2157 2599 2264 2635 (181181
2301 2599 2465 2636 ertinere.

1423 2644 1442 2682 1
1499 2644 1661 2681 Penus
1688 2644 1780 2681 libro
1806 2645 1930 2691 primo
1963 2645 2215 2691 quaestionum
2305 2644 2467 2681 ideamus

1373 2701 1470 2771 ἓξὲξ
1482 2690 1526 2771 151³
1547 2690 1664 2771 '¹33⁸’
1689 2689 1865 2771 ἓῗνὲἓξὲω
1876 2689 2250 2771 ἓὲῗᾱωρξέἕῖἶίῗὲ
2274 2699 2466 2771 ⁰3⁸2&

1374 2780 1509 2817 sufficit
1532 2746 1641 2816 scssmel
1663 2746 1893 2826 geweffisge?
1915 2784 1963 2823 et,
1987 2780 2018 2816 si
2041 2761 2322 2825 consumpto’eo
2343 2779 2464 2816 deces-

1374 2827 1482 2870 serit,
1506 2829 1627 2861 utrum
1651 2825 1820 2861 adversus
1843 2824 2011 2861 heredem
2034 2824 2110 2860 eius
2134 2824 2337 2861 omnimodo
2369 2835 2464 2861 com-

1372 2871 1463 2917 petit
1485 2871 1600 2914 actio,
1635 2870 1803 2923 quoniam
1824 2869 2076 2923 heredita-riam
2099 2870 2257 2915 suscepit
2279 2870 2464 2950 obliffistio-

1373 2926 1466 2997 1Ξὲ
1476 2914 1857 3013 ξίὲὢῗὲιὲᾏῑΐῗἛῗ
1864 2914 2463 3013 nigffiasstassm⁸miffl333ff¹20m3ss

1372 3011 1448 3043 tere
1459 3007 1497 3042 in
1515 3006 1683 3042 heredem
1701 3005 1843 3041 heredis
1866 3009 2062 3042 actlonem:
2087 3004 2223 3042 sufficit
2240 3014 2335 3042 emm
2354 3006 2464 3042 semel

1371 3052 1578 3097 pervenisse
1601 3050 1647 3086 ad
1647 3050 1872 3130 aflromum
1895 3050 2075 3094 heredem,
2108 3054 2146 3087 et
2167 3061 2191 3097 p
2278 3053 2344 3087 tua
2367 3050 2461 3087 actio

1373 3106 1453 3132 esse
1476 3096 1613 3142 coepit:
1685 3095 1805 3141 'oquin
1838 3095 2029 3131 dicendum
2052 3096 2121 3132 erit
2141 3105 2210 3132 nec
2231 3106 2370 3142 ipsum,
2402 3094 2463 3141 qui

1373 3152 1522 3178 consum
1548 3141 1595 3177 sit
1618 3140 1714 3187 quod
1737 3140 1785 3176 ad
1808 3150 1890 3177 eum
1912 3141 2085 3187 pervenit,
2108 3140 2232 3177 teneri.

1420 3183 1471 3225 18

1524 3195 1691 3222 malvas
1706 3185 1797 3222 libro
1816 3186 2069 3233 sexaqensimo
2088 3189 2220 3232 quarto
2241 3185 2467 3232 digestorum,
2501 3222 2504 3227 ,

2515 2360 2528 2477 Ξ

2510 2481 2528 2572 3

2518 2335 2528 2359 11

2507 2535 2528 2739 s}

2511 2737 2528 2762 ἓ·

2502 3123 2507 3131 i

2500 3158 2508 3167 ’1

2497 3170 2510 3183 'a

2493 2815 2528 3150 f

1373 3231 1411 3267 Si
1432 3232 1513 3278 ipsa
1543 3241 1621 3273 res,
1655 3240 1748 3277 quae
1778 3231 1826 3267 ad
1855 3231 1964 3267 alium
1993 3230 2172 3276 pervenit,
2203 3230 2356 3273 interiit,
2387 3240 2461 3266 non

1371 3286 1451 3313 esse
1485 3276 1754 3321 locupletiorem
1785 3275 1963 3313 dicemus:
1999 3276 2055 3312 sin
2084 3285 2170 3312 vero
2202 3275 2240 3311 in
2271 3275 2459 3321 pecuniam
2506 3280 2509 3281 ’

1371 3322 1520 3358 aliamve
1543 3331 1620 3357 rem
1644 3331 1815 3358 conversa
1838 3321 1902 3364 sit,
1927 3320 2015 3357 nihil
2039 3331 2096 3357 am
2122 3320 2191 3356 lius
2216 3319 2459 3366 quaerendum

1370 3370 1444 3410 est,
1476 3367 1556 3412 quis
1587 3367 1705 3403 exitus
1735 3366 1802 3410 sit,
1833 3366 1898 3403 sed
1929 3365 2083 3402 omnimo
2111 3376 2132 3401 o
2155 3366 2317 3411 locuples
2340 3365 2459 3401 factus

1369 3412 1528 3455 videtur,
1565 3412 1651 3448 licet
1684 3415 1812 3457 postea
1846 3411 2029 3457 deperdat.
2077 3421 2161 3446 nam
2196 3414 2233 3446 et
2265 3411 2459 3456 imperator

1370 3457 1475 3493 Titus
1497 3457 1702 3493 Antoninus
1726 3456 1874 3493 Claudio
1906 3456 2080 3492 Frontino
2112 3456 2157 3492 de
2188 3455 2310 3502 pretiis
2339 3464 2458 3491 rerum

1368 3502 1665 3538 hereditariamm
1687 3501 1872 3555 rescripsit
1893 3501 1940 3538 ob
1963 3501 2001 3537 id
2023 3501 2141 3547 ipsum
2163 3500 2239 3547 peti
2262 3501 2308 3536 ab
2333 3510 2375 3536 eo
2394 3500 2456 3535 he-

1369 3547 1559 3584 reditatem
1587 3556 1713 3594 posse,
1750 3556 1834 3593 quia
1863 3546 1950 3583 11081
1979 3556 2038 3582 188
2070 3555 2162 3592 quae
2194 3546 2231 3581 in
2262 3544 2457 3582 hereditate

1368 3707 1411 3747 (5)
1438 3706 1590 3748 quiadE
1733 3706 1778 3747 (ο)
1802 3715 1869 3738 non
1883 3705 2055 3739 tenebitur
2065 3717 2127 3739 scr.
2278 3704 2321 3745 (7)
2347 3701 2453 3736 viim-

1368 3750 1451 3785 F³S
1543 3753 1587 3794 (8)
1612 3761 1656 3784 811
1670 3763 1728 3785 om.
1744 3752 1798 3784 F«
