2528 3918
131 151 416 186 ORNAMEN'HS
445 150 701 185 UNGUENTIS

128 264 221 301 illius
245 263 382 299 factum
405 262 525 299 adhuc
549 273 622 299 non
644 262 707 299 sitz
730 262 768 298 id
792 262 897 306 enim,
922 263 1018 308 quod
1042 274 1148 300 suum
1164 273 1221 300 es-

129 313 194 352 set,
219 319 291 345 non
314 308 409 354 quod
432 310 470 344 in
493 309 634 345 actione
651 308 811 351 haberet,
835 308 975 353 legavit.
1022 309 1060 345 in
1074 308 1222 345 aurifice

127 355 258 390 falsum
282 358 346 397 est,
372 354 402 390 si
425 364 552 389 aurum
576 353 712 389 dederit
735 354 797 396 ita,
827 358 869 389 ut
893 364 937 389 ex
968 365 1009 390 eo
1042 365 1131 391 auro
1156 355 1220 390 ali-

130 400 212 445 quid
235 399 304 436 sibi
327 399 480 436 faceret:
510 409 594 435 nam
617 404 716 442 tunc,
740 399 824 434 licet
846 399 944 451 apud
967 400 1151 436 aurificem
1175 401 1222 436 sit

129 456 267 488 aurum,
292 444 485 480 dominium
508 448 629 480 tamen
652 455 725 480 non
748 448 920 480 1111110111ι
952 449 1073 481 11101101
1101 449 1221 481 10111011

130 491 204 526 eius
229 490 290 536 qui
314 490 412 526 dedit
436 494 472 525 et
494 493 636 525 tantum
660 489 800 525 videtur
829 490 1029 527 mercedem
1084 494 1220 527 100010-

129 541 231 572 turus
255 547 321 588 pro
351 545 462 581 opera
491 535 649 571 aurifici:
682 545 747 581 per
779 535 876 580 quod
907 546 950 571 eo
979 547 1045 582 per
1072 537 1221 579 ucimur,

127 586 168 617 ut
190 582 300 617 nihilo
324 581 442 617 minus
465 581 569 616 uxori
593 580 777 616 debeatur.
826 581 922 627 quod
950 582 982 618 si
1005 593 1134 617 aurum
1159 582 1220 618 de-

127 627 179 663 dit
202 626 351 670 aurifici,
374 630 416 661 ut
439 636 511 661 non
535 624 677 661 tamen²
705 636 749 661 ex
773 636 815 662 00
840 636 930 663 01110
948 627 1051 664 fieret
1071 628 1139 663 sibi
1155 627 1219 663 011-

128 672 224 718 quod
248 671 511 717 corpusculum,
537 671 601 707 sed
626 682 669 707 ex
693 671 774 715 alio,
809 675 914 715 tunc,
945 678 1122 718 quatenus
1155 673 1219 708 do-

127 718 274 753 minium
296 717 425 753 transit
449 716 525 752 eius
548 717 628 752 auri
657 717 704 752 ad
733 716 916 753 aurificem
947 719 1093 764 (quippe
1117 718 1220 763 quasi

126 763 423 809 permutationem
446 761 575 798 fecisse
597 762 793 806 videatur),
827 768 862 799 et
890 764 961 799 hoc
992 772 1118 800 aurum
1146 775 1219 800 non

132 813 145 844 1
193 808 361 844 transibit
384 808 430 843 ad
449 818 606 844 uxorem.
653 808 743 843 Item
758 809 884 844 scribit
896 809 1050 854 Quintus
1063 810 1218 852 Mucius,

126 855 157 891 si
181 855 330 890 maritus
355 854 477 897 uxori,
508 864 589 889 cum
620 853 770 890 haberet
800 854 956 900 quinque
983 855 1103 900 pondo
1128 855 1217 897 auri,

125 901 280 945 legasset
301 900 368 935 ita:
394 903 533 934 ‘aurum
558 899 806 945 quodcumque
830 900 951 935 uxoris
976 911 1088 937 causa
1111 911 1217 946 para-

127 949 215 980 ‘tum
241 948 345 988 esset,
369 945 423 980 uti
446 945 549 980 heres
574 945 678 980 uxori
703 945 827 988 daret’,
861 946 1000 982 etiamsi
1024 947 1116 982 libra
1140 946 1219 981 auri

125 991 207 1026 inde
229 991 384 1026 venisset
408 994 443 1025 et
467 990 591 1025 mortis
615 994 776 1035 tempore
807 991 959 1036 amplius
984 1002 1091 1037 quam
1139 995 1217 1026 uat-

126 1042 209 1072 tuor
223 1036 336 1072 librae
350 1046 423 1071 non
441 1035 763 1081 deprehendentur,
783 1037 820 1071 in
838 1037 922 1072 totis
969 1038 1100 1083 uinque
1133 1037 1218 1073 ibris

126 1081 291 1118 heredem
316 1091 393 1117 esse
417 1082 622 1126 obligatum,
647 1082 814 1127 quoniam
839 1083 929 1118 artic
969 1093 1012 1119 us
1037 1086 1092 1119 est
1114 1092 1217 1128 prae—

126 1127 236 1163 sentis
280 1128 451 1172 temporis
495 1126 831 1163 demonstrationem
873 1128 910 1163 in
945 1139 985 1164 se
1020 1129 1217 1164 continens.

127 1173 222 1219 quod
252 1173 370 1219 ipsum
407 1176 581 1218 quantum
611 1171 658 1207 ad
695 1173 809 1218 ipsam
847 1173 935 1209 iuris
968 1174 1219 1219 obligationem

126 1219 313 1264 pertineat,
337 1221 435 1254 recte
459 1218 607 1262 dicetur,
638 1218 675 1253 id
698 1223 753 1253 est
777 1222 817 1254 ut
841 1219 918 1264 ipso
943 1219 1020 1255 iure
1043 1220 1148 1255 heres
1172 1219 1218 1254 sit

128 1264 314 1309 obligatus.
372 1273 494 1299 verum
528 1263 731 1306 sciendum,
769 1264 799 1299 si
834 1265 871 1300 in
906 1265 976 1300 hoc
1011 1264 1218 1300 alienaverit

126 1314 277 1345 testator
299 1309 382 1345 inde
404 1309 544 1352 libram,
570 1309 665 1353 quod
690 1309 894 1345 deminuere
909 1311 1014 1346 vellet
1038 1321 1082 1346 ex
1095 1310 1214 1355 legato

126 1355 248 1391 uxoris
280 1365 385 1397 suae,
420 1359 507 1390 tunc
537 1358 675 1389 mutata
710 1355 875 1391 voluntas
909 1355 1066 1391 defuncti
1098 1356 1216 1391 locum

126 1400 234 1436 faciet
258 1400 330 1436 doli
354 1399 438 1435 mali
462 1399 672 1445 exceptioni,
699 1404 749 1443 ut,
782 1401 813 1436 si
836 1401 1115 1446 perseveraverit
1138 1412 1215 1436 mu-

125 1446 190 1481 lier
213 1446 250 1480 in
272 1445 436 1491 petendis
461 1445 617 1490 quinque
640 1445 758 1489 libris,
790 1447 1000 1492 exceptione
1029 1446 1102 1483 doli
1133 1447 1218 1482 mali

126 1491 389 1526 submoveatur.
438 1490 501 1526 sed
519 1491 549 1525 si
567 1501 611 1526 ex
631 1491 845 1527 necessitate
869 1492 988 1537 aliqua
1012 1492 1217 1538 compulsus

124 1539 277 1573 testator
288 1537 312 1579 ³,
337 1547 409 1571 non
433 1535 529 1582 quod
553 1536 657 1571 vellet
681 1536 884 1572 deminuere
907 1548 952 1574 ex
974 1538 1103 1582 legato,
1128 1542 1216 1573 tunc

126 1582 264 1617 mulieri
286 1582 365 1627 ipso
389 1582 466 1617 iure
491 1581 645 1626 quinque
669 1582 782 1617 librae
806 1583 886 1617 auri
910 1583 1137 1619 debebuntur
1150 1594 1217 1619 nec

126 1631 145 1662 2
183 1627 255 1663 (1011
273 1628 356 1662 111011
368 1627 532 1672 exceptio
545 1627 690 1663 nocebit
701 1627 872 1663 adversus
884 1632 1075 1674 petentem.
1113 1629 1216 1674 Quod

125 1674 155 1709 si
177 1673 230 1708 ita
252 1673 406 1718 legasset
429 1672 532 1708 uxori
556 1676 694 1708 ‘aurum
717 1673 813 1719 quod
837 1674 912 1709 eius
925 1684 1036 1710 causa
1050 1678 1217 1720 paratum

126 1719 227 1761 ‘erit’‚
251 1723 339 1754 tunc
352 1718 549 1754 rectissime
573 1718 698 1754 scribit
714 1719 868 1763 Quintus
883 1720 1038 1763 Mucius,
1063 1725 1104 1755 111
1127 1721 1217 1756 11000

125 1764 305 1809 scriptura
327 1764 459 1799 habeat
486 1763 524 1798 in
548 1773 587 1799 se
616 1768 652 1799 et
681 1763 1020 1801 demonstrationem
1049 1765 1158 1811 legati
1181 1770 1218 1801 et

125 1810 412 1855 argumentum⁴:
442 1809 592 1854 ideoque
622 1809 700 1854 ipso
733 1810 811 1845 iure
833 1810 990 1846 alienata
1019 1811 1113 1846 libra
1137 1811 1217 1846 auri

124 1855 276 1901 amplius
301 1858 470 1900 quattuor
493 1854 612 1899 pondo
647 1865 720 1890 non
742 1856 979 1892 remanebunt
1009 1857 1047 1891 in
1080 1857 1215 1901 obliga-

124 1901 239 1944 tione,
271 1911 338 1936 nec
363 1900 430 1936 erit
459 1899 629 1935 utendum
654 1900 897 1944 distinctione,
929 1911 999 1947 qua
1030 1912 1074 1937 ex
1106 1911 1217 1938 causa

125 1946 331 1982 alienaverit
354 1949 517 1981 testator.

171 1990 224 2030 35
260 1991 420 2027 Panos
461 1991 552 2027 libro
596 1995 727 2037 quarto
772 1992 908 2028 decimo
960 2003 1019 2028 res
1046 2003 1216 2028 onsorum

126 2038 254 2073 ‘Titiae
282 2037 419 2072 amicae
448 2046 564 2079 meae,
602 2047 684 2072 cum
713 2048 784 2082 qua
809 2037 885 2073 sine
915 2048 997 2073 men
1023 2038 1101 2074 acio
1133 2039 1215 2082 vixi,

125 2083 217 2118 ‘auri
239 2082 358 2128 pondo
384 2081 539 2128 quinque
563 2081 641 2117 dari
664 2083 775 2119 volo':
808 2093 960 2128 quaero,
991 2094 1038 2119 an
1067 2084 1216 2120 heredes

125 2128 172 2164 ad
193 2127 471 2174 praestationem
493 2127 654 2173 integrae
685 2128 856 2164 materiae
886 2129 964 2164 auri
995 2139 1042 2164 011
1066 2129 1112 2165 ad
1160 2140 1216 2165 re-

125 2174 213 2209 tium
238 2177 274 2209 et
296 2176 468 2219 quantum
482 2173 736 2219 praestandum
750 2174 985 2220 compellendi
1000 2174 1082 2210 sint.
1152 2185 1215 2210 au-

124 2220 181 2255 lus
205 2218 389 2264 respondit
412 2222 477 2254 aut
499 2229 625 2254 aurum
649 2219 698 2261 ei,
725 2219 768 2255 de
791 2230 863 2272 qua
888 2220 1087 2265 quaeritur,
1112 2231 1215 2266 prae-

125 2264 214 2300 stari
238 2269 423 2310 oportere,
456 2268 520 2299 aut
547 2265 702 2310 pretium
732 2275 829 2309 01111,
861 2266 985 2311 quanti
1015 2267 1217 2311 comparari

128 2314 142 2344 1
192 2313 323 2356 potest.
376 2309 466 2345 Item
495 2320 646 2355 quaero,
685 2310 715 2345 si
743 2310 806 2346 lite
836 2315 1037 2347 contestata
1071 2317 1217 2357 praetor

124 2357 175 2391 ita
204 2355 465 2401 pronuntiavit,
502 2358 541 2390 ut
572 2356 720 2391 materia
748 2360 969 2408 praestetur,
1001 2367 1048 2392 an
1077 2361 1216 2393 tutores

125 2400 293 2437 audiendi
321 2400 392 2436 sint
425 2401 472 2436 ab
504 2401 573 2436 1100
604 2405 781 2437 sentent1a
811 2402 1005 2447 pupillum,
1045 2403 1216 2439 adversus

125 2457 227 2492 quem
262 2446 533 2492 pronuntiatum
564 2451 638 2489 est,
670 2447 767 2492 apud
797 2457 1042 2483 successorem
1075 2448 1149 2484 eius
1178 2449 1216 2484 in

124 2492 300 2537 integrum
323 2491 512 2527 restituere
535 2492 705 2528 volentes.
753 2493 887 2528 Paulus
911 2494 1097 2539 respondit
1110 2504 1213 2540 prae-

124 2542 249 2580 torem,
274 2537 335 2583 qui
358 2547 447 2572 auro
469 2537 587 2582 legato
613 2537 699 2573 certi
722 2538 890 2583 ponderis
905 2540 1089 2574 materiam
1112 2550 1214 2585 prae-

125 2582 215 2618 stari
237 2582 353 2626 iussit,
378 2586 474 2618 recte
498 2583 751 2627 pronuntiasse
774 2584 896 2619 videri.

171 2626 224 2666 36
256 2627 460 2663 SOAEVOLA
502 2628 593 2663 libro
635 2629 739 2663 tertio
779 2640 838 2664 res
866 2640 1034 2664 ousorum
1100 2630 1216 2666 ‘Seiae

125 2673 363 2709 ‘dulcissimae
386 2673 555 2718 poculum
578 2683 726 2709 aureum
756 2685 825 2719 quo
876 2674 1022 2719 elegerit
1044 2675 1129 2711 fidei
1151 2676 1214 2711 he-

126 2720 260 2755 ‘redum
285 2718 468 2755 committo
491 2722 532 2753 ut
557 2718 705 2754 darent’.
754 2730 904 2765 quaero,
936 2731 1017 2755 cum
1048 2721 1086 2756 in
1113 2721 1214 2757 here-

124 2764 236 2800 ditate
259 2775 331 2800 non
357 2764 429 2799 sint
451 2764 521 2800 nisi
549 2764 700 2799 truellae
729 2765 855 2810 scyphi
886 2765 1032 2801 modioli
1059 2766 1213 2811 phialae,

125 2821 172 2845 011
195 2809 278 2845 Seia
308 2809 353 2845 de
382 2809 437 2845 his
469 2810 657 2855 speciebus
689 2809 817 2854 eligere
846 2810 971 2855 possit.
1019 2812 1214 2857 respondit,

125 2866 206 2890 cum
230 2855 349 2890 omnia
372 2854 475 2900 potui
496 2858 624 2900 parata
646 2855 778 2900 pocula
802 2855 980 2900 dicuntur,
1005 2866 1113 2902 posse
1137 2868 1215 2893 eam

125 2911 169 2936 ex
191 2900 247 2936 his
272 2900 409 2945 eligere.

171 2943 223 2984 37
262 2946 421 2981 mes
459 2945 550 2981 libro
591 2947 757 2982 vicesimo
791 2947 917 2992 primo
958 2957 1214 2993 responsorum

127 2991 424 3027 Ornamentorum
459 2991 698 3036 appellatione
732 2996 866 3027 vestem
895 2992 1102 3028 muliebrem
1142 3004 1215 3030 non

126 3037 298 3072 contineri
321 3046 388 3071 nec
413 3047 569 3072 errorem
593 3037 733 3072 heredis
757 3037 813 3073 ius
838 3041 996 3074 mutasse
1030 3038 1209 3083 respondi.

172 3079 224 3119 38
249 3081 453 3117 SOAEVOLA
478 3082 568 3117 libro
594 3083 698 3117 tercio
720 3094 975 3129 responsorum
1024 3083 1119 3118 Titia
1142 3088 1213 3120 tes-

125 3131 300 3171 tamento,
331 3127 416 3162 item
448 3126 619 3163 codicillis
644 3127 774 3163 multas
806 3128 943 3173 species
974 3133 1048 3164 tam
1078 3130 1215 3174 argenti

127 3182 232 3216 quam
254 3172 363 3208 vestis
394 3173 596 3217 specialiter
618 3183 684 3218 per
710 3172 1022 3209 fideicommissum
1050 3175 1213 3219 reliquit:

127 3227 258 3261 quaero
283 3228 329 3252 an
352 3228 425 3253 11011
439 3218 530 3253 01100
546 3219 682 3263 species
703 3218 820 3264 legato
838 3220 976 3263 cedant,
1003 3230 1109 3265 quam
1148 3231 1215 3256 uae

126 3262 162 3297 in
185 3262 380 3298 hereditate
403 3263 567 3298 inventae
591 3268 721 3299 essent.
768 3265 953 3309 respondit
983 3276 1045 3301 eas
1077 3276 1117 3301 ce
1144 3277 1213 3310 ere,

127 3318 219 3353 quae
241 3307 403 3343 inventae
427 3313 562 3345 essent:
589 3309 633 3344 de
657 3309 782 3345 ceteris
809 3310 1014 3354 cavendum,
1039 3315 1090 3355 ut,
1116 3311 1146 3347 si
1159 3312 1212 3346 in-

130 3357 145 3387 1
194 3355 344 3388 ventae⁵
380 3357 513 3398 essent,
549 3358 786 3399 praestentur.
850 3356 1093 3401 ‘Semproniae
1127 3357 1214 3393 Piae

127 3399 208 3434 ‘hoc
237 3398 388 3442 amplius
426 3400 676 3444 0001101101ἰοὃ
705 3400 864 3435 Taviana
894 3405 930 3436 et
965 3402 1105 3438 tunicas
1140 3406 1213 3438 tres

127 3447 220 3478 ‘cum
244 3443 397 3488 palliolis
420 3454 511 3488 quae
535 3445 678 3490 elegerit
701 3445 779 3481 dari
802 3446 910 3482 volo‘:
942 3457 1076 3492 quaero
1100 3458 1147 3482 an
1171 3459 1214 3483 ex

126 3489 293 3525 universa
316 3491 424 3531 veste,
447 3488 484 3524 id
508 3494 562 3526 est
585 3500 632 3526 an
656 3501 699 3526 ex
716 3491 875 3537 synthesi
898 3492 1040 3528 tunicas
1054 3493 1213 3537 singulas

1215 136 1299 184 485

2041 142 2256 184 ΧΧΧΠΙΙ
2286 143 2325 184 2.
2360 144 2382 184 3

1292 268 1329 300 et
1356 263 1505 310 palliola
1534 262 1745 308 Sempronia
1774 263 1904 309 eligere
1934 265 2061 310 possit.
2115 263 2319 310 respondit,
2356 264 2385 299 si

1291 313 1412 345 essent
1442 308 1585 345 tunicae
1617 307 1815 352 singulares
1850 320 1931 344 cum
1960 310 2115 354 palliolis
2147 309 2311 352 relictae,
2342 320 2384 344 ex

1290 355 1346 390 his
1372 355 1558 390 dumtaxat
1581 352 1663 398 eligi
1686 363 1810 398 posse:
1835 354 1930 399 quod
1955 355 1984 390 si
2008 366 2081 391 non
2104 357 2193 399 est⁷,
2217 354 2383 391 heredem

1291 400 1346 436 vel
1368 401 1510 436 tunicas
1535 403 1572 435 et
1593 398 1742 445 palliola
1766 400 1846 434 set⁸
1869 410 1913 435 ex
1938 401 2096 446 synthesi
2118 405 2383 446 praestaturum

1292 448 1311 480 2
1357 446 1413 481 vel
1436 456 1556 481 veram
1580 443 1864 480 aestimationem
1883 454 2017 480 earum.
2065 446 2147 481 Seia
2170 450 2383 482 testamento

1289 491 1340 526 ita
1365 491 1478 527 cavit:
1512 490 1554 527 ‘si
1577 489 1665 525 mihi
1687 500 1754 535 per
1778 490 2022 525 condicionem
2053 492 2245 527 humanam
2269 492 2382 527 conti-

1292 536 1409 616 gerit,
1439 536 1451 571 i
1479 547 1519 571 sa
1542 535 1690 570 faciam:
1724 535 1780 570 5111
1804 536 1964 578 0111101119,
1997 537 2042 571 ab
2073 537 2265 572 heredibus
2294 538 2382 572 meis

1291 585 1299 601 ‘
1328 582 1379 617 eri
1403 592 1446 617 vo
1463 593 1500 617 o:
1526 581 1705 626 iubeoque
1729 580 1870 625 signum
1894 580 1951 616 dei
1975 591 2019 616 ex
2043 582 2143 617 libris
2180 587 2321 618 centum
2345 582 2382 617 in

1290 627 1363 662 ‘illa
1387 637 1493 663 sacra
1517 626 1606 662 aede
1630 631 1666 661 et
1689 626 1726 660 in
1749 626 1867 673 patria
1898 627 2007 661 statui
2031 628 2294 673 subscriptione
2317 639 2381 663 no·

1290 672 1406 708 ‘minis
1431 672 1524 708 mei'.
1572 671 1773 717 quaesitum
1798 676 1871 707 est:
1905 682 1986 707 cum
2019 672 2057 707 in
2081 683 2122 708 eo
2155 674 2286 718 templo
2311 684 2382 709 non

1288 717 1358 753 nisi
1383 722 1447 753 aut
1470 727 1578 753 aerea
1590 719 1618 738 ¹⁰
1641 721 1705 752 aut
1729 721 1899 762 argentea
1922 721 2063 752 tantum
2087 718 2158 753 sint
2181 718 2286 761 dona,
2318 719 2380 754 he-

1288 763 1391 799 redes
1416 763 1520 799 Seiae
1544 766 1664 797 utrum
1694 773 1738 798 ex
1761 767 1911 808 argento
1943 773 1990 798 an
2020 773 2064 798 ex
2088 774 2177 799 auro
2192 766 2218 784 ¹¹
2243 764 2382 808 signum

1288 819 1422 854 ponere
1454 807 1689 854 compellendi
1721 813 1805 843 sunt
1834 819 1882 843 an
1911 809 2078 844 aereum?
2110 810 2295 854 respondit
2326 820 2380 845 se-

1290 854 1447 890 cundum
1471 864 1514 889 00
1528 863 1620 899 quae
1635 858 1925 898 proponerentur
1946 858 2152 898 argenteum
2165 856 2380 899 ponendum.

1334 897 1388 938 39
1413 899 1460 935 IA
1470 908 1641 935 1101.ssst
1661 899 1754 935 libro
1776 900 1935 935 secundo
1960 911 2010 934 ex
2026 902 2294 945 posterioribus
2312 901 2379 935 La-

1288 946 1412 981 beonis
1459 944 1497 980 Si
1520 944 1625 980 uxori
1648 944 1803 980 mundus
1826 944 2011 980 muliebris
2035 946 2174 989 legatus
2199 950 2302 989 esset,
2339 956 2382 981 ea

1287 990 1533 1026 tantummodo
1558 990 1681 1025 deberi
1705 989 1831 1026 Ofilius
1845 990 1969 1026 Labeo
1994 991 2266 1035 responderunt,
2292 1002 2382 1035 quae

1287 1047 1332 1072 ex
1345 1036 1401 1072 his
1418 1035 1552 1071 tradita
1566 1035 1689 1070 utendi
1707 1046 1817 1071 causa
1831 1036 1936 1071 uxori
1951 1036 1977 1056 ¹2
1992 1036 2067 1071 viro
2083 1035 2252 1072 fuissent:
2278 1037 2382 1071 aliter

1286 1081 1382 1118 enim
1411 1080 1734 1127 interpretantibus
1772 1092 1946 1117 summam
1982 1081 2060 1117 fore
2093 1082 2311 1127 captionem,
2352 1082 2382 1117 si

1286 1127 1510 1164 vascularius
1534 1131 1598 1162 aut
1621 1126 1725 1162 faber
1747 1127 1972 1172 argentarius
2002 1128 2108 1163 uxori
2135 1128 2187 1162 ita
2215 1128 2380 1172 legasset.

1291 1178 1303 1208 1
1357 1174 1447 1209 Cum
1476 1173 1528 1208 ita
1559 1173 1715 1217 legatum
1748 1177 1858 1208 esset:
1898 1176 2113 1217 ‘argentum,
2152 1173 2248 1217 quod
2278 1173 2381 1208 domo

1287 1221 1379 1254 ‘mea
1392 1220 1419 1240 ¹³
1444 1219 1513 1254 erit
1537 1229 1619 1253 cum
1642 1217 1799 1261 moriar',
1825 1217 1951 1253 Ofilius
1976 1229 2043 1254 nec
2068 1219 2165 1263 quod
2180 1218 2381 1263 depositum

1286 1275 1309 1300 a
1333 1275 1372 1300 se
1395 1274 1463 1300 nec
1488 1264 1584 1309 quod
1609 1263 1873 1300 commodatum
1897 1264 2101 1309 reliquisset
2120 1275 2162 1299 ar
2186 1270 2309 1300 entum
2332 1264 2381 1299 le-

1310 1314 1408 1345 atum
1432 1309 1544 1345 videri
1566 1309 1762 1355 respondit.
1809 1309 1905 1345 idem
1929 1309 2127 1346 Cascellius
2183 1320 2203 1345 e
2227 1320 2381 1345 commo-

1285 1321 1384 1391 ‹glatm
1431 1355 1567 1398 Labeo,
1600 1354 1697 1400 quod
1727 1355 1928 1400 depositum
1951 1358 2065 1398 esset,
2096 1355 2149 1390 ita
2179 1355 2319 1399 deberi,
2352 1355 2381 1390 si

1285 1400 1485 1446 praesentis
1518 1400 1703 1436 custodiae
1734 1410 1861 1444 causa,
1904 1411 1977 1436 non
2006 1406 2204 1447 perpetuae
2234 1401 2405 1436 101111114-

1285 1447 1483 1483 thensauro
1498 1446 1699 1491 depositum
1712 1450 1817 1489 esset,
1843 1446 1928 1491 quia
1948 1446 2012 1481 illa
2026 1447 2135 1482 verba
2156 1446 2262 1492 ‘quod
2278 1447 2382 1482 domo

1287 1495 1377 1528 ‘mea
1390 1494 1418 1513 ¹⁵
1441 1491 1519 1527 erit'
1544 1491 1597 1528 sic
1622 1491 1702 1527 acci
1727 1491 1740 1526 i
1763 1491 1895 1527 debere
1928 1493 2017 1528 ‘esse
2041 1492 2210 1528 solebat':
2246 1496 2281 1527 et
2313 1492 2382 1527 hoc

1286 1541 1305 1573 2
1353 1538 1480 1583 probo.
1534 1537 1662 1573 Ateius
1693 1502 1855 1572 §ervium
1883 1548 1941 1573 res
1971 1537 2114 1573 ondisse
2143 1537 2285 1580 scribit,
2325 1538 2380 1572 cui

1285 1594 1327 1619 ar
1350 1587 1489 1628 entum,
1520 1582 1617 1629 quod
1639 1583 1677 1618 in
1701 1583 1908 1618 Tusculano
1954 1583 2054 1619 ‘undo
2079 1594 2161 1619 cum
2183 1587 2382 1619 moreretur

1285 1594 1483 1673 haffiuisset,
1507 1628 1665 1673 legatum
1690 1632 1796 1671 esset,
1822 1633 1858 1663 et
1882 1629 1978 1673 quod
2002 1632 2195 1674 antequam
2225 1639 2380 1664 morere-

1285 1680 1345 1710 tur
1374 1685 1418 1710 ex
1449 1674 1539 1710 urbe
1568 1673 1606 1708 in
1636 1674 1883 1709 Tusculanum
1913 1674 2015 1710 iussu
2045 1674 2230 1710 testatoris
2263 1678 2379 1709 trans-

1285 1721 1398 1755 latum
1428 1724 1542 1763 esset,
1574 1719 1714 1755 deberi:
1754 1723 1880 1755 contra
1903 1719 2002 1763 fore,
2034 1719 2066 1756 si
2095 1719 2234 1755 iniussu
2263 1725 2379 1755 trans-

1286 1766 1399 1801 latum
1422 1769 1529 1801 esset.

1331 1810 1385 1849 40
1410 1810 1616 1847 Salvom
1658 1810 1749 1846 libro
1788 1810 1940 1857 septimo
1977 1810 2115 1846 decimo
2159 1810 2379 1857 diyestorum

1285 1857 1427 1893 Medico
1452 1867 1519 1893 suo
1544 1855 1795 1892 contubernali
1819 1859 1855 1891 et
1879 1856 2159 1891 communium¹¹¹
2183 1856 2379 1901 expeditio-

1285 1914 1370 1937 num
1396 1902 1516 1937 comiti
1538 1902 1634 1937 inter
1658 1905 1778 1937 cetera
1790 1901 1841 1936 ita
1865 1901 2060 1946 legaverat:
2087 1904 2285 1946 ‘argentum
2306 1902 2380 1937 via-

1288 1949 1430 1984 ‘torium
1453 1958 1571 1983 meum
1595 1946 1674 1982 dari
1697 1946 1803 1983 volo'.
1852 1947 2053 1991 quaesitum
2077 1951 2142 1992 est,
2175 1958 2254 1983 cum
2277 1952 2382 1993 pater

1286 1993 1440 2029 familias
1469 1993 1508 2028 111
1536 1992 1684 2028 diversis
1720 1992 1942 2038 temporibus
1984 1992 2038 2028 rei
2066 1993 2233 2039 publicae
2270 2003 2381 2029 causa

1287 2039 1445 2081 01110101,
1477 2038 1573 2083 quod
1596 2037 1787 2073 viatorium
1816 2041 2004 2083 argentum
2034 2039 2104 2074 hoc
2132 2039 2251 2083 legato
2284 2049 2379 2074 com-

1285 2085 1502 2130 prehensum
1526 2094 1605 2119 esse
1636 2083 1787 2119 videtur.
1835 2083 2037 2127 respondit,
2068 2084 2164 2129 quod
2195 2084 2381 2120 habuisset

1286 2134 1473 2175 argentum
1503 2129 1695 2165 viatorium
1732 2139 1774 2164 eo
1816 2133 1977 2174 tempore
2013 2140 2095 2165 cum
2128 2133 2377 2166 testamentum

1291 2180 1302 2210 1
1351 2175 1520 2219 faciebat,
1545 2174 1678 2210 deberi.
1727 2174 1840 2211 Uxori
1864 2185 1952 2210 suae
1975 2179 2189 2211 testamento
2213 2175 2266 2210 ita
2282 2175 2374 2220 lega-

1285 2225 1362 2256 tum
1391 2225 1462 2257 est:
1500 2220 1743 2265 ‘Semproniae
1781 2219 1946 2256 dominae
1980 2230 2081 2256 meae
2116 2222 2186 2256 hoc
2227 2231 2284 2256 am
2310 2222 2379 2256 lius

1286 2270 1485 2312 ‘argentum
1509 2266 1709 2302 balneare':
1766 2265 1945 2301 uaesitum
1968 2270 2034 2308 est,
2060 2276 2107 2301 an
2132 2266 2239 2302 etiam
2260 2267 2274 2301 i
2321 2277 2379 2301 ar-

1284 2317 1441 2358 gentum,
1467 2322 1538 2357 quo
1550 2313 1576 2333 ¹⁷
1601 2311 1728 2347 diebus
1768 2311 1853 2347 estis
1877 2311 1915 2346 in
1938 2311 2081 2347 balineo
2106 2312 2159 2347 uti
2183 2312 2378 2356 consuevit,

1286 2361 1305 2393 2
1353 2358 1470 2403 legato
1484 2357 1600 2393 cedat.
1638 2356 1825 2402 respondit
1841 2367 1945 2392 omne
1961 2357 2117 2402 legatum
2131 2357 2255 2393 videri.
2296 2358 2378 2392 Mu-

1284 2404 1351 2439 lier
1374 2403 1551 2440 decedens
1577 2406 1786 2438 ornamenta
1809 2403 1990 2447 legaverat
2012 2402 2081 2438 ita:
2108 2402 2222 2439 ‘Seiae
2241 2403 2377 2438 amicae

1285 2452 1397 2485 ‘meae
1422 2452 1631 2484 ornamenta
1655 2448 1822 2484 universa
1845 2448 1924 2483 dari
1953 2448 2058 2484 volo'.
2113 2448 2237 2484 eodem
2267 2453 2377 2483 testa-

1284 2499 1403 2531 mento
1426 2495 1478 2530 ita
1502 2494 1716 2539 scripserat:
1750 2492 1922 2529 ‘funerari
1951 2503 2008 2529 me
2040 2493 2190 2530 arbitrio
2219 2493 2286 2529 viri
2309 2495 2379 2530 mei

1286 2541 1378 2577 ‘volo
1408 2545 1444 2576 et
1474 2539 1599 2575 inferri
1635 2539 1722 2574 mihi
1754 2549 1999 2584 quaecumque
2036 2539 2244 2584 sepulturae
2278 2550 2378 2575 meae

1286 2589 1409 2621 ‘causa
1433 2585 1546 2622 feram
1570 2595 1615 2620 ex
1640 2584 1857 2620 ornamentis
1871 2584 1984 2620 lineas
1999 2583 2089 2620 duas
2114 2595 2159 2620 ex
2174 2585 2377 2630 margaritis

1285 2635 1333 2667 ‘et
1356 2631 1500 2667 viriolas
1526 2641 1570 2666 ex
1594 2630 1822 2675 smaragdis':
1856 2629 1920 2665 sed
1949 2640 2064 2675 neque
2087 2630 2236 2666 heredes
2259 2641 2375 2675 neque

1284 2677 1445 2720 maritus,
1471 2687 1552 2712 cum
1573 2675 1673 2710 humi
1694 2686 1826 2721 corpus
1844 2675 1956 2719 daret,
1978 2685 2021 2711 ea
2040 2680 2259 2718 ornamenta,
2285 2686 2377 2722 quae

1286 2722 1429 2768 corpori
1452 2722 1572 2758 iussus
1597 2724 1675 2757 erat
1689 2722 1716 2742 ¹⁸
1740 2720 1843 2764 adici,
1869 2720 2059 2756 dederunt:
2085 2721 2287 2767 quaesitum
2312 2726 2375 2765 est,

1284 2772 1405 2803 utrum
1436 2768 1483 2803 ad
1518 2777 1613 2810 eam,
1646 2766 1704 2802 cui
1736 2770 1944 2802 ornamenta
1975 2767 2142 2803 universa
2170 2767 2375 2813 reliquerat,

1284 2813 1487 2858 pertineant
1510 2823 1558 2848 an
1581 2811 1628 2847 ad
1646 2811 1808 2847 heredes.
1855 2812 2041 2857 respondit
2058 2823 2132 2848 non
2146 2812 2194 2848 ad
2214 2812 2374 2854 heredes,

1285 2858 1347 2895 sed
1371 2859 1418 2894 ad
1440 2857 1648 2904 legatariam
1671 2856 1861 2902 pertinere.

1769 2997 1829 3035 III
1840 2995 1878 3035 ¹⁹.

1515 3063 1578 3095 DE
1603 3062 1916 3095 LIBERATIONE
1941 3063 2134 3096 LEGATA.

1332 3127 1350 3165 1
1395 3128 1589 3164 ULPIANUS
1628 3129 1719 3164 libro
1755 3129 1919 3165 vicesimo
1955 3130 2081 3174 primo
2118 3129 2167 3164 ad
2200 3128 2372 3164 Sabinmn

1284 3174 1457 3210 Omnibus
1482 3173 1703 3210 debitoribus
1729 3184 1771 3210 ea
1795 3184 1886 3219 quae
1916 3174 2048 3211 debent
2070 3178 2168 3210 recte
2197 3174 2371 3218 legantur,

1288 3224 1299 3254 1
1350 3220 1435 3254 licet
1459 3219 1591 3255 domini
1615 3230 1739 3255 eorum
1763 3219 1845 3255 sint.
1893 3220 2053 3255 Iulianus
2079 3219 2230 3264 scripsit,
2261 3219 2292 3254 si
2315 3230 2371 3254 res

1282 3265 1423 3311 pignori
1449 3265 1534 3299 data
1557 3265 1693 3310 legetur
1717 3265 1870 3301 debitori
1893 3276 1915 3300 a
1931 3265 2117 3306 creditore,
2141 3265 2258 3299 valere
2275 3265 2370 3309 lega-

1282 3316 1358 3346 tum
1387 3311 1590 3355 habereque
1626 3321 1706 3346 eum
1735 3310 1931 3354 actionem,
1973 3314 2013 3345 ut
2048 3310 2175 3355 pignus
2210 3309 2370 3354 recipiat,

1282 3356 1490 3401 priusquam
1519 3356 1708 3400 pecuniam
1738 3356 1863 3391 solvat.
1912 3356 1964 3392 sic
1988 3359 2107 3391 autem
2130 3354 2289 3399 loquitur
2312 3355 2370 3389 Iu-

1282 3402 1409 3444 lianus,
1436 3401 1538 3445 quasi
1562 3401 1720 3437 debitum
1744 3413 1816 3437 non
1841 3401 1969 3437 debeat
1983 3400 2134 3435 lucrari:
2160 3399 2223 3434 sed
2247 3399 2278 3434 si
2301 3400 2371 3434 alia

1281 3446 1447 3482 testantis
1471 3446 1636 3483 voluntas
1653 3446 1732 3490 fuit,
1758 3451 1795 3482 et
1808 3446 1854 3482 ad
1877 3447 1947 3482 hoc
1966 3444 2192 3491 pervenietur
2208 3445 2369 3489 exemplo

1281 3492 1450 3527 luitionis.

128 3602 166 3643 (1)
193 3602 376 3635 dominium
396 3606 506 3635 tamen
526 3615 593 3636 non
612 3606 756 3638 mutavit
773 3608 834 3640 del.

129 3650 172 3689 (3)
196 3647 384 3690 compulsus
397 3650 534 3681 testator
548 3651 606 3682 del.

128 3695 160 3724 et
171 3696 384 3734 augmentum
401 3692 552 3727 Cuiacius

128 3736 213 3768 toria
230 3738 262 3769 F
335 3741 376 3777 (τ)
403 3741 506 3770 essent
519 3739 570 3771 1³²

128 3779 224 3812 aliter
238 3781 357 3824 Menqe

997 3608 1039 3648 (2)
1064 3610 1132 3639 tam
1149 3620 1210 3641 scr.

721 3653 763 3692 (4)
789 3654 821 3684 et
833 3652 1095 3685 deminutionem
1107 3651 1210 3694 legati

659 3699 701 3737 (5)
725 3696 861 3730 inventa
875 3697 921 3730 F¹
1028 3699 1070 3738 (6)
1097 3708 1210 3740 coper-

658 3747 699 3779 (8)
725 3742 785 3784 set]
799 3752 854 3775 sex
867 3755 927 3774 scr.
1018 3745 1060 3783 (9)
1087 3743 1208 3785 autem]

473 3787 531 3824 (10)
557 3787 615 3817 aut
627 3796 727 3818 aurea
741 3788 814 3819 dett.
942 3791 997 3827 (11)
1021 3797 1064 3819 011
1077 3799 1115 3820 ex
1128 3799 1209 3820 auro

1247 3606 1248 3609 ¹
1282 3608 1344 3641 del.
1477 3609 1534 3649 (12)
1560 3609 1652 3642 ains.
1667 3607 1695 3640 S

1825 3607 1883 3647 (13)
1908 3615 1999 3637 meae
2011 3605 2045 3637 F
2176 3606 2232 3645 (14)
2258 3604 2294 3636 111
2307 3606 2366 3638 ins.

1281 3654 1337 3693 (15)
1363 3653 1503 3686 meaeF
1563 3655 1622 3695 (16)
1644 3652 1793 3685 omnium
1804 3663 1864 3683 scr.
1938 3652 1995 3690 (17)
2018 3649 2153 3690 quodF
2217 3651 2275 3690 (18)
2301 3650 2366 3682 ius-

1279 3700 1366 3731 serat
1377 3710 1438 3731 scr.

1326 3745 1386 3785 (19)
1413 3743 1495 3777 Sab.
1517 3752 1593 3779 1...3.
1614 3753 1641 3778 5.
1665 3752 1758 3778 7...13.
1781 3752 1830 3781 ιτς
1863 3743 1928 3777 Ed.
1950 3750 1976 3777 4.
2000 3750 2027 3776 e.
2048 3749 2090 3776 15.
2112 3751 2155 3776 16.
2177 3750 2288 3778 18...‘21.
2311 3751 2364 3782 2⁹;

1282 3789 1366 3830 Pap.
1380 3796 1423 3822 14.
1437 3796 1554 3823 22...27.
1570 3797 1615 3823 30.
1631 3797 1679 3827 31;
1705 3791 1794 3832 App.
1808 3796 1855 3822 28.
1876 3806 1920 3811 —
1942 3789 2025 3820 Bas.
2041 3789 2142 3828 44,16
