2528 3918
94 105 155 144 DE
183 111 323 144 mus
352 109 556 143 CREDI'rls

1163 90 1241 140 159

2195 96 2329 140 Xlll

910 498 1089 548 LIBER
1118 497 1505 548 DUODEGIMUS.

604 628 658 667 1¹.

89 695 148 728 DE
173 694 320 728 REBUS
345 693 555 726 CREDITIS
581 694 622 726 SI
654 693 839 726 CERTUM
872 693 1084 726 PETETUR
1114 692 1175 725 ET

426 740 486 771 DE
512 738 831 772 CONDICTIONE.

136 804 153 842 1
189 804 383 840 Ummws
411 805 502 841 libro
527 805 716 841 vicensimo
740 808 846 841 sexto
870 805 920 841 ad
942 805 1096 841 edictum
1141 804 1174 839 E

87 861 125 886 re
148 854 213 892 est,
238 850 445 895 priusquam
468 850 514 885 ad
536 850 724 886 verborum
743 850 1074 903 interpretationem
1093 860 1173 896 per-

87 895 276 937 veniamus,
302 905 420 940 pauca
443 895 487 931 de
507 895 763 940 significatione
781 896 892 941 ipsms
913 896 1007 931 tituli
1027 895 1172 931 referre.

90 944 102 975 1
154 940 327 984 Quoniam
359 940 466 985 igitur
488 941 600 976 multa
623 941 670 976 ad
694 945 900 977 contractus
925 941 1041 977 varios
1064 941 1172 986 perti-

86 985 206 1020 nentia
229 986 308 1020 iura
331 986 398 1021 sub
422 985 491 1021 hoc
515 986 619 1022 titulo
644 990 789 1032 praetor
810 987 979 1029 inseruit,
1013 986 1092 1022 ideo
1117 996 1172 1021 re—

86 1041 163 1066 rum
187 1031 403 1066 creditarum
427 1031 570 1066 titulum
619 1032 794 1068 raemisit:
821 1042 943 1067 omnes
969 1032 1062 1067 enim
1087 1042 1172 1066 con-

85 1079 242 1118 tractus,
267 1087 356 1121 quos
381 1077 533 1111 alienam
556 1076 581 1111 fi
608 1087 662 1113 em
685 1077 799 1113 secuti
822 1077 1060 1119 instituimus,
1087 1087 1172 1112 con-

84 1121 268 1166 plectitur:
306 1132 406 1163 nam,
439 1125 480 1156 ut
509 1122 600 1157 libro
632 1123 745 1167 primo
778 1123 1025 1167 quaestionum
1050 1121 1172 1157 Celsus

85 1166 144 1208 ait,
169 1166 336 1202 credendi
358 1167 531 1212 generalis
563 1168 753 1213 appellatio
787 1171 858 1202 est:
891 1168 970 1202 ideo
1004 1167 1071 1203 sub
1103 1167 1172 1203 hoc

84 1211 186 1247 titulo
211 1216 357 1256 praetor
381 1215 416 1247 et
440 1212 483 1247 de
507 1213 730 1248 commodato
756 1217 791 1248 et
814 1213 858 1248 de
881 1213 1028 1258 pignore
1052 1212 1170 1248 edixit.

84 1268 166 1292 nam
189 1257 399 1302 cuicumque
421 1258 473 1293 rei
493 1258 735 1293 adsentiamur
755 1258 907 1293 alienam
929 1258 1033 1293 iidem
1057 1258 1171 1293 secuti

84 1313 166 1337 mox
189 1303 366 1347 recepturi
389 1303 492 1347 quid,
526 1314 569 1338 ex
601 1304 669 1339 hoc
703 1308 892 1339 contractu
917 1303 1062 1339 credere
1086 1303 1171 1338 dici-

84 1358 173 1382 mur.
209 1347 260 1383 rei
285 1358 353 1392 quo
380 1358 425 1383 ue
448 1349 593 1384 verbum
616 1354 657 1384 ut
687 1349 851 1394 generale
882 1353 1027 1394 praetor
1058 1348 1169 1393 elegit.

129 1390 154 1429 2
179 1392 235 1428 ΡΑ
243 1403 338 1428 ULUS
372 1393 449 1429 ibro
473 1395 664 1430 vicensimo
689 1399 814 1430 octavo
835 1395 884 1430 ad
903 1395 1055 1430 edictum
1089 1394 1171 1428 Mu-

86 1442 186 1473 tuum
218 1438 343 1473 damus
374 1439 553 1484 recepturi
584 1450 656 1475 non
693 1439 841 1475 eandem
875 1440 1030 1484 speciem
1066 1449 1172 1484 quam

84 1483 243 1519 dedimus
276 1484 445 1529 (alioquin
477 1485 740 1521 commodatum
772 1485 838 1520 erit
860 1489 925 1520 aut
948 1484 1170 1537 depositum),

85 1529 147 1564 sed
169 1529 261 1564 idem
284 1539 413 1574 genus:
446 1540 529 1565 nam
553 1530 583 1565 si
606 1530 704 1566 aliud
732 1541 865 1575 genus,
896 1530 1006 1566 veluti
1035 1533 1076 1566 ut
1106 1540 1170 1575 pro

89 1577 99 1609 l
151 1574 268 1609 tritico
293 1574 412 1609 vinum
435 1575 660 1620 recipiamus,
685 1586 758 1611 non
782 1576 848 1611 erit
868 1579 1041 1611 mutuum.
1088 1575 1170 1610 Mu-

84 1620 135 1654 tui
160 1619 256 1654 datio
282 1620 445 1655 consistit
475 1620 512 1655 in
543 1621 598 1656 his
628 1621 757 1664 rebus,
793 1632 886 1666 quae
916 1621 1074 1666 pondere
1104 1632 1170 1655 nu-

83 1675 177 1700 mero
202 1675 369 1700 mensura
403 1666 644 1709 consistunt2,
676 1667 845 1712 quoniam
875 1677 998 1702 eorum
1029 1666 1172 1701 datione

83 1713 270 1755 possumus
294 1710 330 1745 in
355 1711 527 1746 creditum
551 1711 613 1754 ire,
638 1713 748 1757 quia³
770 1713 808 1747 in
831 1722 959 1757 genere
979 1722 1044 1747 suo
1065 1711 1170 1746 func-

82 1756 212 1791 tionem
235 1755 413 1801 recipiunt
442 1767 507 1801 per
537 1757 749 1793 solutionem
780 1768 886 1803 quam
918 1757 1055 1803 specie:
1088 1767 1171 1792 nam

82 1801 117 1835 in
149 1801 274 1836 ceteris
306 1801 413 1836 rebus
437 1801 516 1837 ideo
540 1803 578 1837 in
602 1802 776 1838 creditum
798 1803 849 1838 ire
872 1813 945 1838 non
969 1813 1170 1848 possumuS,

83 1846 164 1891 quia
188 1846 285 1881 aliud
308 1857 373 1891 pro
398 1846 467 1882 alio
491 1847 599 1883 invito
625 1848 793 1883 creditori
816 1848 904 1884 solvi
935 1859 1008 1884 non
1039 1851 1168 1893 potest.

83 1895 101 1927 2
148 1891 340 1936 Appellata
364 1896 418 1927 est
441 1896 560 1928 autem
583 1893 697 1928 mutui
721 1893 817 1929 datio
842 1894 888 1929 ab
913 1903 974 1936 eo,
1006 1893 1102 1938 quod
1127 1893 1171 1929 de

82 1947 158 1972 meo
181 1940 283 1971 tuum
307 1936 365 1971 fit:
392 1941 427 1972 et
450 1937 549 1981 ideo,
575 1939 605 1973 si
628 1949 701 1974 non
723 1939 788 1974 fiat
810 1942 930 1981 tuum,
955 1949 1029 1974 non
1052 1938 1168 1974 nasci-

83 1984 101 2017 3
147 1985 206 2017 tur
230 1982 408 2026 obligatio.
459 1983 640 2019 Creditum
663 1994 745 2029 ergo
770 1995 792 2019 a
814 1988 938 2019 mutuo
963 1983 1081 2019 differt
1101 1994 1171 2029 qua

81 2038 189 2072 genus
213 2037 235 2062 a
255 2038 271 2062 s
299 2027 390 2063 ecie:
415 2038 499 2063 nam
523 2029 696 2065 creditum
717 2029 879 2065 consistit
899 2033 1000 2065 extra
1020 2039 1081 2065 eas
1101 2039 1170 2072 res,

82 2083 172 2118 quae
195 2083 267 2117 pon
294 2083 352 2108 ere
375 2084 522 2109 numero
556 2085 724 2110 mensura
757 2075 985 2110 continentur
1016 2075 1087 2117 sic,
1118 2079 1170 2116 ut,

82 2118 112 2153 si
135 2117 283 2153 eandem
306 2128 380 2153 rem
404 2120 582 2164 recepturi
606 2129 739 2162 sumus,
765 2120 939 2156 creditum
964 2123 1018 2155 est
1028 2121 1053 2155 ⁴.
1085 2119 1170 2155 item

82 2167 240 2199 mutuum
276 2173 347 2198 non
381 2167 500 2209 potest
532 2175 628 2208 esse,
671 2165 740 2201 nisi
777 2165 1027 2211 proficiscatur
1060 2175 1168 2210 pecu-

82 2209 158 2251 nia,
192 2208 366 2244 creditum
398 2212 517 2245 autem
551 2210 728 2246 interdum
763 2211 871 2246 etiam
909 2211 940 2246 si
975 2210 1061 2245 nihil
1084 2221 1168 2256 pro-

83 2256 103 2289 4
148 2254 341 2296 ficiscatur‚
362 2254 470 2289 veluti
490 2255 521 2290 si
533 2259 616 2301 post
627 2256 771 2301 nuptias
786 2256 849 2292 dos
862 2256 1102 2301 promittatur.
1129 2257 1170 2290 In

82 2299 194 2334 mutui
229 2299 371 2335 datione
406 2304 548 2344 oportet
582 2301 762 2337 dominum
794 2311 872 2337 esse
904 2301 1065 2344 dantem,
1103 2312 1169 2336 nec

82 2344 193 2387 obest,
218 2344 313 2390 quod
336 2344 430 2380 filius
453 2345 606 2381 familias
627 2350 662 2382 et
682 2357 804 2382 servus
825 2346 950 2382 dantes
970 2346 1168 2392 peculiares

82 2400 242 2425 nummos
275 2390 345 2425 obli
370 2394 450 2425 ant:
483 2391 521 2427 id
545 2392 637 2427 enim
659 2393 733 2427 tale
757 2397 830 2435 est,
862 2392 967 2437 quale
990 2392 1022 2427 si
1044 2392 1167 2427 volun-

81 2438 154 2470 tate
179 2445 257 2471 mea
280 2439 319 2470 tu
369 2446 406 2470 es
430 2437 636 2481 pecuniam:
670 2448 752 2472 nam
784 2437 870 2472 mihi
894 2437 987 2472 actio
1013 2437 1168 2482 adquiri-

83 2483 101 2515 5
147 2485 217 2523 tur,
242 2481 326 2516 licet
348 2481 418 2516 mei
441 2482 574 2517 nummi
598 2493 670 2518 non
693 2482 837 2518 fuerint.
886 2482 1014 2518 Verbis
1027 2493 1168 2527 quoque

83 2525 253 2562 credimus
274 2526 428 2571 quodam
449 2531 533 2562 actu
553 2528 599 2563 ad
619 2528 869 2573 obligationem
890 2527 1168 2573 comparandam

82 2570 301 2616 interposito,
322 2571 430 2606 veluti
451 2573 691 2618 stipulatione.

127 2613 150 2653 3
175 2616 404 2652 POMPONIUS
425 2617 515 2653 libro
539 2619 731 2654 vicensimo
754 2618 905 2671 septimo
925 2618 976 2653 ad
993 2616 1168 2653 Sabinum

84 2659 168 2697 Oum
191 2661 277 2707 quid
301 2665 463 2697 mutuum
488 2663 707 2707 dederimus,
740 2667 806 2699 ets1
829 2673 901 2698 non
926 2663 1103 2706 cavimus,
1129 2666 1169 2698 ut

83 2715 192 2759 aeque
216 2707 349 2742 bonum
374 2707 477 2743 nobis
498 2709 716 2751 redderetur,
741 2719 813 2744 non
831 2708 916 2743 licet
935 2708 1086 2744 debitori
1107 2708 1167 2743 de-

83 2755 242 2787 tenorem
274 2762 366 2794 rem,
400 2763 492 2798 quae
523 2764 567 2790 ex
598 2754 721 2790 eodem
750 2764 878 2800 genere
910 2753 975 2796 sit,
1009 2753 1168 2796 reddere,

85 2797 188 2832 veluti
210 2798 329 2833 vinum
353 2808 482 2833 novum
505 2810 569 2844 pro
594 2803 731 2835 vetere:
756 2809 841 2834 nam
862 2799 900 2834 in
924 2799 1168 2834 contrahendo

84 2842 176 2886 quod
199 2843 314 2887 agitur
337 2853 402 2888 pro
428 2848 534 2880 cauto
559 2845 765 2880 habendum
789 2848 862 2887 est,
894 2843 932 2878 id
963 2848 1081 2879 autem
1114 2844 1170 2888 agi

84 2886 309 2932 intellegitur,
346 2891 387 2923 ut
418 2889 575 2925 eiusdem
606 2890 745 2935 generis
778 2893 814 2925 et
847 2888 972 2925 eadem
1006 2889 1169 2925 bonitate

84 2931 248 2975 solvatur,
273 2943 344 2978 qua
368 2933 491 2969 datum
515 2935 570 2970 sit.

128 2975 154 3014 4
183 2977 378 3014 lamma
405 2979 497 3015 libro
530 2981 740 3027 triqensz'mo
765 2984 896 3025 quarto
921 2979 970 3014 ad
993 2978 1167 3015 Sabinum

83 3020 120 3057 Si
149 3023 227 3068 quis
258 3034 323 3059 nec
358 3034 504 3060 causam
536 3036 602 3062 nec
625 3025 848 3071 propositum
871 3024 1080 3059 faenerandi
1102 3024 1166 3058 ha-

84 3066 198 3103 buerit
229 3072 264 3103 et
287 3072 327 3104 tu
351 3073 534 3114 empturus
558 3071 706 3116 praedia
730 3070 984 3106 desideraveris
1009 3073 1167 3104 mutuam

83 3113 267 3165 pecuniam
302 3124 368 3150 nec
402 3115 556 3151 volueris
593 3116 750 3152 creditae
791 3115 933 3150 nomine
976 3118 1166 3159 antequam

84 3165 224 3194 emisses
248 3159 430 3204 suscipere
453 3164 491 3194 at
515 3171 561 3196 ue
584 3161 635 3196 ita
660 3161 833 3203 creditor,
866 3162 950 3206 quia
973 3160 1166 3195 necessita-

83 3204 152 3237 tem
172 3202 265 3239 forte
287 3204 498 3249 proficiscen
526 3206 534 3213 ‘
559 3205 735 3248 habebat,
769 3205 973 3250 deposuerit
1004 3204 1101 3257 apud
1131 3209 1167 3240 te

83 3245 174 3299 hanc
199 3248 344 3284 eandem
367 3251 574 3294 pecuniam,
606 3255 665 3294 ut,
696 3251 727 3286 si
750 3251 913 3293 emisses,
947 3250 1071 3286 crediti
1102 3260 1165 3285 no-

83 3301 175 3328 mme
197 3293 371 3339 obligatus
396 3305 502 3338 esses,
526 3296 596 3332 hoc
616 3296 817 3341 depositum
835 3296 994 3341 periculo
1015 3299 1070 3330 est
1090 3295 1163 3330 eius

85 3337 143 3381 qui
173 3339 338 3384 suscepit.
375 3350 457 3374 nam
489 3345 524 3375 et
549 3341 608 3386 qui
630 3352 705 3377 rem
730 3341 949 3376 vendendam
973 3341 1164 3385 acceperit,

87 3384 102 3416 1
150 3386 191 3417 ut
208 3384 320 3435 pretio
340 3388 511 3428 uteretur,
531 3386 688 3430 periculo
710 3397 774 3422 suo
795 3396 869 3421 rem
888 3385 1044 3421 habebit.
1092 3385 1165 3420 Res

84 3426 335 3481 pignori-(lata
365 3430 516 3474 pecunia
539 3431 657 3467 soluta
680 3431 819 3467 condici
843 3434 971 3476 potest.
1010 3434 1046 3466 et
1067 3430 1164 3465 fruc-

85 3473 142 3506 tus
166 3482 210 3507 ex
231 3477 363 3508 imusta
387 3485 497 3510 causa
520 3477 680 3521 percepti
705 3475 916 3512 condicendi
948 3479 1050 3511 sunt:
1083 3486 1165 3510 nam

130 3585 169 3626 (1)
194 3585 596 3628 Sab.1...·1.9.11.13...2s;
617 3590 682 3623 Ed.
699 3596 972 3624 8.10.12.2·1...33.
987 3597 1033 3624 35.
1047 3597 1094 3623 36.
1109 3597 1161 3627 ης

86 3627 168 3671 Ραρ.
183 3636 227 3663 3⁴.
242 3637 355 3664 3τ...4ι.
367 3649 413 3655 -—
425 3631 509 3665 Bas.
524 3634 576 3673 23,
590 3641 615 3667 1.
627 3652 672 3659 —
688 3634 738 3678 Cf.
757 3635 833 3668 Cod.
847 3636 881 3674 4,
893 3642 916 3669 1.
929 3642 946 3669 2
1017 3636 1058 3676 (2)
1084 3645 1161 3667 con-

86 3675 176 3704 stant
189 3675 270 3708 Hal.
406 3678 447 3717 (3)
474 3677 564 3718 quia]
578 3688 662 3720 quae
675 3680 752 3713 Hal.
897 3682 939 3718 (4)
966 3682 1029 3722 est}
1043 3680 1088 3712 sit
1100 3692 1161 3712 scr.

86 3718 130 3761 (5)
155 3718 196 3750 ad
208 3719 242 3752 F
351 3721 394 3763 (6)
419 3721 465 3753 sit
476 3733 538 3755 scr.
642 3726 684 3767 (7)
710 3724 871 3769 fungatur
883 3724 930 3758 F²
1036 3726 1080 3768 (8)
1105 3724 1161 3758 ad-

1246 627 1282 658 et
1313 623 1342 658 si
1372 623 1525 666 ‚colonus
1556 627 1640 668 post
1670 623 1822 659 lustrum
1854 623 2068 668 completum
2091 624 2230 660 fructus
2253 635 2334 670 per-

1246 679 1286 704 ce
1313 669 1398 710 erit,
1432 669 1571 704 condici
1595 679 1657 704 eos
1681 671 1826 704 constat
1855 668 1906 703 ita
1938 668 2095 711 demum,
2129 669 2159 704 si
2189 680 2261 705 non
2292 680 2333 704 ex

1244 724 1286 749 vo
1303 717 1427 749 untate
1451 714 1583 749 domini
1606 713 1766 759 percepti
1789 716 1891 749 sunt:
1917 724 1999 748 nam
2025 714 2054 748 si
2079 725 2123 749 ex
2140 715 2334 758 voluntate,

1245 761 1264 794 2
1311 759 1438 803 procul
1462 759 1570 795 dubio
1596 763 1714 795 cessat
1738 758 1926 795 condictio.
1975 758 2049 801 Ea,
2082 770 2174 804 quae
2204 760 2238 795 vi
2268 760 2334 795 flu-

1244 803 1376 839 minum
1400 804 1594 850 importata
1618 808 1712 847 sunt,
1739 803 1878 840 condici
1901 808 2062 849 possunt.

1290 847 1314 887 5
1340 848 1570 885 POMPONIUS
1590 849 1682 886 libro
1705 850 1896 885 vicensimo
1913 849 2071 885 secundo
2092 849 2142 885 ad
2161 848 2333 885 Sabinum

1244 894 1347 938 Quod
1358 898 1394 930 te
1405 894 1491 929 mihi
1512 895 1597 930 dare
1617 898 1782 940 oporteat
1802 895 1832 930 si
1852 894 1888 929 id
1909 898 2036 939 postea
2053 894 2207 940 perierit,
2229 905 2334 939 quam

1269 949 1308 975 er
1330 943 1367 975 te
1389 939 1526 976 factum
1551 941 1618 975 erit
1650 941 1837 985 quominus
1869 940 1929 974 id⁵
1960 940 2045 975 mihi
2077 940 2200 982 dares,
2233 945 2334 975 tuum

1259 995 1320 1020 ore
1343 984 1380 1020 id
1405 985 1652 1021 detrimentum
1678 989 1830 1021 constat.
1869 985 1931 1020 sed
1955 996 2036 1020 cum
2060 989 2263 1031 quaeratur,
2289 996 2334 1020 an

1242 1040 1307 1075 per
1329 1033 1365 1066 te
1387 1030 1525 1066 factum
1549 1031 1605 1074 sit,
1631 1030 1864 1066 animadverti
1888 1030 2041 1074 debebit,
2067 1042 2139 1066 non
2163 1031 2278 1066 solum
2298 1031 2334 1065 in

1242 1079 1421 1121 potestate
1443 1080 1507 1111 tua
1529 1075 1639 1111 fuerit
1661 1076 1698 1111 id
1721 1087 1787 1111 nec
1812 1086 1857 1111 ne
1880 1080 1944 1111 aut
1967 1076 2049 1111 dolo
2083 1076 2176 1112 malo
2209 1076 2334 1111 feceris

1243 1121 1432 1165 quominus
1458 1123 1576 1157 esset‘3
1599 1121 1654 1157 vel
1678 1121 1786 1157 fuerit
1810 1132 1876 1157 nec
1900 1131 1962 1164 ne,
1996 1121 2060 1156 sed
2084 1122 2191 1157 etiam
2216 1122 2245 1156 si
2269 1122 2332 1156 ali-

1242 1176 1313 1211 qua
1336 1166 1432 1202 iusta
1456 1177 1567 1202 causa
1591 1167 1647 1210 sit,
1672 1170 1818 1212 propter
1839 1177 1946 1212 quam
1965 1166 2165 1212 intellegere
2187 1166 2334 1202 deberes

1241 1215 1277 1247 te
1301 1211 1386 1247 dare
1409 1216 1585 1257 oportere.

1288 1254 1313 1294 6
1334 1257 1391 1292 ΡΛ
1399 1267 1443 1292 οι,
1450 1267 1494 1293 vs
1502 1257 1593 1294 libro
1606 1258 1797 1293 vicensimo
1810 1260 1936 1293 octavo
1950 1257 1999 1292 ad
2010 1257 2164 1293 edictum
2190 1257 2334 1291 Certum

1242 1306 1314 1344 est,
1348 1302 1448 1338 cuius
1473 1303 1609 1348 species
1632 1303 1688 1338 vel
1711 1302 1912 1347 quantitas,
1945 1312 2037 1347 quae
2060 1303 2098 1337 in
2121 1301 2336 1346 obligatione

1241 1351 1413 1391 versatur,
1439 1352 1502 1383 aut
1522 1348 1664 1384 nomine
1685 1358 1750 1384 suo
1771 1351 1836 1383 aut
1856 1357 1899 1383 ea
1918 1347 2221 1383 demonstratione
2242 1358 2335 1392 quae

1242 1393 1393 1428 nominis
1418 1393 1494 1429 vice
1513 1393 1674 1439 fungitur
1695 1393 1809 1438 qualis
1830 1397 2035 1438 quantaque
2055 1394 2103 1429 sit
2122 1393 2331 1429 ostenditur.

1241 1448 1325 1473 nam
1338 1443 1373 1474 et
1382 1438 1513 1474 Pedius
1526 1439 1617 1474 libro
1630 1438 1743 1484 primo
1758 1438 1801 1474 de
1809 1439 2097 1484 stipulationibus
2107 1438 2334 1474 nihilreferre

1241 1483 1310 1526 ait,
1342 1484 1488 1529 proprio
1520 1485 1663 1520 nomine
1692 1495 1749 1520 res
1781 1484 1978 1529 appeHetur
2009 1494 2055 1519 an
2080 1484 2188 1529 digito
2213 1488 2332 1520 osten-

1242 1529 1349 1564 datur
1368 1540 1415 1564 an
1433 1530 1617 1565 vocabulis
1631 1529 1843 1575 quibusdam
1856 1529 2135 1565 demonstretur:
2157 1533 2333 1574 quatenus

1241 1578 1366 1610 mutua
1389 1575 1465 1610 vice
1488 1574 1684 1628 fungantur
1693 1576 1719 1617 ⁷,
1744 1585 1836 1620 quae
1858 1574 2068 1610 tantundem
2091 1578 2285 1620 praestent.

1288 1617 1312 1656 7
1333 1619 1529 1656 Uzfflzws
1538 1620 1629 1656 labro
1642 1621 1833 1656 vicensimo
1845 1624 1950 1655 sexto
1959 1621 2010 1655 ad
2017 1620 2168 1655 edictum
2194 1620 2331 1662 Omnia,

1241 1675 1333 1710 quae
1365 1665 1474 1701 inseri
1505 1665 1794 1711 stipulationibus
1825 1669 1995 1710 possunt,
2028 1665 2151 1701 eadem
2183 1671 2330 1710 possunt

1242 1711 1349 1746 etiam
1372 1711 1610 1746 numerationi
1632 1711 1824 1756 pecuniae,
1858 1714 1895 1746 et
1925 1710 2005 1746 ideo
2031 1714 2067 1746 et
2091 1710 2330 1746 condiciones.

1287 1752 1312 1793 8
1337 1755 1568 1791 POMPONIUS
1587 1756 1680 1792 libro
1703 1759 1808 1792 sexto
1829 1767 1879 1792 ex
1898 1755 2045 1791 Plautio
2079 1755 2235 1792 Proinde
2254 1767 2331 1792 mu-

1241 1802 1294 1837 tui
1317 1801 1414 1837 datio
1438 1801 1617 1837 interdum
1640 1801 1791 1847 pendet,
1824 1804 1865 1836 ut
1898 1812 1941 1836 ex
1972 1805 2056 1847 post
2078 1801 2176 1837 facto
2202 1801 2332 1837 confir-

1240 1850 1375 1883 metur:
1411 1847 1521 1882 veluti
1553 1847 1584 1882 si
1616 1846 1695 1882 dem
1726 1847 1791 1882 tibi
1826 1849 1969 1882 mutuos
2001 1857 2183 1889 nummos,
2216 1851 2277 1889 ut,
2302 1847 2335 1883 si

1241 1892 1404 1928 condicio
1429 1892 1550 1938 aliqua
1574 1892 1767 1935 exstiterit,
1802 1892 1856 1927 tui
1878 1891 1967 1927 fiant
1990 1893 2109 1937 sisque
2133 1892 2218 1927 mihi
2242 1892 2331 1928 obli-

1239 1941 1362 1982 gatus:
1398 1938 1484 1973 item
1519 1938 1551 1973 si
1583 1938 1737 1983 legatam
1795 1937 1957 1973 ecuniam
1992 1938 2095 1973 heres
2132 1937 2334 1980 crediderit,

1240 1982 1368 2018 deinde
1390 1983 1582 2028 legatarius
1608 1993 1687 2018 eam
1719 1993 1766 2018 no
1781 1983 1834 2018 uit
1865 1982 1912 2018 ad
1944 1993 1983 2018 se
2013 1983 2212 2035 pertinere,
2248 1983 2332 2028 quia

1239 2028 1379 2064 heredis
1414 2038 1458 2063 ex
1493 2028 1550 2064 die
1586 2028 1705 2064 aditae
1739 2028 1946 2063 hereditatis
1989 2028 2153 2063 videntur
2197 2029 2330 2063 nummi

1238 2073 1368 2116 fuisse,
1402 2077 1444 2108 ut
1467 2074 1604 2109 credita
1626 2073 1781 2119 pecunia
1803 2073 1878 2119 peti
1901 2073 2027 2118 possit.
2064 2084 2146 2108 nam
2170 2073 2330 2109 Iulianus

1239 2119 1290 2154 ait
1325 2123 1361 2154 et
1394 2118 1605 2154 traditiones
1640 2119 1686 2154 ab
1721 2118 1852 2154 herede
1885 2118 2003 2155 factas
2040 2118 2086 2154 ad
2120 2118 2158 2153 id
2191 2122 2329 2164 tempus

1238 2164 1367 2208 redigi,
1404 2175 1473 2209 quo
1504 2164 1683 2200 hereditas
1708 2164 1805 2199 adita
1827 2163 1955 2207 fuerit,
1991 2175 2073 2200 cum
2105 2164 2329 2209 repudiatum

1238 2209 1285 2245 sit
1306 2210 1340 2244 le
1365 2213 1463 2244 atum
1486 2213 1550 2245 aut
1573 2209 1776 2255 adpositum
1784 2210 1809 2245 Β.

1284 2251 1309 2292 9
1369 2264 1538 2290 LPIANUS
1553 2255 1644 2290 libro
1663 2255 1854 2290 vicensimo
1867 2257 1972 2290 sexto
1985 2253 2036 2289 ad
2046 2253 2199 2290 edictum
2236 2253 2329 2289 Certi

1239 2300 1416 2335 condictio
1443 2300 1613 2346 competit
1636 2310 1680 2336 ex
1703 2299 1801 2335 omni
1831 2309 1960 2342 causa,
1993 2309 2037 2334 ex
2068 2299 2165 2335 omni
2195 2299 2329 2344 obliga-

1237 2345 1345 2388 tione,
1371 2355 1414 2381 ex
1438 2356 1510 2390 qua
1534 2349 1670 2381 certum
1692 2346 1836 2391 petitur,
1861 2344 1934 2380 sive
1958 2355 2002 2380 ex
2022 2348 2119 2380 certo
2143 2348 2330 2380 contractu

1238 2394 1383 2436 petatur
1414 2391 1487 2426 sive
1523 2401 1566 2426 ex
1596 2391 1751 2426 incerto:
1785 2390 1870 2426 licet
1902 2389 1993 2425 enim
2025 2390 2128 2425 nobis
2161 2399 2206 2425 ex
2236 2390 2330 2425 omni

1239 2439 1427 2471 contractu
1451 2439 1587 2471 certum
1621 2436 1828 2478 condicere,
1861 2434 2051 2470 dummodo
2083 2445 2252 2480 praesens
2284 2435 2331 2470 sit

1238 2481 1426 2527 obligatio:
1452 2485 1610 2517 ceterum
1633 2482 1663 2517 si
1686 2481 1724 2517 in
1747 2481 1839 2516 diem
1862 2481 1909 2516 sit
1932 2480 1987 2515 vel
2011 2480 2077 2515 sub
2095 2479 2330 2516 condicione⁹

1238 2527 1426 2572 obligatio,
1463 2530 1547 2562 ante
1583 2527 1674 2562 diem
1714 2526 1770 2562 vel
1809 2525 2053 2562 condicionem
2097 2536 2169 2561 non
2203 2529 2328 2571 potero

1242 2575 1255 2607 1
1306 2582 1420 2618 agere.
1469 2572 1555 2607 Com
1583 2572 1647 2607 etit
1669 2572 1760 2607 haec
1784 2571 1879 2606 actio
1901 2570 2007 2606 etiam
2029 2581 2072 2606 ex
2091 2570 2198 2616 legati
2219 2581 2330 2606 causa

1238 2620 1274 2652 et
1298 2628 1342 2653 ex
1365 2618 1440 2663 lege
1463 2618 1556 2662 Aqu'
1572 2617 1617 2652 ia.
1655 2617 1718 2652 sed
1744 2620 1779 2652 et
1803 2627 1845 2651 ex
1870 2626 1980 2651 causa
1998 2614 2131 2651 furtiva
2149 2626 2214 2661 per
2234 2616 2329 2652 hanc

1238 2663 1415 2698 actionem
1447 2662 1658 2698 condicitur.
1695 2662 1758 2697 sed
1783 2665 1819 2697 et
1850 2661 1880 2697 si
1911 2671 1956 2696 ex
1988 2665 2133 2697 senatus
2166 2661 2328 2697 consulto

1238 2711 1371 2753 agetur,
1398 2708 1568 2753 competit
1589 2708 1679 2743 haec
1704 2707 1809 2750 actio,
1834 2706 1942 2742 veluti
1967 2705 1997 2742 si
2014 2706 2045 2742 is
2066 2707 2124 2741 cui
2142 2706 2329 2743 fiduciaria

1238 2755 1258 2788 2
1305 2753 1483 2788 hereditas
1518 2753 1685 2788 restituta
1721 2755 1775 2787 est
1809 2762 1914 2797 agere
1944 2751 2049 2787 volet.
2098 2751 2178 2788 Sive
2210 2756 2328 2788 autem

1238 2809 1302 2834 suo
1327 2798 1469 2833 nomine
1493 2798 1571 2842 quis
1595 2798 1772 2843 obligatus
1797 2797 1843 2832 sit
1866 2797 1938 2832 sive
1970 2797 2105 2840 alieno,
2138 2807 2203 2850 per
2234 2798 2327 2833 hanc

1238 2846 1258 2879 3
1306 2843 1483 2878 actionem
1517 2846 1615 2878 recte
1649 2842 1868 2878 convenitur.
1928 2842 2102 2887 Quoniam
2143 2843 2250 2888 1gitur
2284 2853 2327 2877 ex

1237 2888 1400 2924 omnibus
1432 2888 1677 2923 contractibus
1709 2887 1800 2923 haec
1832 2887 1919 2923 certi
1943 2887 2120 2923 condictio
2146 2889 2325 2934 competit,

1237 2933 1309 2969 sive
1332 2944 1372 2968 re
1394 2933 1504 2968 fuerit
1527 2936 1738 2968 contractus.
1757 2932 1876 2968 factus
1900 2932 1972 2968 sive
1995 2933 2110 2968 verbis
2136 2933 2208 2969 sive
2241 2944 2325 2969 con-

1236 2978 1396 3021 iunctim,
1417 2977 1624 3013 referendae
1644 2981 1728 3013 sunt
1747 2978 1850 3014 nobis
1894 2978 2046 3013 uaedam
2065 2979 2214 3023 species,
2236 2988 2327 3030 quae

1237 3023 1381 3069 dignum
1403 3023 1539 3058 habent
1562 3026 1777 3066 tractatum,
1809 3034 1855 3058 an
1906 3034 1969 3059 aec
1994 3023 2088 3058 actio
2114 3023 2160 3058 ad
2183 3024 2336 3069 petitio-.

1237 3072 1258 3103 4
1304 3079 1386 3104 nem
1421 3079 1543 3104 eorum
1578 3068 1745 3103 sufficiat.
1804 3067 1997 3104 Numeravi
2032 3068 2098 3103 tibi
2133 3068 2255 3104 decem
2291 3072 2325 3103 et

1236 3114 1326 3150 haec
1361 3114 1421 3149 alii
1459 3113 1649 3158 stipulatus
1685 3124 1781 3149 sum:
1818 3114 1917 3149 nulla
1953 3117 2008 3149 est
2042 3114 2243 3158 stipulatio:
2279 3123 2325 3148 an

1237 3159 1424 3195 condicere
1456 3158 1578 3194 decem
1610 3169 1675 3204 per
1705 3159 1798 3194 hane
1830 3159 2006 3194 actionem
2036 3159 2187 3204 possim,
2223 3158 2326 3211 quasi

1236 3204 1376 3240 duobus
1418 3204 1663 3240 contractibus
1698 3204 2031 3247 intervenientibus,
2077 3214 2146 3239 uno
2191 3215 2252 3249 qui
2286 3213 2325 3238 re

1234 3249 1354 3284 factus
1379 3253 1452 3291 est,
1483 3248 1520 3284 id
1551 3252 1606 3284 est
1637 3249 1898 3291 numeratione,
1931 3249 1999 3284 alio
2032 3249 2092 3293 qui
2121 3249 2256 3290 verbis,
2284 3251 2323 3285 id

1236 3298 1291 3330 est
1320 3294 1507 3336 inutiliter,
1539 3294 1707 3339 quoniam
1737 3294 1797 3329 alii
1829 3294 1994 3339 stipulari
2024 3305 2096 3329 non
2128 3293 2253 3338 potui?
2288 3299 2322 3327 et

1236 3343 1254 3374 5
1302 3342 1390 3384 puto
1414 3349 1531 3384 posse.
1578 3339 1676 3375 Idem
1699 3339 1775 3382 erit,
1800 3339 1830 3375 si
1854 3350 1876 3374 a
1894 3339 2028 3385 pupillo
2049 3338 2150 3374 fuero
2171 3338 2246 3373 sine
2267 3341 2322 3372 tu·-

1234 3385 1322 3420 toris
1347 3384 1563 3420 auctoritate
1585 3384 1789 3430 stipulatus,
1814 3385 1873 3420 cui
1895 3388 2014 3420 tutore
2038 3388 2183 3419 auctore
2196 3385 2223 3404 ¹⁰
2247 3393 2322 3417 cre-

1236 3429 1326 3465 didi:
1357 3439 1441 3465 nam
1473 3433 1510 3464 et
1532 3433 1619 3465 tunc
1642 3430 1801 3466 manebit
1822 3430 1907 3464 mihi
1932 3428 2108 3464 condictio
2134 3438 2177 3462 ex
2201 3438 2321 3462 nume-

1237 3475 1257 3510 6
1302 3474 1452 3510 ratione.
1501 3475 1590 3510 Item
1625 3475 1749 3520 quaeri
1782 3475 1939 3520 potest¹¹
1977 3477 2013 3509 et
2044 3474 2092 3515 si,
2129 3472 2225 3518 quod
2258 3472 2322 3507 tibi

1964 3588 2007 3628 (9)
2033 3585 2262 3618 condicionem
2278 3584 2318 3618 12⁰¹

1233 3588 1390 3620 mositum
1403 3589 1476 3629 Fue,
1491 3588 1650 3621 amissum
1662 3588 1782 3622 Blume

2031 3632 2085 3673 (11)
2110 3630 2189 3663 item
2204 3631 2317 3673 quaeri

1235 3636 1294 3675 (10)
1320 3637 1455 3667 auctore
1470 3635 1547 3668 add.
1561 3635 1734 3667 secundum
1749 3633 1793 3674 B,
1808 3646 1865 3665 om.
1880 3632 1941 3665 FS

1233 3677 1356 3723 potest]
1369 3678 1525 3721 idemque
1538 3680 1604 3711 erit
1615 3692 1678 3713 scr.
