2528 3918
194 86 359 131 XXXV
389 90 415 130 2

194 210 308 292 ΨΒ
341 221 422 291 ‘²33⁰
460 210 610 290 *fua
626 209 1162 291 assisam..
1175 218 1198 245 ³
1238 218 1284 290 ’.τ’

194 267 207 292 ι
270 266 359 301 supe
405 265 491 290 uum
788 265 810 291 o
855 265 902 290 an
992 265 1016 289 n
1267 273 1283 281 -

196 306 215 336 5
264 305 334 336 tur.
393 300 451 335 Ex
483 299 738 336 donationibus
768 299 807 335 in
837 309 985 335 uxorem
1017 299 1156 335 collatis
1211 298 1286 334 uod

195 347 298 382 heres
330 345 406 381 eius
437 344 587 381 reddere
617 345 692 381 viro
724 355 766 381 co
793 346 879 388 'tur.
916 345 954 379 in
994 343 1096 380 bonis
1128 354 1163 379 m
1214 343 1285 380 eris

196 401 268 427 non
292 390 370 426 erit.
407 399 490 425 nam
512 390 565 425 ita
587 389 630 425 fit
652 355 877 436 locuplgeltior,
902 394 943 425 ut
966 393 1078 442 tanto.
1092 388 1286 441 pauperior

195 446 274 472 esse
296 435 478 471 videatur:
539 434 612 471 uod
642 439 762 471 autem
786 436 888 471 heres
920 434 1002 470 inde
1032 434 1177 477 minuit,
1208 443 1284 469 viro

196 486 217 516 6
263 490 335 515 ιιοιι
394 479 472 516 erit.
552 483 677 516 ructus
712 480 939 525 praediorum
972 479 1041 515 sub
1076 478 1286 515 condicione

195 524 313 561 verbis
335 524 362 560 fi
388 525 602 562 eicommissi
626 525 861 561 relictorum¹
886 525 923 559 in
937 534 1083 560 causam
1105 523 1285 560 fideicom-

194 570 295 606 missi
334 580 407 606 non
448 569 621 606 deductos
652 570 757 606 heres
790 570 829 605 in
860 570 999 606 ratione
1022 569 1204 605 Falcidiae
1234 569 1286 605 sic

196 618 346 661 accepto
369 615 491 651 facere
513 615 583 652 sibi
606 615 765 661 cogitur,
796 619 837 649 ut
860 619 1043 660 quartam,
1077 618 1113 650 et
1135 618 1286 660 quartae

197 661 335 696 fructus
360 669 405 696 m:
431 659 489 697 die
512 660 649 703 moi-tls,
674 661 850 696 bonorum
865 670 958 705 quae
979 659 1104 695 mortis
1127 663 1199 694 tem
1225 669 1287 696 ore

197 706 347 741 fuerunt
368 705 512 742 habeat.
560 716 627 741 nec
652 705 698 741 ad
729 715 803 740 rem
827 705 1001 750 pertinet,
1034 704 1176 750 quando
1234 704 1285 739 al-

197 750 291 787 cidia
312 750 371 787 lex
394 750 551 787 admissa
573 751 638 786 sit:
669 760 752 785 nam
783 750 850 786 etsi
883 750 1035 786 maxime
1057 754 1141 796 post
1162 750 1210 785 im
1235 749 1287 785 le-

197 800 271 831 tam
309 795 556 832 condicionem
594 795 947 831 fideicommissorum
986 795 1106 831 locum
1153 794 1202 830 ha
1228 804 1287 830 ere

198 841 327 921 poegit,
330 845 471 922 εκιίιιιιιιιιι
460 851 551 922 1ιεὶεἷιιιιι
562 840 620 894 die
643 840 767 876 mortis
790 840 931 921 fructtus
979 840 1165 922 ugdrantis
1178 840 1287 894 ‘apud

290 895 329 922 er
374 896 430 922 em
576 897 614 921 ιιι
652 895 797 922 necesse
837 895 875 922 es
894 914 902 921 .
989 897 1003 921 1
1028 895 1289 922 eicommissum

197 931 371 1012 portionis
395 931 547 984 supplen
573 941 615 966 ae
690 931 782 974 atia,
811 941 877 976 pro
911 941 983 977 qna
1011 934 1162 966 matrem
1192 930 1288 966 filius

224 976 365 1013 eredem
397 976 571 1019 instituit,
604 976 635 1011 ei
662 986 719 1012 em
747 976 852 1011 matri
887 976 1011 1012 datum
1041 976 1181 1012 ratione
1203 975 1287 1011 Fal-

199 1022 313 1058 cidiae
335 1021 509 1057 minuitur
532 1026 567 1057 et
590 1031 668 1057 eam
698 1022 888 1067 pecuniam
910 1025 1024 1057 mater
1047 1031 1158 1067 supra
1181 1031 1288 1067 quar-

198 1070 219 1103 8
264 1071 340 1103 tam
370 1067 544 1112 portionis
579 1077 667 1102 suae
698 1066 883 1112 percipiet.
930 1066 1085 1111 Quarta,
1110 1077 1202 1112 quae
1225 1077 1290 1112 per

198 1113 310 1158 legem
333 1111 532 1148 Falcidiam
555 1111 739 1154 retinetur,
775 1111 1024 1147 aestimatione
1048 1122 1155 1157 quam
1178 1115 1288 1147 testa-

198 1162 256 1194 tor
277 1158 366 1194 fecit
389 1168 462 1193 non
485 1157 597 1202 magis
619 1157 732 1192 minui
754 1160 884 1202 potest,
909 1167 1017 1202 quam
1040 1157 1186 1193 auferri.

247 1201 299 1241 16
323 1202 526 1238 Seuerou
552 1203 643 1238 libro
668 1203 772 1237 tertio
797 1203 1048 1248 quaestionum
1080 1202 1118 1238 Si
1141 1212 1186 1238 ex
1209 1202 1288 1248 plu-

198 1249 298 1285 ribus
322 1248 431 1284 rebus
453 1248 578 1293 legatis
610 1247 714 1283 heres
748 1247 920 1292 quasdam
943 1247 1104 1290 solverit,
1141 1257 1186 1283 ex
1208 1247 1290 1283 reli·

200 1294 281 1340 quis
304 1292 504 1328 Falcidiam
527 1293 670 1338 plenam
693 1302 758 1338 per
781 1292 855 1328 doli
866 1292 1111 1338 exceptionem
1134 1292 1289 1328 retinere

204 1345 215 1373 1
268 1342 387 1392 potest
411 1339 518 1373 etiam
539 1348 608 1383 pro
631 1338 686 1373 his
699 1365 708 1380 ,
741 1347 834 1390 quae
863 1337 935 1373 iam
968 1337 1053 1373 data
1076 1341 1172 1374 sunt.
1220 1338 1291 1374 Sed

198 1388 235 1420 et
256 1394 289 1420 si
312 1393 384 1418 una
407 1393 465 1419 res
489 1383 537 1419 sit
559 1383 592 1419 le
616 1386 688 1426 ata,
714 1393 816 1418 cuius
840 1393 926 1428 pars
942 1383 1062 1419 soluta
1084 1383 1142 1427 sit,
1166 1393 1211 1419 ex
1233 1394 1290 1419 re-

197 1429 294 1475 liquo
318 1432 437 1474 potest
484 1429 566 1464 lena
588 1393 752 1464 lg-'alcidia
774 1428 929 1464 retineri.

248 1471 298 1511 17
323 1473 431 1508 IDEM
451 1439 542 1509 libro
565 1478 672 1509 sexto
722 1475 947 1509 uaestionum
993 1473 1031 1509 Si
1047 1477 1132 1519 post
1151 1473 1289 1509 missio-

198 1530 278 1554 nem
301 1518 413 1554 faciat
436 1518 620 1555 codicillos
690 1519 698 1527 ⁸
716 1529 753 1554 es
777 1522 814 1554 et
845 1518 941 1555 intra
969 1529 1104 1554 annum
1127 1518 1289 1562 decedat,

198 1575 244 1600 ex
273 1567 505 1606 testamento,
543 1564 639 1610 quod
669 1564 707 1599 in
738 1563 867 1599 militia
905 1564 983 1599 iure
1014 1564 1158 1599 militari
1192 1563 1290 1607 fecit,

198 1609 306 1655 plena
327 1609 466 1663 legata,
502 1619 546 1644 ex
579 1609 751 1645 codicillis
782 1609 908 1645 habita
938 1609 1122 1645 Falcidiae
1152 1609 1291 1645 ratione

197 1658 376 1700 praestari
399 1654 531 1690 debere
555 1654 695 1690 dicitur.
743 1654 807 1691 sed
830 1664 887 1690 res
910 1654 963 1690 ita
987 1654 1213 1701 expedietur:
1248 1655 1289 1698 si,

201 1700 757 1790 {ifficffiidffififfiassgi‘ffii‘
781 1703 996 1790 ἓξῖῧῐῖἓο
1013 1700 1194 1790 ἓέἒιῗωὲ’
1166 1704 1291 1781 ῑὲἣξὲε

200 1790 400 1836 octoginta,
425 1800 518 1835 quae
542 1790 588 1825 ad
618 1772 830 1835 legata-rium
854 1801 898 1826 ex
922 1790 1095 1826 codicillis
1125 1772 1134 1789 ⁷
1154 1791 1288 1826 erveni-

198 1840 290 1878 rent,
314 1835 346 1871 si
368 1835 567 1871 Falcidiam
580 1846 662 1887 'non
685 1839 880 1881 pateretur,
906 1839 1083 1881 quartam,
1106 1802 1151 1871 id³
1160 1840 1216 1872 est
1238 1836 1288 1871 vi-

199 1881 286 1926 ginti
310 1881 414 1917 heres
438 1881 617 1916 retinebit.

250 1922 300 1964 18
325 1925 485 1961 PAULUS
513 1926 603 1961 libro
642 1926 832 1962 undecimo
871 1927 1122 1972 quaestionum
1176 1925 1290 1961 Filius

199 1971 351 2007 familias
392 1971 454 2016 qui
492 1971 708 2007 militaverat
741 1970 918 2007 decedens
958 1970 1073 2017 patris
1112 1971 1169 2007 sui
1207 1971 1291 2006 fidei

200 2016 375 2053 commisit
397 2015 582 2059 codicillis,
608 2021 648 2051 ut
670 2016 852 2061 peculium
876 2027 981 2052 suum
996 2020 1180 2052 castrense
1194 2016 1288 2052 Titio

199 2065 282 2107 post
304 2065 455 2097 mortem
485 2062 709 2097 restitueret:
743 2061 1003 2107 quaerebatur,
1036 2072 1084 2097 an
1114 2066 1156 2097 ut
1186 2062 1289 2098 heres

200 2111 364 2188 quartam
388 2106 565 2142 deducere
587 2107 713 2152 possit.
761 2106 835 2142 dixi
868 2107 982 2151 legem
1013 2106 1211 2142 Falcidiam
1234 2107 1289 2142 in-

225 2156 346 2188 uctam
369 2161 448 2187 esse
471 2161 495 2187 a
518 2152 598 2187 divo
630 2151 696 2187 Pio
729 2152 835 2187 etiam
865 2152 903 2186 in
933 2152 1184 2188 intestatorum
1208 2162 1289 2188 suc-

199 2197 420 2234 cessionibus
444 2200 592 2242 propter
621 2196 913 2232 fideicommissa:
950 2196 1015 2233 sed
1045 2197 1083 2232 in
1105 2197 1290 2243 proposito

199 2252 266 2278 nec
281 2241 515 2278 hereditatem
533 2252 623 2285 esse,
647 2242 807 2288 quamvis
829 2242 988 2287 placeret
1011 2242 1098 2278 mihi
1121 2246 1289 2278 extraneo

200 2287 332 2324 herede
353 2287 518 2323 instituto
541 2286 621 2323 fieri
642 2287 877 2323 hereditatem
900 2286 1056 2323 aditione
1081 2288 1174 2323 eius:
1207 2298 1291 2323 nam

200 2343 282 2369 cum
305 2332 403 2378 apud
426 2337 566 2378 patrem
597 2337 775 2375 remanet,
806 2333 864 2368 ius
894 2332 1085 2385 pristinum
1116 2333 1223 2368 durat
1254 2337 1291 2369 et

202 2378 380 2423 peculium
411 2381 477 2413 est.
524 2388 592 2413 nec
630 2378 716 2413 huic
751 2381 970 2414 contrarium
1008 2381 1082 2421 est,
1116 2378 1213 2423 quod
1252 2378 1288 2413 in

200 2427 413 2460 testamento
445 2423 522 2459 eius
553 2423 615 2469 qui
645 2423 743 2469 apud
774 2423 895 2459 hostes
927 2422 1082 2459 decessit
1104 2426 1291 2459 exercetur

199 2468 381 2504 Falcidia:
407 2478 491 2504 nam
522 2467 620 2504 fictio
651 2468 739 2514 legis
771 2467 960 2514 Corneliae
992 2472 1028 2504 et
1058 2469 1290 2504 hereditatem

200 2518 237 2549 et
258 2514 426 2550 heredem
448 2513 549 2549 facit.
596 2513 660 2549 sed
683 2523 740 2550 me
762 2524 836 2550 non
859 2513 1034 2556 dubitare,
1053 2514 1138 2559 quin
1162 2514 1291 2550 debeat

199 2559 235 2596 id
258 2570 330 2605 quo
356 2569 402 2594 ue
424 2559 598 2604 indulgeri
622 2559 710 2604 legis
734 2558 966 2601 beneficium,
990 2559 1164 2604 siquidem
1188 2560 1290 2604 quasi

199 2605 311 2651 patris
333 2570 491 2640 ffamiliae
513 2604 610 2640 bona
632 2604 821 2640 restituere
845 2604 984 2649 cogitur
999 2608 1035 2639 et
1057 2604 1161 2640 heres
1176 2605 1288 2650 scrip-

199 2655 258 2685 tus
289 2650 423 2685 omissa
452 2659 498 2684 ex
529 2653 742 2685 testamento
783 2649 940 2685 aditione
983 2649 1146 2694 exemplo
1181 2650 1290 2686 edicti

204 2699 217 2729 1
267 2695 466 2740 legatorum
508 2694 650 2730 nomine
678 2695 917 2731 convenietur.
969 2694 1036 2730 His
1068 2705 1290 2740 consequens

203 2740 280 2783 erit,
304 2744 356 2783 ιιι,
381 2740 412 2776 si
436 2749 480 2775 ex
510 2739 688 2776 fructibus
720 2740 835 2776 medio
867 2743 1028 2785 tempore
1059 2744 1224 2785 quartam
1256 2746 1291 2775 et

203 2788 351 2830 quartae
375 2785 516 2820 fructus
539 2784 708 2820 habuerit
738 2788 861 2831 pater,
894 2785 1002 2820 etiam
1025 2784 1290 2821 Trebellianum

200 2834 344 2866 senatus
370 2830 571 2865 consultum
595 2830 806 2866 inducamus
830 2835 866 2866 et
888 2830 994 2866 utiles
1011 2830 1172 2866 actiones
1189 2841 1289 2867 exer-

201 2875 274 2911 ceri
297 2875 437 2920 possint
459 2874 592 2920 fiatque
614 2875 796 2911 hereditas
819 2880 903 2921 post
925 2875 1197 2912 restitutionem.

250 2917 301 2957 19
325 2919 528 2955 SCAEVOLA
553 2921 643 2956 libro
667 2927 794 2957 octavo
818 2921 1070 2967 quaestionum
1094 2920 1131 2956 Si
1145 2920 1290 2967 dignum

200 2964 322 3001 decem
346 2964 495 3000 fundum
511 2965 699 3001 damnetur
721 2966 825 3002 heres
849 2966 1006 3011 quinque
1027 2965 1189 3010 vendere,
1214 2967 1290 3002 sine

204 3010 313 3046 dnbio
338 3010 495 3055 quinque
519 3015 624 3046 erunt
645 3011 857 3056 imputanda
880 3010 1072 3046 Falcidiae.

247 3053 301 3093 20
326 3057 428 3090 locu
447 3054 538 3091 libro
562 3066 657 3091 nono
682 3057 932 3103 quaestionum
977 3055 1016 3091 Si
1039 3065 1062 3091 a
1085 3065 1185 3091 servo
1209 3066 1288 3092 meo

201 3099 332 3137 herede
353 3099 517 3136 instituto
542 3100 628 3135 mihi
650 3101 788 3146 legetur
804 3105 840 3137 et
855 3101 1001 3136 mihiad
1026 3101 1164 3136 nitatur
1186 3101 1288 3137 here-

201 3145 294 3190 ditas
308 3172 317 3188 ,
341 3149 449 3191 negat
471 3145 681 3181 Maecianus
705 3146 740 3181 id
765 3147 921 3192 legatum
945 3146 983 3182 in
1039 3146 1168 3181 alcidia
1192 3157 1288 3182 com-

200 3190 335 3238 putari,
359 3190 444 3237 quia
465 3200 537 3226 non
562 3190 744 3226 debeatur.

248 3234 298 3273 21
328 3235 488 3271 PAULUS
507 3235 598 3271 libro
621 3236 832 3271 duodecimo
862 3236 1114 3282 quaestionum
1161 3235 1199 3272 Si
1247 3247 1287 3271 u-

201 3281 327 3327 pillus,
359 3280 418 3316 cui
448 3280 525 3316 sine
554 3283 673 3316 tutore
703 3285 852 3316 auctore
891 3280 1013 3317 decem
1048 3284 1174 3316 mutua
1204 3247 1291 3317 dg„

201 3331 304 3369 sunt,
334 3326 491 3371 legatum
513 3335 538 3361 a
560 3325 736 3361 creditore
767 3326 937 3361 meruerit
966 3325 1035 3362 sub
1066 3326 1135 3361 bac
1166 3326 1289 3362 condi-

202 3371 315 3414 cione,
340 3372 370 3407 si
394 3371 516 3407 decem
539 3380 632 3424 quae
643 3372 824 3416 acceperit
846 3370 968 3407 heredi
990 3370 1193 3413 reddiderit,
1217 3381 1291 3407 una

203 3417 448 3452 numeratione
472 3419 509 3452 et
538 3415 663 3461 implet
685 3415 930 3451 condicionem
959 3419 996 3451 et
1026 3415 1201 3452 liberatur
1223 3425 1288 3451 na-

204 3462 309 3497 turali
333 3461 560 3507 obligatione,
585 3464 628 3496 ut
650 3460 756 3496 etiam
779 3460 817 3495 in
839 3460 1002 3496 Falcidia
1025 3461 1149 3496 heredi
1171 3461 1288 3507 impu-

202 3510 334 3551 tentur,
365 3505 526 3552 quamvis
550 3515 624 3542 non
645 3505 920 3552 imputarentur,
943 3506 975 3541 si
997 3510 1138 3541 tantum
1163 3506 1287 3542 condi-

204 3625 240 3660 (ιι
266 3619 399 3653 relictos
412 3619 447 3652 F
553 3621 597 3661 (π)
620 3618 707 3652 servi
717 3616 871 3652 Falcidia
881 3628 949 3651 non
962 3622 1106 3662 tenetur,
1125 3629 1164 3652 ex
1177 3618 1289 3654 decem

203 3665 286 3697 mihi
298 3664 418 3707 legatis
429 3668 562 3698 tenetur
573 3662 723 3707 exemplo
735 3663 848 3697 eodem
860 3661 1014 3696 Falcidia
1024 3677 1088 3698 ser.
1151 3667 1194 3706 (3)
1219 3665 1289 3697 Na·

203 3711 340 3743 nennius
351 3721 413 3743 ner.
531 3712 572 3750 (4)
598 3708 751 3743 Falcidia
763 3710 822 3742 im.
941 3710 984 3750 (5)
1009 3713 1040 3741 et
1054 3710 1140 3742 viam
1157 3710 1288 3743 laetius

1271 83 1351 134 51⁰

1497 9 1567 110 ἢ

2192 98 2255 130 ΑΙ)
2283 98 2436 130 mom

1354 207 1469 245 cionis
1499 207 1700 255 implendae
1730 217 1841 244 causa
1872 206 1958 243 data
1987 206 2149 242 fuissent.
2197 206 2287 243 adeo
2317 210 2436 243 autem

1354 256 1391 289 et
1413 252 1551 289 solvere
1571 253 1722 296 videtur,
1745 256 1787 288 ut
1808 252 1993 298 repudiato
2017 252 2134 296 legato
2156 252 2211 288 vel
2229 251 2353 288 Sfieho
2377 253 2437 297 qui

1357 301 1372 333 1
1422 297 1562 343 legatus
1585 302 1642 334 est
1674 301 1815 334 mortuo
1838 298 1927 333 nihil
1957 300 2118 342 repetere
2139 296 2264 342 possit.
2310 296 2350 333 Si
2372 307 2436 343 ego

1354 347 1391 378 et
1420 352 1546 378 servus
1580 353 1680 380 meus
1711 342 1859 379 heredes
1891 341 2046 378 instituti
2075 341 2185 378 simus
2214 351 2258 378 ex
2289 341 2437 379 diversis

1354 387 1520 433 partibus
1542 398 1609 424 nec
1632 398 1656 424 a
1677 398 1779 424 servo
1802 397 1863 424 ero
1910 391 1967 422 tus
1992 386 2159 431 dodrans,
2183 386 2239 423 his
2262 387 2392 433 quibus
2415 398 2438 423 a

1352 442 1411 468 me
1433 432 1590 478 legatum
1613 436 1669 469 est
1696 436 1822 469 contra
1884 432 2049 469 alcidiam
2078 431 2237 477 proderit
2267 432 2363 477 quod
2392 442 2435 468 ex

1353 477 1520 523 portione
1541 478 1634 514 servi
1655 477 1703 514 ad
1724 488 1781 514 me
1811 478 1971 524 pervenit
2002 487 2113 523 supra
2135 477 2333 513 Falcidiam
2361 477 2437 513 eius

1380 522 1543 558 Ortionis.
1591 533 1636 559 ex
1659 523 1837 559 contrario
1861 523 1892 559 si
1922 533 2024 559 servo
2046 532 2125 558 meo
2149 532 2272 558 servus
2294 526 2332 559 et
2351 523 2436 558 mihi

1379 577 1480 603 ecem
1501 567 1619 613 legata
1640 567 1796 611 fuerint,
1826 567 1919 604 servi
1940 567 2102 604 Falcidia
2132 577 2177 603 ex
2207 567 2330 604 decem
2352 567 2438 603 mihi

1354 612 1481 658 legatis
1504 623 1578 649 non
1599 617 1742 649 tenetur
1771 613 1931 659 exemplo
1955 613 2080 649 eodem
2101 612 2285 648 Falcidiae
2301 614 2326 648 ²:
2356 623 2438 648 nam

1355 661 1523 704 quartam
1545 658 1680 694 retineo
1705 668 1750 694 ex
1778 668 1933 704 persona
1963 658 2074 700 servi,
2110 657 2269 704 quamvis
2292 658 2336 693 de
2359 668 2439 694 mea

1354 702 1522 748 portione
1544 703 1632 739 nihil
1653 703 1866 740 exhaustum
1889 702 1946 739 sit.

1402 745 1459 785 22
1482 747 1590 784 Imm
1616 748 1707 784 libro
1737 750 1887 795 septimo
1911 748 2047 784 decimo
2095 749 2321 784 uaestionum
2366 747 2438 784 Ne·

1356 793 1529 829 sennius⁸
1551 793 1767 839 Apollinaris
1791 793 1882 829 Iulio
1906 792 2032 828 Paulo.
2154 792 2262 837 facto,
2287 792 2439 835 domine,

1356 839 1496 884 species
1520 838 1692 875 eiusmodi
1722 838 1857 874 incidit.
1906 838 2002 873 Titia
2033 838 2126 874 filias
2160 848 2245 874 suas
2275 842 2347 874 tres
2371 849 2437 873 nu-

1356 894 1455 920 mero
1480 883 1603 930 aequis
1626 893 1671 920 ex
1702 884 1866 929 partibus
1898 883 2042 928 scripsit
2070 883 2218 920 heredes
2247 886 2285 919 et
2314 893 2337 918 a
2367 883 2438 919 sin-

1357 929 1455 974 gulis
1478 929 1596 975 legata
1618 929 1769 964 invicem
1792 928 1908 971 dedit,
1933 928 1979 963 ab
2002 938 2076 963 una
2096 931 2216 965 tamen
2237 929 2289 964 ita
2310 928 2441 980 legavit

1358 979 1434 1022 tam
1459 974 1694 1010 coheredibus
1718 974 1794 1010 eius
1830 984 1934 1019 quam
1958 972 2136 1008 extraneis
2149 999 2159 1016 ‚
2188 978 2230 1008 ut
2259 973 2441 1010 Falcidiae

1358 1020 1405 1055 sit
1434 1019 1548 1056 locus.
1595 1030 1748 1065 quaero,
1781 1029 1828 1054 an
1857 1018 2029 1054 adversus
2060 1018 2252 1055 coheredes
2284 1029 2387 1060 suas,
2418 1029 2441 1054 a

1359 1065 1490 1110 quibus
1515 1065 1633 1110 legata
1657 1069 1693 1100 et
1714 1065 1794 1110 ipsa
1817 1064 1974 1109 accepit,
1998 1063 2052 1098 uti
2073 1063 2187 1108 possit
2209 1063 2371 1100 Falcidia
2394 1068 2439 1106 et,

1360 1111 1390 1145 si
1413 1120 1486 1146 non
1517 1111 1630 1155 possit
1660 1109 1715 1145 vel
1751 1109 1823 1145 doli
1853 1108 2061 1154 exceptione
2091 1109 2343 1145 summovenda
2373 1113 2439 1152 est,

1360 1154 1656 1200 quemadmodum
1685 1155 1856 1190 adversus
1886 1158 2076 1189 extraneos
2107 1154 2325 1199 computatio
2356 1154 2439 1190 Fal-

1360 1200 1475 1236 cidiae
1505 1200 1588 1236 iniri
1621 1201 1745 1245 possit.
1798 1199 1985 1252 respondi:
2027 1199 2066 1234 id
2099 1199 2259 1244 quidem,
2294 1199 2389 1245 quod
2419 1210 2442 1234 a

1360 1245 1536 1282 coherede
1558 1246 1571 1281 1
1615 1249 1755 1281 aterum
1778 1255 1919 1280 nomine
1942 1244 2158 1289 percipitur,
2182 1255 2255 1280 non
2277 1245 2369 1281 solet
2390 1245 2439 1280 le-

1358 1291 1505 1336 gatariis
1528 1256 1723 1336 prgzcere,
1753 1301 1825 1336 quo
1856 1290 1974 1325 minus
2006 1289 2203 1325 Falcidiam
2238 1290 2439 1335 patiantur:

1360 1336 1423 1372 sed
1447 1347 1527 1372 cum
1558 1337 1588 1371 is
1621 1336 1682 1382 qui
1711 1336 1868 1381 legatum
1897 1339 2145 1380 praestaturus
2169 1339 2224 1370 est
2248 1336 2294 1371 ab
2317 1335 2440 1371 eodem

1360 1382 1494 1427 aliquid
1517 1392 1562 1417 ex
1585 1384 1798 1417 testamento
1821 1380 1921 1426 petit,
1954 1391 2026 1415 non
2048 1383 2104 1416 est
2127 1380 2325 1416 audiendus
2349 1380 2440 1417 desi-

1360 1427 1490 1463 derans
1514 1427 1567 1462 uti
1600 1427 1769 1463 adversus
1801 1436 1884 1462 eum
1906 1425 2088 1461 Falcidiae
2118 1425 2310 1467 beneficio,
2341 1426 2373 1462 si
2405 1426 2441 1461 id

1360 1472 1457 1518 quod
1489 1476 1724 1518 percepturus
1756 1476 1811 1507 est
1841 1481 1885 1507 ex
1925 1471 2109 1506 voluntate
2142 1471 2325 1507 testatoris
2356 1482 2440 1517 sup-

1358 1518 1467 1563 pleat,
1492 1518 1588 1563 quod
1617 1517 1793 1553 deducere
1824 1516 2012 1552 desiderat.
2057 1516 2165 1561 plane
2196 1517 2322 1552 ceteris
2345 1517 2440 1561 lega-

1359 1563 1460 1598 tariis
1483 1559 1556 1601 ιύι
1579 1563 1799 1606 universum,
1825 1561 1920 1607 quod
1944 1561 2110 1597 coheredi
2131 1566 2303 1607 praestat,
2326 1562 2440 1608 impu-

1359 1608 1470 1650 tabit,
1508 1608 1572 1644 sed
1605 1612 1778 1653 quantum
1813 1607 1962 1642 daturus
1993 1610 2106 1649 esset,
2141 1607 2173 1642 si
2201 1607 2290 1642 nihil
2321 1607 2367 1643 ab
2398 1618 2441 1643 eo

1365 1657 1379 1688 1
1427 1653 1639 1698 perciperet.
1687 1653 1796 1688 Servo
1828 1652 1959 1688 herede
1989 1652 2150 1687 instituto
2186 1652 2218 1687 si
2247 1661 2270 1688 a
2301 1652 2440 1688 domino

1358 1698 1650 1741 fideicommissa,
1675 1709 1697 1733 a
1721 1708 1822 1734 servo
1845 1698 1859 1733 l
1904 1701 1964 1732 ata
1988 1697 2074 1732 data
2096 1701 2198 1740 sunt,
2227 1697 2327 1743 prius
2349 1698 2441 1734 ratio

1359 1744 1392 1779 le
1417 1747 1558 1779 atorum
1580 1743 1748 1780 habenda
1771 1747 1843 1786 est,
1902 1742 2006 1778 einde
2029 1752 2072 1778 ex
2097 1752 2138 1778 eo
2163 1742 2259 1788 quod
2280 1748 2442 1788 superest

1358 1788 1384 1823 fi
1409 1789 1725 1825 eicommissorum.
1762 1788 1925 1824 dominus
1950 1788 2044 1823 enim
2065 1787 2146 1824 ideo
2170 1792 2322 1831 tenetur,
2347 1789 2441 1834 quod

1359 1834 1407 1870 ad
1429 1844 1511 1870 eum
1532 1835 1711 1880 pervenit:
1743 1834 1904 1879 pervenit
1927 1837 2063 1875 autem,
2088 1832 2184 1878 quod
2207 1833 2369 1869 deductis
2391 1834 2441 1870 le-

1360 1881 1380 1914 2
1425 1880 1519 1924 gatis
1543 1883 1717 1925 superest.
1763 1879 1870 1925 plane
1893 1877 2089 1914 Falcidiam
2113 1883 2266 1914 exercet.
2313 1877 2383 1915 Sed
2406 1883 2443 1916 et

1359 1925 1390 1961 si
1414 1924 1578 1960 dominus
1614 1925 1746 1960 omissa
1775 1923 1982 1960 hereditatis
2013 1923 2169 1959 aditione
2203 1934 2344 1960 servum
2373 1924 2442 1961 sibi

1359 1970 1592 2006 substitutum
1623 1970 1721 2006 adire
1749 1970 1871 2012 iussit,
1906 1968 2007 2014 prius
2045 1973 2237 2012 erogantur
2274 1980 2366 2015 quae
2396 1970 2442 2006 ab

1357 2015 1992 2096 {pszeggfflzngagfiffifflgi
2010 2024 2162 2105 ³331?OE
2189 2024 2443 2096 “30:315OEss

1919 2086 1929 2102 ,
2348 2087 2356 2095 .

1359 2106 1513 2142 debitori
1545 2106 1711 2142 liberatio
1738 2106 1858 2151 legata
1881 2105 1943 2147 sit,
1983 2105 2142 2150 quamvis
2170 2104 2339 2141 solvendo
2369 2116 2442 2142 non

1359 2151 1416 2194 sit,
1438 2155 1557 2187 totum
1579 2152 1593 2186 l
1638 2155 1737 2186 atum
1762 2154 1995 2203 computetur,
2020 2149 2105 2186 licet
2126 2160 2255 2186 nomen
2277 2151 2347 2187 hoc
2370 2161 2443 2187 non

1359 2207 1407 2232 au
1431 2201 1490 2232 eat
1522 2197 1607 2232 here
1635 2197 1757 2232 'tatem
1787 2196 1858 2232 nisi
1889 2206 1934 2231 ex
1965 2199 2104 2231 eventu.
2157 2194 2267 2241 igitur
2296 2196 2328 2232 si
2358 2196 2441 2232 Fal-

1360 2242 1394 2277 ci
1421 2242 1429 2250 ‘
1476 2242 1596 2277 locum
1618 2242 1761 2284 habeat,
1785 2242 1854 2277 hoc
1870 2241 1951 2286 plus
1965 2240 2143 2276 videbitur
2157 2240 2322 2286 legatum,
2347 2241 2443 2287 quod

1359 2287 1444 2322 huic
1467 2287 1625 2332 legatum
1648 2291 1759 2323 esset:
1795 2291 1915 2323 cetera
1937 2295 2078 2331 quoqne
2100 2285 2304 2324 minuentur
2325 2287 2443 2339 legata

1358 2342 1424 2377 per
1445 2332 1515 2367 hoc
1539 2336 1575 2367 et
1596 2333 1714 2378 ipsum
1744 2333 1814 2367 hoc
1844 2342 1911 2377 per
1941 2331 2034 2366 alia·
2071 2341 2200 2376 capere
2230 2332 2323 2367 enim
2345 2332 2440 2368 vide-

1360 2381 1380 2412 4
1427 2381 1488 2412 tur
1511 2387 1572 2419 eo,
1604 2377 1700 2422 quod
1728 2377 1913 2412 liberatur.
1960 2358 2034 2411 Sed'
2064 2375 2094 2411 si
2125 2376 2185 2427 alii
2215 2376 2284 2412 hoc
2315 2388 2442 2413 nomen

1357 2422 1505 2467 legetur,
1529 2422 1666 2458 nullum
1687 2423 1701 2458 l
1746 2427 1843 2458 atum
1866 2422 1934 2457 erit
1956 2431 2022 2456 nec
2035 2425 2160 2457 ceteris
2184 2422 2440 2458 contribuetur.

1405 2465 1458 2506 23
1483 2467 1688 2504 Seuerou
1741 2468 1819 2503 ibro
1855 2467 1981 2514 quinto
2019 2466 2155 2502 decimo
2218 2469 2439 2503 uaestionum

1359 2512 1398 2548 Si
1419 2513 1553 2548 fundus
1577 2513 1664 2548 mihi
1694 2513 1829 2565 legetur
1854 2517 1890 2547 et
1910 2512 1986 2554 via,
2016 2511 2054 2547 in
2076 2510 2146 2547 Fal
2169 2510 2176 2518 '
2290 2513 2440 2557 ratione,

1358 2558 1390 2594 si
1412 2562 1551 2594 tantum
1575 2559 1623 2594 sit
1649 2558 1688 2593 in
1717 2568 1792 2600 via,
1826 2560 1998 2603 quantum
2027 2556 2180 2602 amplius
2212 2560 2268 2593 est
2297 2558 2334 2593 in
2357 2558 2441 2594 Fal-

1359 2603 1471 2647 cidia,
1503 2603 1641 2648 integer
1663 2603 1796 2639 fundus
1829 2603 1992 2648 capietur
2021 2606 2057 2638 et
2086 2602 2145 2637 via
2174 2603 2278 2647 perit.
2324 2603 2389 2639 sed
2411 2604 2440 2639 si

1358 2649 1415 2685 via
1436 2649 1450 2684 l
1493 2652 1573 2685 etur
1595 2659 1662 2684 nec
1685 2648 1852 2684 solvendo
1871 2648 1919 2683 sit
1941 2647 2131 2689 hereditas,
2156 2658 2229 2683 non
2243 2647 2440 2684 debebitur.

1358 2694 1462 2730 viden
1489 2704 1550 2729 um
1580 2694 1704 2737 etiam,
1740 2694 1770 2729 si
1798 2692 1911 2729 fundo
1942 2697 1979 2728 et
2011 2692 2069 2728 via
2096 2692 2214 2738 legato
2251 2693 2368 2729 minus
2398 2704 2440 2729 ex

1360 2740 1538 2785 utroque‘
1569 2739 1746 2775 desideret
1777 2749 1884 2784 quam
1915 2738 1963 2774 sit
1994 2738 2073 2774 viae
2103 2738 2268 2782 pretium.
2321 2742 2440 2784 potest

1359 2789 1486 2820 coacta
1508 2785 1647 2820 ratione
1670 2783 1739 2820 dici
1761 2795 1834 2820 non
1857 2787 1998 2819 tantum
2011 2782 2163 2818 fundum
2179 2783 2334 2819 solidum
2349 2785 2440 2830 capi,

1359 2829 1423 2865 sed
1446 2830 1554 2866 etiam
1564 2831 1589 2872 ⁵,
1621 2832 1663 2865 ut
1685 2829 1759 2865 doli
1782 2829 1943 2874 exceptio
1974 2832 2115 2863 tantum
2145 2828 2297 2871 sarciat,
2328 2839 2438 2875 quan-

1358 2879 1434 2910 tum
1459 2875 1569 2917 deest,
1592 2875 1662 2910 ne⁶
1690 2874 1772 2919 plus
1795 2874 1946 2915 habeat,
2002 2883 2085 2908 uam
2108 2872 2270 2909 Falcidia
2302 2873 2437 2911 deside-

1358 2925 1431 2956 rat:
1455 2924 1498 2956 ιιι
1519 2925 1606 2955 tunc
1628 2920 1745 2956 solum
1766 2919 1824 2955 via
1846 2919 1973 2954 interci
1997 2922 2046 2961 at,
2071 2917 2234 2963 quotiens
2257 2919 2339 2964 plus
2355 2919 2439 2955 Fal·
2507 2903 2528 2944 »ἶ

1359 2965 1452 3002 cidia
1475 2964 1654 3002 desiderat
1699 2975 1782 3000 uam
1805 2968 1862 3000 est
1882 2964 1960 2999 viae
1982 2963 2147 3014 pretium.
2516 3010 2519 3013 .

1406 3010 1461 3048 24
1486 3010 1645 3047 Panos
1655 3010 1683 3045 li
1727 3020 1748 3044 o
1764 3011 1897 3055 quarto
1914 3008 2051 3044 decumo
2065 3017 2322 3052 responsorum
2349 3004 2440 3041 Res-
2510 3017 2528 3054 Ἰ4

1360 3054 1489 3098 pendit
1531 3053 1714 3089 Falcidiae
1741 3054 1828 3106 legis
1860 3053 2036 3088 rationem
2072 3051 2103 3087 si
2131 3051 2258 3087 haberi
2286 3056 2437 3097 oportet,

1357 3103 1410 3136 ita
1432 3099 1652 3141 habendam,
1684 3109 1728 3134 ac
1759 3109 1792 3136 si
1814 3099 1883 3134 hae
1905 3108 1985 3140 res,
2016 3106 2109 3142 quae
2131 3096 2178 3132 ab
2200 3095 2332 3133 herede
2355 3097 2437 3134 sub-

1358 3149 1496 3181 tractae
1526 3147 1629 3187 sunt,
1660 3143 1699 3179 in
1729 3143 1927 3180 hereditate
1956 3142 2103 3178 relictae
2143 3143 2239 3177 non⁷
2276 3141 2438 3178 fuissent.

1362 3195 1377 3226 1
1425 3189 1524 3226 Idem
1547 3199 1605 3225 res
1632 3188 1733 3225 ondit
1781 3192 1882 3224 artus
1900 3187 2109 3223 ancillarum
2126 3191 2210 3222 ante
2226 3186 2319 3223 diem
2339 3186 2438 3223 fidei-
2510 3180 2515 3231 ᾗ

1805 3232 1953 3270 heredes
1992 3232 2067 3267 eius
2099 3232 2160 3277 qui
2190 3237 2336 3277 rogatus
2359 3233 2439 3268 est·
2510 3236 2517 3247 *

1359 3235 1538 3271 commissi
1576 3244 1596 3270 e
1623 3235 1690 3270 'tos

1357 3279 1536 3326 pertinere
1559 3289 1694 3325 eosque
1714 3279 1754 3314 in
1777 3282 1941 3325 quartam
1956 3282 1993 3313 et
2007 3281 2156 3322 quartae
2178 3275 2319 3314 fluctus
2342 3287 2438 3314 corn·
2504 3282 2518 3306 ὰ,

1356 3325 1556 3371 putandos,
1588 3325 1618 3360 si
1650 3324 1694 3359 de
1731 3324 1808 3369 lege
1838 3321 2000 3359 Falcidia
2030 3322 2192 3367 quaestio
2229 3322 2436 3358 intercedat.
2506 3323 2511 3333 ¹

1357 3373 1377 3405 2
1423 3370 1522 3406 Idem
1534 3369 1719 3415 respondit
1727 3368 1868 3405 tructus
1883 3377 1928 3403 ex
1950 3367 2096 3419 propria
2119 3377 2158 3403 re
2171 3367 2324 3411 heredis,
2348 3377 2440 3414 qnae

1355 3415 1475 3460 legata
1496 3419 1562 3457 est,
1587 3419 1670 3460 post
1693 3414 1787 3450 diem
1808 3412 2069 3449 fideicommissi
2085 3412 2269 3448 cedentem
2291 3422 2438 3458 pereep—
2499 3418 2511 3446 ὲ

1356 3465 1424 3504 tos,
1448 3460 1517 3496 etsi
1539 3470 1612 3496 non
1635 3460 1707 3496 sint
1729 3457 1938 3495 restituendi
1955 3456 2294 3501 fideicommissario,
2318 3457 2438 3493 heredi

1355 3506 1395 3540 in
1418 3510 1583 3551 quartam
1606 3504 1776 3550 imputari
1798 3513 1871 3539 non
1894 3502 2020 3538 solere.

1359 3621 1403 3658 (e)
1427 3618 1481 3661 ne]
1495 3628 1602 3660 neque
1612 3617 1707 3650 heres
1717 3628 1778 3650 cer.
1896 3618 1939 3658 (Ἰ)
1963 3626 2031 3649 non
2044 3616 2106 3649 del.

1357 3662 1431 3696 dem
1443 3663 1503 3705 qui
1515 3666 1651 3706 rogatus
1662 3663 1711 3695 est
1721 3674 1781 3695 cer.

2223 3617 2268 3657 (8)
2292 3615 2442 3648 adhere-
2503 3615 2514 3628 ‘
