2528 3918
160 143 288 186 XXX

160 266 296 312 gaverit
319 266 380 306 ita,
414 270 455 299 ut
478 264 582 299 alteri
613 269 771 301 serviret.
826 266 890 302 sed
919 265 1162 302 inclinandum
1194 270 1251 301 est

160 316 366 346 testatorem
391 310 497 344 etiam
521 309 565 344 de
598 309 675 346 solo
700 320 742 346 co
768 310 895 352 tasse,
928 311 1006 346 sine
1029 321 1100 356 quo
1124 309 1248 346 aedifi·

161 360 181 390 4
230 356 323 390 cium
346 360 444 390 stare
466 365 541 390 non
563 358 693 399 potest.
741 320 780 391 gi
810 355 959 395 libert-is
989 361 1183 401 patronum
1205 365 1251 391 ex

160 405 334 445 septunce
356 399 523 434 heredem
547 399 618 435 scri
662 400 747 443 etit,
783 400 873 436 alios
904 410 950 436 ex
980 400 1107 436 ceteris
1139 404 1176 436 et
1198 400 1251 436 ita

159 444 345 489 legaverit:
383 443 556 490 ‘quisquis
654 444 662 452 '
688 444 777 481 alius
801 455 846 481 ex
868 455 979 491 supra
1001 445 1144 491 scriptis
1167 456 1249 480 cum

162 494 171 509 ⁶
199 493 326 525 atrono
351 499 429 524 meo
454 489 557 524 heres
582 490 668 531 erit,
704 500 826 526 servos
849 490 948 526 illum
972 493 1009 526 et
1030 489 1131 527 illum
1153 489 1249 526 Titio

161 501 1250 632 fae-¹2⁰:{affiaaffisfflfflffla

161 628 197 660 et
219 624 299 660 ideo
325 623 458 660 Titium
480 634 553 660 non
576 625 728 670 amplius
744 625 980 670 quincuncem
994 636 1031 660 m
1047 625 1158 661 servis
1172 624 1249 661 vin-

161 669 280 705 dicare
303 679 422 715 posse.
469 669 622 705 adiectio
647 674 767 705 autem
791 669 854 705 illa
877 674 980 715 ‘quos
1004 671 1152 706 aestimo
1177 670 1249 706 sin-

161 715 273 766 ‘gulos
297 714 430 750 vicenis
454 714 583 750 aureis’
618 725 689 750 non
713 719 829 750 mutat
859 715 967 760 legati
991 715 1248 757 condicionem,

160 770 191 795 ει
222 759 308 804 legis
332 759 517 795 Falcidiae
550 759 725 795 rationem
755 759 889 795 habere
920 763 1102 805 oporteat:
1139 760 1249 796 nihilo

160 805 277 840 minus
294 804 387 840 enim
404 814 527 840 verum
549 805 703 857 pretium
714 815 895 840 servorum
911 805 949 840 in
967 805 1250 841 aestimationem

160 853 180 884 5
228 849 434 885 deducetur.
481 849 589 885 ‘Titio
612 849 763 885 fundum
786 849 833 886 do
855 850 870 885 l
936 876 946 892 ,
971 850 1003 885 si
1025 850 1148 886 heredi
1170 860 1249 886 meo

161 894 295 930 ‘decem
318 894 479 930 dederit’.
538 895 570 930 si
593 894 716 930 decem
745 894 851 930 heres
871 860 969 931 ffio
1002 895 1184 932 debuisset
1214 899 1251 930 et

160 949 204 975 ea
226 939 344 975 Titius
368 940 561 984 acceptaei
584 938 741 982 fecisset,
764 939 915 975 fundum
926 940 1107 976 vindicare
1118 944 1248 986 potest.

161 988 182 1020 6
229 984 268 1020 Si
291 984 426 1027 Titius,
459 985 517 1020 cui
550 984 694 1019 Stichus
724 984 865 1029 legatus
887 984 1026 1028 fuerat,
1059 990 1251 1031 antequam

160 1030 269 1066 sciret
291 1029 338 1065 ad
360 1039 400 1065 se
422 1030 576 1074 legatum
599 1030 789 1074 pertinere,
825 1030 1018 1066 decesserit
1041 1034 1077 1066 et
1099 1030 1251 1067 eundem

160 1074 242 1111 Seio
265 1075 278 1110 l
346 1074 436 1111 verit
459 1079 496 1110 et
517 1075 622 1110 heres
636 1074 722 1110 Titii
735 1075 890 1120 legatum
911 1085 984 1111 non
999 1075 1250 1121 repudiaverit,

161 1122 180 1155 ⁷
228 1119 282 1155 Sti
329 1130 389 1155 um
421 1119 524 1155 Seius
555 1119 759 1154 vindicabit.
814 1119 851 1155 Si
881 1124 986 1165 pater
1015 1120 1168 1156 familias
1203 1121 1250 1156 ab

158 1164 450 1246 naresi
464 1164 560 1244 ee
582 1164 1040 1254 {egelestae
1054 1166 1249 1246 aaa?

160 1255 233 1290 sive
272 1254 502 1290 vindicaverit
534 1254 650 1288 Titius
689 1254 845 1298 legatum
884 1254 957 1290 sive
999 1255 1250 1300 repudiaverit,

160 1300 321 1345 quamvis
344 1299 439 1334 filius
462 1299 625 1344 impubes
650 1298 854 1341 decesserit,
879 1309 902 1334 a
924 1300 1120 1336 substituto
1136 1300 1250 1336 vindi-

160 1355 244 1380 care
266 1355 339 1380 non
354 1344 496 1389 poterit.
545 1344 615 1379 hoc
632 1344 737 1386 enim,
761 1345 858 1389 quod
870 1355 997 1381 rursus
1016 1355 1040 1380 a
1054 1346 1249 1381 substituto

159 1390 318 1434 legatur,
350 1388 497 1434 perinde
519 1388 725 1424 habendum
749 1393 804 1424 est
835 1399 880 1426 ac
902 1390 935 1425 si
956 1390 1110 1436 repetita
1131 1390 1252 1436 legata

161 1439 289 1471 essent.
346 1444 456 1479 quare
491 1438 526 1469 et
550 1434 581 1469 si
603 1444 693 1479 pure
723 1444 746 1469 a
769 1433 860 1477 filio,
893 1435 960 1471 sub
996 1435 1206 1471 condicione
1228 1446 1252 1471 a

160 1480 355 1515 substituto
379 1479 536 1524 legatum
559 1478 680 1521 fuerit,
704 1478 852 1524 perinde
876 1479 996 1515 omnia
1014 1481 1252 1517 servabuntur

159 1535 204 1560 ac
227 1525 258 1560 si
280 1528 420 1559 tantum
444 1534 467 1559 a
489 1523 562 1559 filio
586 1523 742 1569 legatum
761 1523 908 1560 fuisset:
933 1529 1060 1561 contra
1077 1529 1197 1562 autem
1220 1526 1252 1561 si

159 1580 182 1605 a
215 1569 288 1605 filio
322 1569 388 1604 sub
425 1569 653 1611 condicione,
690 1579 712 1604 a
742 1569 937 1605 substituto
999 1580 1063 1606 ure
1095 1571 1252 1623 legatum

158 1614 268 1650 fuerit
290 1618 327 1650 et
347 1613 504 1666 pupillus
527 1613 705 1659 pendente
728 1613 939 1650 condicione
987 1620 1175 1658 ecessent,
1207 1626 1252 1651 ex

160 1663 180 1695 S
228 1659 483 1695 substitutione
524 1659 603 1695 sola
643 1659 799 1704 legatum
833 1659 976 1694 valebit.
1033 1659 1099 1696 His
1133 1660 1252 1696 verbis

160 1705 285 1741 ‘Lucio
309 1708 346 1740 et
369 1704 464 1740 Titio
489 1714 654 1740 eorumve
677 1704 737 1740 cui
758 1704 910 1740 fundum
933 1704 979 1740 do
1002 1705 1094 1750 lego’
1117 1705 1253 1741 utiliter

159 1751 298 1796 legatur
314 1754 361 1791 et,
385 1749 416 1784 si
432 1749 573 1794 utrique
587 1749 752 1792 vixerint,
768 1749 923 1795 utrique,
947 1750 979 1785 si
996 1750 1100 1794 alter,
1124 1750 1229 1786 alteri
1240 1753 1252 1773 ¹

161 1799 181 1831 9
229 1795 426 1831 debebitur.
475 1794 564 1829 Cum
587 1794 777 1830 statuliber
794 1795 862 1830 sub
887 1794 1098 1831 condicione
1111 1795 1252 1841 legatus

161 1845 216 1876 est
239 1844 276 1876 et
306 1839 483 1892 pendente
515 1839 725 1875 condicione
755 1840 863 1885 legati
899 1839 1062 1876 condicio
1093 1844 1253 1877 statutae

159 1886 336 1921 libertatis
359 1884 490 1927 deficit,
514 1885 670 1929 legatum
693 1885 782 1920 utile
804 1885 865 1920 fit:
890 1895 975 1920 nam
997 1885 1091 1921 sicut
1115 1889 1254 1921 statuta

159 1931 307 1967 libertas
330 1934 419 1965 tunc
441 1930 591 1975 peremit
612 1930 781 1974 legatum,
806 1940 888 1965 cum
910 1930 1004 1966 vires
1027 1931 1171 1976 accipit,
1201 1931 1254 1966 ita

160 1976 318 2021 legatum
341 1985 483 2027 quoque
507 1985 579 2010 non
603 1979 688 2010 ante
710 1975 844 2020 peremi
901 1979 1013 2019 otest,
1046 1986 1154 2021 quam
1177 1975 1253 2012 dies

164 2025 205 2056 10
241 2020 391 2056 cesserit
400 2030 486 2055 eius.
521 2020 665 2055 Afilio²
684 2019 869 2065 impubere
895 2025 1020 2066 egatus
1038 2021 1253 2057 etasubsti-

160 2070 240 2102 tuto
263 2065 355 2101 liber
378 2074 456 2101 esse
478 2065 610 2108 iussus,
646 2065 678 2100 si
700 2064 842 2117 quidem
865 2076 915 2110 pu
941 2065 1023 2101 illus
1053 2065 1100 2101 ad
1149 2067 1253 2102 uber-

162 2115 271 2147 tatem
293 2109 504 2157 pervenerit,
529 2110 576 2146 ab
600 2120 642 2145 eo
667 2120 725 2145 cm
754 2110 891 2154 legatus
932 2114 1036 2146 uerat
1057 2111 1117 2146 vin
1144 2111 1254 2147 'cabi-

161 2162 240 2192 tur:
273 2159 414 2192 mortuo
444 2165 529 2190 vero
560 2155 697 2200 pupillo
728 2154 876 2190 libertas
910 2156 1092 2201 competit.
1149 2156 1255 2201 longe

161 2200 272 2245 magis
295 2201 365 2236 hoc
389 2200 523 2235 servari
547 2199 743 2242 conveniet,
767 2200 797 2234 si
820 2199 912 2235 idem
936 2210 1059 2236 servus
1075 2201 1143 2237 sub
1168 2211 1253 2237 con-

163 2246 303 2282 dicione
327 2245 373 2280 ab
396 2245 581 2297 impubere
603 2245 742 2291 legatus
776 2244 886 2280 fuerit
909 2249 945 2280 et
965 2245 1143 2290 pendente
1167 2256 1253 2282 con-

163 2291 304 2327 dicione
327 2290 421 2326 filius
445 2294 540 2325 intra
562 2290 788 2336 pubertatem
812 2289 1017 2325 decesserit.

209 2333 262 2374 82
287 2335 396 2371 loru
423 2335 516 2371 libro
548 2335 732 2415 trifesimo
764 2335 870 2370 tertio
905 2334 1124 2381 diqestmum
1170 2335 1254 2371 Non

186 2390 388 2426 uocumque
410 2379 517 2415 modo
540 2380 572 2415 si
609 2379 756 2425 egatarii
775 2389 836 2415 res
859 2379 960 2415 facta
982 2379 1091 2415 fuerit
1114 2380 1171 2416 die
1195 2390 1252 2416 ce-

162 2393 281 2468 gente,
296 2425 464 2470 obligatio
480 2425 589 2470 legati
606 2424 853 2469 exstinguitur,
871 2424 935 2460 sed
945 2424 1008 2467 ita,
1020 2425 1052 2460 si
1063 2435 1105 2461 eo
1122 2425 1228 2462 modo
1240 2426 1254 2447 ³

162 2472 272 2507 fuerit
288 2470 376 2513 eius,
402 2480 472 2515 quo
491 2470 594 2506 avelli
608 2480 681 2506 non
697 2469 824 2515 possit.
863 2479 1039 2515 ponamus
1058 2480 1144 2513 rem,
1162 2481 1255 2516 quae

163 2516 248 2552 mihi
271 2526 361 2561 pure
384 2515 502 2560 legata
524 2515 582 2558 sit,
607 2515 771 2595 accigere
785 2524 843 2551 me
859 2524 925 2560 per
947 2515 1174 2551 traditionem
1198 2516 1255 2551 die

162 2562 271 2606 legati
294 2561 442 2596 cedente
466 2561 512 2596 ab
537 2570 578 2596 eo
602 2560 689 2596 here
714 2570 753 2601 e,
786 2570 810 2595 a
832 2570 904 2605 quo
928 2559 1051 2595 eadem
1075 2560 1143 2596 sub
1168 2571 1254 2596 con-

163 2607 304 2643 dicione
326 2605 388 2641 alii
411 2606 529 2650 legata
543 2605 672 2641 fuerit:
689 2614 818 2650 nempe
840 2615 945 2650 agam
961 2615 1004 2640 ex
1027 2609 1254 2649 testamento,

164 2651 249 2697 quia
270 2651 302 2686 is
326 2654 442 2686 status
467 2653 522 2685 est
545 2650 640 2692 eius,
671 2654 714 2685 ut
744 2649 918 2686 existente
949 2650 1159 2686 condicione
1181 2650 1254 2686 dis-

165 2706 350 2732 cessurum
373 2695 421 2731 sit
444 2705 466 2730 a
489 2705 545 2730 me
564 2695 769 2731 dominium.
817 2704 901 2730 nam
924 2698 961 2731 et
983 2695 1014 2730 si
1038 2705 1082 2730 ex
1105 2695 1253 2741 stipula-

164 2742 262 2776 tione
285 2740 372 2776 mihi
389 2739 534 2775 Stichus
551 2740 726 2776 debeatur
742 2743 778 2775 et
798 2739 842 2782 is,
859 2750 940 2775 cum
963 2740 1031 2776 sub
1045 2740 1255 2776 condicione

165 2786 225 2822 alii
247 2786 386 2830 legatus
411 2789 515 2827 esset,
539 2784 659 2821 sactus
682 2785 792 2821 fuerit
813 2795 915 2820 meus
931 2794 977 2821 ex
1000 2795 1111 2821 causa
1134 2785 1254 2821 lucra-

163 2832 237 2866 tiva
245 2832 272 2873 ⁴,
297 2830 405 2865 nihilo
430 2830 546 2865 minus
570 2830 762 2866 exsistente
786 2829 994 2866 condicione
1013 2840 1057 2866 ex
1079 2830 1254 2876 stipulatu

167 2880 180 2912 1
232 2885 338 2920 agere
360 2879 498 2919 potero.
546 2875 584 2910 Si
608 2885 652 2910 ex
676 2875 779 2911 bonis
803 2875 899 2918 eius,
931 2875 992 2920 qui
1014 2875 1066 2911 rei
1088 2876 1255 2921 publicae

166 2930 276 2957 causa
299 2920 435 2962 aberat,
459 2930 533 2955 rem
556 2930 624 2955 usu
647 2919 897 2966 adquisierim⁵
926 2924 964 2956 et
997 2930 1042 2955 ea
1064 2924 1254 2966 antequam

165 2966 388 3003 evinceretur
411 2964 496 2999 mihi
518 2964 635 3010 legata
657 2965 715 3008 sit,
751 2965 878 3000 deinde
934 2969 1035 3001 ostea
1057 2965 1254 3008 evincatur,

164 3015 264 3047 recte
286 3020 331 3046 ex
352 3013 567 3045 testamento
590 3014 711 3054 petam
743 3020 822 3045 eam
890 3010 898 3017 '
928 3010 936 3018 '
973 3010 1051 3046 dari
1074 3014 1252 3056 oportere.

166 3059 186 3091 2
232 3054 384 3091 Fundus
408 3054 493 3089 mihi
514 3055 652 3099 legatus
677 3059 748 3091 est:
773 3055 1030 3101 proprietatem
1053 3055 1128 3091 eius
1152 3055 1254 3091 fundi

164 3100 299 3137 redemi
322 3099 483 3136 detracto
514 3109 583 3134 usu
613 3100 755 3136 fructu:
787 3106 916 3145 postea
944 3100 1106 3136 venditor
1137 3100 1255 3146 capite

164 3146 323 3181 minutus
347 3148 403 3180 est
428 3148 465 3179 et
486 3154 574 3179 usus
596 3144 737 3180 fructus
770 3145 818 3180 ad
841 3155 898 3180 me
921 3145 1099 3190 pertinere
1123 3145 1252 3191 coepit.

166 3191 197 3226 si
221 3201 266 3227 ex
289 3192 502 3226 testamento
529 3199 631 3233 egero
645 3216 654 3232 ,
687 3189 794 3225 iudex
828 3190 920 3226 tanti
942 3189 1041 3225 litem
1065 3190 1254 3226 aestimare

165 3238 186 3271 3
235 3234 397 3277 debebit,
441 3239 613 3286 quantum
655 3235 739 3269 mihi
790 3235 905 3270 aberit
914 3235 940 3270 ⁸.
1005 3234 1253 3271 Maecenas.

165 3280 265 3316 Idem
288 3280 356 3316 erit
378 3283 414 3315 et
436 3289 467 3315 s1
490 3282 628 3324 partem
643 3279 836 3322 redemero,
859 3290 944 3325 pars
964 3279 1078 3316 mihil
1145 3284 1185 3314 ta
1200 3285 1254 3316 est

165 3330 231 3361 aut
253 3325 405 3361 donata:
438 3328 577 3370 partem
607 3323 700 3359 enim
732 3324 917 3360 dumtaxat
946 3327 1068 3377 petere
1128 3324 1252 3361 ebebo.

166 3375 187 3406 4
235 3369 434 3406 Inuiws.
491 3367 595 3413 Quod
626 3368 656 3403 si
687 3369 699 3403 l
744 3374 841 3404 atum
871 3370 957 3404 mihi
989 3374 1045 3406 est
1077 3369 1174 3415 quod
1209 3380 1253 3405 ex

167 3414 356 3460 Pamphila
379 3418 502 3449 natum
526 3413 604 3454 erit,
638 3423 701 3457 ego
758 3414 949 3458 amphilam
972 3419 1150 3450 mercatus
1174 3425 1254 3450 sum

167 3532 209 3570 (ι)
243 3534 349 3561 totum
373 3530 433 3562 im.
457 3526 511 3560 Γ*

168 3579 211 3611 (si
238 3573 326 3606 faeta
339 3575 401 3607 ins.
494 3574 537 3610 (4)
561 3581 603 3604 ex
615 3581 717 3604 causa
728 3570 892 3603 lucrativa
906 3571 970 3604 del.

647 3527 690 3566 (²)
722 3526 868 3558 cesserit.
906 3527 1027 3559 Servus
1050 3536 1071 3559 a
1093 3526 1165 3559 mio
1189 3538 1249 3559 ner.

1063 3573 1109 3612 (b)
1134 3570 1252 3613 adqui-

1241 142 1326 189 424

2122 160 2183 191 DE
2211 161 2401 192 LEGATIS

1320 269 1357 301 et
1380 275 1424 302 ea
1446 266 1544 312 apud
1565 277 1623 303 me
1639 268 1789 313 peperit,
1812 278 1885 304 non
1900 279 2048 314 possum
2070 267 2336 316 videripartum
2359 281 2403 306 ex

1320 320 1434 346 causa
1454 311 1628 348 lucrativa
1657 311 1810 354 habere,
1841 313 1925 359 quia
1947 317 2097 349 matrem
2127 314 2203 350 eius
2225 319 2402 351 mercatus

1319 365 1416 391 sum:
1530 401 1539 409 ·
1559 360 1680 410 entum
1690 357 1741 393 rei
1749 362 1817 410 est,
1831 358 1927 404 quod
1939 359 2051 394 evicto
2062 368 2103 394 eo
2120 359 2214 395 actio
2227 369 2273 395 ex
2283 365 2401 405 empto

1320 403 1339 435 5
1387 410 1467 436 com
1493 404 1567 437 etit.
1691 401 1821 438 Gaium
1839 407 1876 439 et
1894 404 2040 439 Lucium
2061 403 2216 440 eiusdem
2257 405 2403 440 ecuniae

1318 454 1400 481 reos
1422 445 1473 481 ha
1498 446 1582 482 ebat
1603 456 1635 482 si
1655 447 1709 483 ita
1814 447 1922 483 verit:
1956 447 2070 493 ‘Quod
2099 448 2185 484 mihi
2241 449 2319 485 aius
2344 449 2402 485 de-

1320 490 1412 533 ‘bet‚
1435 489 1473 526 id
1495 490 1599 527 heres
1632 501 1732 527 meus
1790 492 1970 545 empronio
2002 492 2151 528 damnas
2187 498 2263 529 esto
2298 493 2401 530 dare:

1319 534 1428 580 ‘quod
1449 535 1536 571 mihi
1552 535 1688 572 Lucius
1711 536 1828 580 debet,
1851 536 1888 572 ιὰ
1903 538 2006 573 heres
2025 548 2123 573 meus
2139 538 2280 575 Maevio
2304 538 2402 574 dam-

1319 582 1397 615 ‘nas
1422 582 1498 616 esto
1522 579 1629 623 dare',
1653 591 1731 617 eam
1755 581 1998 619 condicionem
2020 582 2160 618 heredis
2191 583 2248 618 sui
2271 583 2402 619 consti-

1318 624 1399 667 tuit,
1422 628 1464 660 ut
1485 624 1517 660 is
1540 635 1686 662 necesse
1708 626 1842 663 habeat
1863 626 1967 663 alteri
1989 627 2149 663 actiones
2172 637 2268 670 suas,
2300 628 2405 663 alteri

1318 669 1391 721 litis
1414 669 1696 706 aestimationem
1713 676 1908 723 praestare.
1955 672 1987 708 si
2002 675 2121 708 tamen
2136 672 2235 708 vivus
2252 676 2405 708 testator

1320 712 1412 749 Gaio
1434 718 1624 767 acceptum
1655 715 1761 768 fecit,
1793 726 1939 752 necesse
1970 720 2044 759 est,
2075 720 2117 752 ut
2139 717 2338 770 Sempronii
2369 722 2406 753 et

1320 763 1341 793 6
1386 759 1517 795 Maevu
1539 759 1694 805 legatum
1708 761 1831 797 inutile
1855 762 1913 796 sit.
1960 760 2049 796 Cum
2071 761 2158 797 mihi
2174 762 2318 798 Stichus
2342 766 2406 798 aut

1319 803 1527 850 Pamphilus
1550 805 1658 850 legati
1679 805 1832 841 fuissent
1854 805 2004 842 duorum
2027 807 2249 843 testamentis
2275 810 2312 843 et
2335 806 2405 842 Sti·

1320 849 1427 884 chum
1450 859 1495 884 ex
1527 849 1639 886 altero
1670 854 1884 886 testamento
1917 855 2132 887 consecutus
2162 850 2329 895 fuissem,
2361 862 2406 888 ex

1320 893 1433 930 altero
1457 894 1683 946 Pamphilum
1704 900 1826 940 petere
1848 906 2006 940 possum,
2055 895 2116 931 uia
2132 900 2168 931 et
2191 896 2222 932 si
2237 907 2309 932 uno
2332 900 2405 933 tes-

1319 942 1476 990 tamento
1511 939 1656 975 Stichus
1690 944 1755 976 aut
1787 940 1995 985 Pamphilus
2051 941 2144 985 egati
2184 940 2337 978 fuissent
2370 946 2407 978 et

1321 983 1464 1020 Stichus
1488 994 1534 1020 ex
1557 994 1666 1020 causa
1689 984 1864 1020 lucrativa
1878 995 1978 1021 meus
1993 985 2113 1021 factus
2130 985 2269 1029 fuisset,
2293 986 2405 1023 nihilo

1319 1028 1436 1064 minus
1459 1028 1685 1075 Pamphilum
1734 1034 1830 1065 etere
1852 1040 1993 1075 possem
2002 1031 2028 1066 ⁷.

1366 1070 1418 1111 83
1443 1073 1685 1110 MARGBLLUS
1711 1076 1788 1110 thro
1809 1076 1914 1110 tertio
1931 1075 2067 1111 decimo
2086 1075 2304 1122 diqestorum
2344 1076 2405 1113 Ti·

1318 1118 1390 1154 tius
1415 1118 1531 1171 Stichi
1586 1123 1698 1155 artem
1730 1119 1795 1155 tibi
1825 1119 1971 1165 legavit:
2005 1119 2162 1156 eiusdem
2185 1120 2300 1157 Stichi
2322 1131 2406 1168 par-

1319 1167 1391 1199 tem
1415 1164 1519 1216 Seius
1542 1167 1571 1200 ti
1595 1164 1608 1199 i
1630 1165 1779 1209 legavit:
1812 1174 1857 1199 ex
1879 1165 2064 1211 utriusque
2085 1169 2297 1202 testamento
2321 1176 2407 1202 con·

1319 1219 1358 1244 se
1383 1219 1488 1244 ueris.

1394 1253 1420 1291 4
1443 1253 1467 1290 1
1471 1263 1637 1289 nunus
1675 1254 1766 1290 libro
1810 1255 1860 1289 tri
1884 1255 1991 1289 esimo
2035 1255 2139 1290 tertio
2185 1255 2407 1301 diqestorum

1319 1298 1532 1336 Huiusmodi
1560 1299 1736 1344 legatum:
1772 1299 1823 1334 ‘Si
1885 1299 1970 1334 itius
2004 1299 2127 1335 heredi
2159 1310 2237 1335 meo
2277 1301 2409 1336 caverit

1320 1347 1476 1381 ‘centum
1506 1344 1647 1380 Maevio
1682 1354 1722 1380 se
1752 1344 1937 1386 daturum,
1962 1348 1998 1379 et
2027 1344 2131 1380 heres
2160 1355 2261 1381 meus
2284 1345 2379 1381 Titio
2395 1347 2410 1368 ⁸

1321 1392 1476 1426 ‘centum
1499 1388 1609 1432 dato’,
1632 1389 1720 1425 utile
1730 1389 1887 1434 legatum
1911 1393 1975 1429 est,
1994 1389 2291 1435 quemadmodum
2312 1390 2410 1436 quod

1319 1434 1427 1471 alicui
1457 1434 1637 1480 legatum⁹
1669 1444 1714 1469 ex
1745 1444 1855 1472 causa
1888 1433 2152 1470 fideicommissi
2186 1435 2407 1471 restituatur.

1320 1483 1371 1560 ⁴¹si
1387 1479 1526 1560 ἓξὲξ
1533 1479 1979 1560 ι’ἑῗὲῗῖῗηθξοὲαὲἒὲἓξὲ
1997 1479 2407 1570 &Raptis-⁸³20?

1321 1572 1408 1605 ‘tum
1431 1568 1550 1605 aureis
1586 1579 1677 1614 opus
1707 1568 1908 1611 facturum,
1942 1573 2019 1604 tum
2050 1569 2082 1604 ei
2112 1574 2256 1604 centum
2279 1580 2408 1606 aureos

1321 1617 1342 1650 2
1389 1614 1506 1649 ‘heres
1528 1623 1628 1649 meus
1659 1613 1746 1649 dare
1767 1613 1916 1649 damnas
1946 1614 2046 1649 esto'.
2102 1613 2142 1650 Si
2176 1614 2408 1667 Sempronius

1321 1658 1455 1694 Titium
1477 1658 1646 1694 heredem
1667 1658 1862 1694 instituerit
1891 1663 1926 1694 et
1956 1659 2004 1694 ab
2036 1668 2077 1694 eo
2108 1663 2192 1711 post
2227 1660 2409 1696 biennium

1320 1703 1471 1740 fundum
1496 1703 1574 1739 dari
1596 1703 1740 1739 iusserit
1755 1703 1908 1746 Maevio‚
1932 1703 2048 1738 Titius
2068 1703 2195 1740 demde
2209 1704 2257 1740 ab
2278 1704 2409 1741 herede

1321 1759 1387 1785 suo
1412 1748 1564 1784 eundem
1586 1748 1737 1784 fundum
1767 1748 1908 1784 Maevio
1964 1748 2119 1784 raesenti
2146 1748 2207 1784 ‘die
2239 1748 2410 1794 legaverit

1321 1799 1358 1829 et
1381 1793 1544 1829 Maevius
1567 1793 1721 1838 pretium
1744 1792 1847 1829 fundi
1877 1794 1923 1828 ab
1973 1793 2077 1828 erede
2100 1793 2187 1829 Titii
2209 1795 2408 1840 acceperit:

1324 1839 1355 1875 si
1379 1849 1424 1874 ex
1445 1842 1660 1874 testamento
1685 1837 1885 1883 Sempronii
1913 1837 2063 1873 fundum
2111 1842 2207 1874 etere
2228 1839 2322 1882 velit,
2347 1849 2408 1874 ex-

1323 1884 1486 1929 ceptione
1509 1883 1634 1963 regelli
1644 1883 1788 1935 poterit,
1812 1883 1843 1918 si
1865 1883 1978 1928 pretio
2002 1849 2109 1935 ἡμᾶς
2124 1887 2313 1920 contentus
2337 1894 2410 1920 non

1323 1933 1341 1964 3
1390 1929 1509 1964 erit¹¹.
1582 1929 1595 1964 i
1618 1939 1678 1963 cui
1699 1928 1807 1964 homo
1839 1928 1977 1973 legatus
2000 1928 2128 1964 fuisset
2159 1932 2196 1964 et
2224 1939 2291 1974 per
2311 1929 2408 1974 lega-

1325 1974 1457 2010 tarium
1480 1974 1650 2016 stetisset,
1674 1984 1744 2018 quo
1769 1973 1885 2009 minus
1908 1973 2080 2014 Stichum,
2104 1983 2186 2009 cum
2208 1973 2311 2010 heres
2334 1978 2408 2009 tra-

1323 2019 1407 2055 dere
1429 2019 1584 2061 volebat,
1609 2019 1808 2064 acciperet,
1839 2022 1980 2054 mortuo
2005 2017 2127 2054 Sticho
2152 2029 2217 2054 exc
2262 2019 2313 2055 tio
2337 2019 2410 2054 doli

1323 2068 1344 2099 4
1391 2064 1474 2099 mali
1489 2063 1613 2099 heredi
1631 2063 1802 2108 proderit.
1842 2063 1972 2104 Aedes,
2020 2063 2126 2099 uibus
2141 2063 2166 2098 h
2253 2063 2261 2071 '
2301 2063 2408 2100 aedes

1323 2109 1534 2152 serviebant,
1558 2109 1698 2153 legatae
1721 2112 1807 2144 sunt
1828 2108 1983 2144 traditae
2019 2109 2175 2153 egatario
2199 2119 2273 2145 non
2294 2109 2408 2154 impo-

1322 2155 1393 2190 sita
1416 2154 1596 2190 servitute.
1652 2152 1726 2188 dixi
1747 2163 1854 2199 posse
1887 2153 2097 2198 legatarium
2128 2164 2174 2188 ex
2195 2157 2408 2190 testamento

1323 2209 1439 2244 agere,
1464 2199 1548 2244 quia
1570 2209 1643 2234 non
1665 2198 1810 2243 plenum
1833 2199 1987 2278 leffitum
2018 2198 2234 2243 accepisset:
2266 2209 2349 2234 nam
2371 2202 2410 2234 et

1323 2255 1422 2286 eum,
1454 2244 1515 2289 qui
1546 2243 1768 2279 debilitatum
1801 2243 1848 2278 ab
1905 2243 2010 2279 erede
2044 2253 2184 2279 servum
2218 2243 2408 2290 acceperit,

1323 2293 1343 2324 5
1390 2293 1488 2324 recte
1504 2292 1772 2324 extestamento
1790 2298 1906 2333 agere.
1950 2287 2018 2332 Qui
2033 2298 2175 2324 servum
2194 2292 2407 2324 testamento

1323 2333 1392 2370 sibi
1414 2334 1581 2379 legatum,
1605 2333 1775 2378 ignorans
1799 2343 1880 2368 eum
1904 2333 1973 2368 sibi
1994 2333 2169 2377 legatum,
2202 2333 2248 2368 ab
2278 2332 2408 2369 herede

1323 2379 1426 2422 emit,
1461 2378 1492 2414 si
1515 2378 1656 2423 cognito
1680 2378 1797 2423 legato
1822 2387 1867 2413 ex
1888 2381 2102 2413 testamento
2134 2378 2244 2429 egerit
2274 2382 2311 2414 et
2333 2387 2407 2413 ser-

1322 2434 1404 2459 vum
1427 2423 1616 2475 acceperit,
1640 2422 1783 2475 actione
1806 2432 1850 2458 ex
1867 2421 2009 2458 vendito
2027 2422 2164 2474 absolvi
2182 2422 2300 2475 debet,
2324 2423 2408 2503 (huia

1322 2469 1392 2504 hoc
1415 2467 1584 2512 iudicium
1606 2466 1691 2503 fidei
1713 2467 1830 2503 bonae
1859 2471 1915 2503 est
1949 2470 1985 2502 et
2007 2471 2166 2503 continet
2196 2478 2234 2503 m
2265 2477 2304 2503 se
2360 2468 2407 2504 oli

1322 2514 1407 2548 mali
1431 2512 1684 2558 exceptionem.
1739 2511 1836 2557 quod
1870 2512 1901 2547 si
1922 2512 2036 2564 pretio
2068 2511 2186 2548 soluto
2218 2522 2262 2548 ex
2295 2516 2406 2548 testa·

1322 2562 1441 2594 mento
1467 2568 1572 2603 agere
1601 2557 1813 2599 instituerit,
1844 2557 2022 2592 hominem
2053 2557 2223 2603 consequi
2253 2556 2407 2599 debebit,

1323 2604 1467 2639 actione
1491 2613 1535 2638 ex
1559 2606 1677 2648 empto
1692 2602 1848 2647 pretium
1866 2602 2090 2647 reciperabit,
2114 2602 2407 2647 quemadmodum

1323 2649 1550 2694 reciperaret,
1574 2648 1606 2683 si
1628 2647 1734 2683 homo
1759 2647 1894 2682 evictus
1916 2646 2054 2682 fuisset.
2103 2646 2199 2692 quod
2221 2647 2253 2683 si
2274 2647 2406 2683 iudicio

1324 2704 1368 2729 ex
1393 2697 1511 2739 empto
1526 2694 1554 2714 ¹²
1578 2696 1699 2728 actum
1714 2691 1823 2727 fuerit
1839 2696 1875 2728 et
1896 2696 1984 2728 tunc
2002 2696 2103 2728 actor
2119 2693 2333 2736 compererit
2355 2692 2404 2728 le-

1322 2743 1444 2784 gatum
1467 2738 1535 2774 sibi
1558 2737 1736 2773 hominem
1760 2747 1839 2773 esse
1855 2740 1891 2772 et
1913 2740 1997 2781 agat
2020 2747 2064 2772 ex
2083 2740 2309 2779 testamento,
2334 2748 2405 2773 non

1323 2784 1426 2819 aliter
1456 2782 1593 2819 absolvi
1621 2781 1788 2818 heredem
1822 2782 2020 2827 oportebit,
2057 2792 2162 2826 quam
2193 2782 2224 2816 si
2253 2782 2406 2827 pretium

1324 2832 1344 2864 6
1390 2827 1587 2864 restituerit
1609 2831 1646 2863 et
1667 2827 1845 2862 hominem
1868 2826 2000 2862 actoris
2014 2826 2150 2862 fecerit.
2197 2825 2286 2862 Cum
2303 2833 2407 2872 pater

1322 2871 2406 2962 ἓῖἶωῇῧὲεέΐέωᾱὲῗέεῗἛὲἓεὲἓῗωῗοῧωέἓδῖῗὲοῖἓὲἓὲ

1323 2964 1426 2999 heres
1449 2967 1550 2999 tutus
1574 2962 1651 3004 erit,
1676 2961 1707 2996 si
1722 2965 1758 2997 et
1780 2971 1889 3006 gener
1912 2971 1955 2995 ex
1970 2961 2204 3005 promissione
2228 2964 2264 2996 et
2286 2961 2405 3006 puella

1323 3019 1368 3044 ex
1390 3011 1602 3044 testamento
1626 3016 1731 3051 agere
1753 3006 1962 3041 instituerit:
1988 3005 2174 3041 convenire
2197 3005 2290 3040 enim
2313 3006 2406 3041 inter

1325 3058 1341 3087 7
1391 3063 1452 3089 eos
1476 3063 1498 3089 o
1546 3055 1627 3094 rtet,
1651 3055 1693 3086 ut
1711 3050 1883 3087 alterutra
1906 3050 2046 3086 actione
2061 3050 2220 3085 contenti
2236 3050 2319 3086 sint.
2367 3050 2405 3086 Si

1321 3100 1373 3134 ita
1404 3098 1462 3134 cui
1506 3100 1646 3142 egatum
1678 3100 1790 3132 esset:
1829 3096 1871 3131 ‘si
1901 3095 2042 3130 tabulas
2074 3094 2301 3140 chirographi
2335 3095 2406 3131 mei

1323 3143 1455 3180 ‘heredi
1478 3152 1555 3177 meo
1579 3140 1792 3183 reddiderit,
1823 3141 1925 3176 heres
1956 3150 2055 3175 meus
2086 3140 2118 3174 ei
2150 3139 2272 3175 decem
2295 3139 2404 3182 dato’,

1322 3187 1524 3224 huiusmodi
1563 3186 1726 3222 condicio
1766 3186 1859 3221 hanc
1900 3185 1970 3220 vim
2011 3184 2122 3219 habet
2164 3185 2206 3220 ‘si
2239 3185 2404 3220 heredem

1323 3237 1451 3269 ‘meum
1475 3231 1594 3268 debito
1607 3231 1832 3267 liberaverit'.
1879 3239 1990 3275 quare
2013 3234 2058 3270 et,
2083 3229 2114 3264 si
2125 3229 2270 3265 tabulae
2284 3234 2402 3266 exsta-

1321 3279 1424 3320 bunt,
1448 3287 1521 3312 non
1542 3276 1766 3321 intellegetur
1778 3273 1978 3327 condicioni
2001 3274 2219 3326 satisfecisse
2228 3273 2402 3327 creditor,

1321 3323 1390 3359 nisi
1412 3325 1599 3367 acceptum
1622 3320 1746 3356 heredi
1766 3319 1903 3361 fecerit,
1934 3323 1981 3361 et,
2006 3329 2035 3354 si
2059 3319 2204 3355 tabulae
2225 3329 2263 3354 m
2284 3329 2403 3355 rerum

1321 3371 1451 3404 natura
1466 3377 1539 3402 non
1550 3366 1693 3408 fuerint,
1710 3363 1970 3401 existimabitur
1982 3364 2135 3409 inplesse
2147 3363 2401 3406 condicionem,

1322 3413 1352 3449 si
1374 3411 1538 3448 heredem
1569 3410 1786 3452 liberaverit,
1821 3418 1887 3444 nec
1918 3408 1965 3443 ad
1995 3419 2069 3444 rem
2091 3408 2300 3455 pertinebit,
2331 3409 2403 3444 iam

1322 3523 1496 3557 servitutis
1508 3524 1616 3557 locum
1637 3523 1779 3561 obtinet,
1800 3521 1858 3555 sed
1881 3522 1995 3555 officio
2014 3521 2138 3554 iudicis
2161 3520 2339 3562 contineri,
2365 3525 2402 3553 ut

1321 3569 1465 3603 deducto
1487 3579 1550 3602 usn
1573 3569 1685 3601 fructu
1714 3567 1830 3600 iubeat
1853 3566 2118 3599 aestimationem
2138 3565 2302 3607 prae-tari
2319 3565 2402 3599 Ince.

170 3620 269 3650 serim
286 3619 319 3651 F
372 3620 417 3659 (e)
439 3617 467 3650 si
482 3617 538 3649 cui
550 3615 676 3649 fundu·
687 3615 818 3648 alienus
829 3614 960 3657 legatus
973 3615 1077 3648 fuerit
1087 3620 1122 3648 et
1134 3615 1254 3648 emerit
1318 3613 1350 3654 2,
1364 3619 1413 3652 20,
1427 3619 1444 3645 9
1515 3612 1559 3653 (7)
1571 3620 1708 3654 possum
1721 3608 1771 3643 F²
1832 3611 1879 3651 (8)
1891 3612 1925 3643 et
1936 3609 2031 3643 heres
2042 3619 2136 3642 meus
2148 3607 2253 3650 Titio]
2266 3607 2297 3640 ei
2310 3607 2405 3640 heres

169 3664 410 3706 proprietatem
430 3661 580 3695 detracto
600 3672 664 3694 usu
684 3660 798 3693 fructu
817 3663 852 3692 et
870 3670 950 3692 usus
970 3660 1099 3693 fructus
1122 3660 1166 3692 ad
1177 3670 1252 3693 eum

193 3709 358 3740 ervenerit
371 3711 405 3739 et
415 3710 532 3749 postea
545 3716 584 3739 ex
596 3708 797 3738 testamento
808 3708 898 3747 agat,
919 3707 1010 3737 recte
1022 3715 1097 3737 eum
1109 3715 1207 3747 agere
1219 3708 1254 3737 et

169 3717 309 3784 {undum
322 3756 434 3794 petere
448 3751 602 3783 Iulianus
623 3751 682 3790 ait,
705 3751 784 3793 quia
804 3760 884 3781 unns
897 3749 1025 3781 fructus
1037 3749 1073 3781 in
1088 3750 1252 3789 petitione

1316 3667 1411 3690 meus
1421 3667 1486 3689 scr.

1317 3726 1327 3736 .
1340 3726 1350 3736 .
1364 3726 1372 3734 .
1387 3702 1453 3735 erit
1468 3701 1531 3735 del.
1546 3701 1697 3743 Krueqaer
1764 3702 1824 3742 (12)
1838 3702 1915 3743 epto
1928 3700 1963 3733 F

1928 3655 1988 3697 (ιο)
2000 3657 2051 3688 est
2061 3666 2125 3688 scr.
2186 3654 2243 3696 (u)
2253 3652 2284 3686 si
2295 3652 2404 3696 pretio

1551 3657 1595 3696 (9)
1606 3654 1739 3698 legatur
1750 3657 1789 3687 ut
1799 3667 1862 3688 scr.
