<?xml version="1.0" encoding="UTF-8"?>
<!DOCTYPE html PUBLIC "-//W3C//DTD XHTML 1.0 Transitional//EN"
    "http://www.w3.org/TR/xhtml1/DTD/xhtml1-transitional.dtd">
<html xmlns="http://www.w3.org/1999/xhtml" xml:lang="en" lang="en">
 <head>
  <title>
</title>
<meta http-equiv="Content-Type" content="text/html;charset=utf-8" />
  <meta name='ocr-system' content='tesseract 3.04.00' />
  <meta name='ocr-capabilities' content='ocr_page ocr_carea ocr_par ocr_line ocrx_word'/>
</head>
<body>
  <div class='ocr_page' id='page_1' title='image "./corpusjuriscivil01krueuoft_0333.png"; bbox 0 0 2528 3918; ppageno 0'>
   <div class='ocr_carea' id='block_1_1' title="bbox 0 1833 3 3262">
    <p class='ocr_par' dir='ltr' id='par_1_1' title="bbox 0 1833 3 3262">
     <span class='ocr_line' id='line_1_1' title="bbox 0 1833 3 3262; baseline 0 0"><span class='ocrx_word' id='word_1_1' title='bbox 0 1833 3 3262; x_wconf 95' lang='lat' dir='ltr'><strong> </strong></span> 
     </span>
    </p>
   </div>
   <div class='ocr_carea' id='block_1_2' title="bbox 103 123 399 154">
    <p class='ocr_par' dir='ltr' id='par_1_2' title="bbox 103 123 399 154">
     <span class='ocr_line' id='line_1_2' title="bbox 103 123 399 154; baseline -0.003 0"><span class='ocrx_word' id='word_1_2' title='bbox 103 123 190 154; x_wconf 82' lang='lat' dir='ltr'><strong>VEL</strong></span> <span class='ocrx_word' id='word_1_3' title='bbox 221 123 399 154; x_wconf 79' lang='lat' dir='ltr'>CONTRA</span> 
     </span>
    </p>
   </div>
   <div class='ocr_carea' id='block_1_3' title="bbox 94 231 1192 3635">
    <p class='ocr_par' dir='ltr' id='par_1_3' title="bbox 99 231 1190 359">
     <span class='ocr_line' id='line_1_3' title="bbox 149 231 1190 278; baseline -0.003 -8"><span class='ocrx_word' id='word_1_4' title='bbox 149 231 198 270; x_wconf 90' lang='lat'><strong>13</strong></span> <span class='ocrx_word' id='word_1_5' title='bbox 239 233 362 269; x_wconf 77' lang='lat' dir='ltr'><strong>GAws</strong></span> <span class='ocrx_word' id='word_1_6' title='bbox 400 232 490 268; x_wconf 80' lang='lat' dir='ltr'><strong>libro</strong></span> <span class='ocrx_word' id='word_1_7' title='bbox 525 231 661 267; x_wconf 72' lang='lat' dir='ltr'><strong>decimo</strong></span> <span class='ocrx_word' id='word_1_8' title='bbox 696 231 746 267; x_wconf 85' lang='lat' dir='ltr'><strong>ad</strong></span> <span class='ocrx_word' id='word_1_9' title='bbox 778 231 931 267; x_wconf 78' lang='lat' dir='ltr'><strong>edictum</strong></span> <span class='ocrx_word' id='word_1_10' title='bbox 960 232 1190 278; x_wconf 76' lang='lat' dir='ltr'><em>provinciale</em></span> 
     </span>
     <span class='ocr_line' id='line_1_4' title="bbox 99 276 1189 322; baseline -0.002 -8"><span class='ocrx_word' id='word_1_11' title='bbox 99 278 197 314; x_wconf 88' lang='lat' dir='ltr'><strong>Idem</strong></span> <span class='ocrx_word' id='word_1_12' title='bbox 223 282 277 314; x_wconf 89' lang='lat' dir='ltr'><strong>est</strong></span> <span class='ocrx_word' id='word_1_13' title='bbox 300 282 336 313; x_wconf 90' lang='lat' dir='ltr'><strong>et</strong></span> <span class='ocrx_word' id='word_1_14' title='bbox 358 279 388 314; x_wconf 89' lang='lat' dir='ltr'><strong>si</strong></span> <span class='ocrx_word' id='word_1_15' title='bbox 412 276 575 313; x_wconf 79' lang='lat' dir='ltr'><strong>mandavi</strong></span> <span class='ocrx_word' id='word_1_16' title='bbox 599 276 681 319; x_wconf 91' lang='lat' dir='ltr'><strong>tibi,</strong></span> <span class='ocrx_word' id='word_1_17' title='bbox 717 279 757 311; x_wconf 92' lang='lat' dir='ltr'><strong>ut</strong></span> <span class='ocrx_word' id='word_1_18' title='bbox 787 280 872 322; x_wconf 90' lang='lat' dir='ltr'><strong>post</strong></span> <span class='ocrx_word' id='word_1_19' title='bbox 902 280 1052 312; x_wconf 90' lang='lat' dir='ltr'><strong>mortem</strong></span> <span class='ocrx_word' id='word_1_20' title='bbox 1075 287 1189 313; x_wconf 90' lang='lat' dir='ltr'><strong>meam</strong></span> 
     </span>
     <span class='ocr_line' id='line_1_5' title="bbox 100 321 744 359; baseline -0.005 0"><span class='ocrx_word' id='word_1_21' title='bbox 100 324 289 359; x_wconf 85' lang='lat' dir='ltr'><strong>heredibus</strong></span> <span class='ocrx_word' id='word_1_22' title='bbox 313 323 399 358; x_wconf 92' lang='lat' dir='ltr'><strong>meis</strong></span> <span class='ocrx_word' id='word_1_23' title='bbox 424 332 556 358; x_wconf 90' lang='lat' dir='ltr'><strong>emeres</strong></span> <span class='ocrx_word' id='word_1_24' title='bbox 581 321 744 357; x_wconf 90' lang='lat' dir='ltr'><strong>fundum.</strong></span> 
     </span>
    </p>

    <p class='ocr_par' dir='ltr' id='par_1_4' title="bbox 96 367 1191 949">
     <span class='ocr_line' id='line_1_6' title="bbox 148 367 1189 414; baseline -0.004 -8"><span class='ocrx_word' id='word_1_25' title='bbox 148 368 198 406; x_wconf 90' lang='grc'><strong>14</strong></span> <span class='ocrx_word' id='word_1_26' title='bbox 231 369 425 405; x_wconf 77' lang='lat' dir='ltr'><em>ULPJANUS</em></span> <span class='ocrx_word' id='word_1_27' title='bbox 453 368 543 403; x_wconf 79' lang='lat' dir='ltr'><strong>libro</strong></span> <span class='ocrx_word' id='word_1_28' title='bbox 578 368 787 414; x_wconf 73' lang='lat' dir='ltr'><strong>triqenszâ€˜mo</strong></span> <span class='ocrx_word' id='word_1_29' title='bbox 813 367 937 413; x_wconf 76' lang='lat' dir='ltr'><strong>primo</strong></span> <span class='ocrx_word' id='word_1_30' title='bbox 962 368 1012 403; x_wconf 83' lang='lat' dir='ltr'><strong>ad</strong></span> <span class='ocrx_word' id='word_1_31' title='bbox 1035 368 1189 404; x_wconf 75' lang='lat' dir='ltr'><strong>edictum</strong></span> 
     </span>
     <span class='ocr_line' id='line_1_7' title="bbox 100 413 1189 456; baseline -0.002 -6"><span class='ocrx_word' id='word_1_32' title='bbox 100 414 272 450; x_wconf 87' lang='lat' dir='ltr'><strong>Heredem</strong></span> <span class='ocrx_word' id='word_1_33' title='bbox 295 413 523 456; x_wconf 88' lang='lat' dir='ltr'><strong>fideiussoris,</strong></span> <span class='ocrx_word' id='word_1_34' title='bbox 548 413 578 448; x_wconf 90' lang='lat' dir='ltr'><strong>si</strong></span> <span class='ocrx_word' id='word_1_35' title='bbox 602 413 763 455; x_wconf 89' lang='lat' dir='ltr'><strong>solverit,</strong></span> <span class='ocrx_word' id='word_1_36' title='bbox 788 413 921 448; x_wconf 87' lang='lat' dir='ltr'><strong>habere</strong></span> <span class='ocrx_word' id='word_1_37' title='bbox 945 413 1105 448; x_wconf 89' lang='lat' dir='ltr'><strong>mandati</strong></span> <span class='ocrx_word' id='word_1_38' title='bbox 1129 423 1189 448; x_wconf 88' lang='lat' dir='ltr'><strong>ac-</strong></span> 
     </span>
     <span class='ocr_line' id='line_1_8' title="bbox 98 458 1189 495; baseline -0.002 0"><span class='ocrx_word' id='word_1_39' title='bbox 98 460 230 495; x_wconf 85' lang='lat' dir='ltr'><strong>tionem</strong></span> <span class='ocrx_word' id='word_1_40' title='bbox 262 458 408 494; x_wconf 91' lang='lat' dir='ltr'><strong>dubium</strong></span> <span class='ocrx_word' id='word_1_41' title='bbox 439 469 511 493; x_wconf 91' lang='lat' dir='ltr'><strong>non</strong></span> <span class='ocrx_word' id='word_1_42' title='bbox 543 461 606 493; x_wconf 90' lang='lat' dir='ltr'><strong>est.</strong></span> <span class='ocrx_word' id='word_1_43' title='bbox 645 458 708 494; x_wconf 88' lang='lat' dir='ltr'><strong>sed</strong></span> <span class='ocrx_word' id='word_1_44' title='bbox 739 458 769 493; x_wconf 90' lang='lat' dir='ltr'><strong>si</strong></span> <span class='ocrx_word' id='word_1_45' title='bbox 792 458 989 493; x_wconf 85' lang='lat' dir='ltr'><strong>vendiderit</strong></span> <span class='ocrx_word' id='word_1_46' title='bbox 1012 458 1189 494; x_wconf 86' lang='lat' dir='ltr'><strong>heredita-</strong></span> 
     </span>
     <span class='ocr_line' id='line_1_9' title="bbox 98 503 1188 549; baseline -0.001 -10"><span class='ocrx_word' id='word_1_47' title='bbox 98 509 168 540; x_wconf 85' lang='lat' dir='ltr'><strong>tem</strong></span> <span class='ocrx_word' id='word_1_48' title='bbox 194 508 229 540; x_wconf 91' lang='lat' dir='ltr'><strong>et</strong></span> <span class='ocrx_word' id='word_1_49' title='bbox 252 508 390 549; x_wconf 86' lang='lat' dir='ltr'><strong>emptor</strong></span> <span class='ocrx_word' id='word_1_50' title='bbox 413 504 567 546; x_wconf 90' lang='lat' dir='ltr'><strong>solverit,</strong></span> <span class='ocrx_word' id='word_1_51' title='bbox 593 514 639 538; x_wconf 87' lang='lat' dir='ltr'><strong>an</strong></span> <span class='ocrx_word' id='word_1_52' title='bbox 662 503 796 539; x_wconf 89' lang='lat' dir='ltr'><strong>habeat</strong></span> <span class='ocrx_word' id='word_1_53' title='bbox 817 503 976 539; x_wconf 89' lang='lat' dir='ltr'><strong>mandati</strong></span> <span class='ocrx_word' id='word_1_54' title='bbox 1001 504 1188 546; x_wconf 79' lang='lat' dir='ltr'><strong>actionem,</strong></span> 
     </span>
     <span class='ocr_line' id='line_1_10' title="bbox 99 548 1189 596; baseline -0.001 -11"><span class='ocrx_word' id='word_1_55' title='bbox 99 550 287 596; x_wconf 89' lang='lat' dir='ltr'><strong>quaeritur.</strong></span> <span class='ocrx_word' id='word_1_56' title='bbox 326 553 362 584; x_wconf 88' lang='lat' dir='ltr'><strong>et</strong></span> <span class='ocrx_word' id='word_1_57' title='bbox 384 549 542 584; x_wconf 89' lang='lat' dir='ltr'><strong>Iulianus</strong></span> <span class='ocrx_word' id='word_1_58' title='bbox 566 549 656 584; x_wconf 91' lang='lat' dir='ltr'><strong>libro</strong></span> <span class='ocrx_word' id='word_1_59' title='bbox 681 549 785 584; x_wconf 91' lang='lat' dir='ltr'><strong>tertio</strong></span> <span class='ocrx_word' id='word_1_60' title='bbox 812 548 948 584; x_wconf 88' lang='lat' dir='ltr'><strong>decimo</strong></span> <span class='ocrx_word' id='word_1_61' title='bbox 982 549 1107 585; x_wconf 81' lang='lat' dir='ltr'><strong>scribit</strong></span> <span class='ocrx_word' id='word_1_62' title='bbox 1135 549 1189 584; x_wconf 92' lang='lat' dir='ltr'><strong>id-</strong></span> 
     </span>
     <span class='ocr_line' id='line_1_11' title="bbox 99 594 1189 639; baseline -0.001 -8"><span class='ocrx_word' id='word_1_63' title='bbox 99 596 192 631; x_wconf 88' lang='lat' dir='ltr'><strong>circo</strong></span> <span class='ocrx_word' id='word_1_64' title='bbox 216 594 383 630; x_wconf 88' lang='lat' dir='ltr'><strong>heredem</strong></span> <span class='ocrx_word' id='word_1_65' title='bbox 406 595 539 630; x_wconf 85' lang='lat' dir='ltr'><strong>habere</strong></span> <span class='ocrx_word' id='word_1_66' title='bbox 563 594 723 629; x_wconf 88' lang='lat' dir='ltr'><strong>mandati</strong></span> <span class='ocrx_word' id='word_1_67' title='bbox 748 595 942 638; x_wconf 85' lang='lat' dir='ltr'><strong>actionem,</strong></span> <span class='ocrx_word' id='word_1_68' title='bbox 977 595 1060 639; x_wconf 87' lang='lat' dir='ltr'><strong>quia</strong></span> <span class='ocrx_word' id='word_1_69' title='bbox 1090 598 1189 630; x_wconf 91' lang='lat' dir='ltr'><strong>tene-</strong></span> 
     </span>
     <span class='ocr_line' id='line_1_12' title="bbox 98 640 1188 685; baseline -0.001 -9"><span class='ocrx_word' id='word_1_70' title='bbox 98 645 156 676; x_wconf 93' lang='lat' dir='ltr'><strong>tur</strong></span> <span class='ocrx_word' id='word_1_71' title='bbox 179 640 308 676; x_wconf 91' lang='lat' dir='ltr'><strong>iudicio</strong></span> <span class='ocrx_word' id='word_1_72' title='bbox 334 650 378 675; x_wconf 89' lang='lat' dir='ltr'><strong>ex</strong></span> <span class='ocrx_word' id='word_1_73' title='bbox 402 643 540 685; x_wconf 88' lang='lat' dir='ltr'><strong>empto,</strong></span> <span class='ocrx_word' id='word_1_74' title='bbox 573 643 614 675; x_wconf 86' lang='lat' dir='ltr'><strong>ut</strong></span> <span class='ocrx_word' id='word_1_75' title='bbox 637 643 797 685; x_wconf 89' lang='lat' dir='ltr'><strong>praestet</strong></span> <span class='ocrx_word' id='word_1_76' title='bbox 821 640 981 675; x_wconf 85' lang='lat' dir='ltr'><strong>actiones</strong></span> <span class='ocrx_word' id='word_1_77' title='bbox 1007 651 1110 683; x_wconf 91' lang='lat' dir='ltr'><strong>suas,</strong></span> <span class='ocrx_word' id='word_1_78' title='bbox 1135 640 1188 675; x_wconf 91' lang='lat' dir='ltr'><strong>id-</strong></span> 
     </span>
     <span class='ocr_line' id='line_1_13' title="bbox 99 686 1191 731; baseline -0.002 -9"><span class='ocrx_word' id='word_1_79' title='bbox 99 687 263 731; x_wconf 90' lang='lat' dir='ltr'><strong>circoque</strong></span> <span class='ocrx_word' id='word_1_80' title='bbox 288 689 489 731; x_wconf 85' lang='lat' dir='ltr'><strong>competere</strong></span> <span class='ocrx_word' id='word_1_81' title='bbox 521 696 564 721; x_wconf 90' lang='lat' dir='ltr'><strong>ex</strong></span> <span class='ocrx_word' id='word_1_82' title='bbox 597 690 715 730; x_wconf 92' lang='lat' dir='ltr'><strong>empto</strong></span> <span class='ocrx_word' id='word_1_83' title='bbox 741 686 936 728; x_wconf 89' lang='lat' dir='ltr'><strong>actionem,</strong></span> <span class='ocrx_word' id='word_1_84' title='bbox 963 686 1047 731; x_wconf 87' lang='lat' dir='ltr'><strong>quia</strong></span> <span class='ocrx_word' id='word_1_85' title='bbox 1070 688 1191 731; x_wconf 91' lang='lat' dir='ltr'><strong>potest</strong></span> 
     </span>
     <span class='ocr_line' id='line_1_14' title="bbox 101 731 1191 777; baseline 0 -11"><span class='ocrx_word' id='word_1_86' title='bbox 101 735 114 766; x_wconf 91' lang='lat'>1</span> <span class='ocrx_word' id='word_1_87' title='bbox 164 734 357 777; x_wconf 88' lang='lat' dir='ltr'><strong>praestare.</strong></span> <span class='ocrx_word' id='word_1_88' title='bbox 408 731 446 766; x_wconf 89' lang='lat' dir='ltr'><strong>Si</strong></span> <span class='ocrx_word' id='word_1_89' title='bbox 468 731 668 767; x_wconf 89' lang='lat' dir='ltr'><strong>fideiussori</strong></span> <span class='ocrx_word' id='word_1_90' title='bbox 693 731 763 766; x_wconf 93' lang='lat' dir='ltr'><strong>duo</strong></span> <span class='ocrx_word' id='word_1_91' title='bbox 784 731 932 766; x_wconf 90' lang='lat' dir='ltr'><strong>heredes</strong></span> <span class='ocrx_word' id='word_1_92' title='bbox 953 732 1135 766; x_wconf 85' lang='lat' dir='ltr'><strong>extiterint</strong></span> <span class='ocrx_word' id='word_1_93' title='bbox 1156 734 1191 766; x_wconf 91' lang='lat' dir='ltr'><strong>et</strong></span> 
     </span>
     <span class='ocr_line' id='line_1_15' title="bbox 97 776 1190 820; baseline -0.001 -8"><span class='ocrx_word' id='word_1_94' title='bbox 97 777 187 812; x_wconf 84' lang='lat' dir='ltr'><strong>alter</strong></span> <span class='ocrx_word' id='word_1_95' title='bbox 211 787 333 812; x_wconf 87' lang='lat' dir='ltr'><strong>eorum</strong></span> <span class='ocrx_word' id='word_1_96' title='bbox 364 787 386 811; x_wconf 86' lang='lat' dir='ltr'><strong>a</strong></span> <span class='ocrx_word' id='word_1_97' title='bbox 418 777 592 812; x_wconf 90' lang='lat' dir='ltr'><strong>coherede</strong></span> <span class='ocrx_word' id='word_1_98' title='bbox 625 777 748 811; x_wconf 88' lang='lat' dir='ltr'><strong>emerit</strong></span> <span class='ocrx_word' id='word_1_99' title='bbox 778 776 1029 820; x_wconf 83' lang='lat' dir='ltr'><strong>hereditatem,</strong></span> <span class='ocrx_word' id='word_1_100' title='bbox 1064 776 1190 812; x_wconf 89' lang='lat' dir='ltr'><strong>deinde</strong></span> 
     </span>
     <span class='ocr_line' id='line_1_16' title="bbox 97 821 1188 867; baseline -0.002 -9"><span class='ocrx_word' id='word_1_101' title='bbox 97 832 199 858; x_wconf 87' lang='lat' dir='ltr'><strong>omne</strong></span> <span class='ocrx_word' id='word_1_102' title='bbox 223 822 318 867; x_wconf 93' lang='lat' dir='ltr'><strong>quod</strong></span> <span class='ocrx_word' id='word_1_103' title='bbox 343 821 533 858; x_wconf 86' lang='lat' dir='ltr'><strong>defunctus</strong></span> <span class='ocrx_word' id='word_1_104' title='bbox 558 821 784 857; x_wconf 86' lang='lat' dir='ltr'><strong>fideiusserat</strong></span> <span class='ocrx_word' id='word_1_105' title='bbox 808 822 1012 867; x_wconf 85' lang='lat' dir='ltr'><strong>stipulatori</strong></span> <span class='ocrx_word' id='word_1_106' title='bbox 1034 822 1188 864; x_wconf 89' lang='lat' dir='ltr'><strong>solverit,</strong></span> 
     </span>
     <span class='ocr_line' id='line_1_17' title="bbox 96 867 1189 912; baseline 0.001 -10"><span class='ocrx_word' id='word_1_107' title='bbox 96 867 242 903; x_wconf 84' lang='lat' dir='ltr'><strong>habebit</strong></span> <span class='ocrx_word' id='word_1_108' title='bbox 265 871 328 902; x_wconf 88' lang='lat' dir='ltr'><strong>aut</strong></span> <span class='ocrx_word' id='word_1_109' title='bbox 353 878 396 902; x_wconf 89' lang='lat' dir='ltr'><strong>ex</strong></span> <span class='ocrx_word' id='word_1_110' title='bbox 420 868 593 912; x_wconf 89' lang='lat' dir='ltr'><strong>stipulatu</strong></span> <span class='ocrx_word' id='word_1_111' title='bbox 617 871 680 902; x_wconf 88' lang='lat' dir='ltr'><strong>aut</strong></span> <span class='ocrx_word' id='word_1_112' title='bbox 700 878 743 902; x_wconf 87' lang='lat' dir='ltr'><strong>ex</strong></span> <span class='ocrx_word' id='word_1_113' title='bbox 768 871 885 912; x_wconf 89' lang='lat' dir='ltr'><strong>empto</strong></span> <span class='ocrx_word' id='word_1_114' title='bbox 912 868 1104 912; x_wconf 86' lang='lat' dir='ltr'><strong>obligatum</strong></span> <span class='ocrx_word' id='word_1_115' title='bbox 1130 878 1189 903; x_wconf 90' lang='lat' dir='ltr'><strong>co-</strong></span> 
     </span>
     <span class='ocr_line' id='line_1_18' title="bbox 96 912 1187 949; baseline 0 -2"><span class='ocrx_word' id='word_1_116' title='bbox 96 912 260 948; x_wconf 89' lang='lat' dir='ltr'><strong>heredem</strong></span> <span class='ocrx_word' id='word_1_117' title='bbox 283 923 405 948; x_wconf 87' lang='lat' dir='ltr'><strong>suum:</strong></span> <span class='ocrx_word' id='word_1_118' title='bbox 429 913 564 948; x_wconf 88' lang='lat' dir='ltr'><strong>idcirco</strong></span> <span class='ocrx_word' id='word_1_119' title='bbox 588 913 619 948; x_wconf 89' lang='lat' dir='ltr'><strong>is</strong></span> <span class='ocrx_word' id='word_1_120' title='bbox 643 912 803 948; x_wconf 87' lang='lat' dir='ltr'><strong>mandati</strong></span> <span class='ocrx_word' id='word_1_121' title='bbox 827 913 1006 949; x_wconf 88' lang='lat' dir='ltr'><strong>actionem</strong></span> <span class='ocrx_word' id='word_1_122' title='bbox 1030 913 1187 948; x_wconf 89' lang='lat' dir='ltr'><strong>habebit.</strong></span> 
     </span>
    </p>

    <p class='ocr_par' dir='ltr' id='par_1_5' title="bbox 96 957 1189 1186">
     <span class='ocr_line' id='line_1_19' title="bbox 145 957 1188 995; baseline -0.001 -1"><span class='ocrx_word' id='word_1_123' title='bbox 145 957 193 995; x_wconf 88' lang='lat'><strong>15</strong></span> <span class='ocrx_word' id='word_1_124' title='bbox 220 958 380 994; x_wconf 78' lang='lat' dir='ltr'><strong>PAULUs</strong></span> <span class='ocrx_word' id='word_1_125' title='bbox 409 959 500 994; x_wconf 73' lang='lat' dir='ltr'><strong>libro</strong></span> <span class='ocrx_word' id='word_1_126' title='bbox 532 958 689 994; x_wconf 79' lang='lat' dir='ltr'><strong>secundo</strong></span> <span class='ocrx_word' id='word_1_127' title='bbox 725 959 774 993; x_wconf 82' lang='lat' dir='ltr'><strong>ad</strong></span> <span class='ocrx_word' id='word_1_128' title='bbox 796 958 971 994; x_wconf 77' lang='lat' dir='ltr'><strong>Sabinum</strong></span> <span class='ocrx_word' id='word_1_129' title='bbox 1020 958 1056 994; x_wconf 90' lang='lat' dir='ltr'><strong>Si</strong></span> <span class='ocrx_word' id='word_1_130' title='bbox 1089 969 1188 993; x_wconf 90' lang='lat' dir='ltr'><strong>man-</strong></span> 
     </span>
     <span class='ocr_line' id='line_1_20' title="bbox 97 1003 1188 1049; baseline -0.001 -10"><span class='ocrx_word' id='word_1_131' title='bbox 97 1004 236 1039; x_wconf 88' lang='lat' dir='ltr'><strong>dassem</strong></span> <span class='ocrx_word' id='word_1_132' title='bbox 259 1004 342 1047; x_wconf 93' lang='lat' dir='ltr'><strong>tibi,</strong></span> <span class='ocrx_word' id='word_1_133' title='bbox 376 1008 417 1039; x_wconf 92' lang='lat' dir='ltr'><strong>ut</strong></span> <span class='ocrx_word' id='word_1_134' title='bbox 439 1003 591 1039; x_wconf 88' lang='lat' dir='ltr'><strong>fundum</strong></span> <span class='ocrx_word' id='word_1_135' title='bbox 616 1014 769 1046; x_wconf 91' lang='lat' dir='ltr'><strong>emeres,</strong></span> <span class='ocrx_word' id='word_1_136' title='bbox 803 1007 930 1049; x_wconf 91' lang='lat' dir='ltr'><strong>postea</strong></span> <span class='ocrx_word' id='word_1_137' title='bbox 954 1004 1188 1049; x_wconf 86' lang='lat' dir='ltr'><strong>scripsissem,</strong></span> 
     </span>
     <span class='ocr_line' id='line_1_21' title="bbox 97 1049 1189 1094; baseline -0.001 -9"><span class='ocrx_word' id='word_1_138' title='bbox 97 1060 140 1085; x_wconf 90' lang='lat' dir='ltr'><strong>ne</strong></span> <span class='ocrx_word' id='word_1_139' title='bbox 164 1059 316 1092; x_wconf 92' lang='lat' dir='ltr'><strong>emeres,</strong></span> <span class='ocrx_word' id='word_1_140' title='bbox 341 1053 392 1092; x_wconf 91' lang='lat' dir='ltr'><strong>tu,</strong></span> <span class='ocrx_word' id='word_1_141' title='bbox 419 1053 611 1094; x_wconf 86' lang='lat' dir='ltr'><strong>antequam</strong></span> <span class='ocrx_word' id='word_1_142' title='bbox 636 1049 728 1085; x_wconf 88' lang='lat' dir='ltr'><strong>scias</strong></span> <span class='ocrx_word' id='word_1_143' title='bbox 753 1060 809 1085; x_wconf 91' lang='lat' dir='ltr'><strong>me</strong></span> <span class='ocrx_word' id='word_1_144' title='bbox 832 1049 1005 1092; x_wconf 91' lang='lat' dir='ltr'><strong>vetuisse,</strong></span> <span class='ocrx_word' id='word_1_145' title='bbox 1032 1049 1189 1092; x_wconf 83' lang='lat' dir='ltr'><strong>emisses,</strong></span> 
     </span>
     <span class='ocr_line' id='line_1_22' title="bbox 96 1095 1189 1140; baseline 0 -10"><span class='ocrx_word' id='word_1_146' title='bbox 96 1095 253 1130; x_wconf 88' lang='lat' dir='ltr'><strong>mandati</strong></span> <span class='ocrx_word' id='word_1_147' title='bbox 276 1095 342 1130; x_wconf 90' lang='lat' dir='ltr'><strong>tibi</strong></span> <span class='ocrx_word' id='word_1_148' title='bbox 374 1095 550 1140; x_wconf 87' lang='lat' dir='ltr'><strong>obligatus</strong></span> <span class='ocrx_word' id='word_1_149' title='bbox 584 1105 664 1138; x_wconf 89' lang='lat' dir='ltr'><strong>ero,</strong></span> <span class='ocrx_word' id='word_1_150' title='bbox 697 1105 742 1130; x_wconf 92' lang='lat' dir='ltr'><strong>ne</strong></span> <span class='ocrx_word' id='word_1_151' title='bbox 773 1095 902 1130; x_wconf 90' lang='lat' dir='ltr'><strong>damno</strong></span> <span class='ocrx_word' id='word_1_152' title='bbox 937 1095 1129 1130; x_wconf 89' lang='lat' dir='ltr'><strong>adficiatur</strong></span> <span class='ocrx_word' id='word_1_153' title='bbox 1158 1095 1189 1130; x_wconf 90' lang='lat' dir='ltr'><strong>is</strong></span> 
     </span>
     <span class='ocr_line' id='line_1_23' title="bbox 97 1140 573 1186; baseline 0 -11"><span class='ocrx_word' id='word_1_154' title='bbox 97 1141 156 1186; x_wconf 89' lang='lat' dir='ltr'><strong>qui</strong></span> <span class='ocrx_word' id='word_1_155' title='bbox 180 1140 331 1185; x_wconf 86' lang='lat' dir='ltr'><strong>suscipit</strong></span> <span class='ocrx_word' id='word_1_156' title='bbox 354 1141 573 1175; x_wconf 88' lang='lat' dir='ltr'><strong>mandatum.</strong></span> 
     </span>
    </p>

    <p class='ocr_par' dir='ltr' id='par_1_6' title="bbox 94 1183 1191 1686">
     <span class='ocr_line' id='line_1_24' title="bbox 145 1183 1189 1232; baseline -0.002 -10"><span class='ocrx_word' id='word_1_157' title='bbox 145 1183 194 1223; x_wconf 91' lang='grc'><strong>16</strong></span> <span class='ocrx_word' id='word_1_158' title='bbox 227 1185 422 1222; x_wconf 76' lang='lat' dir='ltr'><strong>ULPJANUs</strong></span> <span class='ocrx_word' id='word_1_159' title='bbox 443 1186 532 1222; x_wconf 83' lang='lat' dir='ltr'><strong>libro</strong></span> <span class='ocrx_word' id='word_1_160' title='bbox 559 1187 767 1232; x_wconf 75' lang='lat' dir='ltr'><strong>triqensz&#39;mo</strong></span> <span class='ocrx_word' id='word_1_161' title='bbox 793 1187 919 1232; x_wconf 79' lang='lat' dir='ltr'><strong>primo</strong></span> <span class='ocrx_word' id='word_1_162' title='bbox 952 1186 1003 1221; x_wconf 88' lang='lat' dir='ltr'><strong>ad</strong></span> <span class='ocrx_word' id='word_1_163' title='bbox 1034 1186 1189 1222; x_wconf 78' lang='lat' dir='ltr'><strong>edictum</strong></span> 
     </span>
     <span class='ocr_line' id='line_1_25' title="bbox 96 1231 1190 1277; baseline -0.001 -11"><span class='ocrx_word' id='word_1_164' title='bbox 96 1231 133 1266; x_wconf 87' lang='lat' dir='ltr'><strong>Si</strong></span> <span class='ocrx_word' id='word_1_165' title='bbox 165 1231 243 1277; x_wconf 90' lang='lat' dir='ltr'><strong>quis</strong></span> <span class='ocrx_word' id='word_1_166' title='bbox 279 1231 364 1266; x_wconf 92' lang='lat' dir='ltr'><strong>mihi</strong></span> <span class='ocrx_word' id='word_1_167' title='bbox 398 1231 620 1267; x_wconf 82' lang='lat' dir='ltr'><strong>mandaverit</strong></span> <span class='ocrx_word' id='word_1_168' title='bbox 651 1232 688 1266; x_wconf 90' lang='lat' dir='ltr'><strong>in</strong></span> <span class='ocrx_word' id='word_1_169' title='bbox 720 1241 798 1267; x_wconf 91' lang='lat' dir='ltr'><strong>meo</strong></span> <span class='ocrx_word' id='word_1_170' title='bbox 833 1232 965 1276; x_wconf 90' lang='lat' dir='ltr'><strong>aliquid</strong></span> <span class='ocrx_word' id='word_1_171' title='bbox 999 1231 1120 1267; x_wconf 89' lang='lat' dir='ltr'><strong>facere</strong></span> <span class='ocrx_word' id='word_1_172' title='bbox 1155 1234 1190 1266; x_wconf 93' lang='lat' dir='ltr'><strong>et</strong></span> 
     </span>
     <span class='ocr_line' id='line_1_26' title="bbox 95 1276 1190 1320; baseline -0.001 -8"><span class='ocrx_word' id='word_1_173' title='bbox 95 1277 232 1320; x_wconf 84' lang='lat' dir='ltr'><strong>fecero,</strong></span> <span class='ocrx_word' id='word_1_174' title='bbox 288 1277 464 1312; x_wconf 90' lang='lat' dir='ltr'><strong>uaesitum</strong></span> <span class='ocrx_word' id='word_1_175' title='bbox 497 1280 569 1319; x_wconf 90' lang='lat' dir='ltr'><strong>est,</strong></span> <span class='ocrx_word' id='word_1_176' title='bbox 602 1287 650 1312; x_wconf 90' lang='lat' dir='ltr'><strong>an</strong></span> <span class='ocrx_word' id='word_1_177' title='bbox 673 1277 720 1312; x_wconf 92' lang='lat' dir='ltr'><strong>sit</strong></span> <span class='ocrx_word' id='word_1_178' title='bbox 743 1277 902 1312; x_wconf 88' lang='lat' dir='ltr'><strong>mandati</strong></span> <span class='ocrx_word' id='word_1_179' title='bbox 927 1277 1033 1313; x_wconf 89' lang='lat' dir='ltr'><strong>actio.</strong></span> <span class='ocrx_word' id='word_1_180' title='bbox 1072 1280 1107 1312; x_wconf 91' lang='lat' dir='ltr'><strong>et</strong></span> <span class='ocrx_word' id='word_1_181' title='bbox 1139 1276 1190 1311; x_wconf 90' lang='lat' dir='ltr'><strong>ait</strong></span> 
     </span>
     <span class='ocr_line' id='line_1_27' title="bbox 97 1322 1188 1368; baseline 0 -11"><span class='ocrx_word' id='word_1_182' title='bbox 97 1322 218 1358; x_wconf 90' lang='lat' dir='ltr'><strong>Celsus</strong></span> <span class='ocrx_word' id='word_1_183' title='bbox 249 1322 274 1357; x_wconf 90' lang='lat' dir='ltr'><strong>li</strong></span> <span class='ocrx_word' id='word_1_184' title='bbox 300 1333 340 1358; x_wconf 91' lang='lat' dir='ltr'><strong>ro</strong></span> <span class='ocrx_word' id='word_1_185' title='bbox 370 1323 519 1368; x_wconf 88' lang='lat' dir='ltr'><strong>septimo</strong></span> <span class='ocrx_word' id='word_1_186' title='bbox 553 1323 770 1368; x_wconf 89' lang='lat' dir='ltr'><strong>digestorum</strong></span> <span class='ocrx_word' id='word_1_187' title='bbox 793 1323 862 1358; x_wconf 97' lang='grc'><strong>1100</strong></span> <span class='ocrx_word' id='word_1_188' title='bbox 885 1322 1115 1368; x_wconf 89' lang='lat' dir='ltr'><strong>respondisse</strong></span> <span class='ocrx_word' id='word_1_189' title='bbox 1139 1332 1188 1365; x_wconf 90' lang='lat' dir='ltr'><strong>se,</strong></span> 
     </span>
     <span class='ocr_line' id='line_1_28' title="bbox 96 1367 1189 1413; baseline -0.001 -10"><span class='ocrx_word' id='word_1_190' title='bbox 96 1379 176 1403; x_wconf 91' lang='lat' dir='ltr'><strong>cum</strong></span> <span class='ocrx_word' id='word_1_191' title='bbox 199 1368 364 1404; x_wconf 89' lang='lat' dir='ltr'><strong>Aurelius</strong></span> <span class='ocrx_word' id='word_1_192' title='bbox 390 1368 538 1412; x_wconf 80' lang='lat' dir='ltr'><strong>Quietus</strong></span> <span class='ocrx_word' id='word_1_193' title='bbox 562 1367 697 1413; x_wconf 86' lang='lat' dir='ltr'><strong>hospiti</strong></span> <span class='ocrx_word' id='word_1_194' title='bbox 728 1379 793 1403; x_wconf 91' lang='lat' dir='ltr'><strong>suo</strong></span> <span class='ocrx_word' id='word_1_195' title='bbox 828 1368 966 1403; x_wconf 89' lang='lat' dir='ltr'><strong>medico</strong></span> <span class='ocrx_word' id='word_1_196' title='bbox 999 1367 1189 1403; x_wconf 87' lang='lat' dir='ltr'><strong>mandasse</strong></span> 
     </span>
     <span class='ocr_line' id='line_1_29' title="bbox 98 1413 1188 1459; baseline -0.001 -11"><span class='ocrx_word' id='word_1_197' title='bbox 98 1413 291 1456; x_wconf 87' lang='lat' dir='ltr'><strong>diceretur,</strong></span> <span class='ocrx_word' id='word_1_198' title='bbox 324 1417 364 1449; x_wconf 91' lang='lat' dir='ltr'><strong>ut</strong></span> <span class='ocrx_word' id='word_1_199' title='bbox 386 1414 424 1448; x_wconf 89' lang='lat' dir='ltr'><strong>in</strong></span> <span class='ocrx_word' id='word_1_200' title='bbox 446 1414 561 1449; x_wconf 91' lang='lat' dir='ltr'><strong>hortis</strong></span> <span class='ocrx_word' id='word_1_201' title='bbox 587 1414 662 1448; x_wconf 90' lang='lat' dir='ltr'><strong>eius</strong></span> <span class='ocrx_word' id='word_1_202' title='bbox 688 1424 777 1459; x_wconf 91' lang='lat' dir='ltr'><strong>quos</strong></span> <span class='ocrx_word' id='word_1_203' title='bbox 802 1413 996 1449; x_wconf 85' lang='lat' dir='ltr'><strong>Ravennae</strong></span> <span class='ocrx_word' id='word_1_204' title='bbox 1020 1413 1188 1456; x_wconf 89' lang='lat' dir='ltr'><strong>habebat,</strong></span> 
     </span>
     <span class='ocr_line' id='line_1_30' title="bbox 94 1458 1188 1504; baseline 0 -10"><span class='ocrx_word' id='word_1_205' title='bbox 94 1459 131 1494; x_wconf 91' lang='lat' dir='ltr'><strong>in</strong></span> <span class='ocrx_word' id='word_1_206' title='bbox 154 1469 242 1504; x_wconf 89' lang='lat' dir='ltr'><strong>quos</strong></span> <span class='ocrx_word' id='word_1_207' title='bbox 267 1459 430 1494; x_wconf 88' lang='lat' dir='ltr'><strong>omnibus</strong></span> <span class='ocrx_word' id='word_1_208' title='bbox 456 1459 558 1495; x_wconf 87' lang='lat' dir='ltr'><strong>annis</strong></span> <span class='ocrx_word' id='word_1_209' title='bbox 583 1459 750 1495; x_wconf 90' lang='lat' dir='ltr'><strong>secedere</strong></span> <span class='ocrx_word' id='word_1_210' title='bbox 782 1459 939 1501; x_wconf 88' lang='lat' dir='ltr'><strong>solebat,</strong></span> <span class='ocrx_word' id='word_1_211' title='bbox 974 1458 1188 1504; x_wconf 88' lang='lat' dir='ltr'><strong>sphaeriste-</strong></span> 
     </span>
     <span class='ocr_line' id='line_1_31' title="bbox 94 1504 1190 1551; baseline 0 -12"><span class='ocrx_word' id='word_1_212' title='bbox 94 1505 187 1540; x_wconf 90' lang='lat' dir='ltr'><strong>rium</strong></span> <span class='ocrx_word' id='word_1_213' title='bbox 221 1507 255 1539; x_wconf 91' lang='lat' dir='ltr'><strong>et</strong></span> <span class='ocrx_word' id='word_1_214' title='bbox 289 1505 513 1551; x_wconf 81' lang='lat' dir='ltr'><strong>hypocausta</strong></span> <span class='ocrx_word' id='word_1_215' title='bbox 549 1507 584 1540; x_wconf 91' lang='lat' dir='ltr'><strong>et</strong></span> <span class='ocrx_word' id='word_1_216' title='bbox 625 1504 800 1550; x_wconf 88' lang='lat' dir='ltr'><strong>quaedam</strong></span> <span class='ocrx_word' id='word_1_217' title='bbox 842 1505 953 1549; x_wconf 90' lang='lat' dir='ltr'><strong>ipsius</strong></span> <span class='ocrx_word' id='word_1_218' title='bbox 997 1504 1190 1539; x_wconf 89' lang='lat' dir='ltr'><strong>valetudini</strong></span> 
     </span>
     <span class='ocr_line' id='line_1_32' title="bbox 96 1550 1191 1595; baseline -0.001 -10"><span class='ocrx_word' id='word_1_219' title='bbox 96 1553 180 1595; x_wconf 88' lang='lat' dir='ltr'><strong>apta</strong></span> <span class='ocrx_word' id='word_1_220' title='bbox 204 1560 271 1585; x_wconf 87' lang='lat' dir='ltr'><strong>sua</strong></span> <span class='ocrx_word' id='word_1_221' title='bbox 293 1550 443 1595; x_wconf 88' lang='lat' dir='ltr'><strong>inpensa</strong></span> <span class='ocrx_word' id='word_1_222' title='bbox 466 1550 619 1585; x_wconf 84' lang='lat' dir='ltr'><strong>faceret:</strong></span> <span class='ocrx_word' id='word_1_223' title='bbox 646 1550 800 1586; x_wconf 87' lang='lat' dir='ltr'><strong>deducto</strong></span> <span class='ocrx_word' id='word_1_224' title='bbox 825 1550 942 1594; x_wconf 89' lang='lat' dir='ltr'><strong>igitur,</strong></span> <span class='ocrx_word' id='word_1_225' title='bbox 968 1554 1101 1595; x_wconf 87' lang='lat' dir='ltr'><strong>quanto</strong></span> <span class='ocrx_word' id='word_1_226' title='bbox 1124 1560 1191 1585; x_wconf 90' lang='lat' dir='ltr'><strong>sua</strong></span> 
     </span>
     <span class='ocr_line' id='line_1_33' title="bbox 97 1594 1188 1641; baseline -0.001 -10"><span class='ocrx_word' id='word_1_227' title='bbox 97 1594 257 1631; x_wconf 87' lang='lat' dir='ltr'><strong>aedificia</strong></span> <span class='ocrx_word' id='word_1_228' title='bbox 287 1596 499 1641; x_wconf 84' lang='lat' dir='ltr'><strong>pretiosiora</strong></span> <span class='ocrx_word' id='word_1_229' title='bbox 530 1596 692 1638; x_wconf 87' lang='lat' dir='ltr'><strong>fecisset,</strong></span> <span class='ocrx_word' id='word_1_230' title='bbox 735 1595 831 1640; x_wconf 91' lang='lat' dir='ltr'><strong>quod</strong></span> <span class='ocrx_word' id='word_1_231' title='bbox 869 1595 1021 1641; x_wconf 88' lang='lat' dir='ltr'><strong>amplius</strong></span> <span class='ocrx_word' id='word_1_232' title='bbox 1052 1596 1188 1640; x_wconf 89' lang='lat' dir='ltr'><strong>impen-</strong></span> 
     </span>
     <span class='ocr_line' id='line_1_34' title="bbox 95 1641 978 1686; baseline 0.001 -11"><span class='ocrx_word' id='word_1_233' title='bbox 95 1641 203 1676; x_wconf 82' lang='lat' dir='ltr'><strong>disset</strong></span> <span class='ocrx_word' id='word_1_234' title='bbox 226 1652 332 1685; x_wconf 89' lang='lat' dir='ltr'><strong>posse</strong></span> <span class='ocrx_word' id='word_1_235' title='bbox 358 1652 438 1676; x_wconf 90' lang='lat' dir='ltr'><strong>eum</strong></span> <span class='ocrx_word' id='word_1_236' title='bbox 462 1641 621 1677; x_wconf 90' lang='lat' dir='ltr'><strong>mandati</strong></span> <span class='ocrx_word' id='word_1_237' title='bbox 644 1641 775 1676; x_wconf 89' lang='lat' dir='ltr'><strong>iudicio</strong></span> <span class='ocrx_word' id='word_1_238' title='bbox 800 1641 978 1686; x_wconf 74' lang='lat' dir='ltr'><strong>persequi,</strong></span> 
     </span>
    </p>

    <p class='ocr_par' dir='ltr' id='par_1_7' title="bbox 95 1683 1189 1868">
     <span class='ocr_line' id='line_1_35' title="bbox 143 1683 1188 1733; baseline -0.002 -10"><span class='ocrx_word' id='word_1_239' title='bbox 143 1683 193 1723; x_wconf 91' lang='lat'><strong>17</strong></span> <span class='ocrx_word' id='word_1_240' title='bbox 219 1687 378 1723; x_wconf 72' lang='lat' dir='ltr'><strong>PAULUs</strong></span> <span class='ocrx_word' id='word_1_241' title='bbox 407 1687 498 1722; x_wconf 79' lang='lat' dir='ltr'><strong>libro</strong></span> <span class='ocrx_word' id='word_1_242' title='bbox 531 1688 682 1733; x_wconf 77' lang='lat' dir='ltr'><strong>septimo</strong></span> <span class='ocrx_word' id='word_1_243' title='bbox 715 1687 765 1722; x_wconf 81' lang='lat' dir='ltr'><strong>ad</strong></span> <span class='ocrx_word' id='word_1_244' title='bbox 796 1687 971 1722; x_wconf 76' lang='lat' dir='ltr'><strong>Sabinum</strong></span> <span class='ocrx_word' id='word_1_245' title='bbox 1019 1686 1057 1722; x_wconf 89' lang='lat' dir='ltr'><strong>Si</strong></span> <span class='ocrx_word' id='word_1_246' title='bbox 1088 1697 1188 1721; x_wconf 91' lang='lat' dir='ltr'><strong>man-</strong></span> 
     </span>
     <span class='ocr_line' id='line_1_36' title="bbox 96 1731 1188 1777; baseline 0.001 -11"><span class='ocrx_word' id='word_1_247' title='bbox 96 1731 223 1768; x_wconf 91' lang='lat' dir='ltr'><strong>davero</strong></span> <span class='ocrx_word' id='word_1_248' title='bbox 258 1732 342 1775; x_wconf 91' lang='lat' dir='ltr'><strong>tibi,</strong></span> <span class='ocrx_word' id='word_1_249' title='bbox 374 1735 415 1767; x_wconf 91' lang='lat' dir='ltr'><strong>ut</strong></span> <span class='ocrx_word' id='word_1_250' title='bbox 439 1742 461 1767; x_wconf 86' lang='lat' dir='ltr'><strong>a</strong></span> <span class='ocrx_word' id='word_1_251' title='bbox 486 1732 579 1767; x_wconf 90' lang='lat' dir='ltr'><strong>Titio</strong></span> <span class='ocrx_word' id='word_1_252' title='bbox 606 1732 728 1767; x_wconf 88' lang='lat' dir='ltr'><strong>decem</strong></span> <span class='ocrx_word' id='word_1_253' title='bbox 753 1733 928 1777; x_wconf 82' lang='lat' dir='ltr'><strong>exigeres,</strong></span> <span class='ocrx_word' id='word_1_254' title='bbox 962 1736 997 1767; x_wconf 92' lang='lat' dir='ltr'><strong>et</strong></span> <span class='ocrx_word' id='word_1_255' title='bbox 1021 1735 1104 1767; x_wconf 88' lang='lat' dir='ltr'><strong>ante</strong></span> <span class='ocrx_word' id='word_1_256' title='bbox 1129 1743 1188 1767; x_wconf 89' lang='lat' dir='ltr'><strong>ex-</strong></span> 
     </span>
     <span class='ocr_line' id='line_1_37' title="bbox 95 1777 1189 1823; baseline 0 -11"><span class='ocrx_word' id='word_1_257' title='bbox 95 1781 177 1813; x_wconf 87' lang='lat' dir='ltr'><strong>acta</strong></span> <span class='ocrx_word' id='word_1_258' title='bbox 201 1788 243 1813; x_wconf 89' lang='lat' dir='ltr'><strong>ea</strong></span> <span class='ocrx_word' id='word_1_259' title='bbox 266 1777 426 1813; x_wconf 86' lang='lat' dir='ltr'><strong>mandati</strong></span> <span class='ocrx_word' id='word_1_260' title='bbox 449 1781 568 1813; x_wconf 87' lang='lat' dir='ltr'><strong>tecum</strong></span> <span class='ocrx_word' id='word_1_261' title='bbox 593 1788 708 1823; x_wconf 90' lang='lat' dir='ltr'><strong>egero,</strong></span> <span class='ocrx_word' id='word_1_262' title='bbox 734 1778 765 1813; x_wconf 90' lang='lat' dir='ltr'><strong>si</strong></span> <span class='ocrx_word' id='word_1_263' title='bbox 788 1781 872 1813; x_wconf 88' lang='lat' dir='ltr'><strong>ante</strong></span> <span class='ocrx_word' id='word_1_264' title='bbox 895 1788 971 1812; x_wconf 91' lang='lat' dir='ltr'><strong>rem</strong></span> <span class='ocrx_word' id='word_1_265' title='bbox 993 1777 1189 1813; x_wconf 89' lang='lat' dir='ltr'><strong>iudicatam</strong></span> 
     </span>
     <span class='ocr_line' id='line_1_38' title="bbox 95 1823 936 1868; baseline 0.001 -11"><span class='ocrx_word' id='word_1_266' title='bbox 95 1824 263 1868; x_wconf 84' lang='lat' dir='ltr'><strong>exegeris,</strong></span> <span class='ocrx_word' id='word_1_267' title='bbox 289 1823 597 1859; x_wconf 89' lang='lat' dir='ltr'><strong>condemnandum</strong></span> <span class='ocrx_word' id='word_1_268' title='bbox 620 1827 656 1858; x_wconf 91' lang='lat' dir='ltr'><strong>te</strong></span> <span class='ocrx_word' id='word_1_269' title='bbox 681 1833 758 1859; x_wconf 88' lang='lat' dir='ltr'><strong>esse</strong></span> <span class='ocrx_word' id='word_1_270' title='bbox 784 1826 936 1859; x_wconf 88' lang='lat' dir='ltr'><strong>constat.</strong></span> 
     </span>
    </p>

    <p class='ocr_par' dir='ltr' id='par_1_8' title="bbox 96 1865 1189 2005">
     <span class='ocr_line' id='line_1_39' title="bbox 146 1865 1189 1915; baseline -0.003 -9"><span class='ocrx_word' id='word_1_271' title='bbox 146 1865 196 1906; x_wconf 88' lang='lat'><strong>18</strong></span> <span class='ocrx_word' id='word_1_272' title='bbox 237 1869 432 1905; x_wconf 73' lang='lat' dir='ltr'><strong>ULPJANUs</strong></span> <span class='ocrx_word' id='word_1_273' title='bbox 463 1869 554 1905; x_wconf 80' lang='lat' dir='ltr'><strong>libro</strong></span> <span class='ocrx_word' id='word_1_274' title='bbox 590 1868 894 1915; x_wconf 72' lang='lat' dir='ltr'><strong>quadraqensz&#39;mo</strong></span> <span class='ocrx_word' id='word_1_275' title='bbox 932 1868 980 1904; x_wconf 83' lang='lat' dir='ltr'><strong>ad</strong></span> <span class='ocrx_word' id='word_1_276' title='bbox 1014 1867 1189 1904; x_wconf 77' lang='lat' dir='ltr'><strong>Sabinum</strong></span> 
     </span>
     <span class='ocr_line' id='line_1_40' title="bbox 96 1913 1187 1959; baseline -0.001 -10"><span class='ocrx_word' id='word_1_277' title='bbox 96 1913 163 1958; x_wconf 78' lang='lat' dir='ltr'><strong>Qui</strong></span> <span class='ocrx_word' id='word_1_278' title='bbox 186 1915 322 1959; x_wconf 90' lang='lat' dir='ltr'><strong>patitur</strong></span> <span class='ocrx_word' id='word_1_279' title='bbox 346 1915 391 1950; x_wconf 90' lang='lat' dir='ltr'><strong>ab</strong></span> <span class='ocrx_word' id='word_1_280' title='bbox 418 1914 487 1949; x_wconf 90' lang='lat' dir='ltr'><strong>alio</strong></span> <span class='ocrx_word' id='word_1_281' title='bbox 513 1914 694 1958; x_wconf 88' lang='lat' dir='ltr'><strong>mandari,</strong></span> <span class='ocrx_word' id='word_1_282' title='bbox 719 1918 760 1949; x_wconf 94' lang='lat' dir='ltr'><strong>ut</strong></span> <span class='ocrx_word' id='word_1_283' title='bbox 784 1914 851 1950; x_wconf 89' lang='lat' dir='ltr'><strong>sibi</strong></span> <span class='ocrx_word' id='word_1_284' title='bbox 876 1914 1062 1956; x_wconf 89' lang='lat' dir='ltr'><strong>credatur,</strong></span> <span class='ocrx_word' id='word_1_285' title='bbox 1087 1924 1187 1948; x_wconf 89' lang='lat' dir='ltr'><strong>man-</strong></span> 
     </span>
     <span class='ocr_line' id='line_1_41' title="bbox 96 1959 428 2005; baseline 0 -11"><span class='ocrx_word' id='word_1_286' title='bbox 96 1959 181 1995; x_wconf 90' lang='lat' dir='ltr'><strong>dare</strong></span> <span class='ocrx_word' id='word_1_287' title='bbox 204 1959 428 2005; x_wconf 89' lang='lat' dir='ltr'><strong>intellegitur.</strong></span> 
     </span>
    </p>

    <p class='ocr_par' dir='ltr' id='par_1_9' title="bbox 94 2003 1189 2233">
     <span class='ocr_line' id='line_1_42' title="bbox 144 2003 1188 2052; baseline -0.002 -11"><span class='ocrx_word' id='word_1_288' title='bbox 144 2003 194 2042; x_wconf 87' lang='lat'><strong>19</strong></span> <span class='ocrx_word' id='word_1_289' title='bbox 219 2005 328 2040; x_wconf 79' lang='lat' dir='ltr'><strong>IDEM</strong></span> <span class='ocrx_word' id='word_1_290' title='bbox 355 2006 447 2041; x_wconf 77' lang='lat' dir='ltr'><strong>libro</strong></span> <span class='ocrx_word' id='word_1_291' title='bbox 482 2005 787 2052; x_wconf 73' lang='lat' dir='ltr'><strong>quadraqensz&#39;mo</strong></span> <span class='ocrx_word' id='word_1_292' title='bbox 814 2006 918 2040; x_wconf 80' lang='lat' dir='ltr'><strong>tertio</strong></span> <span class='ocrx_word' id='word_1_293' title='bbox 942 2005 992 2040; x_wconf 89' lang='lat' dir='ltr'><strong>ad</strong></span> <span class='ocrx_word' id='word_1_294' title='bbox 1014 2004 1188 2040; x_wconf 79' lang='lat' dir='ltr'><strong>Sabinum</strong></span> 
     </span>
     <span class='ocr_line' id='line_1_43' title="bbox 96 2049 1187 2093; baseline 0 -9"><span class='ocrx_word' id='word_1_295' title='bbox 96 2049 133 2084; x_wconf 89' lang='lat' dir='ltr'><strong>Si</strong></span> <span class='ocrx_word' id='word_1_296' title='bbox 157 2061 277 2085; x_wconf 89' lang='lat' dir='ltr'><strong>servus</strong></span> <span class='ocrx_word' id='word_1_297' title='bbox 303 2061 401 2086; x_wconf 90' lang='lat' dir='ltr'><strong>meus</strong></span> <span class='ocrx_word' id='word_1_298' title='bbox 426 2051 470 2086; x_wconf 90' lang='lat' dir='ltr'><strong>de</strong></span> <span class='ocrx_word' id='word_1_299' title='bbox 495 2055 606 2086; x_wconf 90' lang='lat' dir='ltr'><strong>semet</strong></span> <span class='ocrx_word' id='word_1_300' title='bbox 630 2051 776 2086; x_wconf 86' lang='lat' dir='ltr'><strong>emendo</strong></span> <span class='ocrx_word' id='word_1_301' title='bbox 802 2050 1006 2093; x_wconf 84' lang='lat' dir='ltr'><strong>mandaret,</strong></span> <span class='ocrx_word' id='word_1_302' title='bbox 1033 2054 1072 2085; x_wconf 92' lang='lat' dir='ltr'><strong>ut</strong></span> <span class='ocrx_word' id='word_1_303' title='bbox 1096 2050 1187 2085; x_wconf 91' lang='lat' dir='ltr'><strong>redi-</strong></span> 
     </span>
     <span class='ocr_line' id='line_1_44' title="bbox 95 2095 1188 2142; baseline 0 -12"><span class='ocrx_word' id='word_1_304' title='bbox 95 2100 231 2139; x_wconf 90' lang='lat' dir='ltr'><strong>matur,</strong></span> <span class='ocrx_word' id='word_1_305' title='bbox 256 2096 477 2141; x_wconf 86' lang='lat' dir='ltr'><strong>Pomponius</strong></span> <span class='ocrx_word' id='word_1_306' title='bbox 502 2097 682 2142; x_wconf 85' lang='lat' dir='ltr'><strong>eleganter</strong></span> <span class='ocrx_word' id='word_1_307' title='bbox 705 2099 858 2138; x_wconf 88' lang='lat' dir='ltr'><strong>tractat,</strong></span> <span class='ocrx_word' id='word_1_308' title='bbox 884 2106 930 2131; x_wconf 88' lang='lat' dir='ltr'><strong>an</strong></span> <span class='ocrx_word' id='word_1_309' title='bbox 954 2095 1003 2138; x_wconf 90' lang='lat' dir='ltr'><strong>is,</strong></span> <span class='ocrx_word' id='word_1_310' title='bbox 1030 2095 1090 2140; x_wconf 91' lang='lat' dir='ltr'><strong>qui</strong></span> <span class='ocrx_word' id='word_1_311' title='bbox 1114 2106 1188 2131; x_wconf 90' lang='lat' dir='ltr'><strong>ser-</strong></span> 
     </span>
     <span class='ocr_line' id='line_1_45' title="bbox 94 2141 1189 2186; baseline -0.001 -10"><span class='ocrx_word' id='word_1_312' title='bbox 94 2152 176 2176; x_wconf 89' lang='lat' dir='ltr'><strong>vum</strong></span> <span class='ocrx_word' id='word_1_313' title='bbox 199 2141 398 2184; x_wconf 81' lang='lat' dir='ltr'><strong>redemerit,</strong></span> <span class='ocrx_word' id='word_1_314' title='bbox 423 2142 517 2177; x_wconf 91' lang='lat' dir='ltr'><strong>ultro</strong></span> <span class='ocrx_word' id='word_1_315' title='bbox 543 2141 732 2177; x_wconf 90' lang='lat' dir='ltr'><strong>convenire</strong></span> <span class='ocrx_word' id='word_1_316' title='bbox 756 2141 870 2186; x_wconf 85' lang='lat' dir='ltr'><strong>possit</strong></span> <span class='ocrx_word' id='word_1_317' title='bbox 893 2141 1124 2182; x_wconf 87' lang='lat' dir='ltr'><strong>venditorem,</strong></span> <span class='ocrx_word' id='word_1_318' title='bbox 1150 2144 1189 2175; x_wconf 94' lang='lat' dir='ltr'><strong>ut</strong></span> 
     </span>
     <span class='ocr_line' id='line_1_46' title="bbox 96 2187 1188 2233; baseline -0.001 -12"><span class='ocrx_word' id='word_1_319' title='bbox 96 2197 235 2221; x_wconf 89' lang='lat' dir='ltr'><strong>servum</strong></span> <span class='ocrx_word' id='word_1_320' title='bbox 266 2187 433 2232; x_wconf 85' lang='lat' dir='ltr'><strong>recipiat,</strong></span> <span class='ocrx_word' id='word_1_321' title='bbox 467 2187 635 2233; x_wconf 89' lang='lat' dir='ltr'><strong>quoniam</strong></span> <span class='ocrx_word' id='word_1_322' title='bbox 658 2187 818 2222; x_wconf 84' lang='lat' dir='ltr'><strong>mandati</strong></span> <span class='ocrx_word' id='word_1_323' title='bbox 842 2187 936 2222; x_wconf 90' lang='lat' dir='ltr'><strong>actio</strong></span> <span class='ocrx_word' id='word_1_324' title='bbox 961 2187 1054 2221; x_wconf 91' lang='lat' dir='ltr'><strong>ultro</strong></span> <span class='ocrx_word' id='word_1_325' title='bbox 1081 2187 1188 2221; x_wconf 89' lang='lat' dir='ltr'><strong>citro-</strong></span> 
     </span>
    </p>

    <p class='ocr_par' dir='ltr' id='par_1_10' title="bbox 95 2231 1189 2449">
     <span class='ocr_line' id='line_1_47' title="bbox 119 2231 1189 2278; baseline -0.002 -11"><span class='ocrx_word' id='word_1_326' title='bbox 119 2242 164 2267; x_wconf 91' lang='lat' dir='ltr'><strong>ue</strong></span> <span class='ocrx_word' id='word_1_327' title='bbox 199 2235 262 2268; x_wconf 89' lang='lat' dir='ltr'><strong>est.</strong></span> <span class='ocrx_word' id='word_1_328' title='bbox 307 2233 370 2268; x_wconf 91' lang='lat' dir='ltr'><strong>sed</strong></span> <span class='ocrx_word' id='word_1_329' title='bbox 403 2243 480 2268; x_wconf 90' lang='lat' dir='ltr'><strong>esse</strong></span> <span class='ocrx_word' id='word_1_330' title='bbox 510 2233 769 2278; x_wconf 90' lang='lat' dir='ltr'><strong>iniquissimum</strong></span> <span class='ocrx_word' id='word_1_331' title='bbox 804 2231 1024 2276; x_wconf 90' lang='lat' dir='ltr'><strong>Pomponius</strong></span> <span class='ocrx_word' id='word_1_332' title='bbox 1062 2232 1112 2266; x_wconf 91' lang='lat' dir='ltr'><strong>ait</strong></span> <span class='ocrx_word' id='word_1_333' title='bbox 1147 2242 1189 2266; x_wconf 85' lang='lat' dir='ltr'><strong>ex</strong></span> 
     </span>
     <span class='ocr_line' id='line_1_48' title="bbox 111 2277 1189 2323; baseline -0.002 -11"><span class='ocrx_word' id='word_1_334' title='bbox 111 2281 191 2313; x_wconf 87' lang='lat' dir='ltr'><strong>acto</strong></span> <span class='ocrx_word' id='word_1_335' title='bbox 217 2278 308 2313; x_wconf 89' lang='lat' dir='ltr'><strong>servi</strong></span> <span class='ocrx_word' id='word_1_336' title='bbox 339 2278 408 2313; x_wconf 91' lang='lat' dir='ltr'><strong>mei</strong></span> <span class='ocrx_word' id='word_1_337' title='bbox 440 2279 518 2323; x_wconf 84' lang='lat' dir='ltr'><strong>cogi</strong></span> <span class='ocrx_word' id='word_1_338' title='bbox 549 2289 604 2313; x_wconf 90' lang='lat' dir='ltr'><strong>me</strong></span> <span class='ocrx_word' id='word_1_339' title='bbox 636 2289 775 2314; x_wconf 89' lang='lat' dir='ltr'><strong>servum</strong></span> <span class='ocrx_word' id='word_1_340' title='bbox 806 2278 984 2322; x_wconf 89' lang='lat' dir='ltr'><strong>recipere,</strong></span> <span class='ocrx_word' id='word_1_341' title='bbox 1018 2287 1121 2322; x_wconf 90' lang='lat' dir='ltr'><strong>quem</strong></span> <span class='ocrx_word' id='word_1_342' title='bbox 1152 2277 1189 2311; x_wconf 92' lang='lat' dir='ltr'><strong>in</strong></span> 
     </span>
     <span class='ocr_line' id='line_1_49' title="bbox 95 2323 1187 2368; baseline -0.002 -10"><span class='ocrx_word' id='word_1_343' title='bbox 95 2327 307 2368; x_wconf 90' lang='lat' dir='ltr'><strong>perpetuum</strong></span> <span class='ocrx_word' id='word_1_344' title='bbox 331 2324 480 2359; x_wconf 89' lang='lat' dir='ltr'><strong>alienari</strong></span> <span class='ocrx_word' id='word_1_345' title='bbox 504 2324 697 2366; x_wconf 92' lang='lat' dir='ltr'><strong>volueram,</strong></span> <span class='ocrx_word' id='word_1_346' title='bbox 722 2334 787 2358; x_wconf 91' lang='lat' dir='ltr'><strong>nec</strong></span> <span class='ocrx_word' id='word_1_347' title='bbox 811 2323 923 2368; x_wconf 86' lang='lat' dir='ltr'><strong>magis</strong></span> <span class='ocrx_word' id='word_1_348' title='bbox 948 2323 984 2357; x_wconf 94' lang='lat' dir='ltr'><strong>in</strong></span> <span class='ocrx_word' id='word_1_349' title='bbox 1008 2323 1108 2357; x_wconf 83' lang='lat' dir='ltr'><strong>huncÎ‡</strong></span> <span class='ocrx_word' id='word_1_350' title='bbox 1128 2332 1187 2357; x_wconf 89' lang='lat' dir='ltr'><strong>ca-</strong></span> 
     </span>
     <span class='ocr_line' id='line_1_50' title="bbox 96 2368 1188 2449; baseline -0.001 -46"><span class='ocrx_word' id='word_1_351' title='bbox 96 2379 174 2449; x_wconf 56' lang='lat' dir='ltr'><strong>sium</strong></span> <span class='ocrx_word' id='word_1_352' title='bbox 199 2369 309 2404; x_wconf 87' lang='lat' dir='ltr'><strong>debeo</strong></span> <span class='ocrx_word' id='word_1_353' title='bbox 335 2369 494 2405; x_wconf 88' lang='lat' dir='ltr'><strong>mandati</strong></span> <span class='ocrx_word' id='word_1_354' title='bbox 525 2369 654 2412; x_wconf 88' lang='lat' dir='ltr'><strong>teneri,</strong></span> <span class='ocrx_word' id='word_1_355' title='bbox 687 2379 793 2414; x_wconf 86' lang='lat' dir='ltr'><strong>quam</strong></span> <span class='ocrx_word' id='word_1_356' title='bbox 825 2372 865 2403; x_wconf 90' lang='lat' dir='ltr'><strong>ut</strong></span> <span class='ocrx_word' id='word_1_357' title='bbox 898 2379 977 2403; x_wconf 92' lang='lat' dir='ltr'><strong>eum</strong></span> <span class='ocrx_word' id='word_1_358' title='bbox 1008 2368 1074 2403; x_wconf 92' lang='lat' dir='ltr'><strong>tibi</strong></span> <span class='ocrx_word' id='word_1_359' title='bbox 1104 2378 1188 2403; x_wconf 88' lang='lat' dir='ltr'><strong>ven-</strong></span> 
     </span>
     <span class='ocr_line' id='line_1_51' title="bbox 123 2425 228 2449; baseline 0.01 -1"><span class='ocrx_word' id='word_1_360' title='bbox 123 2425 228 2449; x_wconf 88' lang='lat' dir='ltr'><strong>erem.</strong></span> 
     </span>
    </p>

    <p class='ocr_par' dir='ltr' id='par_1_11' title="bbox 96 2457 1189 2773">
     <span class='ocr_line' id='line_1_52' title="bbox 142 2457 1187 2497; baseline -0.003 -2"><span class='ocrx_word' id='word_1_361' title='bbox 142 2457 194 2497; x_wconf 84' lang='lat'><strong>20</strong></span> <span class='ocrx_word' id='word_1_362' title='bbox 223 2459 379 2495; x_wconf 58' lang='lat' dir='ltr'><strong>Parrus</strong></span> <span class='ocrx_word' id='word_1_363' title='bbox 400 2460 490 2496; x_wconf 77' lang='lat' dir='ltr'><strong>libro</strong></span> <span class='ocrx_word' id='word_1_364' title='bbox 510 2460 698 2495; x_wconf 72' lang='lat' dir='ltr'><strong>undecimo</strong></span> <span class='ocrx_word' id='word_1_365' title='bbox 719 2459 769 2494; x_wconf 84' lang='lat' dir='ltr'><strong>ad</strong></span> <span class='ocrx_word' id='word_1_366' title='bbox 787 2459 961 2495; x_wconf 74' lang='lat' dir='ltr'><strong>Sabinum</strong></span> <span class='ocrx_word' id='word_1_367' title='bbox 1008 2458 1066 2493; x_wconf 88' lang='lat' dir='ltr'><strong>Ex</strong></span> <span class='ocrx_word' id='word_1_368' title='bbox 1086 2468 1187 2492; x_wconf 91' lang='lat' dir='ltr'><strong>man-</strong></span> 
     </span>
     <span class='ocr_line' id='line_1_53' title="bbox 98 2504 1187 2550; baseline -0.002 -11"><span class='ocrx_word' id='word_1_369' title='bbox 98 2504 180 2540; x_wconf 86' lang='lat' dir='ltr'><strong>dato</strong></span> <span class='ocrx_word' id='word_1_370' title='bbox 213 2505 309 2550; x_wconf 90' lang='lat' dir='ltr'><strong>apud</strong></span> <span class='ocrx_word' id='word_1_371' title='bbox 340 2515 419 2540; x_wconf 93' lang='lat' dir='ltr'><strong>eum</strong></span> <span class='ocrx_word' id='word_1_372' title='bbox 451 2505 512 2550; x_wconf 93' lang='lat' dir='ltr'><strong>qui</strong></span> <span class='ocrx_word' id='word_1_373' title='bbox 542 2505 750 2540; x_wconf 89' lang='lat' dir='ltr'><strong>mandatum</strong></span> <span class='ocrx_word' id='word_1_374' title='bbox 782 2505 939 2549; x_wconf 87' lang='lat' dir='ltr'><strong>suscepit</strong></span> <span class='ocrx_word' id='word_1_375' title='bbox 963 2504 1049 2538; x_wconf 88' lang='lat' dir='ltr'><strong>nihil</strong></span> <span class='ocrx_word' id='word_1_376' title='bbox 1073 2514 1187 2538; x_wconf 91' lang='lat' dir='ltr'><strong>rema-</strong></span> 
     </span>
     <span class='ocr_line' id='line_1_54' title="bbox 96 2549 1187 2595; baseline -0.002 -10"><span class='ocrx_word' id='word_1_377' title='bbox 96 2561 179 2585; x_wconf 91' lang='lat' dir='ltr'><strong>nere</strong></span> <span class='ocrx_word' id='word_1_378' title='bbox 203 2554 362 2595; x_wconf 86' lang='lat' dir='ltr'><strong>oportet,</strong></span> <span class='ocrx_word' id='word_1_379' title='bbox 388 2551 494 2585; x_wconf 87' lang='lat' dir='ltr'><strong>sicuti</strong></span> <span class='ocrx_word' id='word_1_380' title='bbox 517 2561 584 2586; x_wconf 88' lang='lat' dir='ltr'><strong>nec</strong></span> <span class='ocrx_word' id='word_1_381' title='bbox 609 2551 776 2585; x_wconf 88' lang='lat' dir='ltr'><strong>damnum</strong></span> <span class='ocrx_word' id='word_1_382' title='bbox 800 2550 876 2595; x_wconf 92' lang='lat' dir='ltr'><strong>pati</strong></span> <span class='ocrx_word' id='word_1_383' title='bbox 901 2549 1027 2591; x_wconf 84' lang='lat' dir='ltr'><strong>debet,</strong></span> <span class='ocrx_word' id='word_1_384' title='bbox 1060 2549 1090 2584; x_wconf 88' lang='lat' dir='ltr'><strong>si</strong></span> <span class='ocrx_word' id='word_1_385' title='bbox 1115 2549 1187 2583; x_wconf 93' lang='lat' dir='ltr'><strong>exi-</strong></span> 
     </span>
     <span class='ocr_line' id='line_1_55' title="bbox 99 2594 1187 2641; baseline -0.002 -11"><span class='ocrx_word' id='word_1_386' title='bbox 99 2599 113 2630; x_wconf 90' lang='lat'>1</span> <span class='ocrx_word' id='word_1_387' title='bbox 163 2605 244 2641; x_wconf 87' lang='lat' dir='ltr'><strong>gere</strong></span> <span class='ocrx_word' id='word_1_388' title='bbox 274 2595 495 2631; x_wconf 87' lang='lat' dir='ltr'><strong>faeneratam</strong></span> <span class='ocrx_word' id='word_1_389' title='bbox 526 2596 713 2641; x_wconf 90' lang='lat' dir='ltr'><strong>pecuniam</strong></span> <span class='ocrx_word' id='word_1_390' title='bbox 746 2606 818 2630; x_wconf 92' lang='lat' dir='ltr'><strong>non</strong></span> <span class='ocrx_word' id='word_1_391' title='bbox 849 2595 975 2640; x_wconf 88' lang='lat' dir='ltr'><strong>potuit.</strong></span> <span class='ocrx_word' id='word_1_392' title='bbox 1025 2594 1187 2629; x_wconf 90' lang='lat' dir='ltr'><strong>Fideius-</strong></span> 
     </span>
     <span class='ocr_line' id='line_1_56' title="bbox 96 2638 1189 2686; baseline -0.002 -10"><span class='ocrx_word' id='word_1_393' title='bbox 96 2641 168 2676; x_wconf 88' lang='lat' dir='ltr'><strong>sori</strong></span> <span class='ocrx_word' id='word_1_394' title='bbox 191 2641 413 2685; x_wconf 86' lang='lat' dir='ltr'><strong>negotiorum</strong></span> <span class='ocrx_word' id='word_1_395' title='bbox 436 2645 617 2686; x_wconf 88' lang='lat' dir='ltr'><strong>gestorum</strong></span> <span class='ocrx_word' id='word_1_396' title='bbox 650 2645 704 2676; x_wconf 91' lang='lat' dir='ltr'><strong>est</strong></span> <span class='ocrx_word' id='word_1_397' title='bbox 736 2641 849 2683; x_wconf 90' lang='lat' dir='ltr'><strong>actio,</strong></span> <span class='ocrx_word' id='word_1_398' title='bbox 883 2641 912 2675; x_wconf 93' lang='lat' dir='ltr'><strong>si</strong></span> <span class='ocrx_word' id='word_1_399' title='bbox 943 2651 1007 2685; x_wconf 90' lang='lat' dir='ltr'><strong>pro</strong></span> <span class='ocrx_word' id='word_1_400' title='bbox 1041 2638 1189 2674; x_wconf 88' lang='lat' dir='ltr'><strong>absente</strong></span> 
     </span>
     <span class='ocr_line' id='line_1_57' title="bbox 96 2686 1187 2730; baseline -0.002 -9"><span class='ocrx_word' id='word_1_401' title='bbox 96 2686 325 2722; x_wconf 89' lang='lat' dir='ltr'><strong>fideiusserit:</strong></span> <span class='ocrx_word' id='word_1_402' title='bbox 359 2697 442 2721; x_wconf 92' lang='lat' dir='ltr'><strong>nam</strong></span> <span class='ocrx_word' id='word_1_403' title='bbox 474 2687 632 2721; x_wconf 89' lang='lat' dir='ltr'><strong>mandati</strong></span> <span class='ocrx_word' id='word_1_404' title='bbox 663 2687 757 2721; x_wconf 88' lang='lat' dir='ltr'><strong>actio</strong></span> <span class='ocrx_word' id='word_1_405' title='bbox 790 2697 862 2721; x_wconf 90' lang='lat' dir='ltr'><strong>non</strong></span> <span class='ocrx_word' id='word_1_406' title='bbox 894 2688 1013 2730; x_wconf 85' lang='lat' dir='ltr'><strong>potest</strong></span> <span class='ocrx_word' id='word_1_407' title='bbox 1046 2695 1187 2729; x_wconf 90' lang='lat' dir='ltr'><strong>compe-</strong></span> 
     </span>
     <span class='ocr_line' id='line_1_58' title="bbox 96 2731 882 2773; baseline -0.001 -7"><span class='ocrx_word' id='word_1_408' title='bbox 96 2735 181 2773; x_wconf 89' lang='lat' dir='ltr'><strong>tere,</strong></span> <span class='ocrx_word' id='word_1_409' title='bbox 208 2743 287 2767; x_wconf 91' lang='lat' dir='ltr'><strong>cum</strong></span> <span class='ocrx_word' id='word_1_410' title='bbox 313 2743 384 2767; x_wconf 89' lang='lat' dir='ltr'><strong>non</strong></span> <span class='ocrx_word' id='word_1_411' title='bbox 409 2732 641 2767; x_wconf 88' lang='lat' dir='ltr'><strong>antecesserit</strong></span> <span class='ocrx_word' id='word_1_412' title='bbox 665 2731 882 2766; x_wconf 86' lang='lat' dir='ltr'><strong>mandatum.</strong></span> 
     </span>
    </p>

    <p class='ocr_par' dir='ltr' id='par_1_12' title="bbox 97 2774 1189 3138">
     <span class='ocr_line' id='line_1_59' title="bbox 143 2774 1186 2823; baseline -0.003 -11"><span class='ocrx_word' id='word_1_413' title='bbox 143 2775 192 2813; x_wconf 84' lang='lat'><strong>21</strong></span> <span class='ocrx_word' id='word_1_414' title='bbox 229 2777 424 2812; x_wconf 79' lang='lat' dir='ltr'><em>ULPJANUS</em></span> <span class='ocrx_word' id='word_1_415' title='bbox 439 2778 530 2812; x_wconf 77' lang='lat' dir='ltr'><strong>libro</strong></span> <span class='ocrx_word' id='word_1_416' title='bbox 552 2777 857 2823; x_wconf 74' lang='lat' dir='ltr'><strong>quadraqensimo</strong></span> <span class='ocrx_word' id='word_1_417' title='bbox 878 2776 1029 2821; x_wconf 73' lang='lat' dir='ltr'><strong>septimo</strong></span> <span class='ocrx_word' id='word_1_418' title='bbox 1051 2775 1101 2810; x_wconf 85' lang='lat' dir='ltr'><strong>ad</strong></span> <span class='ocrx_word' id='word_1_419' title='bbox 1120 2774 1186 2810; x_wconf 80' lang='lat' dir='ltr'><strong>Sa-</strong></span> 
     </span>
     <span class='ocr_line' id='line_1_60' title="bbox 99 2821 1188 2867; baseline -0.004 -9"><span class='ocrx_word' id='word_1_420' title='bbox 99 2823 218 2858; x_wconf 74' lang='lat' dir='ltr'><strong>binum</strong></span> <span class='ocrx_word' id='word_1_421' title='bbox 252 2822 340 2857; x_wconf 87' lang='lat' dir='ltr'><strong>Cum</strong></span> <span class='ocrx_word' id='word_1_422' title='bbox 365 2822 536 2857; x_wconf 89' lang='lat' dir='ltr'><strong>mandatu</strong></span> <span class='ocrx_word' id='word_1_423' title='bbox 561 2823 676 2858; x_wconf 91' lang='lat' dir='ltr'><strong>alieno</strong></span> <span class='ocrx_word' id='word_1_424' title='bbox 702 2833 766 2867; x_wconf 90' lang='lat' dir='ltr'><strong>pro</strong></span> <span class='ocrx_word' id='word_1_425' title='bbox 786 2826 822 2856; x_wconf 89' lang='lat' dir='ltr'><strong>te</strong></span> <span class='ocrx_word' id='word_1_426' title='bbox 845 2821 1089 2863; x_wconf 90' lang='lat' dir='ltr'><strong>fideiusserim,</strong></span> <span class='ocrx_word' id='word_1_427' title='bbox 1115 2831 1188 2855; x_wconf 90' lang='lat' dir='ltr'><strong>non</strong></span> 
     </span>
     <span class='ocr_line' id='line_1_61' title="bbox 97 2866 1186 2912; baseline -0.003 -10"><span class='ocrx_word' id='word_1_428' title='bbox 97 2878 242 2912; x_wconf 92' lang='lat' dir='ltr'><strong>possum</strong></span> <span class='ocrx_word' id='word_1_429' title='bbox 267 2868 435 2903; x_wconf 89' lang='lat' dir='ltr'><strong>adversus</strong></span> <span class='ocrx_word' id='word_1_430' title='bbox 460 2872 495 2903; x_wconf 88' lang='lat' dir='ltr'><strong>te</strong></span> <span class='ocrx_word' id='word_1_431' title='bbox 519 2869 650 2903; x_wconf 89' lang='lat' dir='ltr'><strong>habere</strong></span> <span class='ocrx_word' id='word_1_432' title='bbox 674 2868 849 2902; x_wconf 86' lang='lat' dir='ltr'><strong>actionem</strong></span> <span class='ocrx_word' id='word_1_433' title='bbox 870 2866 1039 2907; x_wconf 85' lang='lat' dir='ltr'><strong>mandati,</strong></span> <span class='ocrx_word' id='word_1_434' title='bbox 1066 2876 1186 2910; x_wconf 90' lang='lat' dir='ltr'><strong>quem-</strong></span> 
     </span>
     <span class='ocr_line' id='line_1_62' title="bbox 98 2910 1185 2958; baseline -0.004 -10"><span class='ocrx_word' id='word_1_435' title='bbox 98 2913 289 2948; x_wconf 85' lang='lat' dir='ltr'><strong>admodum</strong></span> <span class='ocrx_word' id='word_1_436' title='bbox 321 2913 380 2958; x_wconf 89' lang='lat' dir='ltr'><strong>qui</strong></span> <span class='ocrx_word' id='word_1_437' title='bbox 404 2913 558 2948; x_wconf 88' lang='lat' dir='ltr'><strong>alienum</strong></span> <span class='ocrx_word' id='word_1_438' title='bbox 581 2913 787 2948; x_wconf 87' lang='lat' dir='ltr'><strong>mandatum</strong></span> <span class='ocrx_word' id='word_1_439' title='bbox 810 2912 959 2947; x_wconf 83' lang='lat' dir='ltr'><strong>intuitus</strong></span> <span class='ocrx_word' id='word_1_440' title='bbox 984 2910 1185 2956; x_wconf 88' lang='lat' dir='ltr'><strong>spopondit.</strong></span> 
     </span>
     <span class='ocr_line' id='line_1_63' title="bbox 99 2955 1187 3003; baseline -0.003 -10"><span class='ocrx_word' id='word_1_441' title='bbox 99 2957 161 2993; x_wconf 88' lang='lat' dir='ltr'><strong>sed</strong></span> <span class='ocrx_word' id='word_1_442' title='bbox 185 2959 214 2993; x_wconf 89' lang='lat' dir='ltr'><strong>si</strong></span> <span class='ocrx_word' id='word_1_443' title='bbox 247 2968 318 2993; x_wconf 90' lang='lat' dir='ltr'><strong>non</strong></span> <span class='ocrx_word' id='word_1_444' title='bbox 350 2959 472 3003; x_wconf 90' lang='lat' dir='ltr'><strong>utique</strong></span> <span class='ocrx_word' id='word_1_445' title='bbox 504 2958 626 3001; x_wconf 89' lang='lat' dir='ltr'><strong>unius,</strong></span> <span class='ocrx_word' id='word_1_446' title='bbox 664 2958 727 2993; x_wconf 91' lang='lat' dir='ltr'><strong>sed</strong></span> <span class='ocrx_word' id='word_1_447' title='bbox 762 2958 948 3002; x_wconf 89' lang='lat' dir='ltr'><strong>utriusque</strong></span> <span class='ocrx_word' id='word_1_448' title='bbox 979 2955 1187 2990; x_wconf 86' lang='lat' dir='ltr'><strong>mandatum</strong></span> 
     </span>
     <span class='ocr_line' id='line_1_64' title="bbox 98 3001 1187 3046; baseline -0.002 -9"><span class='ocrx_word' id='word_1_449' title='bbox 98 3003 246 3038; x_wconf 87' lang='lat' dir='ltr'><strong>intuitus</strong></span> <span class='ocrx_word' id='word_1_450' title='bbox 270 3003 307 3038; x_wconf 91' lang='lat' dir='ltr'><strong>id</strong></span> <span class='ocrx_word' id='word_1_451' title='bbox 337 3003 502 3046; x_wconf 86' lang='lat' dir='ltr'><strong>fecerim,</strong></span> <span class='ocrx_word' id='word_1_452' title='bbox 533 3004 672 3039; x_wconf 89' lang='lat' dir='ltr'><strong>habebo</strong></span> <span class='ocrx_word' id='word_1_453' title='bbox 696 3003 856 3037; x_wconf 87' lang='lat' dir='ltr'><strong>mandati</strong></span> <span class='ocrx_word' id='word_1_454' title='bbox 882 3003 1057 3037; x_wconf 88' lang='lat' dir='ltr'><strong>actionem</strong></span> <span class='ocrx_word' id='word_1_455' title='bbox 1082 3001 1187 3036; x_wconf 89' lang='lat' dir='ltr'><strong>etiam</strong></span> 
     </span>
     <span class='ocr_line' id='line_1_65' title="bbox 99 3046 1189 3093; baseline -0.003 -10"><span class='ocrx_word' id='word_1_456' title='bbox 99 3048 268 3084; x_wconf 88' lang='lat' dir='ltr'><strong>adversus</strong></span> <span class='ocrx_word' id='word_1_457' title='bbox 292 3052 339 3091; x_wconf 92' lang='lat' dir='ltr'><strong>te,</strong></span> <span class='ocrx_word' id='word_1_458' title='bbox 366 3049 671 3093; x_wconf 88' lang='lat' dir='ltr'><strong>quemadmodum,</strong></span> <span class='ocrx_word' id='word_1_459' title='bbox 697 3049 727 3083; x_wconf 93' lang='lat' dir='ltr'><strong>si</strong></span> <span class='ocrx_word' id='word_1_460' title='bbox 752 3048 821 3083; x_wconf 91' lang='lat' dir='ltr'><strong>duo</strong></span> <span class='ocrx_word' id='word_1_461' title='bbox 847 3048 932 3082; x_wconf 91' lang='lat' dir='ltr'><strong>mihi</strong></span> <span class='ocrx_word' id='word_1_462' title='bbox 957 3046 1189 3081; x_wconf 83' lang='lat' dir='ltr'><strong>mandassent</strong></span> 
     </span>
     <span class='ocr_line' id='line_1_66' title="bbox 99 3093 1077 3138; baseline -0.002 -10"><span class='ocrx_word' id='word_1_463' title='bbox 99 3097 139 3128; x_wconf 92' lang='lat' dir='ltr'><strong>ut</strong></span> <span class='ocrx_word' id='word_1_464' title='bbox 161 3094 225 3128; x_wconf 91' lang='lat' dir='ltr'><strong>tibi</strong></span> <span class='ocrx_word' id='word_1_465' title='bbox 251 3094 441 3135; x_wconf 87' lang='lat' dir='ltr'><strong>crederem,</strong></span> <span class='ocrx_word' id='word_1_466' title='bbox 466 3099 656 3138; x_wconf 88' lang='lat' dir='ltr'><strong>utrumque</strong></span> <span class='ocrx_word' id='word_1_467' title='bbox 680 3094 848 3128; x_wconf 90' lang='lat' dir='ltr'><strong>haberem</strong></span> <span class='ocrx_word' id='word_1_468' title='bbox 873 3093 1077 3138; x_wconf 83' lang='lat' dir='ltr'><strong>obligatum.</strong></span> 
     </span>
    </p>

    <p class='ocr_par' dir='ltr' id='par_1_13' title="bbox 100 3137 1192 3635">
     <span class='ocr_line' id='line_1_67' title="bbox 144 3137 1187 3185; baseline -0.004 -10"><span class='ocrx_word' id='word_1_469' title='bbox 144 3137 197 3175; x_wconf 80' lang='lat'><strong>22</strong></span> <span class='ocrx_word' id='word_1_470' title='bbox 224 3139 382 3174; x_wconf 79' lang='lat' dir='ltr'><em>PAULUS</em></span> <span class='ocrx_word' id='word_1_471' title='bbox 411 3140 500 3175; x_wconf 78' lang='lat' dir='ltr'><strong>libro</strong></span> <span class='ocrx_word' id='word_1_472' title='bbox 534 3140 741 3185; x_wconf 70' lang='lat' dir='ltr'><strong>triqensimo</strong></span> <span class='ocrx_word' id='word_1_473' title='bbox 773 3139 930 3174; x_wconf 79' lang='lat' dir='ltr'><strong>secundo</strong></span> <span class='ocrx_word' id='word_1_474' title='bbox 963 3138 1012 3173; x_wconf 79' lang='lat' dir='ltr'><strong>ad</strong></span> <span class='ocrx_word' id='word_1_475' title='bbox 1035 3137 1187 3172; x_wconf 78' lang='lat' dir='ltr'><strong>edictum</strong></span> 
     </span>
     <span class='ocr_line' id='line_1_68' title="bbox 102 3183 1188 3229; baseline -0.002 -11"><span class='ocrx_word' id='word_1_476' title='bbox 102 3183 138 3218; x_wconf 85' lang='lat' dir='ltr'><strong>Si</strong></span> <span class='ocrx_word' id='word_1_477' title='bbox 162 3184 374 3220; x_wconf 84' lang='lat' dir='ltr'><strong>mandavero</strong></span> <span class='ocrx_word' id='word_1_478' title='bbox 399 3185 475 3226; x_wconf 89' lang='lat' dir='ltr'><strong>tibi,</strong></span> <span class='ocrx_word' id='word_1_479' title='bbox 501 3188 542 3219; x_wconf 89' lang='lat' dir='ltr'><strong>ut</strong></span> <span class='ocrx_word' id='word_1_480' title='bbox 565 3195 629 3229; x_wconf 89' lang='lat' dir='ltr'><strong>pro</strong></span> <span class='ocrx_word' id='word_1_481' title='bbox 655 3194 711 3218; x_wconf 93' lang='lat' dir='ltr'><strong>me</strong></span> <span class='ocrx_word' id='word_1_482' title='bbox 735 3184 772 3218; x_wconf 92' lang='lat' dir='ltr'><strong>in</strong></span> <span class='ocrx_word' id='word_1_483' title='bbox 797 3184 888 3218; x_wconf 91' lang='lat' dir='ltr'><strong>diem</strong></span> <span class='ocrx_word' id='word_1_484' title='bbox 911 3183 1107 3218; x_wconf 88' lang='lat' dir='ltr'><strong>fideiubeas</strong></span> <span class='ocrx_word' id='word_1_485' title='bbox 1132 3186 1188 3216; x_wconf 85' lang='lat' dir='ltr'><strong>tu-</strong></span> 
     </span>
     <span class='ocr_line' id='line_1_69' title="bbox 101 3227 1190 3274; baseline -0.003 -10"><span class='ocrx_word' id='word_1_486' title='bbox 101 3240 167 3273; x_wconf 91' lang='lat' dir='ltr'><strong>que</strong></span> <span class='ocrx_word' id='word_1_487' title='bbox 190 3240 279 3274; x_wconf 91' lang='lat' dir='ltr'><strong>pure</strong></span> <span class='ocrx_word' id='word_1_488' title='bbox 298 3229 512 3265; x_wconf 87' lang='lat' dir='ltr'><strong>fideiusseris</strong></span> <span class='ocrx_word' id='word_1_489' title='bbox 533 3233 568 3265; x_wconf 91' lang='lat' dir='ltr'><strong>et</strong></span> <span class='ocrx_word' id='word_1_490' title='bbox 588 3229 744 3271; x_wconf 89' lang='lat' dir='ltr'><strong>solveris,</strong></span> <span class='ocrx_word' id='word_1_491' title='bbox 768 3229 889 3264; x_wconf 81' lang='lat' dir='ltr'><strong>utilius</strong></span> <span class='ocrx_word' id='word_1_492' title='bbox 914 3227 1190 3273; x_wconf 89' lang='lat' dir='ltr'><strong>respondebitur</strong></span> 
     </span>
     <span class='ocr_line' id='line_1_70' title="bbox 100 3273 1189 3316; baseline -0.002 -8"><span class='ocrx_word' id='word_1_493' title='bbox 100 3274 240 3309; x_wconf 91' lang='lat' dir='ltr'><strong>interim</strong></span> <span class='ocrx_word' id='word_1_494' title='bbox 275 3285 347 3310; x_wconf 91' lang='lat' dir='ltr'><strong>non</strong></span> <span class='ocrx_word' id='word_1_495' title='bbox 381 3286 458 3310; x_wconf 91' lang='lat' dir='ltr'><strong>esse</strong></span> <span class='ocrx_word' id='word_1_496' title='bbox 490 3275 554 3309; x_wconf 89' lang='lat' dir='ltr'><strong>tibi</strong></span> <span class='ocrx_word' id='word_1_497' title='bbox 585 3274 744 3309; x_wconf 88' lang='lat' dir='ltr'><strong>mandati</strong></span> <span class='ocrx_word' id='word_1_498' title='bbox 777 3274 972 3316; x_wconf 88' lang='lat' dir='ltr'><strong>actionem,</strong></span> <span class='ocrx_word' id='word_1_499' title='bbox 1010 3273 1073 3308; x_wconf 89' lang='lat' dir='ltr'><strong>sed</strong></span> <span class='ocrx_word' id='word_1_500' title='bbox 1109 3283 1189 3307; x_wconf 89' lang='lat' dir='ltr'><strong>cum</strong></span> 
     </span>
     <span class='ocr_line' id='line_1_71' title="bbox 103 3317 1190 3361; baseline 0 -9"><span class='ocrx_word' id='word_1_501' title='bbox 103 3321 118 3352; x_wconf 91' lang='lat'>1</span> <span class='ocrx_word' id='word_1_502' title='bbox 169 3319 242 3354; x_wconf 86' lang='lat' dir='ltr'><strong>dies</strong></span> <span class='ocrx_word' id='word_1_503' title='bbox 266 3320 410 3355; x_wconf 90' lang='lat' dir='ltr'><strong>venerit.</strong></span> <span class='ocrx_word' id='word_1_504' title='bbox 459 3321 547 3354; x_wconf 92' lang='lat' dir='ltr'><strong>Item</strong></span> <span class='ocrx_word' id='word_1_505' title='bbox 567 3324 761 3354; x_wconf 87' lang='lat' dir='ltr'><strong>tractatum</strong></span> <span class='ocrx_word' id='word_1_506' title='bbox 784 3323 848 3361; x_wconf 92' lang='lat' dir='ltr'><strong>est,</strong></span> <span class='ocrx_word' id='word_1_507' title='bbox 875 3320 915 3361; x_wconf 90' lang='lat' dir='ltr'><strong>si,</strong></span> <span class='ocrx_word' id='word_1_508' title='bbox 942 3330 1023 3354; x_wconf 90' lang='lat' dir='ltr'><strong>cum</strong></span> <span class='ocrx_word' id='word_1_509' title='bbox 1040 3319 1077 3352; x_wconf 93' lang='lat' dir='ltr'><strong>in</strong></span> <span class='ocrx_word' id='word_1_510' title='bbox 1098 3317 1190 3353; x_wconf 89' lang='lat' dir='ltr'><strong>diem</strong></span> 
     </span>
     <span class='ocr_line' id='line_1_72' title="bbox 102 3363 1191 3406; baseline -0.002 -8"><span class='ocrx_word' id='word_1_511' title='bbox 102 3363 283 3406; x_wconf 75' lang='lat' dir='ltr'><strong>deberem,</strong></span> <span class='ocrx_word' id='word_1_512' title='bbox 316 3365 486 3400; x_wconf 85' lang='lat' dir='ltr'><strong>mandatu</strong></span> <span class='ocrx_word' id='word_1_513' title='bbox 518 3376 596 3400; x_wconf 84' lang='lat' dir='ltr'><strong>meo</strong></span> <span class='ocrx_word' id='word_1_514' title='bbox 629 3365 665 3399; x_wconf 88' lang='lat' dir='ltr'><strong>in</strong></span> <span class='ocrx_word' id='word_1_515' title='bbox 690 3365 782 3399; x_wconf 92' lang='lat' dir='ltr'><strong>diem</strong></span> <span class='ocrx_word' id='word_1_516' title='bbox 805 3364 1022 3399; x_wconf 89' lang='lat' dir='ltr'><strong>fideiusseris</strong></span> <span class='ocrx_word' id='word_1_517' title='bbox 1049 3367 1083 3398; x_wconf 89' lang='lat' dir='ltr'><strong>et</strong></span> <span class='ocrx_word' id='word_1_518' title='bbox 1108 3366 1191 3397; x_wconf 90' lang='lat' dir='ltr'><strong>ante</strong></span> 
     </span>
     <span class='ocr_line' id='line_1_73' title="bbox 102 3408 1189 3452; baseline -0.001 -9"><span class='ocrx_word' id='word_1_519' title='bbox 102 3408 193 3443; x_wconf 84' lang='lat' dir='ltr'><strong>diem</strong></span> <span class='ocrx_word' id='word_1_520' title='bbox 226 3410 389 3452; x_wconf 90' lang='lat' dir='ltr'><strong>solveris,</strong></span> <span class='ocrx_word' id='word_1_521' title='bbox 423 3421 469 3444; x_wconf 86' lang='lat' dir='ltr'><strong>an</strong></span> <span class='ocrx_word' id='word_1_522' title='bbox 501 3410 621 3445; x_wconf 88' lang='lat' dir='ltr'><strong>statim</strong></span> <span class='ocrx_word' id='word_1_523' title='bbox 652 3410 787 3444; x_wconf 86' lang='lat' dir='ltr'><strong>habeas</strong></span> <span class='ocrx_word' id='word_1_524' title='bbox 818 3410 977 3444; x_wconf 90' lang='lat' dir='ltr'><strong>mandati</strong></span> <span class='ocrx_word' id='word_1_525' title='bbox 1002 3409 1189 3444; x_wconf 88' lang='lat' dir='ltr'><strong>actionem.</strong></span> 
     </span>
     <span class='ocr_line' id='line_1_74' title="bbox 102 3453 1191 3500; baseline -0.002 -12"><span class='ocrx_word' id='word_1_526' title='bbox 102 3457 137 3488; x_wconf 88' lang='lat' dir='ltr'><strong>et</strong></span> <span class='ocrx_word' id='word_1_527' title='bbox 168 3454 311 3498; x_wconf 88' lang='lat' dir='ltr'><strong>quidam</strong></span> <span class='ocrx_word' id='word_1_528' title='bbox 342 3458 472 3499; x_wconf 83' lang='lat' dir='ltr'><strong>putant</strong></span> <span class='ocrx_word' id='word_1_529' title='bbox 502 3459 725 3500; x_wconf 84' lang='lat' dir='ltr'><strong>praesentem</strong></span> <span class='ocrx_word' id='word_1_530' title='bbox 758 3455 899 3500; x_wconf 91' lang='lat' dir='ltr'><strong>quidem</strong></span> <span class='ocrx_word' id='word_1_531' title='bbox 931 3465 1009 3490; x_wconf 91' lang='lat' dir='ltr'><strong>esse</strong></span> <span class='ocrx_word' id='word_1_532' title='bbox 1033 3453 1191 3488; x_wconf 91' lang='lat' dir='ltr'><strong>mandati</strong></span> 
     </span>
     <span class='ocr_line' id='line_1_75' title="bbox 103 3498 1192 3545; baseline -0.001 -13"><span class='ocrx_word' id='word_1_533' title='bbox 103 3499 296 3540; x_wconf 89' lang='lat' dir='ltr'><strong>actionem,</strong></span> <span class='ocrx_word' id='word_1_534' title='bbox 333 3500 394 3534; x_wconf 88' lang='lat' dir='ltr'><strong>sed</strong></span> <span class='ocrx_word' id='word_1_535' title='bbox 428 3501 519 3535; x_wconf 90' lang='lat' dir='ltr'><strong>tanti</strong></span> <span class='ocrx_word' id='word_1_536' title='bbox 554 3501 743 3542; x_wconf 90' lang='lat' dir='ltr'><strong>minorem,</strong></span> <span class='ocrx_word' id='word_1_537' title='bbox 780 3501 903 3545; x_wconf 89' lang='lat' dir='ltr'><strong>quanti</strong></span> <span class='ocrx_word' id='word_1_538' title='bbox 938 3510 1017 3534; x_wconf 92' lang='lat' dir='ltr'><strong>mea</strong></span> <span class='ocrx_word' id='word_1_539' title='bbox 1053 3498 1192 3533; x_wconf 84' lang='lat' dir='ltr'><strong>intersit</strong></span> 
     </span>
     <span class='ocr_line' id='line_1_76' title="bbox 103 3543 1192 3587; baseline 0 -10"><span class='ocrx_word' id='word_1_540' title='bbox 103 3544 371 3587; x_wconf 83' lang='lat' dir='ltr'><strong>superveniente</strong></span> <span class='ocrx_word' id='word_1_541' title='bbox 397 3545 452 3580; x_wconf 91' lang='lat' dir='ltr'><strong>die</strong></span> <span class='ocrx_word' id='word_1_542' title='bbox 477 3546 630 3580; x_wconf 87' lang='lat' dir='ltr'><strong>solutum</strong></span> <span class='ocrx_word' id='word_1_543' title='bbox 655 3545 776 3580; x_wconf 86' lang='lat' dir='ltr'><strong>fuisse.</strong></span> <span class='ocrx_word' id='word_1_544' title='bbox 812 3546 873 3580; x_wconf 89' lang='lat' dir='ltr'><strong>sed</strong></span> <span class='ocrx_word' id='word_1_545' title='bbox 899 3545 1022 3580; x_wconf 90' lang='lat' dir='ltr'><strong>melius</strong></span> <span class='ocrx_word' id='word_1_546' title='bbox 1047 3548 1102 3578; x_wconf 90' lang='lat' dir='ltr'><strong>est</strong></span> <span class='ocrx_word' id='word_1_547' title='bbox 1122 3543 1192 3578; x_wconf 91' lang='lat' dir='ltr'><strong>dici</strong></span> 
     </span>
     <span class='ocr_line' id='line_1_77' title="bbox 102 3587 1190 3635; baseline 0.001 -13"><span class='ocrx_word' id='word_1_548' title='bbox 102 3587 243 3623; x_wconf 91' lang='lat' dir='ltr'><strong>interim</strong></span> <span class='ocrx_word' id='word_1_549' title='bbox 268 3599 332 3624; x_wconf 87' lang='lat' dir='ltr'><strong>nec</strong></span> <span class='ocrx_word' id='word_1_550' title='bbox 351 3589 456 3625; x_wconf 90' lang='lat' dir='ltr'><strong>huius</strong></span> <span class='ocrx_word' id='word_1_551' title='bbox 476 3601 634 3626; x_wconf 90' lang='lat' dir='ltr'><strong>summae</strong></span> <span class='ocrx_word' id='word_1_552' title='bbox 653 3591 812 3625; x_wconf 87' lang='lat' dir='ltr'><strong>mandati</strong></span> <span class='ocrx_word' id='word_1_553' title='bbox 830 3590 886 3635; x_wconf 88' lang='lat' dir='ltr'><strong>agi</strong></span> <span class='ocrx_word' id='word_1_554' title='bbox 906 3600 1022 3635; x_wconf 92' lang='lat' dir='ltr'><strong>posse,</strong></span> <span class='ocrx_word' id='word_1_555' title='bbox 1048 3589 1190 3634; x_wconf 88' lang='lat' dir='ltr'><strong>quando</strong></span> 
     </span>
    </p>
   </div>
   <div class='ocr_carea' id='block_1_4' title="bbox 1182 105 1263 155">
    <p class='ocr_par' dir='ltr' id='par_1_14' title="bbox 1182 105 1263 155">
     <span class='ocr_line' id='line_1_78' title="bbox 1182 105 1263 155; baseline -0.012 0"><span class='ocrx_word' id='word_1_556' title='bbox 1182 105 1263 155; x_wconf 84' lang='lat'><strong>217</strong></span> 
     </span>
    </p>
   </div>
   <div class='ocr_carea' id='block_1_5' title="bbox 2174 112 2347 156">
    <p class='ocr_par' dir='ltr' id='par_1_15' title="bbox 2174 112 2347 156">
     <span class='ocr_line' id='line_1_79' title="bbox 2174 112 2347 156; baseline 0 0"><span class='ocrx_word' id='word_1_557' title='bbox 2174 112 2296 156; x_wconf 93' lang='lat' dir='ltr'>XVII</span> <span class='ocrx_word' id='word_1_558' title='bbox 2331 118 2347 156; x_wconf 85' lang='lat'>1</span> 
     </span>
    </p>
   </div>
   <div class='ocr_carea' id='block_1_6' title="bbox 1256 231 2355 3633">
    <p class='ocr_par' dir='ltr' id='par_1_16' title="bbox 1256 231 2355 3633">
     <span class='ocr_line' id='line_1_80' title="bbox 1258 231 2354 279; baseline 0.005 -12"><span class='ocrx_word' id='word_1_559' title='bbox 1258 231 1468 268; x_wconf 91' lang='lat' dir='ltr'><strong>nonnullum</strong></span> <span class='ocrx_word' id='word_1_560' title='bbox 1493 232 1610 268; x_wconf 87' lang='lat' dir='ltr'><strong>adhuc</strong></span> <span class='ocrx_word' id='word_1_561' title='bbox 1636 235 1860 271; x_wconf 88' lang='lat' dir='ltr'><strong>commodum</strong></span> <span class='ocrx_word' id='word_1_562' title='bbox 1883 246 2001 271; x_wconf 91' lang='lat' dir='ltr'><strong>meum</strong></span> <span class='ocrx_word' id='word_1_563' title='bbox 2025 236 2089 279; x_wconf 88' lang='lat' dir='ltr'><strong>sit,</strong></span> <span class='ocrx_word' id='word_1_564' title='bbox 2122 238 2163 271; x_wconf 91' lang='lat' dir='ltr'><strong>ut</strong></span> <span class='ocrx_word' id='word_1_565' title='bbox 2194 246 2261 272; x_wconf 88' lang='lat' dir='ltr'><strong>nec</strong></span> <span class='ocrx_word' id='word_1_566' title='bbox 2284 236 2354 272; x_wconf 87' lang='lat' dir='ltr'><strong>hoc</strong></span> 
     </span>
     <span class='ocr_line' id='line_1_81' title="bbox 1260 277 2352 330; baseline 0.005 -18"><span class='ocrx_word' id='word_1_567' title='bbox 1260 280 1279 312; x_wconf 91' lang='lat'>2</span> <span class='ocrx_word' id='word_1_568' title='bbox 1327 281 1411 330; x_wconf 75' lang='lat' dir='ltr'><strong>ante</strong></span> <span class='ocrx_word' id='word_1_569' title='bbox 1447 277 1539 313; x_wconf 92' lang='lat' dir='ltr'><strong>diem</strong></span> <span class='ocrx_word' id='word_1_570' title='bbox 1576 279 1721 314; x_wconf 90' lang='lat' dir='ltr'><strong>solvam.</strong></span> <span class='ocrx_word' id='word_1_571' title='bbox 1769 280 1952 316; x_wconf 89' lang='lat' dir='ltr'><strong>Interdum</strong></span> <span class='ocrx_word' id='word_1_572' title='bbox 1988 281 2124 324; x_wconf 90' lang='lat' dir='ltr'><strong>evenit,</strong></span> <span class='ocrx_word' id='word_1_573' title='bbox 2161 284 2202 316; x_wconf 93' lang='lat' dir='ltr'><strong>ut</strong></span> <span class='ocrx_word' id='word_1_574' title='bbox 2236 292 2352 317; x_wconf 91' lang='lat' dir='ltr'><strong>meum</strong></span> 
     </span>
     <span class='ocr_line' id='line_1_82' title="bbox 1259 327 2353 369; baseline 0.004 -11"><span class='ocrx_word' id='word_1_575' title='bbox 1259 327 1438 368; x_wconf 75' lang='lat' dir='ltr'><strong>negotium</strong></span> <span class='ocrx_word' id='word_1_576' title='bbox 1473 334 1592 369; x_wconf 87' lang='lat' dir='ltr'><strong>geram</strong></span> <span class='ocrx_word' id='word_1_577' title='bbox 1629 328 1662 359; x_wconf 91' lang='lat' dir='ltr'><strong>et</strong></span> <span class='ocrx_word' id='word_1_578' title='bbox 1694 328 1812 360; x_wconf 86' lang='lat' dir='ltr'><strong>tamen</strong></span> <span class='ocrx_word' id='word_1_579' title='bbox 1848 327 1970 362; x_wconf 92' lang='lat' dir='ltr'><strong>utilem</strong></span> <span class='ocrx_word' id='word_1_580' title='bbox 2005 327 2158 362; x_wconf 87' lang='lat' dir='ltr'><strong>habeam</strong></span> <span class='ocrx_word' id='word_1_581' title='bbox 2193 327 2353 362; x_wconf 88' lang='lat' dir='ltr'><strong>mandati</strong></span> 
     </span>
     <span class='ocr_line' id='line_1_83' title="bbox 1260 369 2353 418; baseline 0.005 -15"><span class='ocrx_word' id='word_1_582' title='bbox 1260 369 1455 404; x_wconf 85' lang='lat' dir='ltr'><strong>actionem:</strong></span> <span class='ocrx_word' id='word_1_583' title='bbox 1488 369 1598 404; x_wconf 92' lang='lat' dir='ltr'><strong>veluti</strong></span> <span class='ocrx_word' id='word_1_584' title='bbox 1622 380 1703 404; x_wconf 91' lang='lat' dir='ltr'><strong>cum</strong></span> <span class='ocrx_word' id='word_1_585' title='bbox 1728 370 1867 406; x_wconf 88' lang='lat' dir='ltr'><strong>debitor</strong></span> <span class='ocrx_word' id='word_1_586' title='bbox 1891 383 1990 408; x_wconf 87' lang='lat' dir='ltr'><strong>meus</strong></span> <span class='ocrx_word' id='word_1_587' title='bbox 2016 372 2174 418; x_wconf 91' lang='lat' dir='ltr'><strong>periculo</strong></span> <span class='ocrx_word' id='word_1_588' title='bbox 2201 383 2266 408; x_wconf 90' lang='grc'><strong>8110</strong></span> <span class='ocrx_word' id='word_1_589' title='bbox 2293 372 2353 407; x_wconf 88' lang='lat' dir='ltr'><strong>de-</strong></span> 
     </span>
     <span class='ocr_line' id='line_1_84' title="bbox 1259 414 2352 460; baseline 0.005 -12"><span class='ocrx_word' id='word_1_590' title='bbox 1259 414 1410 449; x_wconf 90' lang='lat' dir='ltr'><strong>bitorem</strong></span> <span class='ocrx_word' id='word_1_591' title='bbox 1442 424 1546 450; x_wconf 90' lang='lat' dir='ltr'><strong>suum</strong></span> <span class='ocrx_word' id='word_1_592' title='bbox 1577 415 1662 449; x_wconf 89' lang='lat' dir='ltr'><strong>mihi</strong></span> <span class='ocrx_word' id='word_1_593' title='bbox 1694 414 1833 460; x_wconf 89' lang='lat' dir='ltr'><strong>delegat</strong></span> <span class='ocrx_word' id='word_1_594' title='bbox 1867 421 1930 451; x_wconf 88' lang='lat' dir='ltr'><strong>aut</strong></span> <span class='ocrx_word' id='word_1_595' title='bbox 1954 428 2034 452; x_wconf 91' lang='lat' dir='ltr'><strong>cum</strong></span> <span class='ocrx_word' id='word_1_596' title='bbox 2058 429 2097 453; x_wconf 93' lang='lat' dir='ltr'><strong>ro</strong></span> <span class='ocrx_word' id='word_1_597' title='bbox 2123 421 2185 452; x_wconf 86' lang='lat' dir='ltr'><strong>atu</strong></span> <span class='ocrx_word' id='word_1_598' title='bbox 2209 417 2352 453; x_wconf 88' lang='lat' dir='ltr'><strong>fideius-</strong></span> 
     </span>
     <span class='ocr_line' id='line_1_85' title="bbox 1259 459 2352 506; baseline 0.003 -11"><span class='ocrx_word' id='word_1_599' title='bbox 1259 459 1350 495; x_wconf 89' lang='lat' dir='ltr'><strong>soris</strong></span> <span class='ocrx_word' id='word_1_600' title='bbox 1376 471 1457 495; x_wconf 91' lang='lat' dir='ltr'><strong>cum</strong></span> <span class='ocrx_word' id='word_1_601' title='bbox 1480 469 1541 496; x_wconf 91' lang='lat' dir='ltr'><strong>reo</strong></span> <span class='ocrx_word' id='word_1_602' title='bbox 1567 460 1747 505; x_wconf 84' lang='lat' dir='ltr'><strong>experior:</strong></span> <span class='ocrx_word' id='word_1_603' title='bbox 1773 471 1855 495; x_wconf 90' lang='lat' dir='ltr'><strong>nam</strong></span> <span class='ocrx_word' id='word_1_604' title='bbox 1880 464 2038 506; x_wconf 88' lang='lat' dir='ltr'><strong>quamvis</strong></span> <span class='ocrx_word' id='word_1_605' title='bbox 2060 464 2102 498; x_wconf 90' lang='lat' dir='ltr'><strong>de</strong></span> <span class='ocrx_word' id='word_1_606' title='bbox 2128 463 2216 498; x_wconf 90' lang='lat' dir='ltr'><strong>itum</strong></span> <span class='ocrx_word' id='word_1_607' title='bbox 2236 473 2352 498; x_wconf 88' lang='lat' dir='ltr'><strong>meum</strong></span> 
     </span>
     <span class='ocr_line' id='line_1_86' title="bbox 1258 505 2352 554; baseline 0.004 -14"><span class='ocrx_word' id='word_1_608' title='bbox 1258 515 1471 550; x_wconf 88' lang='lat' dir='ltr'><strong>persequar,</strong></span> <span class='ocrx_word' id='word_1_609' title='bbox 1497 505 1605 541; x_wconf 90' lang='lat' dir='ltr'><strong>nihilo</strong></span> <span class='ocrx_word' id='word_1_610' title='bbox 1630 506 1746 540; x_wconf 91' lang='lat' dir='ltr'><strong>minus</strong></span> <span class='ocrx_word' id='word_1_611' title='bbox 1772 509 1807 540; x_wconf 93' lang='lat' dir='ltr'><strong>et</strong></span> <span class='ocrx_word' id='word_1_612' title='bbox 1830 506 1923 542; x_wconf 90' lang='lat' dir='ltr'><strong>illius</strong></span> <span class='ocrx_word' id='word_1_613' title='bbox 1948 509 2126 553; x_wconf 85' lang='lat' dir='ltr'><strong>negotium</strong></span> <span class='ocrx_word' id='word_1_614' title='bbox 2149 519 2253 554; x_wconf 89' lang='lat' dir='ltr'><strong>gero:</strong></span> <span class='ocrx_word' id='word_1_615' title='bbox 2289 509 2352 554; x_wconf 87' lang='lat' dir='ltr'><strong>igi-</strong></span> 
     </span>
     <span class='ocr_line' id='line_1_87' title="bbox 1259 551 2353 598; baseline 0.004 -13"><span class='ocrx_word' id='word_1_616' title='bbox 1259 555 1319 585; x_wconf 90' lang='lat' dir='ltr'><strong>tur</strong></span> <span class='ocrx_word' id='word_1_617' title='bbox 1351 551 1447 596; x_wconf 92' lang='lat' dir='ltr'><strong>quod</strong></span> <span class='ocrx_word' id='word_1_618' title='bbox 1478 551 1595 586; x_wconf 91' lang='lat' dir='ltr'><strong>minus</strong></span> <span class='ocrx_word' id='word_1_619' title='bbox 1629 561 1835 594; x_wconf 89' lang='lat' dir='ltr'><strong>servavero,</strong></span> <span class='ocrx_word' id='word_1_620' title='bbox 1869 563 2068 598; x_wconf 89' lang='lat' dir='ltr'><strong>consequar</strong></span> <span class='ocrx_word' id='word_1_621' title='bbox 2103 554 2261 589; x_wconf 89' lang='lat' dir='ltr'><strong>mandati</strong></span> <span class='ocrx_word' id='word_1_622' title='bbox 2293 564 2353 589; x_wconf 86' lang='lat' dir='ltr'><strong>ac-</strong></span> 
     </span>
     <span class='ocr_line' id='line_1_88' title="bbox 1260 596 2351 644; baseline 0.003 -13"><span class='ocrx_word' id='word_1_623' title='bbox 1260 599 1279 631; x_wconf 92' lang='lat'><strong>3</strong></span> <span class='ocrx_word' id='word_1_624' title='bbox 1327 596 1435 632; x_wconf 90' lang='lat' dir='ltr'><strong>tione.</strong></span> <span class='ocrx_word' id='word_1_625' title='bbox 1485 596 1521 631; x_wconf 88' lang='lat' dir='ltr'><strong>Si</strong></span> <span class='ocrx_word' id='word_1_626' title='bbox 1553 596 1609 639; x_wconf 93' lang='lat' dir='ltr'><strong>hi,</strong></span> <span class='ocrx_word' id='word_1_627' title='bbox 1643 607 1793 641; x_wconf 88' lang='lat' dir='ltr'><strong>quorum</strong></span> <span class='ocrx_word' id='word_1_628' title='bbox 1824 607 1881 632; x_wconf 90' lang='lat' dir='ltr'><strong>res</strong></span> <span class='ocrx_word' id='word_1_629' title='bbox 1914 602 2068 633; x_wconf 90' lang='lat' dir='ltr'><strong>veneunt</strong></span> <span class='ocrx_word' id='word_1_630' title='bbox 2099 610 2187 644; x_wconf 85' lang='lat' dir='ltr'><strong>quas</strong></span> <span class='ocrx_word' id='word_1_631' title='bbox 2238 599 2351 644; x_wconf 91' lang='lat' dir='ltr'><strong>ignori</strong></span> 
     </span>
     <span class='ocr_line' id='line_1_89' title="bbox 1260 641 2353 687; baseline 0.004 -11"><span class='ocrx_word' id='word_1_632' title='bbox 1260 641 1444 685; x_wconf 90' lang='lat' dir='ltr'><strong>dederunt,</strong></span> <span class='ocrx_word' id='word_1_633' title='bbox 1470 643 1760 687; x_wconf 88' lang='lat' dir='ltr'><strong>supposueruntÂ¹</strong></span> <span class='ocrx_word' id='word_1_634' title='bbox 1786 645 1962 687; x_wconf 86' lang='lat' dir='ltr'><strong>emptores</strong></span> <span class='ocrx_word' id='word_1_635' title='bbox 1983 647 2018 678; x_wconf 90' lang='lat' dir='ltr'><strong>et</strong></span> <span class='ocrx_word' id='word_1_636' title='bbox 2039 644 2088 678; x_wconf 90' lang='lat' dir='ltr'><strong>eis</strong></span> <span class='ocrx_word' id='word_1_637' title='bbox 2110 654 2208 680; x_wconf 90' lang='lat' dir='ltr'><strong>emen</strong></span> <span class='ocrx_word' id='word_1_638' title='bbox 2236 655 2275 680; x_wconf 85' lang='lat' dir='ltr'><strong>as</strong></span> <span class='ocrx_word' id='word_1_639' title='bbox 2295 655 2353 680; x_wconf 87' lang='lat' dir='ltr'><strong>res</strong></span> 
     </span>
     <span class='ocr_line' id='line_1_90' title="bbox 1259 687 2353 734; baseline 0.004 -13"><span class='ocrx_word' id='word_1_640' title='bbox 1259 687 1447 730; x_wconf 89' lang='lat' dir='ltr'><strong>mandent,</strong></span> <span class='ocrx_word' id='word_1_641' title='bbox 1485 687 1691 722; x_wconf 90' lang='lat' dir='ltr'><strong>mandatum</strong></span> <span class='ocrx_word' id='word_1_642' title='bbox 1723 687 1953 732; x_wconf 87' lang='lat' dir='ltr'><strong>intellegitur,</strong></span> <span class='ocrx_word' id='word_1_643' title='bbox 1987 689 2071 724; x_wconf 88' lang='lat' dir='ltr'><strong>licet</strong></span> <span class='ocrx_word' id='word_1_644' title='bbox 2102 694 2274 734; x_wconf 89' lang='lat' dir='ltr'><strong>quantum</strong></span> <span class='ocrx_word' id='word_1_645' title='bbox 2307 690 2353 725; x_wconf 87' lang='lat' dir='ltr'><strong>ad</strong></span> 
     </span>
     <span class='ocr_line' id='line_1_91' title="bbox 1259 732 2353 771; baseline 0.004 -4"><span class='ocrx_word' id='word_1_646' title='bbox 1259 743 1393 767; x_wconf 89' lang='lat' dir='ltr'><strong>meram</strong></span> <span class='ocrx_word' id='word_1_647' title='bbox 1421 733 1596 768; x_wconf 89' lang='lat' dir='ltr'><strong>rationem</strong></span> <span class='ocrx_word' id='word_1_648' title='bbox 1620 732 1828 768; x_wconf 90' lang='lat' dir='ltr'><strong>mandatum</strong></span> <span class='ocrx_word' id='word_1_649' title='bbox 1849 744 1922 768; x_wconf 91' lang='lat' dir='ltr'><strong>non</strong></span> <span class='ocrx_word' id='word_1_650' title='bbox 1943 733 2142 770; x_wconf 79' lang='lat' dir='ltr'><strong>constitit2:</strong></span> <span class='ocrx_word' id='word_1_651' title='bbox 2170 746 2251 770; x_wconf 91' lang='lat' dir='ltr'><strong>nam</strong></span> <span class='ocrx_word' id='word_1_652' title='bbox 2272 746 2353 771; x_wconf 92' lang='lat' dir='ltr'><strong>cum</strong></span> 
     </span>
     <span class='ocr_line' id='line_1_92' title="bbox 1259 778 2353 832; baseline 0.004 -20"><span class='ocrx_word' id='word_1_653' title='bbox 1259 788 1333 813; x_wconf 90' lang='lat' dir='ltr'><strong>rem</strong></span> <span class='ocrx_word' id='word_1_654' title='bbox 1358 781 1458 813; x_wconf 89' lang='lat' dir='ltr'><strong>tuam</strong></span> <span class='ocrx_word' id='word_1_655' title='bbox 1483 788 1591 820; x_wconf 88' lang='lat' dir='ltr'><strong>emas,</strong></span> <span class='ocrx_word' id='word_1_656' title='bbox 1617 778 1716 813; x_wconf 89' lang='lat' dir='ltr'><strong>nulla</strong></span> <span class='ocrx_word' id='word_1_657' title='bbox 1741 779 1872 823; x_wconf 89' lang='lat' dir='ltr'><strong>emptio</strong></span> <span class='ocrx_word' id='word_1_658' title='bbox 1898 782 1953 813; x_wconf 91' lang='lat' dir='ltr'><strong>est</strong></span> <span class='ocrx_word' id='word_1_659' title='bbox 1976 779 2012 813; x_wconf 92' lang='lat' dir='ltr'><strong>in</strong></span> <span class='ocrx_word' id='word_1_660' title='bbox 2036 783 2100 814; x_wconf 86' lang='lat' dir='ltr'><strong>tua</strong></span> <span class='ocrx_word' id='word_1_661' title='bbox 2124 791 2279 832; x_wconf 86' lang='lat' dir='ltr'><strong>persona</strong></span> <span class='ocrx_word' id='word_1_662' title='bbox 2302 781 2353 816; x_wconf 89' lang='lat' dir='ltr'><strong>rei</strong></span> 
     </span>
     <span class='ocr_line' id='line_1_93' title="bbox 1259 823 2351 876; baseline 0.003 -18"><span class='ocrx_word' id='word_1_663' title='bbox 1259 826 1279 857; x_wconf 87' lang='grc'>4</span> <span class='ocrx_word' id='word_1_664' title='bbox 1327 826 1422 858; x_wconf 83' lang='grc'><strong>11100.</strong></span> <span class='ocrx_word' id='word_1_665' title='bbox 1471 824 1632 859; x_wconf 89' lang='lat' dir='ltr'><strong>Iulianus</strong></span> <span class='ocrx_word' id='word_1_666' title='bbox 1653 823 1799 876; x_wconf 82' lang='lat' dir='ltr'><strong>scripsit</strong></span> <span class='ocrx_word' id='word_1_667' title='bbox 1816 823 1975 859; x_wconf 87' lang='lat' dir='ltr'><strong>mandati</strong></span> <span class='ocrx_word' id='word_1_668' title='bbox 1997 824 2246 869; x_wconf 79' lang='lat' dir='ltr'><strong>obligationem</strong></span> <span class='ocrx_word' id='word_1_669' title='bbox 2267 836 2351 861; x_wconf 92' lang='lat' dir='ltr'><strong>con-</strong></span> 
     </span>
     <span class='ocr_line' id='line_1_94' title="bbox 1260 869 2353 916; baseline 0.003 -13"><span class='ocrx_word' id='word_1_670' title='bbox 1260 869 1386 904; x_wconf 90' lang='lat' dir='ltr'><strong>sistere</strong></span> <span class='ocrx_word' id='word_1_671' title='bbox 1411 869 1517 904; x_wconf 90' lang='lat' dir='ltr'><strong>etiam</strong></span> <span class='ocrx_word' id='word_1_672' title='bbox 1541 869 1578 904; x_wconf 91' lang='lat' dir='ltr'><strong>in</strong></span> <span class='ocrx_word' id='word_1_673' title='bbox 1602 879 1677 904; x_wconf 90' lang='lat' dir='ltr'><strong>rem</strong></span> <span class='ocrx_word' id='word_1_674' title='bbox 1703 879 1778 904; x_wconf 91' lang='lat' dir='ltr'><strong>e1us</strong></span> <span class='ocrx_word' id='word_1_675' title='bbox 1804 869 1864 914; x_wconf 92' lang='lat' dir='ltr'><strong>qui</strong></span> <span class='ocrx_word' id='word_1_676' title='bbox 1888 869 2097 904; x_wconf 89' lang='lat' dir='ltr'><strong>mandatum</strong></span> <span class='ocrx_word' id='word_1_677' title='bbox 2129 871 2279 916; x_wconf 89' lang='lat' dir='ltr'><strong>suscipit</strong></span> <span class='ocrx_word' id='word_1_678' title='bbox 2310 881 2353 906; x_wconf 86' lang='lat' dir='ltr'><strong>ex</strong></span> 
     </span>
     <span class='ocr_line' id='line_1_95' title="bbox 1260 914 2352 959; baseline 0.002 -10"><span class='ocrx_word' id='word_1_679' title='bbox 1260 924 1300 950; x_wconf 93' lang='lat' dir='ltr'><strong>eo</strong></span> <span class='ocrx_word' id='word_1_680' title='bbox 1325 914 1478 949; x_wconf 80' lang='lat' dir='ltr'><strong>maxime</strong></span> <span class='ocrx_word' id='word_1_681' title='bbox 1502 915 1659 959; x_wconf 90' lang='lat' dir='ltr'><strong>probari,</strong></span> <span class='ocrx_word' id='word_1_682' title='bbox 1685 914 1790 959; x_wconf 92' lang='lat' dir='ltr'><strong>quod,</strong></span> <span class='ocrx_word' id='word_1_683' title='bbox 1813 914 1843 950; x_wconf 92' lang='lat' dir='ltr'><strong>si</strong></span> <span class='ocrx_word' id='word_1_684' title='bbox 1866 915 2029 959; x_wconf 89' lang='lat' dir='ltr'><strong>pluribus</strong></span> <span class='ocrx_word' id='word_1_685' title='bbox 2053 915 2244 951; x_wconf 88' lang='lat' dir='ltr'><strong>heredibus</strong></span> <span class='ocrx_word' id='word_1_686' title='bbox 2268 926 2352 951; x_wconf 90' lang='lat' dir='ltr'><strong>ven-</strong></span> 
     </span>
     <span class='ocr_line' id='line_1_96' title="bbox 1259 959 2352 1004; baseline 0.002 -10"><span class='ocrx_word' id='word_1_687' title='bbox 1259 959 1424 995; x_wconf 89' lang='lat' dir='ltr'><strong>dentibus</strong></span> <span class='ocrx_word' id='word_1_688' title='bbox 1445 960 1507 994; x_wconf 91' lang='lat' dir='ltr'><strong>uni</strong></span> <span class='ocrx_word' id='word_1_689' title='bbox 1526 959 1752 1003; x_wconf 88' lang='lat' dir='ltr'><strong>mandavero,</strong></span> <span class='ocrx_word' id='word_1_690' title='bbox 1777 963 1818 995; x_wconf 93' lang='lat' dir='ltr'><strong>ut</strong></span> <span class='ocrx_word' id='word_1_691' title='bbox 1837 971 1910 995; x_wconf 93' lang='lat' dir='ltr'><strong>rem</strong></span> <span class='ocrx_word' id='word_1_692' title='bbox 1935 960 2185 995; x_wconf 88' lang='lat' dir='ltr'><strong>hereditariam</strong></span> <span class='ocrx_word' id='word_1_693' title='bbox 2211 966 2352 1004; x_wconf 88' lang='lat' dir='ltr'><strong>emeret,</strong></span> 
     </span>
     <span class='ocr_line' id='line_1_97' title="bbox 1259 1005 2353 1051; baseline 0.002 -12"><span class='ocrx_word' id='word_1_694' title='bbox 1259 1005 1366 1040; x_wconf 86' lang='lat' dir='ltr'><strong>etiam</strong></span> <span class='ocrx_word' id='word_1_695' title='bbox 1389 1016 1455 1050; x_wconf 88' lang='lat' dir='ltr'><strong>pro</strong></span> <span class='ocrx_word' id='word_1_696' title='bbox 1482 1016 1524 1041; x_wconf 89' lang='lat' dir='ltr'><strong>ea</strong></span> <span class='ocrx_word' id='word_1_697' title='bbox 1547 1009 1661 1050; x_wconf 89' lang='lat' dir='ltr'><strong>parte,</strong></span> <span class='ocrx_word' id='word_1_698' title='bbox 1688 1016 1759 1051; x_wconf 86' lang='lat' dir='ltr'><strong>qua</strong></span> <span class='ocrx_word' id='word_1_699' title='bbox 1782 1005 1885 1040; x_wconf 89' lang='lat' dir='ltr'><strong>heres</strong></span> <span class='ocrx_word' id='word_1_700' title='bbox 1911 1006 1967 1048; x_wconf 91' lang='lat' dir='ltr'><strong>sit,</strong></span> <span class='ocrx_word' id='word_1_701' title='bbox 1993 1006 2170 1051; x_wconf 87' lang='lat' dir='ltr'><strong>obligatur</strong></span> <span class='ocrx_word' id='word_1_702' title='bbox 2195 1006 2353 1041; x_wconf 88' lang='lat' dir='ltr'><strong>mandati</strong></span> 
     </span>
     <span class='ocr_line' id='line_1_98' title="bbox 1259 1051 2352 1096; baseline 0.001 -10"><span class='ocrx_word' id='word_1_703' title='bbox 1259 1051 1400 1086; x_wconf 88' lang='lat' dir='ltr'><strong>actione</strong></span> <span class='ocrx_word' id='word_1_704' title='bbox 1433 1054 1469 1086; x_wconf 92' lang='lat' dir='ltr'><strong>et</strong></span> <span class='ocrx_word' id='word_1_705' title='bbox 1502 1051 1654 1096; x_wconf 85' lang='lat' dir='ltr'><strong>obligat:</strong></span> <span class='ocrx_word' id='word_1_706' title='bbox 1689 1055 1725 1086; x_wconf 91' lang='lat' dir='ltr'><strong>et</strong></span> <span class='ocrx_word' id='word_1_707' title='bbox 1757 1061 1843 1086; x_wconf 89' lang='lat' dir='ltr'><strong>sane</strong></span> <span class='ocrx_word' id='word_1_708' title='bbox 1875 1051 1905 1086; x_wconf 87' lang='lat' dir='ltr'><strong>si</strong></span> <span class='ocrx_word' id='word_1_709' title='bbox 1937 1051 1995 1086; x_wconf 93' lang='lat' dir='ltr'><strong>ille</strong></span> <span class='ocrx_word' id='word_1_710' title='bbox 2028 1055 2175 1096; x_wconf 90' lang='lat' dir='ltr'><strong>propter</strong></span> <span class='ocrx_word' id='word_1_711' title='bbox 2198 1051 2267 1087; x_wconf 90' lang='lat' dir='ltr'><strong>hoc</strong></span> <span class='ocrx_word' id='word_1_712' title='bbox 2292 1062 2352 1087; x_wconf 88' lang='lat' dir='ltr'><strong>ex-</strong></span> 
     </span>
     <span class='ocr_line' id='line_1_99' title="bbox 1258 1096 2351 1142; baseline 0.001 -11"><span class='ocrx_word' id='word_1_713' title='bbox 1258 1100 1383 1132; x_wconf 87' lang='lat' dir='ltr'><strong>traneo</strong></span> <span class='ocrx_word' id='word_1_714' title='bbox 1407 1107 1482 1132; x_wconf 90' lang='lat' dir='ltr'><strong>rem</strong></span> <span class='ocrx_word' id='word_1_715' title='bbox 1506 1107 1580 1132; x_wconf 91' lang='lat' dir='ltr'><strong>non</strong></span> <span class='ocrx_word' id='word_1_716' title='bbox 1604 1096 1799 1139; x_wconf 91' lang='lat' dir='ltr'><strong>addixerit,</strong></span> <span class='ocrx_word' id='word_1_717' title='bbox 1833 1096 1929 1141; x_wconf 91' lang='lat' dir='ltr'><strong>quod</strong></span> <span class='ocrx_word' id='word_1_718' title='bbox 1953 1096 2161 1132; x_wconf 90' lang='lat' dir='ltr'><strong>mandatum</strong></span> <span class='ocrx_word' id='word_1_719' title='bbox 2186 1107 2351 1142; x_wconf 89' lang='lat' dir='ltr'><strong>suscepe-</strong></span> 
     </span>
     <span class='ocr_line' id='line_1_100' title="bbox 1258 1142 2354 1195; baseline 0.001 -19"><span class='ocrx_word' id='word_1_720' title='bbox 1258 1145 1333 1184; x_wconf 86' lang='lat' dir='ltr'><strong>rat,</strong></span> <span class='ocrx_word' id='word_1_721' title='bbox 1368 1153 1411 1177; x_wconf 87' lang='lat' dir='ltr'><strong>ex</strong></span> <span class='ocrx_word' id='word_1_722' title='bbox 1435 1142 1531 1177; x_wconf 91' lang='lat' dir='ltr'><strong>bona</strong></span> <span class='ocrx_word' id='word_1_723' title='bbox 1556 1142 1626 1177; x_wconf 91' lang='lat' dir='ltr'><strong>fide</strong></span> <span class='ocrx_word' id='word_1_724' title='bbox 1651 1152 1729 1177; x_wconf 89' lang='lat' dir='ltr'><strong>esse</strong></span> <span class='ocrx_word' id='word_1_725' title='bbox 1752 1146 1936 1187; x_wconf 89' lang='lat' dir='ltr'><strong>praestare</strong></span> <span class='ocrx_word' id='word_1_726' title='bbox 1961 1142 1992 1177; x_wconf 90' lang='lat' dir='ltr'><strong>ei</strong></span> <span class='ocrx_word' id='word_1_727' title='bbox 2025 1142 2197 1187; x_wconf 90' lang='lat' dir='ltr'><strong>pretium,</strong></span> <span class='ocrx_word' id='word_1_728' title='bbox 2231 1143 2354 1195; x_wconf 85' lang='lat' dir='ltr'><strong>quanti</strong></span> 
     </span>
     <span class='ocr_line' id='line_1_101' title="bbox 1259 1187 2354 1233; baseline 0 -11"><span class='ocrx_word' id='word_1_729' title='bbox 1259 1187 1411 1222; x_wconf 90' lang='lat' dir='ltr'><strong>vendere</strong></span> <span class='ocrx_word' id='word_1_730' title='bbox 1443 1191 1603 1233; x_wconf 87' lang='lat' dir='ltr'><strong>poterat:</strong></span> <span class='ocrx_word' id='word_1_731' title='bbox 1641 1191 1676 1223; x_wconf 92' lang='lat' dir='ltr'><strong>et</strong></span> <span class='ocrx_word' id='word_1_732' title='bbox 1701 1191 1827 1223; x_wconf 90' lang='lat' dir='ltr'><strong>contra</strong></span> <span class='ocrx_word' id='word_1_733' title='bbox 1851 1188 1881 1222; x_wconf 91' lang='lat' dir='ltr'><strong>si</strong></span> <span class='ocrx_word' id='word_1_734' title='bbox 1906 1191 2043 1232; x_wconf 90' lang='lat' dir='ltr'><strong>emptor</strong></span> <span class='ocrx_word' id='word_1_735' title='bbox 2068 1187 2114 1223; x_wconf 90' lang='lat' dir='ltr'><strong>ad</strong></span> <span class='ocrx_word' id='word_1_736' title='bbox 2138 1192 2354 1233; x_wconf 82' lang='lat' dir='ltr'><strong>emptlonem</strong></span> 
     </span>
     <span class='ocr_line' id='line_1_102' title="bbox 1259 1233 2352 1278; baseline 0.001 -11"><span class='ocrx_word' id='word_1_737' title='bbox 1259 1233 1309 1267; x_wconf 90' lang='lat' dir='ltr'><strong>rei</strong></span> <span class='ocrx_word' id='word_1_738' title='bbox 1333 1233 1401 1268; x_wconf 90' lang='lat' dir='ltr'><strong>sibi</strong></span> <span class='ocrx_word' id='word_1_739' title='bbox 1425 1233 1650 1268; x_wconf 88' lang='lat' dir='ltr'><strong>necessariae</strong></span> <span class='ocrx_word' id='word_1_740' title='bbox 1673 1233 1807 1268; x_wconf 90' lang='lat' dir='ltr'><strong>idcirco</strong></span> <span class='ocrx_word' id='word_1_741' title='bbox 1833 1244 1905 1268; x_wconf 93' lang='lat' dir='ltr'><strong>non</strong></span> <span class='ocrx_word' id='word_1_742' title='bbox 1930 1236 2143 1276; x_wconf 88' lang='lat' dir='ltr'><strong>accesserat,</strong></span> <span class='ocrx_word' id='word_1_743' title='bbox 2170 1233 2266 1278; x_wconf 91' lang='lat' dir='ltr'><strong>quod</strong></span> <span class='ocrx_word' id='word_1_744' title='bbox 2289 1234 2352 1268; x_wconf 91' lang='lat' dir='ltr'><strong>he-</strong></span> 
     </span>
     <span class='ocr_line' id='line_1_103' title="bbox 1259 1278 2355 1324; baseline 0.001 -12"><span class='ocrx_word' id='word_1_745' title='bbox 1259 1278 1334 1313; x_wconf 89' lang='lat' dir='ltr'><strong>redi</strong></span> <span class='ocrx_word' id='word_1_746' title='bbox 1383 1289 1485 1314; x_wconf 81' lang='grc'><strong>10000</strong></span> <span class='ocrx_word' id='word_1_747' title='bbox 1511 1279 1619 1314; x_wconf 75' lang='grc'><strong>188013</strong></span> <span class='ocrx_word' id='word_1_748' title='bbox 1643 1289 1682 1314; x_wconf 84' lang='grc'><strong>80</strong></span> <span class='ocrx_word' id='word_1_749' title='bbox 1706 1278 1738 1313; x_wconf 85' lang='grc'><strong>01</strong></span> <span class='ocrx_word' id='word_1_750' title='bbox 1763 1282 1974 1324; x_wconf 87' lang='lat' dir='ltr'><strong>empturum,</strong></span> <span class='ocrx_word' id='word_1_751' title='bbox 2000 1278 2253 1324; x_wconf 89' lang='lat' dir='ltr'><strong>aequissimum</strong></span> <span class='ocrx_word' id='word_1_752' title='bbox 2278 1289 2355 1314; x_wconf 92' lang='lat' dir='ltr'><strong>esse</strong></span> 
     </span>
     <span class='ocr_line' id='line_1_104' title="bbox 1259 1324 2353 1369; baseline -0.001 -10"><span class='ocrx_word' id='word_1_753' title='bbox 1259 1334 1341 1358; x_wconf 86' lang='lat' dir='ltr'><strong>man</strong></span> <span class='ocrx_word' id='word_1_754' title='bbox 1368 1324 1419 1359; x_wconf 90' lang='lat' dir='ltr'><strong>ati</strong></span> <span class='ocrx_word' id='word_1_755' title='bbox 1442 1324 1478 1359; x_wconf 91' lang='lat' dir='ltr'><strong>iu</strong></span> <span class='ocrx_word' id='word_1_756' title='bbox 1505 1324 1573 1359; x_wconf 91' lang='lat' dir='ltr'><strong>icio</strong></span> <span class='ocrx_word' id='word_1_757' title='bbox 1598 1324 1795 1369; x_wconf 88' lang='lat' dir='ltr'><strong>praestari,</strong></span> <span class='ocrx_word' id='word_1_758' title='bbox 1821 1324 1946 1369; x_wconf 87' lang='lat' dir='ltr'><strong>quanti</strong></span> <span class='ocrx_word' id='word_1_759' title='bbox 1971 1324 2046 1359; x_wconf 90' lang='lat' dir='ltr'><strong>eius</strong></span> <span class='ocrx_word' id='word_1_760' title='bbox 2070 1324 2232 1359; x_wconf 87' lang='lat' dir='ltr'><strong>interfuit</strong></span> <span class='ocrx_word' id='word_1_761' title='bbox 2256 1333 2353 1369; x_wconf 90' lang='lat' dir='ltr'><strong>emp-</strong></span> 
     </span>
     <span class='ocr_line' id='line_1_105' title="bbox 1259 1369 2355 1415; baseline -0.001 -11"><span class='ocrx_word' id='word_1_762' title='bbox 1259 1372 1278 1404; x_wconf 82' lang='lat'>5</span> <span class='ocrx_word' id='word_1_763' title='bbox 1327 1373 1400 1404; x_wconf 91' lang='lat' dir='ltr'><strong>tam</strong></span> <span class='ocrx_word' id='word_1_764' title='bbox 1432 1380 1505 1405; x_wconf 90' lang='lat' dir='ltr'><strong>rem</strong></span> <span class='ocrx_word' id='word_1_765' title='bbox 1537 1369 1680 1405; x_wconf 90' lang='lat' dir='ltr'><strong>habere.</strong></span> <span class='ocrx_word' id='word_1_766' title='bbox 1729 1370 1764 1405; x_wconf 92' lang='lat' dir='ltr'><strong>Is</strong></span> <span class='ocrx_word' id='word_1_767' title='bbox 1799 1369 1898 1404; x_wconf 90' lang='lat' dir='ltr'><strong>cuius</strong></span> <span class='ocrx_word' id='word_1_768' title='bbox 1929 1369 2025 1405; x_wconf 90' lang='lat' dir='ltr'><strong>bona</strong></span> <span class='ocrx_word' id='word_1_769' title='bbox 2056 1369 2240 1415; x_wconf 88' lang='lat' dir='ltr'><strong>publicata</strong></span> <span class='ocrx_word' id='word_1_770' title='bbox 2271 1372 2355 1405; x_wconf 92' lang='lat' dir='ltr'><strong>sunt</strong></span> 
     </span>
     <span class='ocr_line' id='line_1_106' title="bbox 1259 1414 2353 1460; baseline -0.001 -10"><span class='ocrx_word' id='word_1_771' title='bbox 1259 1415 1430 1450; x_wconf 90' lang='lat' dir='ltr'><strong>mandare</strong></span> <span class='ocrx_word' id='word_1_772' title='bbox 1454 1415 1561 1450; x_wconf 89' lang='lat' dir='ltr'><strong>alicui</strong></span> <span class='ocrx_word' id='word_1_773' title='bbox 1584 1418 1714 1460; x_wconf 90' lang='lat' dir='ltr'><strong>potest,</strong></span> <span class='ocrx_word' id='word_1_774' title='bbox 1739 1418 1780 1449; x_wconf 89' lang='lat' dir='ltr'><strong>ut</strong></span> <span class='ocrx_word' id='word_1_775' title='bbox 1805 1425 1847 1450; x_wconf 90' lang='lat' dir='ltr'><strong>ea</strong></span> <span class='ocrx_word' id='word_1_776' title='bbox 1871 1418 1976 1458; x_wconf 88' lang='lat' dir='ltr'><strong>emat,</strong></span> <span class='ocrx_word' id='word_1_777' title='bbox 2001 1418 2046 1457; x_wconf 89' lang='lat' dir='ltr'><strong>et,</strong></span> <span class='ocrx_word' id='word_1_778' title='bbox 2072 1415 2101 1450; x_wconf 92' lang='lat' dir='ltr'><strong>si</strong></span> <span class='ocrx_word' id='word_1_779' title='bbox 2126 1414 2259 1458; x_wconf 90' lang='lat' dir='ltr'><strong>emerit,</strong></span> <span class='ocrx_word' id='word_1_780' title='bbox 2284 1415 2353 1449; x_wconf 94' lang='lat' dir='ltr'><strong>uti-</strong></span> 
     </span>
     <span class='ocr_line' id='line_1_107' title="bbox 1259 1459 2354 1505; baseline -0.001 -10"><span class='ocrx_word' id='word_1_781' title='bbox 1259 1460 1300 1495; x_wconf 90' lang='lat' dir='ltr'><strong>lis</strong></span> <span class='ocrx_word' id='word_1_782' title='bbox 1327 1460 1391 1496; x_wconf 89' lang='lat' dir='ltr'><strong>erit</strong></span> <span class='ocrx_word' id='word_1_783' title='bbox 1414 1460 1575 1496; x_wconf 87' lang='lat' dir='ltr'><strong>mandati</strong></span> <span class='ocrx_word' id='word_1_784' title='bbox 1600 1460 1714 1503; x_wconf 89' lang='lat' dir='ltr'><strong>actio,</strong></span> <span class='ocrx_word' id='word_1_785' title='bbox 1747 1460 1777 1495; x_wconf 90' lang='lat' dir='ltr'><strong>si</strong></span> <span class='ocrx_word' id='word_1_786' title='bbox 1808 1471 1879 1496; x_wconf 90' lang='lat' dir='ltr'><strong>non</strong></span> <span class='ocrx_word' id='word_1_787' title='bbox 1910 1464 2071 1505; x_wconf 89' lang='lat' dir='ltr'><strong>praestet</strong></span> <span class='ocrx_word' id='word_1_788' title='bbox 2101 1460 2226 1495; x_wconf 89' lang='lat' dir='ltr'><strong>fidem:</strong></span> <span class='ocrx_word' id='word_1_789' title='bbox 2261 1459 2354 1505; x_wconf 90' lang='lat' dir='ltr'><strong>quod</strong></span> 
     </span>
     <span class='ocr_line' id='line_1_108' title="bbox 1258 1505 2355 1551; baseline 0 -11"><span class='ocrx_word' id='word_1_790' title='bbox 1258 1505 1337 1541; x_wconf 94' lang='lat' dir='ltr'><strong>ideo</strong></span> <span class='ocrx_word' id='word_1_791' title='bbox 1374 1510 1559 1551; x_wconf 89' lang='lat' dir='ltr'><strong>receptum</strong></span> <span class='ocrx_word' id='word_1_792' title='bbox 1598 1510 1670 1549; x_wconf 89' lang='lat' dir='ltr'><strong>est,</strong></span> <span class='ocrx_word' id='word_1_793' title='bbox 1705 1506 1788 1551; x_wconf 91' lang='lat' dir='ltr'><strong>quia</strong></span> <span class='ocrx_word' id='word_1_794' title='bbox 1819 1506 2011 1551; x_wconf 86' lang='lat' dir='ltr'><strong>publicatis</strong></span> <span class='ocrx_word' id='word_1_795' title='bbox 2044 1506 2147 1541; x_wconf 90' lang='lat' dir='ltr'><strong>bonis</strong></span> <span class='ocrx_word' id='word_1_796' title='bbox 2183 1505 2355 1551; x_wconf 90' lang='lat' dir='ltr'><strong>quidquid</strong></span> 
     </span>
     <span class='ocr_line' id='line_1_109' title="bbox 1260 1550 2352 1597; baseline -0.001 -10"><span class='ocrx_word' id='word_1_797' title='bbox 1260 1554 1280 1586; x_wconf 88' lang='lat'>6</span> <span class='ocrx_word' id='word_1_798' title='bbox 1328 1555 1456 1597; x_wconf 88' lang='lat' dir='ltr'><strong>postea</strong></span> <span class='ocrx_word' id='word_1_799' title='bbox 1480 1551 1700 1597; x_wconf 88' lang='lat' dir='ltr'><strong>adquiritur,</strong></span> <span class='ocrx_word' id='word_1_800' title='bbox 1734 1561 1806 1586; x_wconf 91' lang='lat' dir='ltr'><strong>non</strong></span> <span class='ocrx_word' id='word_1_801' title='bbox 1831 1551 1991 1596; x_wconf 89' lang='lat' dir='ltr'><strong>sequitur</strong></span> <span class='ocrx_word' id='word_1_802' title='bbox 2015 1551 2152 1587; x_wconf 90' lang='lat' dir='ltr'><strong>fiscum.</strong></span> <span class='ocrx_word' id='word_1_803' title='bbox 2202 1550 2271 1595; x_wconf 81' lang='lat' dir='ltr'><strong>Qui</strong></span> <span class='ocrx_word' id='word_1_804' title='bbox 2295 1561 2352 1586; x_wconf 88' lang='lat' dir='ltr'><strong>ae-</strong></span> 
     </span>
     <span class='ocr_line' id='line_1_110' title="bbox 1260 1596 2352 1642; baseline -0.001 -10"><span class='ocrx_word' id='word_1_805' title='bbox 1260 1596 1339 1632; x_wconf 88' lang='lat' dir='ltr'><strong>dem</strong></span> <span class='ocrx_word' id='word_1_806' title='bbox 1363 1608 1503 1632; x_wconf 88' lang='lat' dir='ltr'><strong>sacram</strong></span> <span class='ocrx_word' id='word_1_807' title='bbox 1527 1597 1762 1642; x_wconf 87' lang='lat' dir='ltr'><strong>spoliandam,</strong></span> <span class='ocrx_word' id='word_1_808' title='bbox 1787 1597 1966 1632; x_wconf 91' lang='lat' dir='ltr'><strong>hominem</strong></span> <span class='ocrx_word' id='word_1_809' title='bbox 1989 1596 2266 1638; x_wconf 88' lang='lat' dir='ltr'><strong>vulnerandum,</strong></span> <span class='ocrx_word' id='word_1_810' title='bbox 2293 1606 2352 1631; x_wconf 90' lang='lat' dir='ltr'><strong>oc-</strong></span> 
     </span>
     <span class='ocr_line' id='line_1_111' title="bbox 1260 1641 2351 1687; baseline -0.001 -10"><span class='ocrx_word' id='word_1_811' title='bbox 1260 1642 1450 1678; x_wconf 91' lang='lat' dir='ltr'><strong>cidendum</strong></span> <span class='ocrx_word' id='word_1_812' title='bbox 1474 1643 1705 1678; x_wconf 74' lang='lat' dir='ltr'><strong>mandatumâ´</strong></span> <span class='ocrx_word' id='word_1_813' title='bbox 1731 1642 1923 1687; x_wconf 88' lang='lat' dir='ltr'><strong>suscipiat,</strong></span> <span class='ocrx_word' id='word_1_814' title='bbox 1957 1642 2045 1677; x_wconf 88' lang='lat' dir='ltr'><strong>nihil</strong></span> <span class='ocrx_word' id='word_1_815' title='bbox 2076 1641 2236 1677; x_wconf 88' lang='lat' dir='ltr'><strong>mandati</strong></span> <span class='ocrx_word' id='word_1_816' title='bbox 2259 1641 2351 1676; x_wconf 91' lang='lat' dir='ltr'><strong>iudi-</strong></span> 
     </span>
     <span class='ocr_line' id='line_1_112' title="bbox 1260 1686 2351 1734; baseline -0.002 -11"><span class='ocrx_word' id='word_1_817' title='bbox 1260 1688 1314 1723; x_wconf 91' lang='lat' dir='ltr'><strong>cio</strong></span> <span class='ocrx_word' id='word_1_818' title='bbox 1351 1689 1520 1733; x_wconf 89' lang='lat' dir='ltr'><strong>consequi</strong></span> <span class='ocrx_word' id='word_1_819' title='bbox 1553 1692 1673 1734; x_wconf 90' lang='lat' dir='ltr'><strong>potest</strong></span> <span class='ocrx_word' id='word_1_820' title='bbox 1732 1691 1854 1732; x_wconf 91' lang='lat' dir='ltr'><strong>ropter</strong></span> <span class='ocrx_word' id='word_1_821' title='bbox 1889 1687 2144 1733; x_wconf 90' lang='lat' dir='ltr'><strong>turpitudinem</strong></span> <span class='ocrx_word' id='word_1_822' title='bbox 2180 1686 2351 1721; x_wconf 88' lang='lat' dir='ltr'><strong>mandati.</strong></span> 
     </span>
     <span class='ocr_line' id='line_1_113' title="bbox 1260 1732 2354 1777; baseline -0.001 -10"><span class='ocrx_word' id='word_1_823' title='bbox 1260 1736 1278 1767; x_wconf 82' lang='grc'><strong>7</strong></span> <span class='ocrx_word' id='word_1_824' title='bbox 1329 1733 1367 1768; x_wconf 89' lang='lat' dir='ltr'><strong>Si</strong></span> <span class='ocrx_word' id='word_1_825' title='bbox 1390 1734 1456 1769; x_wconf 91' lang='lat' dir='ltr'><strong>tibi</strong></span> <span class='ocrx_word' id='word_1_826' title='bbox 1481 1738 1623 1769; x_wconf 90' lang='lat' dir='ltr'><strong>centum</strong></span> <span class='ocrx_word' id='word_1_827' title='bbox 1648 1733 1691 1769; x_wconf 89' lang='lat' dir='ltr'><strong>de</strong></span> <span class='ocrx_word' id='word_1_828' title='bbox 1719 1744 1797 1776; x_wconf 91' lang='lat' dir='ltr'><strong>ero,</strong></span> <span class='ocrx_word' id='word_1_829' title='bbox 1831 1736 1871 1768; x_wconf 91' lang='lat' dir='ltr'><strong>ut</strong></span> <span class='ocrx_word' id='word_1_830' title='bbox 1902 1743 1945 1768; x_wconf 90' lang='lat' dir='ltr'><strong>ea</strong></span> <span class='ocrx_word' id='word_1_831' title='bbox 1968 1732 2063 1768; x_wconf 90' lang='lat' dir='ltr'><strong>Titio</strong></span> <span class='ocrx_word' id='word_1_832' title='bbox 2089 1732 2211 1775; x_wconf 86' lang='lat' dir='ltr'><strong>dares,</strong></span> <span class='ocrx_word' id='word_1_833' title='bbox 2244 1735 2354 1777; x_wconf 89' lang='lat' dir='ltr'><strong>tuque</strong></span> 
     </span>
     <span class='ocr_line' id='line_1_114' title="bbox 1258 1777 2354 1823; baseline -0.002 -9"><span class='ocrx_word' id='word_1_834' title='bbox 1258 1789 1331 1814; x_wconf 91' lang='lat' dir='ltr'><strong>non</strong></span> <span class='ocrx_word' id='word_1_835' title='bbox 1356 1779 1514 1822; x_wconf 91' lang='lat' dir='ltr'><strong>dederis,</strong></span> <span class='ocrx_word' id='word_1_836' title='bbox 1547 1779 1610 1814; x_wconf 89' lang='lat' dir='ltr'><strong>sed</strong></span> <span class='ocrx_word' id='word_1_837' title='bbox 1642 1779 1924 1823; x_wconf 88' lang='lat' dir='ltr'><strong>consumpseris,</strong></span> <span class='ocrx_word' id='word_1_838' title='bbox 1958 1781 1993 1813; x_wconf 89' lang='lat' dir='ltr'><strong>et</strong></span> <span class='ocrx_word' id='word_1_839' title='bbox 2024 1778 2183 1813; x_wconf 89' lang='lat' dir='ltr'><strong>mandati</strong></span> <span class='ocrx_word' id='word_1_840' title='bbox 2207 1780 2243 1812; x_wconf 92' lang='lat' dir='ltr'><strong>et</strong></span> <span class='ocrx_word' id='word_1_841' title='bbox 2266 1777 2354 1812; x_wconf 86' lang='lat' dir='ltr'><strong>furti</strong></span> 
     </span>
     <span class='ocr_line' id='line_1_115' title="bbox 1258 1823 2351 1868; baseline -0.002 -9"><span class='ocrx_word' id='word_1_842' title='bbox 1258 1825 1371 1859; x_wconf 91' lang='lat' dir='ltr'><strong>teneri</strong></span> <span class='ocrx_word' id='word_1_843' title='bbox 1395 1828 1430 1860; x_wconf 90' lang='lat' dir='ltr'><strong>te</strong></span> <span class='ocrx_word' id='word_1_844' title='bbox 1455 1825 1629 1860; x_wconf 88' lang='lat' dir='ltr'><strong>Proculus</strong></span> <span class='ocrx_word' id='word_1_845' title='bbox 1656 1825 1723 1859; x_wconf 86' lang='lat' dir='ltr'><strong>ait:</strong></span> <span class='ocrx_word' id='word_1_846' title='bbox 1751 1828 1814 1858; x_wconf 88' lang='lat' dir='ltr'><strong>aut</strong></span> <span class='ocrx_word' id='word_1_847' title='bbox 1825 1826 1848 1866; x_wconf 85' lang='lat'><strong>âµ,</strong></span> <span class='ocrx_word' id='word_1_848' title='bbox 1874 1824 1904 1859; x_wconf 90' lang='lat' dir='ltr'><strong>si</strong></span> <span class='ocrx_word' id='word_1_849' title='bbox 1927 1824 1979 1858; x_wconf 91' lang='lat' dir='ltr'><strong>ita</strong></span> <span class='ocrx_word' id='word_1_850' title='bbox 2003 1823 2170 1865; x_wconf 89' lang='lat' dir='ltr'><strong>dederim,</strong></span> <span class='ocrx_word' id='word_1_851' title='bbox 2199 1827 2238 1858; x_wconf 93' lang='lat' dir='ltr'><strong>ut</strong></span> <span class='ocrx_word' id='word_1_852' title='bbox 2260 1833 2351 1868; x_wconf 90' lang='lat' dir='ltr'><strong>quae</strong></span> 
     </span>
     <span class='ocr_line' id='line_1_116' title="bbox 1260 1868 2352 1913; baseline -0.002 -8"><span class='ocrx_word' id='word_1_853' title='bbox 1260 1872 1278 1905; x_wconf 88' lang='lat'>8</span> <span class='ocrx_word' id='word_1_854' title='bbox 1326 1870 1432 1905; x_wconf 88' lang='lat' dir='ltr'><strong>velles</strong></span> <span class='ocrx_word' id='word_1_855' title='bbox 1458 1870 1581 1913; x_wconf 90' lang='lat' dir='ltr'><strong>dares,</strong></span> <span class='ocrx_word' id='word_1_856' title='bbox 1607 1869 1767 1905; x_wconf 90' lang='lat' dir='ltr'><strong>mandati</strong></span> <span class='ocrx_word' id='word_1_857' title='bbox 1790 1869 2049 1904; x_wconf 89' lang='lat' dir='ltr'><strong>tantummodo.</strong></span> <span class='ocrx_word' id='word_1_858' title='bbox 2099 1868 2136 1903; x_wconf 90' lang='lat' dir='ltr'><strong>Si</strong></span> <span class='ocrx_word' id='word_1_859' title='bbox 2161 1868 2352 1903; x_wconf 90' lang='lat' dir='ltr'><strong>mandave-</strong></span> 
     </span>
     <span class='ocr_line' id='line_1_117' title="bbox 1258 1914 2352 1960; baseline -0.002 -10"><span class='ocrx_word' id='word_1_860' title='bbox 1258 1915 1324 1950; x_wconf 92' lang='lat' dir='ltr'><strong>rim</strong></span> <span class='ocrx_word' id='word_1_861' title='bbox 1356 1926 1457 1951; x_wconf 90' lang='lat' dir='ltr'><strong>servo</strong></span> <span class='ocrx_word' id='word_1_862' title='bbox 1490 1919 1572 1958; x_wconf 89' lang='lat' dir='ltr'><strong>tuo,</strong></span> <span class='ocrx_word' id='word_1_863' title='bbox 1608 1919 1649 1951; x_wconf 94' lang='lat' dir='ltr'><strong>ut</strong></span> <span class='ocrx_word' id='word_1_864' title='bbox 1681 1914 1776 1960; x_wconf 91' lang='lat' dir='ltr'><strong>quod</strong></span> <span class='ocrx_word' id='word_1_865' title='bbox 1807 1915 1874 1950; x_wconf 90' lang='lat' dir='ltr'><strong>tibi</strong></span> <span class='ocrx_word' id='word_1_866' title='bbox 1905 1914 2054 1950; x_wconf 89' lang='lat' dir='ltr'><strong>debeam</strong></span> <span class='ocrx_word' id='word_1_867' title='bbox 2089 1914 2241 1949; x_wconf 90' lang='lat' dir='ltr'><strong>solveret</strong></span> <span class='ocrx_word' id='word_1_868' title='bbox 2274 1924 2352 1948; x_wconf 89' lang='lat' dir='ltr'><strong>meo</strong></span> 
     </span>
     <span class='ocr_line' id='line_1_118' title="bbox 1259 1960 2352 2005; baseline -0.002 -9"><span class='ocrx_word' id='word_1_869' title='bbox 1259 1961 1419 2004; x_wconf 91' lang='lat' dir='ltr'><strong>nomine,</strong></span> <span class='ocrx_word' id='word_1_870' title='bbox 1452 1960 1621 1996; x_wconf 88' lang='lat' dir='ltr'><strong>Neratius</strong></span> <span class='ocrx_word' id='word_1_871' title='bbox 1647 1961 1787 2003; x_wconf 89' lang='lat' dir='ltr'><strong>scribit,</strong></span> <span class='ocrx_word' id='word_1_872' title='bbox 1821 1960 1980 2005; x_wconf 91' lang='lat' dir='ltr'><strong>quamvis</strong></span> <span class='ocrx_word' id='word_1_873' title='bbox 2013 1962 2197 1995; x_wconf 87' lang='lat' dir='ltr'><strong>mutuatus</strong></span> <span class='ocrx_word' id='word_1_874' title='bbox 2229 1969 2352 1994; x_wconf 89' lang='lat' dir='ltr'><strong>servus</strong></span> 
     </span>
     <span class='ocr_line' id='line_1_119' title="bbox 1258 2004 2352 2051; baseline -0.003 -10"><span class='ocrx_word' id='word_1_875' title='bbox 1258 2007 1447 2051; x_wconf 88' lang='lat' dir='ltr'><strong>pecuniam</strong></span> <span class='ocrx_word' id='word_1_876' title='bbox 1479 2006 1679 2042; x_wconf 89' lang='lat' dir='ltr'><strong>rationibus</strong></span> <span class='ocrx_word' id='word_1_877' title='bbox 1703 2006 1774 2041; x_wconf 89' lang='lat' dir='ltr'><strong>tuis</strong></span> <span class='ocrx_word' id='word_1_878' title='bbox 1800 2006 1902 2050; x_wconf 89' lang='lat' dir='ltr'><strong>quasi</strong></span> <span class='ocrx_word' id='word_1_879' title='bbox 1927 2015 1949 2040; x_wconf 89' lang='lat' dir='ltr'><strong>a</strong></span> <span class='ocrx_word' id='word_1_880' title='bbox 1972 2016 2029 2040; x_wconf 91' lang='lat' dir='ltr'><strong>me</strong></span> <span class='ocrx_word' id='word_1_881' title='bbox 2052 2008 2236 2050; x_wconf 87' lang='lat' dir='ltr'><strong>receptam</strong></span> <span class='ocrx_word' id='word_1_882' title='bbox 2258 2004 2352 2039; x_wconf 91' lang='lat' dir='ltr'><strong>intu-</strong></span> 
     </span>
     <span class='ocr_line' id='line_1_120' title="bbox 1258 2050 2352 2095; baseline -0.002 -9"><span class='ocrx_word' id='word_1_883' title='bbox 1258 2052 1355 2094; x_wconf 90' lang='lat' dir='ltr'><strong>lerit,</strong></span> <span class='ocrx_word' id='word_1_884' title='bbox 1381 2055 1519 2095; x_wconf 92' lang='lat' dir='ltr'><strong>tamen,</strong></span> <span class='ocrx_word' id='word_1_885' title='bbox 1545 2052 1574 2086; x_wconf 90' lang='lat' dir='ltr'><strong>si</strong></span> <span class='ocrx_word' id='word_1_886' title='bbox 1599 2061 1760 2087; x_wconf 87' lang='lat' dir='ltr'><strong>nummos</strong></span> <span class='ocrx_word' id='word_1_887' title='bbox 1786 2061 1808 2085; x_wconf 89' lang='lat' dir='ltr'><strong>a</strong></span> <span class='ocrx_word' id='word_1_888' title='bbox 1833 2051 2009 2086; x_wconf 88' lang='lat' dir='ltr'><strong>creditore</strong></span> <span class='ocrx_word' id='word_1_889' title='bbox 2034 2061 2105 2085; x_wconf 89' lang='lat' dir='ltr'><strong>non</strong></span> <span class='ocrx_word' id='word_1_890' title='bbox 2128 2050 2180 2085; x_wconf 90' lang='lat' dir='ltr'><strong>ita</strong></span> <span class='ocrx_word' id='word_1_891' title='bbox 2203 2059 2352 2094; x_wconf 85' lang='lat' dir='ltr'><strong>accepe-</strong></span> 
     </span>
     <span class='ocr_line' id='line_1_121' title="bbox 1258 2095 2354 2139; baseline -0.003 -7"><span class='ocrx_word' id='word_1_892' title='bbox 1258 2097 1323 2139; x_wconf 87' lang='lat' dir='ltr'><strong>rit,</strong></span> <span class='ocrx_word' id='word_1_893' title='bbox 1357 2101 1398 2132; x_wconf 91' lang='lat' dir='ltr'><strong>ut</strong></span> <span class='ocrx_word' id='word_1_894' title='bbox 1428 2107 1505 2132; x_wconf 91' lang='lat' dir='ltr'><strong>meo</strong></span> <span class='ocrx_word' id='word_1_895' title='bbox 1540 2097 1682 2132; x_wconf 90' lang='lat' dir='ltr'><strong>nomine</strong></span> <span class='ocrx_word' id='word_1_896' title='bbox 1706 2097 1827 2139; x_wconf 88' lang='lat' dir='ltr'><strong>daret,</strong></span> <span class='ocrx_word' id='word_1_897' title='bbox 1860 2106 1926 2131; x_wconf 90' lang='lat' dir='ltr'><strong>nec</strong></span> <span class='ocrx_word' id='word_1_898' title='bbox 1960 2095 2104 2131; x_wconf 90' lang='lat' dir='ltr'><strong>liberari</strong></span> <span class='ocrx_word' id='word_1_899' title='bbox 2134 2105 2190 2130; x_wconf 90' lang='lat' dir='ltr'><strong>me</strong></span> <span class='ocrx_word' id='word_1_900' title='bbox 2222 2104 2288 2130; x_wconf 90' lang='lat' dir='ltr'><strong>nec</strong></span> <span class='ocrx_word' id='word_1_901' title='bbox 2318 2097 2354 2129; x_wconf 91' lang='lat' dir='ltr'><strong>te</strong></span> 
     </span>
     <span class='ocr_line' id='line_1_122' title="bbox 1259 2139 2351 2187; baseline -0.002 -11"><span class='ocrx_word' id='word_1_902' title='bbox 1259 2142 1417 2177; x_wconf 87' lang='lat' dir='ltr'><strong>mandati</strong></span> <span class='ocrx_word' id='word_1_903' title='bbox 1441 2153 1580 2177; x_wconf 90' lang='lat' dir='ltr'><strong>mecum</strong></span> <span class='ocrx_word' id='word_1_904' title='bbox 1605 2146 1790 2178; x_wconf 87' lang='lat' dir='ltr'><strong>acturum:</strong></span> <span class='ocrx_word' id='word_1_905' title='bbox 1825 2141 1920 2187; x_wconf 91' lang='lat' dir='ltr'><strong>quod</strong></span> <span class='ocrx_word' id='word_1_906' title='bbox 1951 2141 1981 2176; x_wconf 88' lang='lat' dir='ltr'><strong>si</strong></span> <span class='ocrx_word' id='word_1_907' title='bbox 2006 2141 2058 2176; x_wconf 92' lang='lat' dir='ltr'><strong>sic</strong></span> <span class='ocrx_word' id='word_1_908' title='bbox 2084 2144 2268 2175; x_wconf 86' lang='lat' dir='ltr'><strong>mutuatus</strong></span> <span class='ocrx_word' id='word_1_909' title='bbox 2293 2139 2351 2182; x_wconf 88' lang='lat' dir='ltr'><strong>sit,</strong></span> 
     </span>
     <span class='ocr_line' id='line_1_123' title="bbox 1259 2186 2354 2233; baseline -0.004 -10"><span class='ocrx_word' id='word_1_910' title='bbox 1259 2191 1299 2222; x_wconf 91' lang='lat' dir='ltr'><strong>ut</strong></span> <span class='ocrx_word' id='word_1_911' title='bbox 1336 2188 1525 2233; x_wconf 88' lang='lat' dir='ltr'><strong>pecuniam</strong></span> <span class='ocrx_word' id='word_1_912' title='bbox 1561 2198 1639 2223; x_wconf 89' lang='lat' dir='ltr'><strong>meo</strong></span> <span class='ocrx_word' id='word_1_913' title='bbox 1675 2187 1815 2223; x_wconf 90' lang='lat' dir='ltr'><strong>nomine</strong></span> <span class='ocrx_word' id='word_1_914' title='bbox 1848 2186 1968 2228; x_wconf 88' lang='lat' dir='ltr'><strong>daret,</strong></span> <span class='ocrx_word' id='word_1_915' title='bbox 2006 2190 2195 2231; x_wconf 91' lang='lat' dir='ltr'><strong>utrumque</strong></span> <span class='ocrx_word' id='word_1_916' title='bbox 2227 2188 2354 2220; x_wconf 89' lang='lat' dir='ltr'><strong>contra</strong></span> 
     </span>
     <span class='ocr_line' id='line_1_124' title="bbox 1259 2231 2351 2277; baseline -0.004 -9"><span class='ocrx_word' id='word_1_917' title='bbox 1259 2243 1355 2268; x_wconf 90' lang='lat' dir='ltr'><strong>esse:</strong></span> <span class='ocrx_word' id='word_1_918' title='bbox 1382 2243 1448 2268; x_wconf 90' lang='lat' dir='ltr'><strong>nec</strong></span> <span class='ocrx_word' id='word_1_919' title='bbox 1473 2233 1617 2276; x_wconf 89' lang='lat' dir='ltr'><strong>referre,</strong></span> <span class='ocrx_word' id='word_1_920' title='bbox 1643 2233 1732 2268; x_wconf 90' lang='lat' dir='ltr'><strong>alius</strong></span> <span class='ocrx_word' id='word_1_921' title='bbox 1758 2233 1836 2277; x_wconf 89' lang='lat' dir='ltr'><strong>quis</strong></span> <span class='ocrx_word' id='word_1_922' title='bbox 1861 2242 1907 2267; x_wconf 87' lang='grc'><strong>011</strong></span> <span class='ocrx_word' id='word_1_923' title='bbox 1931 2231 2024 2266; x_wconf 92' lang='lat' dir='ltr'><strong>idem</strong></span> <span class='ocrx_word' id='word_1_924' title='bbox 2048 2231 2125 2276; x_wconf 89' lang='lat' dir='ltr'><strong>ipse</strong></span> <span class='ocrx_word' id='word_1_925' title='bbox 2145 2240 2267 2266; x_wconf 91' lang='lat' dir='ltr'><strong>servus</strong></span> <span class='ocrx_word' id='word_1_926' title='bbox 2288 2241 2351 2265; x_wconf 90' lang='lat' dir='ltr'><strong>noâ€”</strong></span> 
     </span>
     <span class='ocr_line' id='line_1_125' title="bbox 1259 2275 2352 2323; baseline -0.004 -10"><span class='ocrx_word' id='word_1_927' title='bbox 1259 2279 1352 2313; x_wconf 91' lang='lat' dir='ltr'><strong>mine</strong></span> <span class='ocrx_word' id='word_1_928' title='bbox 1375 2282 1437 2314; x_wconf 89' lang='lat' dir='ltr'><strong>tuo</strong></span> <span class='ocrx_word' id='word_1_929' title='bbox 1463 2278 1558 2323; x_wconf 89' lang='lat' dir='ltr'><strong>quod</strong></span> <span class='ocrx_word' id='word_1_930' title='bbox 1580 2289 1644 2323; x_wconf 91' lang='lat' dir='ltr'><strong>pro</strong></span> <span class='ocrx_word' id='word_1_931' title='bbox 1669 2289 1725 2313; x_wconf 91' lang='lat' dir='ltr'><strong>me</strong></span> <span class='ocrx_word' id='word_1_932' title='bbox 1749 2278 1955 2313; x_wconf 86' lang='lat' dir='ltr'><strong>solvebatur</strong></span> <span class='ocrx_word' id='word_1_933' title='bbox 1987 2276 2178 2321; x_wconf 88' lang='lat' dir='ltr'><strong>acceperit.</strong></span> <span class='ocrx_word' id='word_1_934' title='bbox 2216 2278 2251 2310; x_wconf 92' lang='lat' dir='ltr'><strong>et</strong></span> <span class='ocrx_word' id='word_1_935' title='bbox 2284 2275 2352 2310; x_wconf 91' lang='lat' dir='ltr'><strong>hoc</strong></span> 
     </span>
     <span class='ocr_line' id='line_1_126' title="bbox 1259 2320 2353 2369; baseline -0.005 -10"><span class='ocrx_word' id='word_1_936' title='bbox 1259 2324 1374 2359; x_wconf 89' lang='lat' dir='ltr'><strong>verius</strong></span> <span class='ocrx_word' id='word_1_937' title='bbox 1407 2327 1479 2366; x_wconf 92' lang='lat' dir='ltr'><strong>est,</strong></span> <span class='ocrx_word' id='word_1_938' title='bbox 1514 2324 1680 2369; x_wconf 92' lang='lat' dir='ltr'><strong>quoniam</strong></span> <span class='ocrx_word' id='word_1_939' title='bbox 1713 2323 1876 2368; x_wconf 85' lang='lat' dir='ltr'><strong>quotiens</strong></span> <span class='ocrx_word' id='word_1_940' title='bbox 1909 2332 1993 2357; x_wconf 89' lang='lat' dir='ltr'><strong>suos</strong></span> <span class='ocrx_word' id='word_1_941' title='bbox 2027 2331 2189 2356; x_wconf 91' lang='lat' dir='ltr'><strong>nummos</strong></span> <span class='ocrx_word' id='word_1_942' title='bbox 2222 2320 2353 2365; x_wconf 87' lang='lat' dir='ltr'><strong>accipit</strong></span> 
     </span>
     <span class='ocr_line' id='line_1_127' title="bbox 1259 2365 2347 2417; baseline -0.005 -13"><span class='ocrx_word' id='word_1_943' title='bbox 1259 2372 1279 2404; x_wconf 83' lang='lat'>9</span> <span class='ocrx_word' id='word_1_944' title='bbox 1328 2369 1500 2412; x_wconf 88' lang='lat' dir='ltr'><strong>creditor,</strong></span> <span class='ocrx_word' id='word_1_945' title='bbox 1534 2380 1606 2404; x_wconf 91' lang='lat' dir='ltr'><strong>non</strong></span> <span class='ocrx_word' id='word_1_946' title='bbox 1641 2368 1813 2412; x_wconf 87' lang='lat' dir='ltr'><strong>contingit</strong></span> <span class='ocrx_word' id='word_1_947' title='bbox 1836 2367 2002 2403; x_wconf 90' lang='lat' dir='ltr'><strong>liberatio</strong></span> <span class='ocrx_word' id='word_1_948' title='bbox 2028 2366 2189 2402; x_wconf 90' lang='lat' dir='ltr'><strong>debitori.</strong></span> <span class='ocrx_word' id='word_1_949' title='bbox 2239 2365 2347 2417; x_wconf 79' lang='lat' dir='ltr'><strong>Fugi-</strong></span> 
     </span>
     <span class='ocr_line' id='line_1_128' title="bbox 1258 2410 2350 2459; baseline -0.004 -11"><span class='ocrx_word' id='word_1_950' title='bbox 1258 2414 1351 2450; x_wconf 90' lang='lat' dir='ltr'><strong>tivus</strong></span> <span class='ocrx_word' id='word_1_951' title='bbox 1377 2425 1475 2449; x_wconf 90' lang='lat' dir='ltr'><strong>meus</strong></span> <span class='ocrx_word' id='word_1_952' title='bbox 1502 2425 1582 2449; x_wconf 91' lang='lat' dir='ltr'><strong>cum</strong></span> <span class='ocrx_word' id='word_1_953' title='bbox 1607 2414 1704 2459; x_wconf 90' lang='lat' dir='ltr'><strong>apud</strong></span> <span class='ocrx_word' id='word_1_954' title='bbox 1727 2413 1844 2448; x_wconf 87' lang='lat' dir='ltr'><strong>furem</strong></span> <span class='ocrx_word' id='word_1_955' title='bbox 1868 2416 1979 2455; x_wconf 90' lang='lat' dir='ltr'><strong>esset,</strong></span> <span class='ocrx_word' id='word_1_956' title='bbox 2011 2411 2200 2457; x_wconf 88' lang='lat' dir='ltr'><strong>pecuniam</strong></span> <span class='ocrx_word' id='word_1_957' title='bbox 2225 2410 2350 2455; x_wconf 75' lang='lat' dir='ltr'><strong>adqui-</strong></span> 
     </span>
     <span class='ocr_line' id='line_1_129' title="bbox 1259 2455 2351 2504; baseline -0.005 -9"><span class='ocrx_word' id='word_1_958' title='bbox 1259 2460 1318 2495; x_wconf 90' lang='lat' dir='ltr'><strong>siit</strong></span> <span class='ocrx_word' id='word_1_959' title='bbox 1349 2464 1384 2495; x_wconf 92' lang='lat' dir='ltr'><strong>et</strong></span> <span class='ocrx_word' id='word_1_960' title='bbox 1417 2471 1459 2495; x_wconf 89' lang='lat' dir='ltr'><strong>ex</strong></span> <span class='ocrx_word' id='word_1_961' title='bbox 1484 2470 1526 2494; x_wconf 90' lang='lat' dir='ltr'><strong>ea</strong></span> <span class='ocrx_word' id='word_1_962' title='bbox 1551 2470 1671 2495; x_wconf 89' lang='lat' dir='ltr'><strong>servos</strong></span> <span class='ocrx_word' id='word_1_963' title='bbox 1695 2459 1834 2504; x_wconf 88' lang='lat' dir='ltr'><strong>paravit</strong></span> <span class='ocrx_word' id='word_1_964' title='bbox 1858 2468 1989 2503; x_wconf 90' lang='lat' dir='ltr'><strong>eosque</strong></span> <span class='ocrx_word' id='word_1_965' title='bbox 2014 2457 2129 2492; x_wconf 90' lang='lat' dir='ltr'><strong>Titius</strong></span> <span class='ocrx_word' id='word_1_966' title='bbox 2154 2467 2218 2501; x_wconf 90' lang='lat' dir='ltr'><strong>per</strong></span> <span class='ocrx_word' id='word_1_967' title='bbox 2241 2455 2351 2490; x_wconf 89' lang='lat' dir='ltr'><strong>tradi-</strong></span> 
     </span>
     <span class='ocr_line' id='line_1_130' title="bbox 1257 2500 2353 2548; baseline -0.005 -8"><span class='ocrx_word' id='word_1_968' title='bbox 1257 2506 1391 2540; x_wconf 90' lang='lat' dir='ltr'><strong>tionem</strong></span> <span class='ocrx_word' id='word_1_969' title='bbox 1416 2516 1437 2540; x_wconf 89' lang='lat' dir='ltr'><strong>a</strong></span> <span class='ocrx_word' id='word_1_970' title='bbox 1456 2505 1639 2540; x_wconf 88' lang='lat' dir='ltr'><strong>venditore</strong></span> <span class='ocrx_word' id='word_1_971' title='bbox 1658 2504 1807 2548; x_wconf 88' lang='lat' dir='ltr'><strong>accepit.</strong></span> <span class='ocrx_word' id='word_1_972' title='bbox 1845 2503 1942 2538; x_wconf 87' lang='lat' dir='ltr'><strong>Mela</strong></span> <span class='ocrx_word' id='word_1_973' title='bbox 1961 2503 2012 2538; x_wconf 90' lang='lat' dir='ltr'><strong>ait</strong></span> <span class='ocrx_word' id='word_1_974' title='bbox 2030 2502 2190 2537; x_wconf 89' lang='lat' dir='ltr'><strong>mandati</strong></span> <span class='ocrx_word' id='word_1_975' title='bbox 2210 2500 2353 2536; x_wconf 89' lang='lat' dir='ltr'><strong>actione</strong></span> 
     </span>
     <span class='ocr_line' id='line_1_131' title="bbox 1258 2546 2350 2592; baseline -0.005 -6"><span class='ocrx_word' id='word_1_976' title='bbox 1258 2561 1313 2585; x_wconf 91' lang='lat' dir='ltr'><strong>me</strong></span> <span class='ocrx_word' id='word_1_977' title='bbox 1334 2553 1619 2592; x_wconf 90' lang='lat' dir='ltr'><strong>consecuturum,</strong></span> <span class='ocrx_word' id='word_1_978' title='bbox 1644 2553 1685 2585; x_wconf 89' lang='lat' dir='ltr'><strong>ut</strong></span> <span class='ocrx_word' id='word_1_979' title='bbox 1704 2549 1871 2584; x_wconf 89' lang='lat' dir='ltr'><strong>restituat</strong></span> <span class='ocrx_word' id='word_1_980' title='bbox 1891 2548 1976 2582; x_wconf 85' lang='lat' dir='ltr'><strong>mihi</strong></span> <span class='ocrx_word' id='word_1_981' title='bbox 1996 2547 2111 2582; x_wconf 87' lang='lat' dir='ltr'><strong>Titius</strong></span> <span class='ocrx_word' id='word_1_982' title='bbox 2122 2548 2146 2589; x_wconf 78' lang='lat'><strong>â¶,</strong></span> <span class='ocrx_word' id='word_1_983' title='bbox 2172 2546 2256 2591; x_wconf 85' lang='lat' dir='ltr'><strong>quia</strong></span> <span class='ocrx_word' id='word_1_984' title='bbox 2277 2556 2350 2581; x_wconf 87' lang='lat' dir='ltr'><strong>ser-</strong></span> 
     </span>
     <span class='ocr_line' id='line_1_132' title="bbox 1257 2590 2350 2635; baseline -0.005 -4"><span class='ocrx_word' id='word_1_985' title='bbox 1257 2607 1321 2631; x_wconf 90' lang='lat' dir='ltr'><strong>vus</strong></span> <span class='ocrx_word' id='word_1_986' title='bbox 1347 2606 1447 2631; x_wconf 90' lang='lat' dir='ltr'><strong>meus</strong></span> <span class='ocrx_word' id='word_1_987' title='bbox 1471 2595 1660 2630; x_wconf 89' lang='lat' dir='ltr'><strong>mandasse</strong></span> <span class='ocrx_word' id='word_1_988' title='bbox 1685 2594 1779 2629; x_wconf 89' lang='lat' dir='ltr'><strong>Titio</strong></span> <span class='ocrx_word' id='word_1_989' title='bbox 1805 2594 2008 2635; x_wconf 90' lang='lat' dir='ltr'><strong>videbatur,</strong></span> <span class='ocrx_word' id='word_1_990' title='bbox 2034 2597 2075 2627; x_wconf 92' lang='lat' dir='ltr'><strong>ut</strong></span> <span class='ocrx_word' id='word_1_991' title='bbox 2124 2602 2163 2627; x_wconf 93' lang='lat' dir='ltr'><strong>er</strong></span> <span class='ocrx_word' id='word_1_992' title='bbox 2188 2590 2350 2626; x_wconf 89' lang='lat' dir='ltr'><strong>traditio-</strong></span> 
     </span>
     <span class='ocr_line' id='line_1_133' title="bbox 1258 2636 2347 2685; baseline -0.006 -9"><span class='ocrx_word' id='word_1_993' title='bbox 1258 2652 1338 2676; x_wconf 89' lang='lat' dir='ltr'><strong>nem</strong></span> <span class='ocrx_word' id='word_1_994' title='bbox 1374 2641 1564 2685; x_wconf 87' lang='lat' dir='ltr'><strong>acciperet,</strong></span> <span class='ocrx_word' id='word_1_995' title='bbox 1602 2640 1631 2675; x_wconf 91' lang='lat' dir='ltr'><strong>si</strong></span> <span class='ocrx_word' id='word_1_996' title='bbox 1668 2639 1772 2674; x_wconf 90' lang='lat' dir='ltr'><strong>modo</strong></span> <span class='ocrx_word' id='word_1_997' title='bbox 1809 2642 1934 2683; x_wconf 82' lang='lat' dir='ltr'><strong>rogatu</strong></span> <span class='ocrx_word' id='word_1_998' title='bbox 1971 2637 2062 2673; x_wconf 89' lang='lat' dir='ltr'><strong>servi</strong></span> <span class='ocrx_word' id='word_1_999' title='bbox 2123 2647 2166 2672; x_wconf 92' lang='grc'><strong>00</strong></span> <span class='ocrx_word' id='word_1_1000' title='bbox 2201 2636 2347 2671; x_wconf 87' lang='lat' dir='ltr'><strong>fecerit:</strong></span> 
     </span>
     <span class='ocr_line' id='line_1_134' title="bbox 1258 2681 2350 2732; baseline -0.006 -10"><span class='ocrx_word' id='word_1_1001' title='bbox 1258 2687 1353 2732; x_wconf 92' lang='lat' dir='ltr'><strong>quod</strong></span> <span class='ocrx_word' id='word_1_1002' title='bbox 1379 2687 1408 2721; x_wconf 90' lang='lat' dir='ltr'><strong>si</strong></span> <span class='ocrx_word' id='word_1_1003' title='bbox 1433 2687 1508 2721; x_wconf 89' lang='lat' dir='ltr'><strong>sine</strong></span> <span class='ocrx_word' id='word_1_1004' title='bbox 1532 2686 1715 2721; x_wconf 91' lang='lat' dir='ltr'><strong>voluntate</strong></span> <span class='ocrx_word' id='word_1_1005' title='bbox 1740 2685 1814 2719; x_wconf 89' lang='lat' dir='ltr'><strong>eius</strong></span> <span class='ocrx_word' id='word_1_1006' title='bbox 1838 2684 2000 2719; x_wconf 87' lang='lat' dir='ltr'><strong>venditor</strong></span> <span class='ocrx_word' id='word_1_1007' title='bbox 2024 2682 2118 2717; x_wconf 86' lang='lat' dir='ltr'><strong>Titio</strong></span> <span class='ocrx_word' id='word_1_1008' title='bbox 2151 2681 2350 2723; x_wconf 89' lang='lat' dir='ltr'><strong>tradiderit,</strong></span> 
     </span>
     <span class='ocr_line' id='line_1_135' title="bbox 1257 2727 2351 2776; baseline -0.005 -9"><span class='ocrx_word' id='word_1_1009' title='bbox 1257 2736 1344 2767; x_wconf 90' lang='lat' dir='ltr'><strong>tunc</strong></span> <span class='ocrx_word' id='word_1_1010' title='bbox 1368 2742 1474 2776; x_wconf 89' lang='lat' dir='ltr'><strong>posse</strong></span> <span class='ocrx_word' id='word_1_1011' title='bbox 1498 2742 1554 2766; x_wconf 91' lang='lat' dir='ltr'><strong>me</strong></span> <span class='ocrx_word' id='word_1_1012' title='bbox 1579 2741 1622 2766; x_wconf 87' lang='lat' dir='ltr'><strong>ex</strong></span> <span class='ocrx_word' id='word_1_1013' title='bbox 1647 2734 1764 2774; x_wconf 90' lang='lat' dir='ltr'><strong>empto</strong></span> <span class='ocrx_word' id='word_1_1014' title='bbox 1790 2740 1903 2774; x_wconf 86' lang='lat' dir='ltr'><strong>agere,</strong></span> <span class='ocrx_word' id='word_1_1015' title='bbox 1930 2732 1970 2763; x_wconf 91' lang='lat' dir='ltr'><strong>ut</strong></span> <span class='ocrx_word' id='word_1_1016' title='bbox 1993 2728 2078 2763; x_wconf 91' lang='lat' dir='ltr'><strong>mihi</strong></span> <span class='ocrx_word' id='word_1_1017' title='bbox 2103 2738 2164 2763; x_wconf 90' lang='lat' dir='ltr'><strong>eos</strong></span> <span class='ocrx_word' id='word_1_1018' title='bbox 2189 2727 2351 2762; x_wconf 90' lang='lat' dir='ltr'><strong>venditor</strong></span> 
     </span>
     <span class='ocr_line' id='line_1_136' title="bbox 1257 2771 2349 2819; baseline -0.006 -7"><span class='ocrx_word' id='word_1_1019' title='bbox 1257 2777 1434 2819; x_wconf 87' lang='lat' dir='ltr'><strong>traderet,</strong></span> <span class='ocrx_word' id='word_1_1020' title='bbox 1479 2776 1766 2819; x_wconf 88' lang='lat' dir='ltr'><strong>venditoremque</strong></span> <span class='ocrx_word' id='word_1_1021' title='bbox 1800 2785 1864 2819; x_wconf 89' lang='lat' dir='ltr'><strong>per</strong></span> <span class='ocrx_word' id='word_1_1022' title='bbox 1901 2773 2160 2809; x_wconf 90' lang='lat' dir='ltr'><strong>condictionem</strong></span> <span class='ocrx_word' id='word_1_1023' title='bbox 2198 2783 2219 2807; x_wconf 88' lang='lat' dir='ltr'><strong>a</strong></span> <span class='ocrx_word' id='word_1_1024' title='bbox 2255 2771 2349 2806; x_wconf 92' lang='lat' dir='ltr'><strong>Titio</strong></span> 
     </span>
     <span class='ocr_line' id='line_1_137' title="bbox 1256 2817 2349 2867; baseline -0.005 -10"><span class='ocrx_word' id='word_1_1025' title='bbox 1256 2823 1508 2867; x_wconf 84' lang='lat' dir='ltr'><strong>repetiturum,</strong></span> <span class='ocrx_word' id='word_1_1026' title='bbox 1542 2821 1571 2856; x_wconf 91' lang='lat' dir='ltr'><strong>si</strong></span> <span class='ocrx_word' id='word_1_1027' title='bbox 1603 2831 1723 2856; x_wconf 89' lang='lat' dir='ltr'><strong>servos</strong></span> <span class='ocrx_word' id='word_1_1028' title='bbox 1749 2819 1935 2854; x_wconf 90' lang='lat' dir='ltr'><strong>tradiderit</strong></span> <span class='ocrx_word' id='word_1_1029' title='bbox 1959 2819 2053 2854; x_wconf 88' lang='lat' dir='ltr'><strong>Titio</strong></span> <span class='ocrx_word' id='word_1_1030' title='bbox 2079 2829 2167 2863; x_wconf 88' lang='lat' dir='ltr'><strong>quos</strong></span> <span class='ocrx_word' id='word_1_1031' title='bbox 2193 2828 2265 2853; x_wconf 91' lang='lat' dir='ltr'><strong>non</strong></span> <span class='ocrx_word' id='word_1_1032' title='bbox 2290 2817 2349 2851; x_wconf 89' lang='lat' dir='ltr'><strong>de-</strong></span> 
     </span>
     <span class='ocr_line' id='line_1_138' title="bbox 1261 2863 2348 2909; baseline -0.006 -7"><span class='ocrx_word' id='word_1_1033' title='bbox 1261 2871 1300 2902; x_wconf 85' lang='grc'><strong>10</strong></span> <span class='ocrx_word' id='word_1_1034' title='bbox 1348 2867 1482 2909; x_wconf 83' lang='lat' dir='ltr'><strong>buerit,</strong></span> <span class='ocrx_word' id='word_1_1035' title='bbox 1518 2877 1598 2901; x_wconf 91' lang='lat' dir='ltr'><strong>cum</strong></span> <span class='ocrx_word' id='word_1_1036' title='bbox 1631 2865 1758 2900; x_wconf 90' lang='lat' dir='ltr'><strong>debere</strong></span> <span class='ocrx_word' id='word_1_1037' title='bbox 1793 2875 1831 2899; x_wconf 91' lang='lat' dir='ltr'><strong>se</strong></span> <span class='ocrx_word' id='word_1_1038' title='bbox 1856 2864 2084 2900; x_wconf 86' lang='lat' dir='ltr'><strong>existimaret.</strong></span> <span class='ocrx_word' id='word_1_1039' title='bbox 2133 2863 2170 2898; x_wconf 83' lang='lat' dir='ltr'><strong>Si</strong></span> <span class='ocrx_word' id='word_1_1040' title='bbox 2203 2866 2348 2898; x_wconf 86' lang='lat' dir='ltr'><strong>curator</strong></span> 
     </span>
     <span class='ocr_line' id='line_1_139' title="bbox 1256 2908 2348 2955; baseline -0.005 -8"><span class='ocrx_word' id='word_1_1041' title='bbox 1256 2914 1431 2948; x_wconf 92' lang='lat' dir='ltr'><strong>bonorum</strong></span> <span class='ocrx_word' id='word_1_1042' title='bbox 1456 2911 1692 2946; x_wconf 91' lang='lat' dir='ltr'><strong>venditionem</strong></span> <span class='ocrx_word' id='word_1_1043' title='bbox 1718 2910 1857 2955; x_wconf 89' lang='lat' dir='ltr'><strong>quidem</strong></span> <span class='ocrx_word' id='word_1_1044' title='bbox 1889 2909 2030 2952; x_wconf 88' lang='lat' dir='ltr'><strong>fecerit,</strong></span> <span class='ocrx_word' id='word_1_1045' title='bbox 2063 2908 2251 2954; x_wconf 89' lang='lat' dir='ltr'><strong>pecuniam</strong></span> <span class='ocrx_word' id='word_1_1046' title='bbox 2285 2917 2348 2941; x_wconf 85' lang='lat' dir='ltr'><strong>au-</strong></span> 
     </span>
     <span class='ocr_line' id='line_1_140' title="bbox 1256 2952 2348 2997; baseline -0.005 -5"><span class='ocrx_word' id='word_1_1047' title='bbox 1256 2962 1327 2993; x_wconf 90' lang='lat' dir='ltr'><strong>tem</strong></span> <span class='ocrx_word' id='word_1_1048' title='bbox 1353 2957 1588 2992; x_wconf 89' lang='lat' dir='ltr'><strong>creditoribus</strong></span> <span class='ocrx_word' id='word_1_1049' title='bbox 1621 2966 1692 2990; x_wconf 89' lang='lat' dir='ltr'><strong>non</strong></span> <span class='ocrx_word' id='word_1_1050' title='bbox 1727 2955 1886 2997; x_wconf 87' lang='lat' dir='ltr'><strong>solverit,</strong></span> <span class='ocrx_word' id='word_1_1051' title='bbox 1913 2954 2103 2990; x_wconf 87' lang='lat' dir='ltr'><strong>Trebatius</strong></span> <span class='ocrx_word' id='word_1_1052' title='bbox 2129 2953 2252 2989; x_wconf 87' lang='lat' dir='ltr'><strong>Ofilius</strong></span> <span class='ocrx_word' id='word_1_1053' title='bbox 2278 2952 2348 2986; x_wconf 88' lang='lat' dir='ltr'><strong>La-</strong></span> 
     </span>
     <span class='ocr_line' id='line_1_141' title="bbox 1256 2999 2347 3052; baseline -0.005 -14"><span class='ocrx_word' id='word_1_1054' title='bbox 1256 3004 1323 3038; x_wconf 91' lang='lat' dir='ltr'><strong>beo</strong></span> <span class='ocrx_word' id='word_1_1055' title='bbox 1348 3001 1609 3046; x_wconf 81' lang='lat' dir='ltr'><strong>responderunt</strong></span> <span class='ocrx_word' id='word_1_1056' title='bbox 1633 3001 1687 3035; x_wconf 89' lang='lat' dir='ltr'><strong>his</strong></span> <span class='ocrx_word' id='word_1_1057' title='bbox 1713 3001 1772 3045; x_wconf 89' lang='lat' dir='ltr'><strong>qui</strong></span> <span class='ocrx_word' id='word_1_1058' title='bbox 1796 3004 2003 3052; x_wconf 86' lang='lat' dir='ltr'><strong>praesentes</strong></span> <span class='ocrx_word' id='word_1_1059' title='bbox 2027 2999 2172 3034; x_wconf 89' lang='lat' dir='ltr'><strong>fuerunt</strong></span> <span class='ocrx_word' id='word_1_1060' title='bbox 2208 3007 2347 3048; x_wconf 52' lang='lat' dir='ltr'><strong>compe:</strong></span> 
     </span>
     <span class='ocr_line' id='line_1_142' title="bbox 1257 3044 2348 3088; baseline -0.005 -6"><span class='ocrx_word' id='word_1_1061' title='bbox 1257 3052 1332 3083; x_wconf 91' lang='lat' dir='ltr'><strong>tere</strong></span> <span class='ocrx_word' id='word_1_1062' title='bbox 1356 3048 1526 3082; x_wconf 87' lang='lat' dir='ltr'><strong>adversus</strong></span> <span class='ocrx_word' id='word_1_1063' title='bbox 1552 3057 1631 3081; x_wconf 89' lang='grc'><strong>011111</strong></span> <span class='ocrx_word' id='word_1_1064' title='bbox 1655 3045 1813 3080; x_wconf 82' lang='lat' dir='ltr'><strong>mandatl</strong></span> <span class='ocrx_word' id='word_1_1065' title='bbox 1838 3045 2032 3088; x_wconf 81' lang='lat' dir='ltr'><strong>actionem,</strong></span> <span class='ocrx_word' id='word_1_1066' title='bbox 2065 3044 2120 3079; x_wconf 91' lang='lat' dir='ltr'><strong>his</strong></span> <span class='ocrx_word' id='word_1_1067' title='bbox 2145 3047 2264 3078; x_wconf 82' lang='lat' dir='ltr'><strong>autem</strong></span> <span class='ocrx_word' id='word_1_1068' title='bbox 2289 3053 2348 3086; x_wconf 82' lang='lat' dir='ltr'><strong>qul</strong></span> 
     </span>
     <span class='ocr_line' id='line_1_143' title="bbox 1258 3090 2345 3135; baseline -0.006 -7"><span class='ocrx_word' id='word_1_1069' title='bbox 1258 3094 1423 3128; x_wconf 88' lang='lat' dir='ltr'><strong>absentes</strong></span> <span class='ocrx_word' id='word_1_1070' title='bbox 1448 3091 1594 3127; x_wconf 90' lang='lat' dir='ltr'><strong>fuerunt</strong></span> <span class='ocrx_word' id='word_1_1071' title='bbox 1617 3091 1839 3135; x_wconf 85' lang='lat' dir='ltr'><strong>negotiorum</strong></span> <span class='ocrx_word' id='word_1_1072' title='bbox 1862 3095 2042 3135; x_wconf 88' lang='lat' dir='ltr'><strong>gestorum</strong></span> <span class='ocrx_word' id='word_1_1073' title='bbox 2064 3090 2238 3124; x_wconf 87' lang='lat' dir='ltr'><strong>actionem</strong></span> <span class='ocrx_word' id='word_1_1074' title='bbox 2258 3097 2345 3122; x_wconf 90' lang='lat' dir='ltr'><strong>esse.</strong></span> 
     </span>
     <span class='ocr_line' id='line_1_144' title="bbox 1258 3132 2346 3183; baseline -0.006 -11"><span class='ocrx_word' id='word_1_1075' title='bbox 1258 3139 1380 3183; x_wconf 89' lang='lat' dir='ltr'><strong>atquin</strong></span> <span class='ocrx_word' id='word_1_1076' title='bbox 1411 3138 1442 3172; x_wconf 90' lang='lat' dir='ltr'><strong>si</strong></span> <span class='ocrx_word' id='word_1_1077' title='bbox 1472 3136 1713 3181; x_wconf 89' lang='lat' dir='ltr'><strong>praesentium</strong></span> <span class='ocrx_word' id='word_1_1078' title='bbox 1745 3136 1952 3171; x_wconf 88' lang='lat' dir='ltr'><strong>mandatum</strong></span> <span class='ocrx_word' id='word_1_1079' title='bbox 1984 3139 2173 3170; x_wconf 85' lang='lat' dir='ltr'><strong>exsecutus</strong></span> <span class='ocrx_word' id='word_1_1080' title='bbox 2207 3133 2242 3167; x_wconf 93' lang='lat' dir='ltr'><strong>id</strong></span> <span class='ocrx_word' id='word_1_1081' title='bbox 2267 3132 2346 3183; x_wconf 74' lang='lat' dir='ltr'><strong>egit,</strong></span> 
     </span>
     <span class='ocr_line' id='line_1_145' title="bbox 1258 3181 2348 3228; baseline -0.006 -11"><span class='ocrx_word' id='word_1_1082' title='bbox 1258 3183 1479 3228; x_wconf 88' lang='lat' dir='ltr'><strong>negotiorum</strong></span> <span class='ocrx_word' id='word_1_1083' title='bbox 1512 3186 1691 3226; x_wconf 88' lang='lat' dir='ltr'><strong>gestorum</strong></span> <span class='ocrx_word' id='word_1_1084' title='bbox 1724 3181 1817 3216; x_wconf 90' lang='lat' dir='ltr'><strong>actio</strong></span> <span class='ocrx_word' id='word_1_1085' title='bbox 1851 3181 2060 3216; x_wconf 87' lang='lat' dir='ltr'><strong>absentibus</strong></span> <span class='ocrx_word' id='word_1_1086' title='bbox 2092 3191 2163 3214; x_wconf 90' lang='lat' dir='ltr'><strong>non</strong></span> <span class='ocrx_word' id='word_1_1087' title='bbox 2196 3181 2249 3213; x_wconf 88' lang='lat' dir='ltr'><strong>est</strong></span> <span class='ocrx_word' id='word_1_1088' title='bbox 2281 3187 2348 3211; x_wconf 82' lang='lat' dir='ltr'><strong>msi</strong></span> 
     </span>
     <span class='ocr_line' id='line_1_146' title="bbox 1258 3225 2345 3271; baseline -0.006 -9"><span class='ocrx_word' id='word_1_1089' title='bbox 1258 3229 1351 3264; x_wconf 89' lang='lat' dir='ltr'><strong>forte</strong></span> <span class='ocrx_word' id='word_1_1090' title='bbox 1375 3228 1544 3262; x_wconf 89' lang='lat' dir='ltr'><strong>adversus</strong></span> <span class='ocrx_word' id='word_1_1091' title='bbox 1571 3237 1631 3261; x_wconf 91' lang='lat' dir='ltr'><strong>eos</strong></span> <span class='ocrx_word' id='word_1_1092' title='bbox 1664 3227 1725 3271; x_wconf 89' lang='lat' dir='ltr'><strong>qui</strong></span> <span class='ocrx_word' id='word_1_1093' title='bbox 1756 3227 2015 3261; x_wconf 86' lang='lat' dir='ltr'><strong>mandaverunt</strong></span> <span class='ocrx_word' id='word_1_1094' title='bbox 2048 3225 2223 3264; x_wconf 88' lang='lat' dir='ltr'><strong>curatori,</strong></span> <span class='ocrx_word' id='word_1_1095' title='bbox 2257 3226 2345 3255; x_wconf 88' lang='lat' dir='ltr'><strong>tam-</strong></span> 
     </span>
     <span class='ocr_line' id='line_1_147' title="bbox 1259 3268 2346 3318; baseline -0.009 -10"><span class='ocrx_word' id='word_1_1096' title='bbox 1259 3284 1365 3318; x_wconf 89' lang='lat' dir='ltr'><strong>quam</strong></span> <span class='ocrx_word' id='word_1_1097' title='bbox 1390 3273 1420 3307; x_wconf 92' lang='lat' dir='ltr'><strong>si</strong></span> <span class='ocrx_word' id='word_1_1098' title='bbox 1444 3271 1586 3316; x_wconf 86' lang='lat' dir='ltr'><strong>negotia</strong></span> <span class='ocrx_word' id='word_1_1099' title='bbox 1611 3271 1810 3307; x_wconf 88' lang='lat' dir='ltr'><strong>absentium</strong></span> <span class='ocrx_word' id='word_1_1100' title='bbox 1833 3272 2025 3317; x_wconf 87' lang='lat' dir='ltr'><strong>gesserint:</strong></span> <span class='ocrx_word' id='word_1_1101' title='bbox 2060 3269 2153 3314; x_wconf 89' lang='lat' dir='ltr'><strong>quod</strong></span> <span class='ocrx_word' id='word_1_1102' title='bbox 2185 3268 2233 3308; x_wconf 90' lang='lat' dir='ltr'><strong>si,</strong></span> <span class='ocrx_word' id='word_1_1103' title='bbox 2267 3276 2346 3300; x_wconf 90' lang='lat' dir='ltr'><strong>cum</strong></span> 
     </span>
     <span class='ocr_line' id='line_1_148' title="bbox 1259 3310 2345 3361; baseline -0.007 -9"><span class='ocrx_word' id='word_1_1104' title='bbox 1259 3319 1325 3354; x_wconf 92' lang='lat' dir='ltr'><strong>soli</strong></span> <span class='ocrx_word' id='word_1_1105' title='bbox 1369 3317 1561 3353; x_wconf 87' lang='lat' dir='ltr'><strong>creditores</strong></span> <span class='ocrx_word' id='word_1_1106' title='bbox 1607 3327 1645 3351; x_wconf 90' lang='lat' dir='ltr'><strong>se</strong></span> <span class='ocrx_word' id='word_1_1107' title='bbox 1691 3327 1768 3352; x_wconf 90' lang='lat' dir='ltr'><strong>esse</strong></span> <span class='ocrx_word' id='word_1_1108' title='bbox 1812 3317 2074 3356; x_wconf 88' lang='lat' dir='ltr'><strong>existimarent,</strong></span> <span class='ocrx_word' id='word_1_1109' title='bbox 2118 3313 2155 3348; x_wconf 91' lang='lat' dir='ltr'><strong>id</strong></span> <span class='ocrx_word' id='word_1_1110' title='bbox 2199 3310 2345 3361; x_wconf 80' lang='lat' dir='ltr'><strong>manda-</strong></span> 
     </span>
     <span class='ocr_line' id='line_1_149' title="bbox 1259 3358 2345 3404; baseline -0.009 -6"><span class='ocrx_word' id='word_1_1111' title='bbox 1259 3364 1393 3404; x_wconf 90' lang='lat' dir='ltr'><strong>verint,</strong></span> <span class='ocrx_word' id='word_1_1112' title='bbox 1431 3362 1468 3396; x_wconf 90' lang='lat' dir='ltr'><strong>in</strong></span> <span class='ocrx_word' id='word_1_1113' title='bbox 1507 3362 1644 3396; x_wconf 88' lang='lat' dir='ltr'><strong>factum</strong></span> <span class='ocrx_word' id='word_1_1114' title='bbox 1685 3362 1779 3397; x_wconf 84' lang='lat' dir='ltr'><strong>actio</strong></span> <span class='ocrx_word' id='word_1_1115' title='bbox 1823 3362 2031 3397; x_wconf 85' lang='lat' dir='ltr'><strong>absentibus</strong></span> <span class='ocrx_word' id='word_1_1116' title='bbox 2069 3358 2186 3393; x_wconf 88' lang='lat' dir='ltr'><strong>danda</strong></span> <span class='ocrx_word' id='word_1_1117' title='bbox 2221 3359 2275 3390; x_wconf 89' lang='lat' dir='ltr'><strong>est</strong></span> <span class='ocrx_word' id='word_1_1118' title='bbox 2309 3365 2345 3388; x_wconf 87' lang='lat' dir='ltr'><strong>m</strong></span> 
     </span>
     <span class='ocr_line' id='line_1_150' title="bbox 1263 3402 2346 3451; baseline -0.009 -9"><span class='ocrx_word' id='word_1_1119' title='bbox 1263 3412 1299 3442; x_wconf 89' lang='lat'><strong>11</strong></span> <span class='ocrx_word' id='word_1_1120' title='bbox 1351 3418 1411 3442; x_wconf 89' lang='lat' dir='ltr'><strong>eos</strong></span> <span class='ocrx_word' id='word_1_1121' title='bbox 1444 3407 1504 3451; x_wconf 87' lang='lat' dir='ltr'><strong>qui</strong></span> <span class='ocrx_word' id='word_1_1122' title='bbox 1536 3406 1791 3442; x_wconf 89' lang='lat' dir='ltr'><strong>mandaverint.</strong></span> <span class='ocrx_word' id='word_1_1123' title='bbox 1841 3407 1943 3442; x_wconf 89' lang='lat' dir='ltr'><strong>Sicut</strong></span> <span class='ocrx_word' id='word_1_1124' title='bbox 1975 3409 2092 3440; x_wconf 89' lang='lat' dir='ltr'><strong>autem</strong></span> <span class='ocrx_word' id='word_1_1125' title='bbox 2117 3403 2264 3437; x_wconf 87' lang='lat' dir='ltr'><strong>liberum</strong></span> <span class='ocrx_word' id='word_1_1126' title='bbox 2290 3402 2346 3434; x_wconf 89' lang='lat' dir='ltr'><strong>est</strong></span> 
     </span>
     <span class='ocr_line' id='line_1_151' title="bbox 1260 3452 2343 3498; baseline -0.009 -11"><span class='ocrx_word' id='word_1_1127' title='bbox 1260 3453 1467 3487; x_wconf 90' lang='lat' dir='ltr'><strong>mandatum</strong></span> <span class='ocrx_word' id='word_1_1128' title='bbox 1504 3463 1575 3487; x_wconf 90' lang='lat' dir='ltr'><strong>non</strong></span> <span class='ocrx_word' id='word_1_1129' title='bbox 1610 3452 1811 3497; x_wconf 88' lang='lat' dir='ltr'><strong>suscipere,</strong></span> <span class='ocrx_word' id='word_1_1130' title='bbox 1854 3452 1905 3486; x_wconf 86' lang='lat' dir='ltr'><strong>ita</strong></span> <span class='ocrx_word' id='word_1_1131' title='bbox 1941 3453 2145 3498; x_wconf 84' lang='lat' dir='ltr'><strong>susceptum</strong></span> <span class='ocrx_word' id='word_1_1132' title='bbox 2178 3454 2343 3497; x_wconf 82' lang='lat' dir='ltr'><strong>consum-</strong></span> 
     </span>
     <span class='ocr_line' id='line_1_152' title="bbox 1259 3492 2342 3542; baseline -0.01 -10"><span class='ocrx_word' id='word_1_1133' title='bbox 1259 3498 1348 3532; x_wconf 88' lang='lat' dir='ltr'><strong>mari</strong></span> <span class='ocrx_word' id='word_1_1134' title='bbox 1373 3500 1532 3542; x_wconf 82' lang='lat' dir='ltr'><strong>oportet,</strong></span> <span class='ocrx_word' id='word_1_1135' title='bbox 1566 3497 1633 3532; x_wconf 89' lang='lat' dir='ltr'><strong>nisi</strong></span> <span class='ocrx_word' id='word_1_1136' title='bbox 1656 3497 1897 3532; x_wconf 88' lang='lat' dir='ltr'><strong>renuntiatum</strong></span> <span class='ocrx_word' id='word_1_1137' title='bbox 1922 3496 1967 3530; x_wconf 91' lang='lat' dir='ltr'><strong>sit</strong></span> <span class='ocrx_word' id='word_1_1138' title='bbox 1993 3497 2198 3534; x_wconf 79' lang='lat' dir='ltr'><strong>(renuntiari</strong></span> <span class='ocrx_word' id='word_1_1139' title='bbox 2223 3492 2342 3524; x_wconf 89' lang='lat' dir='ltr'><strong>autem</strong></span> 
     </span>
     <span class='ocr_line' id='line_1_153' title="bbox 1260 3532 2345 3587; baseline -0.01 -10"><span class='ocrx_word' id='word_1_1140' title='bbox 1260 3544 1311 3578; x_wconf 90' lang='lat' dir='ltr'><strong>ita</strong></span> <span class='ocrx_word' id='word_1_1141' title='bbox 1335 3546 1472 3587; x_wconf 87' lang='lat' dir='ltr'><strong>potest,</strong></span> <span class='ocrx_word' id='word_1_1142' title='bbox 1504 3546 1545 3577; x_wconf 92' lang='lat' dir='ltr'><strong>ut</strong></span> <span class='ocrx_word' id='word_1_1143' title='bbox 1567 3542 1743 3587; x_wconf 88' lang='lat' dir='ltr'><strong>integrum</strong></span> <span class='ocrx_word' id='word_1_1144' title='bbox 1767 3543 1821 3577; x_wconf 92' lang='lat' dir='ltr'><strong>ius</strong></span> <span class='ocrx_word' id='word_1_1145' title='bbox 1846 3539 2046 3576; x_wconf 87' lang='lat' dir='ltr'><strong>mandatori</strong></span> <span class='ocrx_word' id='word_1_1146' title='bbox 2071 3539 2268 3571; x_wconf 88' lang='lat' dir='ltr'><strong>reservetur</strong></span> <span class='ocrx_word' id='word_1_1147' title='bbox 2292 3532 2345 3584; x_wconf 78' lang='lat' dir='ltr'><strong>vel</strong></span> 
     </span>
     <span class='ocr_line' id='line_1_154' title="bbox 1261 3577 2344 3633; baseline -0.01 -10"><span class='ocrx_word' id='word_1_1148' title='bbox 1261 3599 1325 3633; x_wconf 91' lang='lat' dir='ltr'><strong>per</strong></span> <span class='ocrx_word' id='word_1_1149' title='bbox 1355 3598 1393 3623; x_wconf 90' lang='lat' dir='ltr'><strong>se</strong></span> <span class='ocrx_word' id='word_1_1150' title='bbox 1417 3588 1472 3623; x_wconf 89' lang='lat' dir='ltr'><strong>vel</strong></span> <span class='ocrx_word' id='word_1_1151' title='bbox 1495 3598 1559 3632; x_wconf 90' lang='lat' dir='ltr'><strong>per</strong></span> <span class='ocrx_word' id='word_1_1152' title='bbox 1590 3587 1698 3622; x_wconf 89' lang='lat' dir='ltr'><strong>alium</strong></span> <span class='ocrx_word' id='word_1_1153' title='bbox 1730 3587 1877 3622; x_wconf 91' lang='lat' dir='ltr'><strong>eandem</strong></span> <span class='ocrx_word' id='word_1_1154' title='bbox 1910 3596 1984 3620; x_wconf 91' lang='lat' dir='ltr'><strong>rem</strong></span> <span class='ocrx_word' id='word_1_1155' title='bbox 2018 3580 2200 3618; x_wconf 88' lang='lat' dir='ltr'><strong>commode</strong></span> <span class='ocrx_word' id='word_1_1156' title='bbox 2234 3577 2344 3623; x_wconf 84' lang='lat' dir='ltr'><strong>exph-</strong></span> 
     </span>
    </p>
   </div>
   <div class='ocr_carea' id='block_1_7' title="bbox 108 3651 2344 3672">
    <p class='ocr_par' dir='ltr' id='par_1_17' title="bbox 108 3651 2344 3672">
     <span class='ocr_line' id='line_1_155' title="bbox 108 3651 2344 3672; baseline -0.002 -11"><span class='ocrx_word' id='word_1_1157' title='bbox 108 3651 2344 3672; x_wconf 50' lang='lat' dir='ltr'><strong>Mâ€”</strong></span> 
     </span>
    </p>
   </div>
   <div class='ocr_carea' id='block_1_8' title="bbox 1026 3703 1191 3789">
    <p class='ocr_par' dir='ltr' id='par_1_18' title="bbox 1026 3703 1191 3789">
     <span class='ocr_line' id='line_1_156' title="bbox 1026 3703 1189 3744; baseline -0.012 -8"><span class='ocrx_word' id='word_1_1158' title='bbox 1026 3705 1067 3744; x_wconf 86' lang='lat'><strong>(3)</strong></span> <span class='ocrx_word' id='word_1_1159' title='bbox 1093 3703 1189 3735; x_wconf 89' lang='lat' dir='ltr'><strong>heres</strong></span> 
     </span>
     <span class='ocr_line' id='line_1_157' title="bbox 1089 3749 1191 3789; baseline -0.02 -7"><span class='ocrx_word' id='word_1_1160' title='bbox 1089 3751 1130 3789; x_wconf 80' lang='lat'><strong>(5)</strong></span> <span class='ocrx_word' id='word_1_1161' title='bbox 1156 3749 1191 3781; x_wconf 80' lang='lat' dir='ltr'><strong>at</strong></span> 
     </span>
    </p>
   </div>
   <div class='ocr_carea' id='block_1_9' title="bbox 106 3703 578 3793">
    <p class='ocr_par' dir='ltr' id='par_1_19' title="bbox 106 3703 578 3793">
     <span class='ocr_line' id='line_1_158' title="bbox 107 3703 479 3745; baseline 0 -11"><span class='ocrx_word' id='word_1_1162' title='bbox 107 3703 146 3744; x_wconf 84' lang='lat'><strong>(1)</strong></span> <span class='ocrx_word' id='word_1_1163' title='bbox 173 3704 414 3745; x_wconf 87' lang='lat' dir='ltr'><strong>supposuerint</strong></span> <span class='ocrx_word' id='word_1_1164' title='bbox 428 3703 459 3735; x_wconf 84' lang='lat' dir='ltr'><em>F</em></span> <span class='ocrx_word' id='word_1_1165' title='bbox 464 3703 479 3722; x_wconf 78' lang='lat'><strong>Â²</strong></span> 
     </span>
     <span class='ocr_line' id='line_1_159' title="bbox 106 3748 578 3793; baseline -0.002 -12"><span class='ocrx_word' id='word_1_1166' title='bbox 106 3749 286 3790; x_wconf 82' lang='lat' dir='ltr'><strong>recepisset</strong></span> <span class='ocrx_word' id='word_1_1167' title='bbox 289 3750 366 3793; x_wconf 82' lang='lat' dir='ltr'><strong>sere</strong></span> <span class='ocrx_word' id='word_1_1168' title='bbox 377 3756 411 3782; x_wconf 83' lang='lat' dir='ltr'><strong>ut</strong></span> <span class='ocrx_word' id='word_1_1169' title='bbox 422 3748 503 3781; x_wconf 83' lang='lat' dir='ltr'><strong>Hal.</strong></span> <span class='ocrx_word' id='word_1_1170' title='bbox 517 3762 578 3782; x_wconf 87' lang='lat' dir='ltr'><strong>scr.</strong></span> 
     </span>
    </p>
   </div>
   <div class='ocr_carea' id='block_1_10' title="bbox 607 3703 1008 3791">
    <p class='ocr_par' dir='ltr' id='par_1_20' title="bbox 607 3703 1008 3791">
     <span class='ocr_line' id='line_1_160' title="bbox 607 3703 898 3745; baseline -0.007 -8"><span class='ocrx_word' id='word_1_1171' title='bbox 607 3707 649 3745; x_wconf 75' lang='lat'><strong>(2)</strong></span> <span class='ocrx_word' id='word_1_1172' title='bbox 675 3705 833 3736; x_wconf 88' lang='lat' dir='ltr'><strong>consistit</strong></span> <span class='ocrx_word' id='word_1_1173' title='bbox 848 3703 898 3736; x_wconf 82' lang='lat' dir='ltr'><strong>F2</strong></span> 
     </span>
     <span class='ocr_line' id='line_1_161' title="bbox 672 3749 1008 3791; baseline 0.003 -10"><span class='ocrx_word' id='word_1_1174' title='bbox 672 3752 715 3791; x_wconf 75' lang='lat'><strong>(4)</strong></span> <span class='ocrx_word' id='word_1_1175' title='bbox 741 3750 934 3782; x_wconf 84' lang='lat' dir='ltr'><strong>mandatum</strong></span> <span class='ocrx_word' id='word_1_1176' title='bbox 948 3749 1008 3782; x_wconf 80' lang='lat' dir='ltr'><strong>del.</strong></span> 
     </span>
    </p>
   </div>
   <div class='ocr_carea' id='block_1_11' title="bbox 1261 3701 1681 3743">
    <p class='ocr_par' dir='ltr' id='par_1_21' title="bbox 1261 3701 1681 3743">
     <span class='ocr_line' id='line_1_162' title="bbox 1261 3701 1681 3743; baseline -0.002 -9"><span class='ocrx_word' id='word_1_1177' title='bbox 1261 3703 1332 3734; x_wconf 83' lang='lat' dir='ltr'><strong>edd.</strong></span> <span class='ocrx_word' id='word_1_1178' title='bbox 1426 3702 1470 3743; x_wconf 83' lang='lat'><strong>(6)</strong></span> <span class='ocrx_word' id='word_1_1179' title='bbox 1496 3712 1606 3733; x_wconf 84' lang='lat' dir='ltr'><strong>servos</strong></span> <span class='ocrx_word' id='word_1_1180' title='bbox 1620 3701 1681 3734; x_wconf 77' lang='lat' dir='ltr'><strong>ins.</strong></span> 
     </span>
    </p>
   </div>
   <div class='ocr_carea' id='block_1_12' title="bbox 2030 3792 2074 3827">
    <p class='ocr_par' dir='ltr' id='par_1_22' title="bbox 2030 3792 2074 3827">
     <span class='ocr_line' id='line_1_163' title="bbox 2030 3792 2074 3827; baseline -0.023 0"><span class='ocrx_word' id='word_1_1181' title='bbox 2030 3792 2074 3827; x_wconf 79' lang='lat'><strong>28</strong></span> 
     </span>
    </p>
   </div>
  </div>
 </body>
</html>
