2528 3918
145 140 205 171 DE
233 140 360 172 PAC'r.
391 140 604 171 DOTALIB.

143 251 239 287 filiae
270 259 313 285 ex
348 259 429 285 asse
461 249 696 286 creditoribus
719 251 952 295 urguentibus
976 253 1089 297 patris
1114 253 1235 288 utilius

143 295 283 332 videtur
317 294 437 340 potius
478 294 630 330 fundum
674 295 734 340 qui
768 295 898 331 dotalis
935 301 989 331 est
1025 297 1234 340 distrahere,

142 340 239 394 quod
262 340 378 375 minus
402 340 611 375 fructuosus
635 340 692 382 sit,
718 344 755 376 et
778 341 868 376 alios
892 341 1125 377 hereditarios
1146 343 1233 378 ube-

142 395 236 422 nore
257 385 375 421 reditu
398 385 570 420 retinere:
602 385 752 421 maritus
777 386 955 421 consentit
968 388 989 429 ¹,
1022 387 1052 422 si
1076 387 1175 422 nulla
1197 388 1235 422 in

142 441 186 467 ea
209 440 248 466 re
272 441 316 466 ca
342 430 391 465 tio
425 430 471 465 sit
500 430 634 466 futura.
680 441 833 476 quaero,
866 441 912 466 an
945 441 987 467 ea
1019 442 1103 477 pars
1129 432 1233 475 dotis,

141 475 294 522 quaein
343 486 385 511 oc
408 475 520 510 fundo
547 479 610 518 est,
645 476 782 511 mulieri
814 480 980 512 manente
1010 478 1234 513 matrimonio

141 525 239 557 recte
261 521 432 556 solvatur.
472 520 674 566 respondit,
707 522 737 556 si
769 522 921 567 pretium
954 523 1122 557 creditori
1162 523 1233 558 sol-

140 570 254 609 vatur,
279 571 374 602 recte
398 565 565 602 solutum.

629 705 706 743 1111
718 704 744 744 ².

409 770 470 802 DE
496 770 652 803 PAc'rls
677 770 944 803 DOTALIBUS.

191 835 207 873 1
237 835 283 871 IA
292 845 462 872 VOLENUS
483 837 575 872 libro
599 842 731 882 quarto
755 848 806 872 ex
821 837 942 873 Cassio
985 837 1126 872 Pacisci
1151 841 1234 881 post

143 884 157 916 1
209 892 258 916 nu
284 881 365 924 tias,
391 881 528 917 etiamsi
548 882 635 917 nihil
655 885 738 917 ante
751 883 967 925 convenerit,
988 883 1082 918 licet.
1119 882 1233 917 Pacta

139 936 233 972 quae
281 937 299 961 e
322 926 504 962 reddenda
528 927 612 962 dote
634 927 737 970 fiunt,
761 928 855 963 inter
878 938 1000 963 omnes
1025 927 1102 963 fieri
1125 938 1232 972 opor-

139 975 202 1014 tet,
227 972 287 1017 qui
310 976 473 1017 repetere
504 972 623 1008 dotem
644 976 679 1008 et
705 983 727 1008 a
747 973 877 1018 quibus
897 973 1010 1018 repeti
1034 977 1163 1018 potest,
1188 983 1233 1008 ne

139 1016 191 1059 ei,
224 1017 284 1062 qui
316 1028 388 1052 non
423 1017 595 1060 interfuit,
621 1018 718 1064 apud
752 1019 926 1053 arbitrum
958 1023 1232 1064 cognoscentem

138 1066 285 1108 pactum
310 1073 382 1098 non
406 1063 530 1108 prosit.

185 1105 210 1145 2
243 1106 438 1143 Urmzws
464 1108 557 1143 libro
588 1119 685 1144 nono
717 1108 854 1144 decimo
886 1109 936 1144 ad
965 1108 1139 1144 Sabinum
1195 1109 1233 1144 Si

139 1153 355 1195 convenerit,
392 1157 452 1196 ut,
485 1164 628 1198 quoquo
660 1153 766 1189 modo
803 1154 1016 1190 dissolutum
1040 1154 1087 1190 sit
1110 1155 1231 1189 matri-

138 1198 306 1241 monium,
331 1198 451 1234 liberis
475 1198 789 1234 intervenientibus
822 1199 885 1234 dos
919 1199 1017 1244 apud
1039 1199 1153 1235 virum
1176 1210 1231 1235 re-

138 1247 308 1285 maneret,
326 1243 548 1289 Papinianus
565 1244 715 1280 Iuniano
735 1245 893 1290 praetori
913 1245 1097 1290 respondit
1118 1249 1233 1280 morte

138 1288 255 1324 mariti
275 1288 375 1324 finito
396 1289 620 1324 matrimonio
641 1300 757 1335 neque
771 1291 979 1325 convenisse
991 1290 1101 1325 videri
1114 1290 1232 1326 dotem

138 1343 339 1376 remanere,
372 1337 425 1377 et,
461 1334 492 1370 si
524 1335 764 1378 convenisset,
803 1346 876 1370 non
908 1346 986 1371 esse
1018 1336 1232 1371 servandum

138 1383 283 1445 pactugn
315 1384 442 1414 contra
473 1379 611 1422 dotem,
645 1390 725 1415 cum
758 1381 877 1415 mariti
900 1381 1098 1416 mortalitas
1122 1381 1231 1416 inter-

137 1424 233 1460 venit
259 1451 267 1459 .

206 1467 230 1507 3
258 1469 416 1505 PAULUS
445 1469 536 1506 libro
568 1471 673 1506 tertio
705 1471 755 1506 ad
777 1470 952 1507 Sabinum
1007 1471 1121 1507 Pacta
1146 1482 1231 1507 con-

137 1518 254 1558 venta,
280 1525 371 1560 quae
394 1515 431 1550 in
455 1515 595 1550 divortii
613 1519 754 1561 tempus
775 1517 908 1552 collata
927 1520 1023 1559 sunt,
1040 1527 1113 1552 non
1132 1516 1230 1552 facto

137 1559 287 1596 divortio
312 1560 430 1595 locum
455 1570 526 1595 non
550 1561 695 1596 habent.

184 1604 209 1642 4
243 1605 439 1641 ULPJANUS
474 1606 565 1641 libro
599 1607 782 1653 triqesimo
810 1607 935 1653 primo
976 1607 1026 1642 ad
1057 1606 1230 1643 Sabinum

136 1650 175 1685 Si
200 1650 414 1693 convenerit,
440 1654 480 1685 ut
503 1651 642 1686 fructus
667 1652 704 1686 in
729 1651 848 1687 dotem
874 1656 1159 1695 converteretur,
1185 1663 1231 1687 an

137 1695 255 1731 valeat
279 1696 492 1732 conventio?
516 1700 552 1731 et
570 1697 765 1732 Marcellus
779 1697 830 1732 ait
853 1697 943 1733 libro
965 1701 1092 1733 octavo
1118 1698 1230 1743 diges-

135 1744 255 1776 torum
280 1742 549 1776 conventionem
583 1753 656 1778 non
687 1742 820 1778 valere:
856 1754 923 1787 pro
952 1753 971 1778 e
1003 1743 1096 1778 enim
1126 1743 1230 1778 indo-

135 1790 249 1822 tatam
281 1786 463 1821 mulierem
494 1787 564 1822 hoc
597 1791 704 1833 pacto
737 1788 825 1823 fieri.
874 1798 912 1823 se
960 1788 1012 1823 ita
1036 1788 1230 1833 distinguit,

136 1836 188 1875 ut,
213 1832 243 1867 si
275 1832 416 1877 quidem
446 1831 598 1866 fundum
629 1833 667 1867 in
699 1833 817 1868 dotem
849 1833 985 1869 dederit
1016 1834 1144 1869 mulier
1167 1835 1229 1877 ita,

137 1880 177 1912 ut
199 1877 348 1912 maritus
371 1876 511 1912 fructus
535 1877 709 1921 redderet,
734 1889 807 1914 non
828 1888 905 1914 esse
923 1882 1042 1914 ratum
1065 1883 1229 1924 pactum:

135 1922 299 1968 idemque
323 1932 400 1957 esse
425 1925 460 1957 et
484 1922 514 1958 si
532 1933 636 1958 usum
655 1923 813 1959 fructum
832 1924 868 1958 in
891 1924 1010 1959 dotem
1031 1925 1101 1960 hoc
1120 1929 1229 1970 pacto

134 1967 243 2003 dedit.
286 1967 382 2013 quod
415 1968 443 2003 si
477 1968 701 2004 convenisset
743 1969 787 2004 de
818 1969 995 2005 fructibus
1028 1969 1229 2013 reddendis,

135 2013 205 2049 hoc
229 2018 284 2048 est
314 2016 355 2047 ut
385 2013 423 2047 in
456 2013 539 2049 dote
571 2018 690 2049 essent
720 2014 860 2050 fructus
891 2025 1072 2060 quosquos
1104 2025 1229 2060 perce-

134 2058 258 2103 pisset,
284 2061 319 2093 et
341 2058 475 2093 fundus
495 2059 549 2093 vel
568 2070 655 2094 usus
674 2059 816 2095 fructus
839 2060 877 2095 in
897 2061 966 2095 hoc
986 2060 1139 2096 traditus
1165 2064 1229 2103 est,

135 2113 208 2138 non
231 2107 271 2138 ut
293 2103 426 2139 fundus
450 2104 505 2138 vel
528 2104 667 2140 fructus
691 2105 793 2140 fieret
816 2105 956 2147 dotalis,
982 2106 1045 2141 sed
1070 2110 1110 2141 ut
1132 2106 1229 2141 fruc-

134 2152 194 2184 tus
218 2149 419 2194 perciperet
438 2148 531 2184 dotis
552 2150 704 2192 futuros,
720 2150 916 2195 cogendum
929 2150 974 2186 de
993 2151 1077 2186 dote
1090 2151 1231 2186 actione

133 2193 275 2229 fructus
299 2194 456 2229 reddere.
484 2198 588 2230 erunt
610 2195 717 2240 igitur
741 2196 778 2230 in
802 2195 885 2231 dote
908 2196 1049 2231 fructus
1073 2200 1110 2231 et
1132 2196 1229 2231 frue-

134 2242 195 2274 tur
217 2239 284 2274 iste
307 2240 436 2282 usuris,
462 2250 553 2285 quae
577 2251 621 2276 ex
645 2241 822 2276 fructibus
846 2242 1005 2276 collectis
1030 2245 1066 2276 et
1090 2242 1127 2276 in
1152 2252 1228 2276 sor-

134 2287 206 2319 tem
229 2284 384 2320 redactis
408 2285 544 2331 percipi
567 2290 729 2331 possunt.
763 2296 827 2331 ego
859 2287 1052 2332 utrubique
1075 2287 1231 2322 arbitror

134 2329 316 2372 interesse,
342 2340 413 2374 qua
437 2331 736 2376 contemplatione
761 2331 825 2367 dos
861 2332 908 2367 sit
931 2332 1026 2374 data,
1052 2336 1103 2374 ut,
1128 2332 1158 2367 si
1183 2332 1229 2367 ob

135 2374 205 2410 hoc
237 2375 269 2409 ei
299 2376 468 2411 maiorem
510 2376 628 2412 dotem
661 2377 787 2412 mulier
817 2377 933 2420 dedit,
967 2377 1052 2423 quia
1088 2377 1228 2412 fructus

134 2420 277 2455 volebat
301 2430 379 2455 esse
404 2420 508 2463 dotis,
533 2425 700 2457 contento
732 2423 860 2458 marito
894 2433 937 2457 ea
959 2423 1113 2468 pecunia
1137 2432 1229 2468 quae

134 2475 180 2500 ex
203 2465 323 2500 usuris
346 2466 523 2501 redituum
546 2467 732 2512 colligitur,
746 2478 853 2513 posse
874 2468 944 2503 dici
958 2468 1229 2503 conventionem

135 2510 269 2545 valere:
316 2521 383 2546 nec
418 2512 510 2546 enim
544 2512 684 2547 videtur
718 2513 847 2548 sterilis
892 2523 970 2548 esse
1004 2513 1081 2548 dos.
1136 2513 1230 2558 finge

132 2556 366 2600 quadragena
398 2566 520 2591 annua
552 2568 631 2593 esse
661 2558 798 2594 reditus
829 2558 926 2604 apud
957 2569 1048 2601 eum,
1098 2558 1134 2593 ui
1158 2569 1230 2593 non

134 2601 315 2645 acciperet
344 2601 382 2636 in
415 2602 552 2645 dotem,
584 2602 652 2638 nisi
682 2603 752 2638 hoc
787 2604 1028 2646 convenisset,
1052 2614 1134 2648 pus
1157 2607 1228 2638 tre-

135 2649 298 2681 centum:
339 2646 417 2681 uti⁴
456 2647 542 2682 boni
573 2649 776 2683 consuleret
815 2652 889 2684 tam
924 2649 1070 2685 uberem
1112 2648 1230 2684 dotem

134 2694 363 2726 consecutus.
398 2695 433 2727 et
464 2692 549 2737 quid
581 2693 749 2736 dicimus,
782 2694 812 2729 si
845 2698 992 2739 pactum
1022 2694 1095 2729 tale
1118 2694 1228 2728 inter·

136 2737 248 2778 venit,
284 2740 326 2771 ut
356 2737 505 2772 maritus
539 2738 679 2774 fructus
713 2739 750 2774 in
786 2739 904 2774 dotem
941 2742 1163 2775 converteret
1195 2742 1229 2774 et

136 2781 260 2816 mulier
283 2791 322 2817 se
346 2792 500 2828 suosque
523 2783 633 2818 aleret
655 2788 858 2820 tuereturve
882 2788 917 2819 et
935 2785 1100 2820 universa
1119 2794 1229 2819 onera

133 2836 202 2861 sua
226 2826 432 2871 expediret?
464 2838 575 2873 quare
587 2839 659 2864 non
678 2829 776 2865 dicas
798 2830 1068 2865 conventionem
1086 2829 1228 2864 valere?

182 2870 206 2908 5
232 2871 288 2906 ΡΑ
298 2881 393 2907 ULUs
420 2873 510 2908 libro
541 2875 693 2920 septimo
726 2875 776 2910 ad
798 2874 971 2911 Sabinum
1018 2874 1111 2909 Illud
1142 2884 1228 2909 con-

136 2916 256 2951 venire
289 2927 360 2952 non
391 2922 529 2962 potest,
562 2929 607 2954 ne
638 2919 682 2954 de
713 2920 871 2955 moribus
903 2923 1031 2965 agatur
1060 2919 1115 2954 vel
1146 2919 1227 2963 plus

135 2961 191 2996 vel
203 2961 318 2997 minus
332 2963 502 3008 exigatur,
515 2974 561 2999 ne
570 2965 718 3016 publica
731 2965 897 3001 coercitio
911 2965 1050 3010 privata
1061 2965 1228 3010 pactione

140 3009 153 3040 1
203 3007 361 3042 tollatur.
407 3009 486 3043 Ac5
507 3019 550 3044 ne
568 3010 629 3044 111a
649 3010 789 3055 quidem
808 3014 917 3056 pacta
938 3009 1112 3045 servanda
1132 3013 1226 3052 sunt,

136 3061 182 3086 ne
206 3051 252 3087 ob
277 3062 334 3087 res
359 3053 511 3089 donatas
544 3055 599 3089 vel
634 3059 772 3091 amotas
806 3059 981 3100 ageretur,
1006 3054 1090 3099 quia
1114 3054 1226 3089 altero

135 3100 243 3141 pacto
275 3096 321 3131 ad
350 3097 542 3133 furandum
574 3100 737 3135 mulieres
766 3101 981 3142 invitantur,
1024 3100 1135 3134 altero
1171 3099 1226 3134 ius

137 3144 156 3176 2
205 3141 306 3177 civile
336 3142 575 3188 impugnatur.
631 3145 680 3179 Et
711 3145 742 3180 si
774 3145 987 3187 convenerit,
1023 3155 1068 3179 ne
1092 3145 1136 3179 ob
1161 3144 1225 3178 im-

163 3196 267 3222 00808
291 3189 512 3224 necessarias
537 3195 712 3235 ageretur,
736 3195 882 3236 pactum
907 3201 979 3225 non
1003 3193 1058 3224 est
1082 3199 1225 3224 servan-

162 3242 232 3274 um,
257 3232 340 3276 quia
363 3234 453 3268 tales
476 3234 657 3279 impensae
682 3235 800 3270 dotem
824 3236 834 3270 i
862 3246 901 3270 so
926 3236 1002 3270 iure
1026 3234 1200 3269 minuunt.

183 3274 208 3313 6
240 3276 435 3314 ULPIANUS
454 3279 544 3315 libro
570 3285 704 3325 quarto
727 3281 776 3315 ad
798 3247 951 3315 affictum
1006 3279 1224 3324 Pomponius

135 3320 188 3355 ait
210 3322 376 3357 maritum
399 3334 471 3358 non
495 3335 602 3369 posse
625 3325 770 3370 pacisci,
794 3329 836 3360 ut
860 3325 980 3360 dolum
1005 3324 1224 3359 solummodo

136 3365 174 3417 in
198 3366 315 3402 dotem
327 3368 342 3389 ⁸
364 3373 533 3413 praestet,
553 3369 716 3405 videlicet
727 3373 876 3422 propter
887 3370 1075 3404 utilitatem
1088 3375 1224 3403 nuben-

135 3413 243 3446 tium:
308 3414 443 3448 uamvis
474 3415 608 3458 pacisci
639 3420 770 3460 posslt,
806 3425 851 3449 ne
882 3415 929 3450 sit
960 3414 1117 3459 periculo
1151 3413 1224 3448 eius

138 3465 264 3490 nomen
313 3457 457 3493 ebitoris
489 3459 548 3504 qui
580 3460 611 3494 ei
645 3460 763 3494 dotem
795 3459 977 3504 promisit:
1012 3469 1093 3494 nam
1127 3462 1162 3493 et
1185 3461 1225 3492 ut

1219 128 1308 178 307

2119 142 2266 185 XXIII
2298 147 2335 186 3.
2367 150 2391 188 4

1303 253 1349 288 811
1373 253 1437 289 1108
1460 254 1618 299 periculo
1643 256 1809 299 mulieris,
1833 260 1967 303 pacisci
2003 271 2082 296 eum
2110 274 2219 314 posse
2252 265 2392 309 probat,

1304 302 1339 333 et
1361 309 1425 343 per
1449 300 1677 342 contrarium,
1703 305 1743 335 ut
1767 312 1808 337 ea
1832 303 1896 339 dos
1921 316 2011 350 quae
2042 309 2202 351 penculo
2236 310 2390 346 mulieris

1304 347 1358 378 est
1382 344 1428 379 sit
1451 345 1610 389 periculo
1635 346 1762 380 mariti.

1350 386 1372 424 7
1399 388 1629 425 POMPONIUS
1674 390 1765 426 libro
1808 394 1931 437 quinto
1968 396 2101 432 decimo
2136 399 2186 433 ad
2219 398 2390 435 Sabinum

1304 433 1392 468 Cum
1425 434 1489 469 dos
1520 434 1615 470 filiae
1647 436 1788 471 nomine
1820 438 1943 481 datur,
1977 442 2146 485 optimum
2171 448 2224 479 est
2247 449 2391 489 pactum

1304 483 1517 514 conventum
1542 490 1623 515 cum
1647 484 1800 526 utroque
1822 493 1987 526 generum
2012 486 2151 530 facere,
2177 499 2390 535 quamquam

1302 524 1401 559 initio
1427 525 1520 560 dotis
1545 525 1685 561 dandae
1707 526 1818 571 legem
1840 539 1944 572 quam
1962 530 2044 564 velit-
2067 533 2170 567 etiam
2196 535 2286 569 citra
2309 546 2390 581 per-

1303 579 1428 604 sonam
1453 571 1609 606 mulieris
1634 571 1663 606 is
1689 572 1750 616 qui
1774 572 1836 606 dat
1860 573 1975 609 dicere
1999 577 2120 619 possit.
2147 579 2176 613 si
2200 590 2283 615 vero
2307 585 2390 625 post

1303 614 1423 649 datam
1447 616 1583 667 pacisci
1606 617 1701 658 velit,
1726 617 1911 663 utriusque
1935 630 2088 664 persona
2118 623 2153 657 in
2177 625 2389 668 paciscendo

1302 670 1505 695 necessarla
1546 664 1618 703 est,
1656 663 1823 706 quoniam
1864 663 1933 698 iam
1966 665 2142 710 adquisita
2165 670 2301 704 mulieri
2326 671 2390 706 dos

1302 708 1378 739 tum
1403 710 1506 740 esset.
1566 717 1612 741 uo
1639 717 1726 742 casu
1751 707 1781 742 si
1805 708 1901 743 solus
1923 713 2025 753 pater
2074 717 2174 748 actus
2199 719 2292 749 esset
2315 716 2391 751 sine

1301 749 1386 792 filia,
1411 750 1484 785 sive
1509 761 1547 786 so
1564 762 1603 787 us
1631 757 1714 797 agat
1737 752 1810 787 sive
1834 753 2002 789 adiuncta
2073 757 2127 791 iae
2160 769 2332 803 persona,
2359 761 2391 796 ei

1301 795 1368 830 soli
1398 796 1542 831 nocebit
1575 800 1610 832 et
1640 797 1799 841 proderit
1856 803 1974 833 actum
2007 806 2215 838 conventum
2248 815 2334 847 nec,
2360 806 2391 841 si

1301 840 1379 875 sola
1402 840 1476 875 fflia
1499 845 1590 886 aget,
1617 852 1732 887 neque
1755 854 1820 887 pro
1849 844 1915 878 erit
1946 854 2062 889 neque
2094 849 2235 883 nocebit
2267 850 2308 884 ei.
2358 850 2389 885 si

1300 896 1383 921 vero
1408 886 1483 920 filia
1507 887 1584 921 sola
1603 892 1711 932 pacta
1730 887 1849 928 fuerit,
1870 900 1939 934 quo
1961 894 2068 934 pacto
2087 892 2209 927 melior
2229 895 2389 930 condicio

1300 931 1413 975 patris
1438 931 1509 973 fiet,
1535 933 1695 976 proderit
1719 937 1754 968 et
1773 934 1877 978 patri,
1900 935 2066 978 quoniam
2086 947 2150 981 per
2170 938 2275 973 filiam
2297 940 2391 985 patri

1301 975 1441 1021 adquiri
1465 981 1595 1021 potest,
1617 988 1685 1030 per
1708 982 1845 1023 patrem
1869 979 1963 1014 filiae
1988 991 2058 1016 non
2082 988 2209 1026 potest.
2254 984 2284 1018 si
2306 995 2389 1020 vero

1302 1021 1352 1056 sic
1385 1025 1494 1066 pacta
1525 1022 1571 1057 sit
1603 1022 1695 1065 11110,
1729 1028 1769 1058 111
1800 1029 1946 1067 000001,
1972 1025 2039 1070 ipsi
2064 1027 2274 1073 quandoque
2298 1029 2391 1065 filiae

1301 1067 1419 1111 agenti
1437 1067 1582 1102 nocebit
1602 1072 1758 1112 pactum,
1779 1070 1874 1114 patri
1896 1080 1977 1105 vero
2000 1071 2097 1106 nullo
2121 1073 2224 1107 modo
2238 1074 2389 1117 nocebit,

1301 1112 1369 1146 nisi
1394 1112 1535 1147 adiecta
1559 1123 1701 1158 quoque
1725 1114 1817 1149 filiae
1836 1125 1990 1160 persona
2010 1117 2221 1160 experiatur.
2250 1118 2390 1154 7111000-

1301 1156 1385 1192 dum
1411 1161 1465 1192 est
1487 1158 1702 1202 paciscendo
1736 1159 1844 1194 filiam
1877 1160 1989 1204 patris
2021 1161 2264 1198 condicionem
2296 1163 2391 1199 dete-

1301 1202 1432 1237 riorem
1455 1202 1575 1238 facere
1599 1214 1671 1239 non
1695 1215 1802 1249 posse
1826 1216 1867 1240 eo
1893 1216 1999 1247 casu,
2032 1217 2101 1251 quo
2127 1212 2266 1243 mortua
2290 1219 2333 1244 ea
2355 1209 2391 1244 in

1301 1248 1525 1283 matrimonio
1551 1248 1615 1284 dos
1641 1249 1687 1284 ad
1710 1253 1847 1294 patrem
1870 1260 2056 1286 reversura
2078 1255 2143 1287 est.

1348 1289 1372 1330 8
1398 1293 1453 1328 ΡΑ
1463 1303 1558 1329 ULzss
1585 1294 1676 1329 libro
1707 1296 1857 1341 septimo
1897 1296 1947 1331 ad
1977 1295 2151 1332 Sabinum
2221 1297 2391 1341 Quotiens

1301 1342 1404 1383 patre
1441 1338 1583 1374 furente
1615 1339 1669 1374 vel
1701 1340 1747 1375 ab
1778 1340 1942 1376 hostibus
1975 1345 2081 1386 capto
2112 1342 2207 1377 filius
2241 1343 2392 1379 familias

1302 1383 1401 1418 ducit
1423 1394 1570 1419 uxorem
1594 1384 1738 1429 filiaque
1754 1384 1907 1421 familias
1928 1386 2040 1429 nubit,
2063 1388 2263 1423 necessario
2285 1389 2390 1423 etiam

1300 1428 1420 1474 pactio
1446 1439 1526 1464 cum
1550 1429 1636 1474 ipsis
1662 1430 1848 1465 dumtaxat
1872 1431 1965 1466 dotis
1985 1432 2126 1467 nomine
2149 1432 2226 1467 fieri
2249 1434 2390 1478 poterit.
2417 1442 2419 1444 ·

1348 1471 1372 1511 9
1399 1473 1628 1509 POMPONIUS
1654 1475 1746 1510 libro
1770 1480 1875 1511 sexto
1900 1476 2035 1512 decimo
2060 1477 2110 1512 ad
2132 1476 2305 1513 Sabinum
2353 1477 2391 1513 Si

1300 1519 1353 1554 ita
1378 1520 1575 1562 conveniat,
1600 1523 1651 1563 ut,
1676 1520 1706 1555 si
1730 1521 1807 1555 vivo
1832 1531 1955 1556 socero
1980 1525 2122 1557 mortua
2145 1522 2191 1557 sit
2214 1522 2297 1564 filia,
2322 1523 2390 1568 ipsi

1301 1575 1440 1606 socero,
1466 1565 1495 1600 si
1519 1568 1671 1607 mortuo,
1695 1565 1768 1600 filio
1794 1566 1879 1608 eius,
1905 1566 1935 1601 si
1959 1566 2030 1601 filio
2055 1578 2196 1612 quoque
2219 1567 2387 1603 defuncto

1301 1614 1415 1645 totum
1429 1610 1442 1630 ⁸
1466 1621 1531 1645 suo
1556 1610 1677 1645 heredi
1701 1610 1882 1653 reddatur,
1915 1611 2066 1655 benigna
2095 1613 2389 1657 interpretatione

1300 1659 1419 1700 potest
1443 1655 1584 1690 defendi
1608 1655 1730 1690 utilem
1754 1656 2018 1702 stipulationem
2041 1667 2129 1692 esse.

1354 1699 1404 1737 10
1429 1700 1535 1735 IDEM
1556 1701 1647 1736 libro
1672 1702 1836 1736 vicesimo
1859 1705 1965 1736 sexto
1989 1702 2038 1737 ad
2060 1701 2258 1738 Sabinum⁹
2291 1702 2389 1739 Avus

1300 1749 1429 1790 pactus
1455 1750 1519 1788 est,
1546 1756 1625 1781 cum
1650 1745 1769 1781 dotem
1800 1757 1865 1791 pro
1891 1750 2019 1791 nepote
2051 1747 2266 1792 suscepisset
2281 1748 2318 1790 ¹⁰,
2343 1758 2388 1783 ne

1301 1801 1323 1825 a
1346 1801 1385 1826 se
1408 1801 1495 1826 neve
1518 1801 1540 1826 a
1570 1791 1642 1826 filio
1669 1791 1732 1826 dos
1756 1795 1956 1837 peteretur,
1987 1792 2033 1826 ab
2066 1792 2134 1827 alio
2170 1803 2251 1828 vero
2283 1803 2389 1837 quam

1300 1835 1373 1871 filio
1398 1836 1528 1871 herede
1548 1840 1590 1871 ut
1614 1837 1678 1871 dos
1698 1841 1888 1881 peteretur.
1915 1837 2122 1882 exceptione
2144 1838 2386 1873 conventionis

1300 1881 1394 1916 fflius
1418 1881 1573 1917 tuendus
1598 1882 1676 1924 erit,
1701 1882 1833 1926 quippe
1855 1881 1976 1917 heredi
2000 1886 2122 1918 nostro
2156 1893 2279 1917 cavere
2303 1893 2387 1918 con-

1301 1936 1439 1962 cessum
1465 1931 1529 1969 est,
1554 1937 1621 1962 nec
1646 1927 1835 1972 quicquam
1870 1928 1991 1962 obstat
2021 1938 2091 1972 quo
2124 1927 2239 1963 minus
2272 1931 2390 1963 certae

1299 1982 1486 2024 personae,
1511 1972 1541 2007 si
1565 1973 1667 2007 heres
1700 1973 1767 2007 erit
1798 1973 1885 2014 sibi,
1911 1972 2027 2008 caveri
2049 1973 2174 2017 possit,
2200 1972 2295 2017 quod
2318 1983 2389 2008 non

1298 2017 1394 2097 ldfflll)
1417 2021 1452 2052 et
1475 2018 1511 2052 in
1537 2018 1664 2053 ceteris
1695 2017 1885 2053 heredibus
1918 2021 2084 2053 cavetur:
2119 2021 2154 2052 et
2183 2018 2234 2052 ita
2265 2017 2388 2053 Celsus

1299 2062 1370 2098 scri
1397 2062 1434 2096 it.

1350 2106 1395 2143 11
1432 2106 1628 2143 Usmmss
1655 2107 1746 2142 libro
1779 2108 1962 2153 triqesimo
1994 2112 2124 2153 quarto
2157 2107 2207 2143 ad
2236 2107 2386 2143 edictum

1301 2152 1390 2187 Cum
1413 2156 1517 2198 pater
1549 2152 1667 2187 dotem
1699 2152 1878 2196 pollicitus
1908 2152 2016 2187 fuerit
2048 2156 2083 2187 et
2105 2153 2319 2197 paciscatur,
2344 2163 2389 2188 ne

1300 2208 1338 2233 se
1361 2197 1438 2232 vivo
1463 2201 1608 2242 petatur
1631 2207 1718 2232 neve
1743 2200 1929 2232 constante
1951 2197 2174 2233 matrimonio
2200 2197 2264 2232 dos
2287 2201 2387 2242 peta-

1299 2246 1376 2285 tur,
1411 2242 1462 2277 ita
1493 2246 1639 2287 pactum
1670 2242 1974 2286 interpretandum
1999 2242 2098 2277 divus
2123 2242 2273 2278 Severus
2299 2253 2383 2278 con-

1299 2287 1435 2330 stituit,
1484 2287 1563 2322 uasi
1594 2287 1773 2322 adiectum
1806 2291 1900 2322 esset
1922 2297 1961 2323 se
1983 2287 2078 2322 vivo:
2114 2287 2182 2322 hoc
2214 2287 2305 2322 enim
2337 2287 2387 2322 ita

1299 2333 1460 2378 accipien
1487 2344 1546 2367 um
1579 2343 1657 2368 esse
1698 2333 1995 2377 contemplatione
2033 2336 2204 2377 paternae
2243 2332 2385 2376 pietatis

1299 2382 1336 2413 et
1371 2378 1655 2413 contrahentium
1700 2378 1893 2412 voluntatis
1907 2403 1916 2419 ,
1951 2381 1992 2412 ut
2034 2377 2211 2421 posterior
2245 2386 2385 2421 quoque

1299 2433 1382 2468 pars
1408 2423 1650 2458 conventionis
1674 2423 1720 2457 ad
1743 2423 1851 2457 vitam
1900 2422 1984 2457 atris
2008 2422 2121 2457 relata
2144 2421 2315 2462 videatur,
2340 2431 2385 2473 110

1299 2469 1438 2503 diversa
1469 2468 1645 2503 sententia
1676 2467 1832 2502 fructum
1889 2467 1955 2501 otis
1988 2467 2032 2501 ab
2065 2466 2230 2501 oneribus
2262 2470 2383 2501 matri-

1299 2513 1407 2549 monii
1431 2517 1574 2558 separet
1597 2513 1760 2557 quodque
1783 2512 2061 2556 indignissimum
2086 2515 2149 2552 est,
2174 2510 2321 2545 inducat
2344 2514 2385 2545 ut

1298 2569 1370 2594 non
1393 2558 1561 2593 habuisse
1586 2557 1703 2592 dotem
1738 2557 1965 2592 existimetur.
2008 2567 2076 2601 quo
2108 2556 2280 2600 rescripto
2315 2556 2384 2590 hoc

1299 2604 1463 2639 effectum
1488 2606 1552 2645 est,
1577 2606 1628 2644 ut,
1652 2603 1681 2637 si
1707 2602 1845 2647 quidem
1870 2602 1946 2636 vivo
1971 2606 2073 2646 patre
2098 2600 2288 2635 decesserit
2310 2600 2384 2635 filia

1298 2652 1362 2684 aut
1385 2648 1460 2683 sine
1484 2648 1591 2692 culpa
1614 2658 1680 2682 sua
1704 2646 1893 2687 divorterit,
1912 2645 2112 2681 omnimodo
2135 2645 2198 2680 dos
2218 2645 2291 2690 peti
2311 2655 2383 2680 non

1298 2693 1429 2739 possit,
1470 2696 1657 2728 constante
1694 2696 1812 2726 autem
1848 2691 2070 2726 matrimonio
2106 2694 2244 2726 mortuo
2281 2694 2383 2735 patre

1324 2739 1370 2774 eti
1421 2738 1518 2773 ossit.

1297 2750 1320 2785 p
1347 2749 1478 2820 12pPA
1487 2792 1580 2818 ULUs
1601 2782 1691 2817 libro
1717 2782 1899 2827 triqesz‘mo
1925 2781 2049 2825 quinto
2074 2780 2123 2815 ad
2145 2779 2297 2815 edictum
2345 2779 2382 2814 Si

1297 2833 1400 2873 pater
1435 2828 1552 2863 dotem
1595 2826 1730 2862 dederit
1764 2830 1799 2861 et
1832 2829 1959 2870 pactus
1996 2825 2063 2867 sit,
2098 2829 2139 2859 ut
2172 2828 2312 2859 mortua
2345 2825 2381 2859 in

1297 2873 1518 2908 matrimonio
1558 2871 1632 2906 filia
1672 2871 1735 2906 dos
1775 2870 1872 2915 apud
1906 2870 2020 2905 virum
2053 2873 2269 2910 remaneret,
2293 2872 2379 2914 puto

1295 2922 1439 2964 pactum
1473 2916 1702 2957 servandum,
1737 2916 1873 2950 etiamsi
1902 2915 2004 2950 liberi
2034 2925 2105 2950 non
2137 2915 2378 2949 interveniant.

1299 2967 1312 2998 1
1363 2963 1421 2997 Ex
1444 2961 1559 3007 pactis
1584 2961 1785 3002 conventis,
1818 2970 1910 3012 quae
1942 2964 2026 2995 ante
2056 2960 2198 3004 nuptias
2222 2959 2279 3010 vel·
2299 2961 2380 3002 post

1295 3008 1438 3053 nuptias
1462 3007 1554 3041 inter
1581 3006 1638 3041 oni
1659 3006 1782 3047 solent,
1798 3006 1867 3040 aha
1888 3005 1933 3040 ad
1952 3005 2170 3040 voluntatem
2191 3006 2377 3053 pertinent,

1299 3055 1376 3088 ¹¹ut
1399 3052 1523 3086 mulier
1571 3055 1629 3086 ote
1652 3051 1827 3095 promissa
1850 3060 1889 3085 se
1913 3050 1987 3084 alat
2011 3054 2046 3084 et
2068 3050 2179 3084 donec
2200 3052 2310 3092 nupta
2327 3050 2378 3097 ,811

1296 3098 1359 3133 dos
1383 3097 1428 3131 ab
1466 3107 1507 3131 ea
1540 3106 1611 3130 non
1642 3099 1807 3141 petatur,
1841 3099 1905 3130 aut
1939 3098 2072 3130 certam
2103 3103 2274 3143 summam
2304 3100 2375 3125 viro

1295 3146 1452 3195 praestet
1484 3144 1518 3175 et
1549 3141 1594 3175 ab
1628 3151 1668 3175 eo
1694 3141 1812 3175 alatur
1825 3140 1862 3182 ¹²,
1896 3144 1931 3174 et
1961 3140 2016 3175 his
2048 3139 2194 3174 similia:
2230 3136 2299 3170 aha
2330 3134 2375 3168 ad

1293 3199 1349 3223 ius
1381 3187 1578 3231 pertinent,
1610 3186 1716 3220 veluti
1748 3185 1889 3230 quando
1923 3185 1987 3220 dos
2018 3188 2176 3229 petatur,
2209 3178 2373 3225 quemad·

1294 3232 1436 3267 modum
1471 3230 1658 3272 reddatur,
1694 3231 1730 3265 in
1766 3230 1894 3275 quibus
1936 3240 2007 3264 non
2040 3237 2178 3280 semper
2211 3224 2373 3274 voluntas

1295 3275 1578 3312 contrahentium
1619 3279 1791 3310 servatur.
1833 3279 1987 3310 ceterum
2020 3284 2048 3307 81
2081 3273 2296 3308 convenent,
2325 3276 2373 3317 'ne

1294 3326 1313 3357 2
1362 3321 1503 3356 omnino
1517 3320 1581 3355 dos
1594 3324 1748 3365 petatur,
1771 3319 1932 3355 indotata
1953 3318 2018 3353 erit
2037 3316 2168 3368 mulier.
2195 3313 2236 3363 Si·
2250 3311 2372 3346 mulier

1293 3374 1400 3412 pacta
1424 3375 1480 3407 sit,
1506 3375 1550 3400 ne
1574 3365 1724 3410 amplius
1757 3375 1861 3410 quam
1885 3373 1968 3409 pars
1994 3361 2133 3396 dimidia
2153 3358 2256 3409 ‘dous
2288 3366 2309 3389 a
2333 3365 2370 3389 se

1292 3415 1436 3457 petatur
1469 3413 1503 3444 et
1533 3420 1685 3455 poenam
1717 3410 1887 3454 stipulata
1918 3408 1979 3448 sit,
2005 3406 2098 3440 Mela
2130 3407 2178 3453 ait
2202 3402 2368 3450 alterutro

1293 3467 1370 3491 eam
1395 3458 1599 3490 contentam
1632 3465 1708 3490 esse
1743 3458 1927 3499 oportere:
1960 3451 2012 3485 vel
2044 3451 2246 3492 exceptione
2276 3447 2369 3488 paen

145 3521 2282 3541 M

140 3570 178 3607 (1)
205 3570 375 3601 consensit
388 3570 439 3602 F²

185 3614 227 3652 (2)
253 3614 319 3646 Ed.
334 3622 357 3648 1.
373 3622 399 3647 0.
415 3623 464 3653 ιτς
490 3615 572 3649 Sab.
586 3623 667 3650 2...5.
683 3624 913 3651 7...16.18...25.
927 3625 981 3656 323
1007 3618 1092 3659 Pap.
1107 3623 1224 3650 26...31.

140 3658 270 3691 —Ba³.
284 3659 340 3700 29,
354 3667 380 3692 5.
394 3678 438 3684 -
454 3658 505 3700 Cf:
523 3661 598 3693 cod.
614 3663 703 3703 5,14.
752 3663 795 3704 (3)
819 3673 893 3694 01110
908 3662 1022 3694 mariti
1035 3661 1223 3693 mortalitas

153 3703 323 3735 ntervenit
335 3704 397 3737 del.
475 3706 517 3744 (4)
531 3706 648 3747 utique
662 3719 723 3739 scr.
807 3708 850 3747 (5)
875 3706 960 3739 illud
974 3707 1154 3739 convenire
1170 3730 1176 3737 .
1191 3729 1199 3737 .
1214 3729 1221 3736 .

140 3745 279 3779 tollatur
292 3757 329 3779 ac
344 3749 403 3781 del.
418 3747 471 3780 F²
618 3753 660 3790 (6)
687 3751 763 3783 11010
776 3764 838 3784 scr.
966 3753 1008 3792 (7)
1034 3752 1148 3791 itaque
1162 3752 1220 3783 ins.

1296 3571 1339 3609 (8)
1365 3571 1485 3609 totum]
1500 3572 1568 3600 tum
1582 3582 1644 3601 scr.
1751 3570 1793 3606 (9)
1817 3581 1861 3594 =
1879 3565 1986 3597 Celsus
1998 3563 2041 3594 D.
2058 3562 2089 3600 2,
2104 3567 2145 3598 1⁴,
2160 3565 2193 3591 33
2308 3558 2367 3608 (10)

1295 3624 1355 3655 pro
1368 3617 1470 3655 nepte
1483 3624 1543 3645 sua
1556 3624 1594 3645 ex
1608 3614 1676 3644 filio
1690 3612 1829 3644 dixisset
1846 3610 1994 3641 Cuiacius
2123 3605 2176 3641 (11)
2203 3600 2291 3632 velut
2307 3612 2365 3632 uns.

1294 3660 1351 3698 (12)
1379 3662 1416 3689 ut
1436 3658 1556 3690 mulier
1576 3658 1652 3690 dote
1673 3656 1834 3699 promissa
1854 3663 1887 3684 se
1907 3652 1975 3683 alat
1994 3654 2051 3681 aut
2072 3652 2193 3698 certam
2207 3653 2368 3677 summam

1292 3703 1365 3734 viro
1378 3706 1525 3744 praestet
1538 3706 1571 3735 et
1582 3703 1623 3734 ab
1638 3713 1675 3733 eo
1694 3701 1803 3732 alatur
1819 3701 1851 3729 et
1871 3697 1972 3727 donec
1987 3698 2092 3735 nupta
2113 3695 2157 3723 sit
2182 3691 2239 3722 dos
2264 3689 2304 3721 ab
2328 3698 2368 3720 ea

1292 3759 1360 3780 non
1372 3750 1509 3790 petatur
1520 3761 1580 3780 sec.
1597 3748 1639 3779 B,
1656 3759 1716 3778 scr.
2034 3791 2098 3824 39*
