2528 3918
202 136 491 179 XXXXVllII
526 138 543 177 1

200 258 386 314 provocari
420 261 595 303 oportere.
647 256 758 293 verba
786 256 951 303 rescripti
979 256 1031 292 ita
1062 266 1101 292 se
1131 255 1287 291 habent:

219 302 295 337 'lz‘r‘w
326 302 502 349 ἐπιστείλῃ
534 315 587 337 τις
617 299 702 346 ἡμῖν
733 299 755 334 ἃ
787 300 872 336 διὰι
910 305 970 336 καὶ
1009 298 1290 347 ἀναγράφωμεν

199 347 308 393 ‘raude
340 346 469 389 ὁτιοῦν,
503 346 653 393 ὑπάρξει
686 350 761 382 τοῖς
783 345 1011 391 βουλομένοις
1034 344 1289 381 ἐπικαλεῖσθαι

193 391 302 440 [πρὸς
331 392 399 436 τὴν
423 390 620 439 ἀπόφασιν.
669 392 700 425 εἰ
726 390 794 439 γὰρ
825 389 1012 432 ὃιδάξαιεν
1040 389 1063 434 ἢ
1095 388 1237 435 ψευδῶς
1266 387 1289 433 ἢ

209 437 273 482 οὐχ
303 434 416 474 οὕτως
449 440 543 481 ἔχειν
577 437 622 471 τὰ
654 435 914 482 ἐπεσταλμένα,
957 433 1062 471 οὐδὲν
1094 431 1152 482 ὑφ’
1187 434 1290 479 ἡμῶν

197 482 305 518 ‘elam
329 482 442 530 ὃόξῃῖ
465 481 809 529 προδιεγνωσμένον,
835 484 935 516 τῶν3
960 480 1006 517 ὠς
1029 482 1088 515 e're'
1109 493 1156 516 coc
1185 484 1287 523 ἐχου-

201 533 220 564 2
266 527 339 563 ’σιν
357 534 432 564 τοῖς
452 532 642 574 γραφεῖσιν
660 521 1055 562 ἄπεπεοταλκότιυν’4.
1122 526 1180 562 uic
1203 536 1288 561 con-

200 578 391 620 sequenter
413 574 552 609 videtur
575 572 789 618 rescriptum
821 583 844 608 a
871 571 1136 608 consultatione
1159 570 1289 607 iudicis

201 632 272 655 non
297 630 374 655 esse
398 618 661 665 appellandum,
687 618 719 654 si
742 618 820 663 quis
845 617 937 653 forte
960 617 1195 652 interlocutus
1220 616 1289 652 fuit

200 665 394 711 principem
432 674 470 700 se
509 663 812 705 consultaturum,
854 674 933 698 cum
974 662 1089 707 possit
1119 665 1202 707 post
1232 671 1287 697 re-

201 716 219 745 3
267 710 439 755 scriptum
454 718 656 754 provocare
665 710 691 744 ὅ.
728 708 765 744 Si
782 708 861 753 quis
877 708 914 743 in
930 718 976 753 ap
1005 707 1172 744 ellatione
1191 717 1287 742 erra·

201 756 307 797 verit,
340 759 381 790 ut
411 759 500 800 puta
524 765 604 790 eum
635 753 743 789 alium
775 752 958 798 appellare
1006 753 1145 794 eberet,
1179 752 1288 787 alium

201 800 449 846 appellaverit,
482 799 690 841 videndum,
721 809 768 834 an
799 809 900 834 error
924 798 958 833 ei
981 798 1068 833 nihil
1092 797 1203 833 offuit.
1253 801 1288 832 et

200 847 230 881 si
254 846 414 891 quidem,
448 856 529 881 cum
553 845 724 880 maiorem
747 843 900 879 iudicem
923 843 1107 888 appellare
1130 842 1288 885 deberet,

200 892 250 926 ita
281 891 431 933 erravit,
463 894 504 926 ut
526 891 697 925 minorem
721 888 895 934 appellet,
927 898 1028 924 error
1058 888 1092 924 ei
1122 887 1286 924 nocebit:

200 937 229 972 si
260 946 345 972 vero
374 935 545 972 maiorem
573 935 726 971 iudicem
757 933 979 980 provocavit,
1011 944 1114 970 error
1143 933 1177 969 ei
1200 932 1289 968 nihil

200 982 326 1017 oberit.
361 985 399 1017 et
420 981 473 1017 ita
495 980 617 1016 multis
639 978 955 1016 constitutionibus
976 979 1189 1015 continetur.
1226 978 1287 1014 de·

200 1027 306 1072 nique
338 1038 418 1062 cum
451 1026 596 1072 quidam
626 1025 779 1061 iudicem
803 1034 849 1059 ex
871 1024 1046 1070 rescripto
1070 1023 1242 1070 principis
1267 1033 1289 1059 a

200 1072 406 1108 consulibus
431 1071 630 1116 accepisset
652 1074 688 1106 et
710 1069 934 1115 praefectum
957 1069 1038 1105 urbi
1057 1069 1287 1115 appellasset,

200 1118 314 1153 errori
337 1118 413 1153 eius
436 1117 649 1153 subventum
673 1120 727 1151 est
750 1115 923 1160 rescripto
943 1114 1106 1151 divorum
1123 1114 1286 1157 fratrum,

200 1163 301 1199 cuius
333 1163 443 1198 verba
472 1163 561 1197 haec
593 1164 695 1197 sunt:
736 1160 837 1196 ‘Cum
868 1170 934 1206 per
964 1170 1121 1196 errorem
1152 1159 1288 1195 factum

199 1208 322 1251 ‘dicas,
346 1208 400 1243 uti
423 1217 446 1243 a
469 1207 597 1249 iudice,
623 1216 727 1252 quem
751 1216 796 1241 ex
819 1205 975 1250 recripto
1000 1210 1124 1242 nostro
1148 1205 1194 1241 ab
1213 1215 1288 1240 am-

199 1253 377 1299 ‘plissimis
403 1252 610 1289 consulibus
635 1261 839 1296 acceperas,
864 1251 910 1286 ad
933 1251 1076 1286 Iunium
1099 1250 1288 1286 Rusticum

199 1299 363 1334 ‘amicum
395 1302 558 1334 nostrum
581 1296 805 1342 praefectum
828 1296 910 1332 urbi
932 1306 1166 1342 provocares,
1201 1305 1287 1331 con-

199 1345 307 1380 ‘sules
339 1343 546 1389 amplissimi
577 1342 724 1388 perinde
757 1346 993 1387 cognoscant,
1032 1344 1141 1387 atque
1176 1340 1207 1376 si
1241 1340 1288 1376 ad

199 1391 308 1436 ‘ipsos
332 1390 430 1425 facta
453 1392 549 1424 esset
567 1387 799 1433 provocatio’.
836 1386 867 1423 si
887 1387 966 1432 quis
986 1397 1070 1432 ergo
1091 1386 1145 1423 vel
1165 1396 1289 1432 parem

200 1436 254 1471 vel
285 1435 453 1471 maiorem
482 1433 634 1469 iudicem
665 1431 914 1478 appellaverit,
946 1432 1056 1468 alium
1078 1435 1199 1467 tamen
1247 1442 1288 1467 ro

199 1481 283 1523 alio,
306 1481 344 1515 in
368 1490 411 1515 ea
435 1489 546 1515 causa
569 1482 635 1521 est,
661 1482 702 1513 ut
725 1488 826 1513 error
849 1477 881 1513 ei
906 1488 978 1513 non
1002 1480 1150 1513 noceatz
1175 1487 1214 1513 se
1259 1477 1289 1512 si

202 1531 220 1560 4
269 1526 450 1566 minorem,
476 1524 631 1559 nocebit.
668 1522 797 1559 Libelli
821 1523 882 1567 qui
906 1523 1038 1558 dantur
1063 1522 1289 1569 appellatorii

199 1572 250 1607 ita
280 1575 365 1607 sunt
395 1569 635 1615 concipiendi,
667 1572 710 1604 ut
732 1568 890 1604 habeant
912 1568 1087 1614 scriptum
1112 1571 1149 1604 et
1172 1578 1195 1603 a
1218 1578 1288 1613 quo

200 1616 274 1652 dati
297 1617 387 1660 sint,
414 1616 485 1651 hoc
509 1618 564 1650 est
587 1614 647 1660 qui
671 1614 846 1660 appellet,
870 1617 908 1649 et
930 1613 1102 1650 adversus
1127 1623 1230 1659 quem
1254 1616 1290 1649 et

200 1674 222 1698 a
270 1672 318 1697 ua
341 1661 530 1697 sententia.

295 1706 438 1743 Macen
471 1706 562 1742 libro
587 1705 711 1752 primo
744 1704 788 1739 de
811 1703 1119 1757 appellationibus
1165 1703 1236 1740 Sed
1260 1703 1290 1739 si

200 1753 297 1798 apud
307 1755 403 1813 ‚acta
426 1751 505 1797 quis
529 1750 779 1796 appellaverit,
809 1753 897 1785 satis
921 1749 1007 1792 erit,
1037 1749 1069 1785 si
1093 1749 1191 1785 dicat
1214 1751 1289 1794 ‘ap-

211 1798 499 1881 pegloULPusz
518 1841 609 1876 libro
627 1841 752 1887 primo
777 1839 822 1875 de
845 1839 1153 1893 appellationibus
1208 1839 1289 1876 Scio

200 1888 419 1935 quaesitum,
453 1886 484 1922 si
513 1885 593 1932 quis
623 1896 696 1921 non
725 1884 901 1921 addiderit
923 1884 963 1920 in
985 1884 1131 1928 libellis,
1164 1889 1292 1921 contra

200 1945 305 1981 quem
323 1931 567 1968 adversarium
586 1942 608 1966 a
634 1931 753 1976 pellet,
775 1941 822 1966 an
840 1931 1000 1976 praescri
1026 1930 1116 1966 tioni
1134 1931 1289 1966 subicia-

204 1985 217 2015 ι
267 1983 343 2015 tur:
369 1982 406 2014 et
427 1981 517 2023 puto
541 1976 616 2012 nihi
653 1979 817 2022 oportere
841 1975 999 2021 praeseri
1024 1976 1047 2011 i.
1085 1975 1180 2012 Sed⁶
1202 1975 1291 2012 illud

199 2024 328 2061 cecidit
351 2024 388 2058 in
433 2023 664 2065 uaestionem,
689 2021 720 2057 si
740 2021 861 2067 plures
881 2021 1048 2057 habuerit
1067 2021 1290 2057 adversarios

201 2077 235 2107 et
284 2079 402 2105 uorun
429 2079 486 2103 am
509 2067 654 2103 nomina
684 2066 813 2102 libellis
846 2067 918 2102 sint
950 2066 1170 2112 complexa⁷,
1202 2077 1290 2112 quo-

200 2127 268 2151 run
294 2126 351 2150 am
368 2122 472 2155 anon,
503 2123 551 2148 an
582 2122 694 2157 aeque
726 2111 924 2156 praescribi
954 2111 989 2147 ei
1013 2112 1129 2157 possit
1152 2112 1198 2148 ab
1222 2112 1289 2155 his,

200 2171 351 2207 quorum
375 2159 519 2195 nomina
544 2157 802 2203 comprehensa
825 2168 897 2192 non
921 2160 1015 2199 sunt,
1041 2157 1144 2202 quasi
1164 2157 1289 2192 adver-

201 2217 262 2243 sus
286 2206 386 2251 ipsos
410 2203 631 2249 adquieverit
654 2202 863 2238 sententiae.
910 2206 948 2238 et
977 2213 1058 2238 eum
1082 2212 1155 2237 una
1180 2212 1291 2238 eausa

201 2256 220 2287 2
268 2251 334 2296 sit,
350 2250 510 2286 arbitror
533 2259 607 2284 non
639 2258 716 2283 esse
745 2247 1072 2293 praescribendum.
1126 2248 1230 2284 Certe
1259 2247 1291 2283 si

201 2298 322 2343 plures
345 2296 383 2331 hi
408 2298 508 2336 sunt,
533 2294 704 2329 adversus
728 2303 819 2338 quos
842 2293 1116 2339 pronuntiatur,
1141 2297 1177 2328 et
1201 2303 1288 2339 quo-

200 2341 352 2378 rundam
383 2340 527 2376 nomina
558 2339 596 2374 in
626 2338 755 2374 libellis
787 2338 859 2374 sint
890 2338 1163 2383 comprehensa,
1201 2348 1288 2384 quo-

199 2387 352 2423 rundam
375 2396 467 2427 non,
497 2385 534 2420 hi
558 2384 627 2421 soli
650 2383 852 2429 appellasse
875 2383 1109 2430 videbuntur,
1139 2394 1291 2429 quorum

202 2437 221 2468 3
269 2431 414 2468 nomina
436 2430 565 2466 libellis
589 2434 673 2465 sunt
696 2439 774 2465 com
799 2429 962 2465 rehensa.
1011 2428 1104 2474 Quid
1127 2439 1226 2482 ergo,
1260 2429 1291 2465 si

201 2488 348 2514 causam
371 2474 577 2522 appellandi
601 2478 737 2510 certam
822 2474 905 2518 erit,
938 2484 985 2510 an
1014 2474 1123 2510 liceat
1153 2484 1187 2510 ei
1217 2475 1289 2510 dis-

201 2524 327 2559 cedere
358 2523 405 2558 ab
435 2522 505 2556 hac
535 2524 572 2556 et
598 2520 705 2556 aliam
737 2529 884 2556 causam
907 2519 1087 2565 allegare?
1129 2530 1177 2555 an
1206 2530 1290 2556 vero

201 2569 304 2615 quasi
323 2567 438 2604 forma
458 2566 614 2612 quadam
633 2565 828 2601 obstrictus
849 2565 920 2601 sit?
943 2569 1031 2610 puto
1052 2568 1183 2609 tamen,
1209 2576 1290 2601 cum

201 2613 311 2650 semel
372 2611 613 2654 revocaverit,
644 2620 724 2646 esse
755 2610 790 2646 ei
817 2609 1054 2646 facultatem⁸
1084 2611 1122 2646 in
1151 2610 1290 2656 agendo

201 2659 309 2695 etiam
326 2624 432 2694 aliam
450 2667 595 2693 causam
611 2655 876 2708 provocationis
891 2655 1042 2691 reddere
1055 2656 1291 2702 persequique

201 2703 489 2751 provocationem
513 2712 615 2738 suam
639 2702 921 2747 quibuscumque
943 2700 1057 2737 modis
1081 2701 1251 2747 potuerit.

249 2749 274 2786 4
298 2748 442 2784 Maesa
469 2748 561 2783 libro
578 2748 703 2794 primo
727 2746 772 2782 de
795 2746 1102 2793 appellationibus
1146 2746 1204 2782 Ab
1230 2757 1289 2783 ex-

206 2799 219 2830 1
270 2798 435 2830 secutore
465 2792 662 2828 sententiae
691 2791 874 2838 appellare
902 2801 977 2828 non
1005 2791 1101 2828 lieet.
1149 2791 1221 2828 Sed
1243 2792 1291 2829 ab

202 2850 257 2883 eo,
277 2839 339 2885 qui
358 2837 572 2875 sententiam
590 2837 682 2873 male
700 2837 930 2882 interpretari
950 2836 1091 2880 dicitur,
1108 2846 1155 2883 ap
1182 2837 1291 2874 ellare

201 2886 302 2927 licet,
341 2884 373 2920 si
408 2890 528 2919 tamen
556 2883 588 2918 is
618 2881 877 2928 interpretandi
907 2885 1120 2928 potestatem
1177 2883 1290 2926 abuit,

202 2931 298 2966 velut
335 2939 481 2976 praeses
516 2928 722 2980 provinciae
757 2931 822 2963 aut
856 2931 1071 2973 procurator
1105 2927 1288 2964 Caesaris:

202 2977 253 3012 ita
274 2979 414 3019 tamen,
446 2977 488 3009 ut
517 2983 554 3008 m
586 2974 704 3008 causis
733 2972 983 3025 appellationis
1008 2972 1196 3009 reddendis
1220 2974 1290 3010 hoc

202 3021 318 3057 solum
341 3022 536 3066 quaeratur
546 3019 570 3062 ⁹,
602 3028 650 3053 an
678 3018 755 3054 iure
784 3021 1058 3064 interpretatum
1087 3018 1151 3054 sit:
1182 3018 1290 3063 idque

204 3069 224 3102 2
272 3066 380 3101 etiam
411 3064 510 3100 divus
534 3063 737 3099 Antoninus
765 3063 960 3109 rescripsit.
1009 3063 1090 3100 Alio
1121 3063 1288 3100 condem-

203 3115 287 3147 nato
318 3111 350 3146 is
386 3109 487 3146 cuius
517 3108 667 3144 interest
695 3109 878 3154 appellare
906 3112 1035 3162 potest.
1083 3109 1199 3155 qualis
1223 3113 1289 3152 est,

203 3157 264 3203 qui
291 3166 357 3201 per
387 3158 658 3201 procuratorem
687 3157 856 3198 expertus
885 3158 1002 3190 victus
1031 3158 1086 3190 est
1116 3164 1182 3190 nec
1205 3165 1287 3200 pro-

204 3206 223 3238 3
271 3203 418 3237 curator
441 3210 506 3236 suo
530 3198 672 3235 nomine
696 3199 862 3244 appellet.
909 3199 999 3235 Item
1029 3200 1060 3235 si
1082 3203 1222 3253 emptor
1246 3199 1290 3236 de

202 3246 423 3294 proprietate
451 3245 567 3280 vietus
599 3248 670 3286 est,
703 3254 744 3279 eo
777 3248 939 3281 cessante
968 3248 1095 3280 auctor
1124 3255 1200 3281 eius
1225 3255 1288 3291 ap-

203 3292 338 3338 pellare
359 3290 508 3336 poterit:
533 3293 598 3325 aut
620 3289 650 3325 si
673 3292 801 3325 auctor
820 3290 931 3334 egerit
948 3293 985 3326 et
1002 3289 1116 3326 victus
1135 3290 1193 3333 sit,
1217 3301 1289 3327 non

203 3342 259 3373 est
287 3335 497 3381 deneganda
527 3334 680 3381 emptori
710 3334 913 3380 appellandi
926 3337 953 3356 ¹⁰
988 3334 1156 3371 facultas.
1204 3335 1290 3381 quid

204 3383 313 3425 enim,
338 3381 370 3418 si
392 3380 571 3423 venditor,
596 3380 657 3425 qui
680 3380 861 3425 appellare
885 3380 1013 3422 noluit,
1041 3380 1191 3417 idoneus
1216 3392 1289 3417 non

203 3428 284 3463 est?
303 3426 390 3472 quin
402 3426 510 3462 etiam
524 3425 555 3461 si
569 3430 696 3461 auctor
709 3425 951 3478 appellaverit,
967 3425 1093 3462 deinde
1107 3426 1143 3461 in
1158 3435 1289 3462 causae

203 3472 410 3509 defensione
426 3474 614 3516 suspectus
630 3470 728 3506 visus
745 3473 802 3514 sit,
819 3470 965 3516 perinde
981 3470 1140 3507 defensio
1157 3481 1290 3508 causae

204 3594 243 3626 (ι)
269 3583 292 3619 ἃ
312 3583 385 3629 διὰ]
406 3582 496 3619 ἄττα
514 3585 658 3618 Taurell.
738 3586 784 3628 (2)
808 3581 905 3624 δόξει
920 3598 981 3618 scr.
1065 3588 1106 3626 (3)
1130 3586 1207 3619 τῶν
1223 3587 1285 3620 del.

205 3635 247 3671 (4)
273 3627 636 3665 αντεπεοταλκοτεοιν
652 3630 710 3663 ΡΙ.
729 3648 774 3654 ——
796 3630 839 3663 ld
855 3637 921 3664 est:
942 3630 979 3663 Si
991 3630 1066 3673 quis
1077 3631 1173 3664 nobis
1186 3641 1286 3674 quae-

206 3677 278 3709 dam
291 3676 459 3719 scripserit
470 3678 504 3709 et
514 3675 556 3708 ad
568 3685 607 3708 ea
619 3685 679 3707 nos
690 3675 933 3717 qualecumque
949 3685 1140 3719 responsum
1158 3676 1286 3709 dederi-

205 3733 294 3763 mus,
318 3721 434 3754 licebit
452 3721 495 3753 iis
514 3720 589 3763 quis
607 3719 721 3753 volent
737 3731 758 3752 a
777 3731 872 3764 respo

1272 128 1356 178 822

1927 147 1990 180 m:
2019 147 2432 182 APPEnLA'noumus

1357 255 1881 338 ἓωῖῗᾞέἳέωὲῗξὲἓῗυῗέἓ
1909 259 2031 339 ἓέἓῖῗι
2051 257 2440 348 ieltaeszffiltffiss·

1358 356 1438 381 cum
1494 345 1612 382 ebitor
1640 346 1755 383 victus
1786 348 2004 393 appellasset
2034 359 2101 384 nec
2132 359 2178 384 ex
2202 347 2274 385 fide
2296 331 2441 385 causan:

1358 390 1576 442 defenderet.
1624 401 1715 436 quae
1745 393 1955 429 constitutio
1985 394 2037 429 ita
2068 393 2277 439 accipienda
2306 399 2379 439 est,
2411 394 2441 430 si

1357 436 1612 488 interveniente
1636 436 1813 473 creditore
1836 438 1976 474 debitor
1995 438 2039 474 de
2058 439 2206 484 pignore
2223 439 2340 475 victus
2357 450 2439 485 pro-

1358 486 1555 517 vocaverit:
1579 491 1661 516 nam
1685 482 1824 518 absenti
1844 483 2012 519 creditori
2032 484 2168 519 nullum
2185 483 2441 529 praeiudicium

1359 530 1378 561 5
1426 525 1566 562 debitor
1588 525 1687 570 facit,
1711 526 1816 572 idque
1841 532 2014 564 statutum
2038 533 2102 565 est.
2152 528 2191 565 Si
2216 532 2441 574 procurator,

1359 571 1419 616 qui
1442 570 1574 607 iudicio
1598 571 1779 615 interfuit,
1810 572 1925 609 victus
1949 573 2014 617 sit,
2044 585 2091 609 an
2114 574 2191 619 ipse
2215 585 2356 627 quoque
2379 586 2443 620 per

1357 621 1628 662 procuratorem
1653 617 1836 662 appellare
1860 618 1992 663 possit,
2017 619 2216 663 videamus,
2249 630 2334 664 quia
2357 631 2441 656 con-

1357 666 1430 697 stat
1459 664 1730 708 procuratorem
1765 662 1874 698 alium
1914 668 2183 709 procuratorem
2222 664 2340 700 facere
2370 676 2441 700 non

1356 717 1474 753 posse.
1523 707 1584 743 sed
1607 707 1809 743 meminisse
1832 712 1993 754 oportet,
2025 709 2120 754 quod
2170 714 2358 745 rocurator
2381 710 2444 746 lite

1358 755 1559 788 contestata
1582 752 1746 788 dominus
1769 752 1841 788 litis
1866 752 2038 789 efficitur:
2063 758 2100 790 et
2122 754 2135 790 i
2160 765 2201 791 eo
2222 759 2259 790 et
2278 765 2342 801 per
2359 766 2443 801 pro·

1357 802 1561 833 curatorem
1585 797 1767 842 appellare
1791 802 1920 843 potest.

1403 841 1428 879 5
1453 842 1690 878 MARCIANUS
1717 843 1808 879 libro
1835 845 1958 897 primo
1990 843 2034 878 de
2061 844 2366 898 appellationibus
2410 845 2444 880 A

1357 887 1534 923 sententia
1564 887 1658 923 inter
1690 887 1780 924 alios
1812 887 1910 924 dicta
1940 889 2115 934 appellari
2140 900 2213 925 non
2235 893 2356 935 potest
2378 889 2443 925 nisi

1358 943 1403 968 ex
1425 933 1521 969 iusta
1544 943 1667 975 causa,
1690 933 1798 969 veluti
1822 934 1853 969 si
1872 934 1952 979 quis
1971 934 2010 969 in
2031 934 2245 970 coheredum
2264 934 2444 980 praeiudi-

1359 978 1452 1014 cium
1477 988 1516 1014 se
1540 978 1768 1014 condemnari
1790 978 1928 1024 patitur
1950 979 2006 1014 vel
2029 979 2176 1015 similem
2193 979 2279 1015 huic
2300 990 2444 1016 eausam

1357 1024 1530 1068 (quamvis
1571 1027 1607 1059 et
1645 1023 1722 1059 sine
1760 1024 2001 1070 appellatione
2036 1028 2136 1061 tutus
2173 1029 2228 1060 est
2262 1025 2442 1068 coheres):

1356 1069 1442 1104 item
1464 1068 1693 1104 fideiussores
1717 1079 1783 1114 pro
1808 1079 1850 1105 eo
1875 1080 1940 1116 pro
1965 1081 2035 1115 quo
2058 1070 2333 1106 intervenerunt.
2379 1070 2442 1115 igi-

1356 1118 1416 1150 tur
1446 1118 1482 1150 et
1511 1114 1704 1150 venditoris
1728 1114 1916 1151 fideiussor
1939 1119 2099 1160 emptore
2122 1115 2216 1151 victo
2240 1115 2444 1161 appellabit,

1363 1164 1375 1194 1
1427 1159 1512 1195 lieet
1542 1163 1681 1205 emptor
1712 1164 1749 1195 et
1778 1160 1942 1196 venditor
1972 1160 2218 1206 adquiescant.
2273 1160 2312 1196 Si
2341 1160 2445 1196 heres

1356 1204 1541 1240 institutus
1566 1205 1680 1240 victus
1698 1204 1808 1240 fuerit
1827 1206 1874 1241 ab
1894 1216 1947 1249 eo,
1973 1206 2033 1251 qui
2052 1205 2097 1241 de
2114 1205 2315 1242 inofficioso
2334 1209 2445 1242 testa-

1357 1254 1478 1287 mento
1501 1250 1642 1295 agebat,
1667 1250 1847 1295 legatariis
1872 1254 1909 1286 et
1927 1251 1988 1295 qui
2007 1251 2210 1288 libertatem
2228 1255 2446 1297 acceperuut

1356 1295 1631 1342 permittendum
1655 1300 1710 1331 est
1733 1296 1934 1342 appellare,
1967 1295 1998 1332 si
2027 1300 2223 1342 querantur
2244 1306 2309 1341 per
2333 1296 2445 1332 collu-

1357 1341 1494 1377 sionem
1530 1341 1823 1387 pronuntiatum:
1863 1341 1958 1377 sicut
1993 1341 2095 1377 divus
2125 1341 2212 1377 Pius
2248 1341 2445 1387 rescripsit.

1359 1389 1379 1421 2
1426 1386 1525 1422 Idem
1560 1387 1746 1432 rescripsit
1779 1387 1970 1432 legatarios
2009 1397 2156 1422 causam
2195 1386 2445 1432 appellationis

1359 1435 1378 1467 3
1426 1442 1531 1476 agere
1555 1442 1674 1477 posse.
1722 1431 1792 1467 Sed
1825 1436 1861 1468 et
1889 1432 1919 1467 si
1948 1432 1986 1466 in
2015 1431 2179 1467 fraudem
2202 1442 2304 1467 suam
2327 1435 2445 1468 trans-

1359 1477 1536 1512 actionem
1559 1477 1692 1512 factam
1716 1478 1762 1513 ab
1783 1487 1826 1513 eo
1846 1477 1906 1522 qui
1924 1477 2142 1523 appellasset
2161 1477 2329 1520 dicerent,
2352 1477 2445 1513 idem

1359 1522 1547 1558 dicendum
1585 1526 1651 1558 est.
1705 1522 1769 1558 sed
1807 1526 1844 1558 et
1879 1522 1955 1558 sine
1993 1522 2231 1568 appellatione
2270 1522 2301 1558 si
2337 1522 2447 1558 fuerit

1358 1571 1379 1603 4
1426 1570 1660 1612 transactum,
1685 1567 1848 1603 similiter
1870 1568 2083 1613 rescriptum
2107 1571 2172 1604 est.
2211 1567 2248 1603 Si
2292 1568 2347 1604 uis
2366 1568 2445 1613 ipso

1359 1612 1416 1649 die
1443 1612 1539 1648 inter
1568 1616 1650 1649 acta
1678 1623 1766 1648 voce
1795 1613 2005 1658 appellavit,
2040 1613 2110 1649 hoc
2138 1612 2173 1648 ei
2201 1578 2353 1648 suflicit:
2389 1612 2446 1648 sin

1359 1662 1478 1694 autem
1502 1658 1572 1694 hoc
1596 1669 1669 1694 non
1692 1658 1828 1701 fecerit,
1853 1658 1900 1693 ad
1922 1658 2063 1694 libellos
2083 1657 2339 1704 appellatorios
2357 1657 2445 1693 dan·

1360 1703 1426 1740 dos
1450 1703 1598 1739 biduum
1621 1703 1676 1739 vel
1699 1703 1858 1738 triduum
1883 1703 2162 1749 computandum
2186 1706 2251 1738 est.

1405 1746 1431 1786 6
1456 1748 1650 1785 ULPJANUS
1671 1748 1763 1784 libro
1781 1748 1939 1784 seeundo
1957 1749 2002 1784 de
2019 1748 2324 1802 appellationibus
2363 1747 2447 1784 Non
2473 1783 2476 1786 .

1358 1797 1499 1830 tantum
1521 1793 1567 1836 ei,
1592 1793 1653 1839 qui
1676 1793 1723 1828 ad
1740 1793 1956 1839 supplicium
1974 1793 2128 1836 ducitur,
2151 1803 2348 1839 provocare
2364 1803 2446 1839 per·

1359 1839 1522 1882 mittitur,
1547 1849 1668 1874 verum
1692 1838 1754 1874 alii
1777 1848 1918 1884 quoque
1940 1839 2082 1874 nomine
2105 1839 2192 1882 eius,
2216 1849 2289 1874 non
2307 1842 2446 1874 tantum

1359 1885 1390 1920 si
1422 1884 1482 1920 ille
1510 1883 1747 1926 mandaverit,
1786 1894 1908 1920 verum
1938 1884 2097 1929 quisquis
2128 1883 2221 1919 alius
2250 1894 2447 1929 provocare

1358 1929 1522 1966 voluerit.
1569 1939 1685 1974 neque
1709 1928 1955 1974 distinguitur,
1982 1933 2102 1964 utrum
2125 1928 2347 1965 necessarius
2371 1930 2447 1965 eius

1359 1975 1406 2011 sit
1429 1985 1495 2010 nec
1518 1985 1583 2010 ne:
1617 1974 1721 2010 credo
1752 1974 1846 2010 enim
1878 1974 2108 2011 humanitatis
2137 1975 2277 2010 ratione
2307 1985 2447 2011 omnem

1358 2024 1613 2066 provocantem
1636 2019 1755 2055 audiri
1778 2019 1920 2056 debere.
1957 2030 2040 2064 ergo
2065 2023 2102 2055 et
2125 2019 2156 2055 si
2179 2020 2257 2066 ipse
2280 2019 2446 2065 adquies-

1360 2066 1409 2101 cit
1431 2066 1646 2101 sententiae:
1680 2075 1747 2101 nec
1777 2065 1998 2110 quaerimus,
2030 2065 2132 2100 cuius
2163 2065 2314 2100 intersit.
2361 2065 2447 2109 quid

1358 2121 1460 2156 ergo,
1493 2111 1524 2146 si
1552 2111 1697 2146 resistat
1726 2110 1787 2156 qui
1817 2110 2008 2147 damnatus
2038 2115 2094 2146 est
2123 2109 2294 2146 adversus
2317 2120 2446 2155 provo-

1359 2156 1547 2199 cationem,
1572 2166 1639 2192 nec
1662 2156 1747 2191 velit
1769 2155 1907 2191 admitti
1930 2156 2007 2191 eius
2030 2165 2053 2190 a
2078 2155 2309 2201 pellationem
2328 2155 2447 2201 perire

1358 2201 1558 2238 festinans?
1604 2201 1721 2238 adhuc
1744 2205 1866 2247 putem
1892 2200 2042 2237 differen
2068 2211 2127 2236 um
2151 2200 2376 2246 supplicium.

1406 2245 1429 2283 7
1452 2246 1689 2283 MAROJANUS
1707 2247 1798 2283 libro
1815 2247 1936 2293 primo
1956 2247 2001 2281 de
2020 2245 2325 2293 appellationibus
2360 2245 2447 2281 Cum

1359 2292 1503 2338 quidam
1533 2302 1600 2337 pro
1626 2295 1682 2327 ter
1714 2291 1918 2328 violentiam
1954 2291 2081 2327 iudicis
2118 2301 2190 2326 non
2219 2290 2290 2336 ipsi
2322 2301 2345 2326 a
2375 2302 2445 2336 quo

1359 2303 1880 2419 31¹⁹..
1898 2336 1996 2418 ..aff
2015 2336 2446 2427 hwa...

1359 2428 1769 2512 appelffitffligvzggzz
1788 2475 1919 2525 quarto
1944 2471 1989 2507 de
2008 2471 2315 2526 appellationibus
2352 2471 2447 2508 Illud

1359 2518 1544 2555 sciendum
1573 2522 1629 2554 est
1658 2527 1740 2554 eum
1769 2528 1830 2562 qul
1883 2522 2064 2553 rovocavlt
2095 2527 2169 2553 non
2199 2516 2330 2553 debere
2360 2527 2445 2553 con-

1359 2564 1483 2600 viciari
1517 2563 1552 2599 ei
1589 2573 1612 2598 a
1650 2574 1720 2608 quo
1750 2573 1772 2611 a
1797 2573 1842 2608 pe
1869 2565 1924 2598 at:
1965 2566 2124 2598 ceterum
2155 2561 2335 2608 oportebit
2367 2573 2446 2598 eum

1359 2610 1480 2656 plecti.
1529 2612 1565 2644 et
1587 2608 1638 2644 ita
1662 2604 1734 2644 divi
1792 2612 1887 2644 atres
1910 2607 2182 2654 rescripserunt.

1406 2653 1432 2693 9
1456 2653 1599 2690 Macen
1627 2654 1718 2690 libro
1747 2653 1905 2690 secundo
1934 2652 1979 2688 de
2002 2652 2309 2700 appellationibus
2353 2651 2447 2689 Illud

1360 2698 1544 2736 sciendum
1575 2702 1630 2735 est
1659 2708 1776 2743 neque
1805 2698 1981 2744 pupillum
2010 2707 2125 2744 neque
2156 2707 2232 2734 rem
2254 2697 2446 2744 publicam,

1360 2756 1442 2782 cum
1475 2755 1542 2791 pro
1581 2744 1745 2780 libertate
1781 2743 1979 2786 iudicatur,
2019 2743 2058 2779 in
2095 2743 2274 2788 integrum
2306 2743 2447 2779 restitui

1359 2801 1483 2845 posse,
1520 2789 1584 2826 sed
1618 2789 1893 2835 appellationem
1927 2798 2007 2826 esse
2041 2788 2294 2825 necessariam.
2339 2788 2447 2835 idque

1358 2840 1410 2872 ita
1432 2835 1647 2881 rescriptum
1670 2838 1736 2870 est.

1409 2880 1458 2919 10
1491 2880 1685 2917 ULPIANUS
1713 2880 1805 2916 libro
1836 2883 1962 2916 octavo
1986 2878 2269 2926 disputationum
2316 2877 2354 2915 Si
2385 2878 2446 2925 qui

1359 2926 1551 2972 separatim
1585 2924 1720 2960 fuerint
1753 2924 1996 2967 condemnati,
2037 2924 2196 2970 quamvis
2236 2934 2282 2960 ex
2322 2923 2446 2960 eadem

1362 2975 1376 3007 1
1428 2981 1556 3015 causa,
1587 2970 1751 3016 pluribus
1783 2970 1834 3006 eis
1859 2969 2158 3016 appellationibus
2181 2979 2271 3015 opus
2295 2972 2360 3005 est.
2409 2969 2446 3005 Si

1359 3017 1455 3063 quis,
1481 3027 1562 3053 eum
1585 3025 1658 3051 una
1681 3015 1823 3051 actione
1846 3019 2028 3060 ageretur,
2052 3024 2143 3060 quae
2164 3014 2284 3060 plures
2308 3014 2445 3061 species

1358 3064 1395 3099 in
1418 3072 1458 3099 se
1480 3061 1622 3105 habeat,
1647 3060 1810 3106 pluribus
1831 3061 1976 3097 summis
1996 3060 2043 3096 sit
2062 3059 2331 3103 condemnatus,
2356 3070 2444 3106 qua-

1357 3119 1436 3144 rum
1460 3106 1620 3152 singulae
1643 3106 1823 3142 notionem
1846 3105 2018 3151 principis
2041 3115 2112 3142 non
2132 3104 2290 3147 faciunt,
2322 3115 2444 3141 omnes

1358 3157 1478 3189 autem
1503 3151 1715 3188 coniunctae
1738 3150 1893 3186 faciunt:
1928 3150 2060 3196 poterit
2090 3150 2136 3186 ad
2159 3150 2357 3195 principem
2379 3160 2444 3196 ap-

1359 3202 1379 3234 2
1426 3197 1572 3244 pellare.
1607 3195 1677 3232 Sed
1698 3206 1778 3231 cum
1797 3196 1967 3232 adversus
1986 3207 2009 3276 p

1357 3243 1514 3279 rationes
1537 3251 1630 3288 quae
1654 3241 1704 3276 eis
1729 3245 1915 3285 nocerent,
1945 3251 1988 3277 su
2006 3240 2081 3277 ficit
2107 3250 2159 3276 eis
2189 3250 2262 3275 una
2284 3240 2444 3286 appella-

1357 3290 1407 3325 tio
1420 3316 1429 3333 ,
1453 3287 1537 3334 quia
1559 3297 1631 3323 uno
1655 3286 1760 3323 titulo
1785 3286 2097 3332 comprobatarum
2119 3285 2299 3321 rationum
2323 3295 2443 3322 omnes

1359 3339 1378 3370 3
1426 3332 1738 3370 conveniebantur.
1787 3331 1960 3376 Quotiens
1989 3335 2109 3366 autem
2132 3330 2252 3376 plures
2275 3330 2313 3366 in
2336 3340 2443 3366 unam

1357 3388 1530 3416 summam
1554 3377 1855 3420 condemnantur,
1888 3380 2008 3412 utrum
2035 3386 2109 3412 una
2133 3375 2307 3411 sententia
2331 3379 2385 3412 est
2408 3380 2444 3411 et

1357 3423 1499 3472 quasin
1522 3422 1645 3469 plures
1668 3422 1706 3457 in
1729 3433 1838 3458 unam
1866 3431 2039 3458 summam
2070 3421 2123 3457 rei
2152 3420 2226 3457 sint
2237 3421 2265 3442 ¹²
2294 3420 2442 3467 promit-

1355 3469 1466 3512 tendi,
1489 3472 1531 3504 ut
1553 3468 1799 3514 unusquisque
1822 3477 1945 3503 eorum
1966 3467 2004 3502 in
2022 3466 2175 3502 solidum
2197 3469 2373 3509 teneatur,
2397 3476 2444 3502 an

2012 3197 2105 3231 lures
2127 3195 2301 3249 probatae
2324 3198 2446 3231 essent

1354 3585 1479 3628 scripta
1490 3585 1578 3626 suut,
1592 3583 1681 3616 nihil
1693 3593 1714 3616 a
1725 3582 1820 3616 nobis
1831 3580 2097 3625 praeiudicatum
2109 3590 2176 3614 esse
2187 3579 2365 3622 videbitur,
2382 3580 2439 3622 qui

1355 3628 1621 3673 responderimus
1640 3629 1772 3672 seriptis
1791 3627 1858 3660 alia
1875 3625 2146 3669 proponentibus.
2254 3626 2298 3668 (5)
2322 3635 2442 3668 provo-

1355 3675 1425 3708 cari
1439 3687 1502 3708 ser.
1596 3679 1640 3714 (a)
1666 3677 1699 3707 et
1716 3676 1776 3707 ins.
1870 3673 1915 3714 (7)
1938 3672 2007 3704 sint
2026 3670 2124 3714 plexa
2145 3671 2181 3704 F
2262 3674 2306 3710 (8)
2330 3669 2439 3703 smili-

874 3731 933 3754 uso
953 3719 1130 3763 appellare.
1161 3732 1237 3754 nam
1257 3722 1285 3754 si
1354 3722 1456 3754 tatem
1470 3720 1504 3753 F
1565 3720 1611 3761 (9)
1635 3720 1859 3762 quaeparatur
1871 3716 1930 3759 F’,
1948 3719 2166 3760 praeparatur
2178 3716 2228 3749 F¹
2297 3716 2358 3757 (ιο)
2381 3725 2433 3758 ap·

206 3767 370 3800 docebunt
388 3764 440 3798 vel
461 3765 543 3798 falsa
563 3775 629 3798 esse
648 3764 699 3798 vel
718 3767 807 3798 certe
826 3764 924 3798 aliter
946 3775 980 3799 se
1005 3765 1124 3799 habere
1145 3777 1182 3799 ea
1201 3776 1286 3808 quae
1354 3764 1500 3809 pellendi
1516 3765 1550 3798 F

1630 3766 1686 3806 (¹1)
1711 3763 1820 3806 quiasi
1833 3763 1868 3796 F
1950 3763 2009 3801 (12)
2033 3764 2113 3794 sunt
2126 3773 2190 3794 scr.
