2528 3918
1477 0 1486 23 l

1488 19 1548 75 ἡ

1538 78 1541 98 k

171 110 402 154 XXXXIII
434 113 500 153 25.
525 113 581 154 26
1085 109 1332 181 —702
1547 108 1591 129 ‘K
1629 126 1690 156 ns
1713 125 2067 158 asmssmnmus.
2096 126 2158 157 nn·
2181 127 2405 159 Pascamo

640 258 789 300 XXV&
1326 233 1412 269 mihi
1442 233 1612 279 adquisiit
1641 236 1860 280 precarium:
1901 235 1958 271 vel
1993 235 2071 281 quis
2102 235 2211 280 alius,
2247 237 2309 282 qui
2343 237 2410 273 iuri

486 335 551 368 DE
573 334 936 374 REMISSIOMBUS.

123 441 127 443 -
218 414 236 451 1
250 416 266 434 ²
295 412 492 449 ULPJANUS
520 412 612 449 libro
634 423 654 448 s
701 414 925 460 tuaqensimo
942 414 1068 459 primo
1092 412 1142 447 ad
1164 412 1258 449 edio-

168 466 244 494 tum
288 458 353 494 Ait
372 461 538 504 praetor:
565 423 757 503 ‘Quoff'ius
782 458 828 494 sit
851 458 904 492 illi
927 457 1128 503 prohibere,
1152 468 1199 493 ne
1219 468 1258 494 se

168 504 290 540 ‘invito
312 503 394 546 fiat,
423 504 461 538 in
483 513 527 539 eo
551 504 730 539 nuntiatio
753 507 893 539 teneat:
926 507 1085 539 ceterum
1114 503 1257 538 nuntia-

171 553 182 584 1
235 549 381 584 ‘tionem
402 549 547 585 missam
569 548 688 584 facio’.
724 548 799 584 Sub
818 549 887 583 hoc
906 548 1011 584 titulo
1030 548 1257 584 remissiones

167 598 187 630 2
233 598 496 640 proponuntur.
548 593 599 629 Et
629 595 739 630 verba
768 594 946 639 praetoris
976 593 1171 629 ostendunt
1199 604 1256 629 re-

166 639 370 676 missionem
387 639 438 674 ibi
456 639 596 675 demum
613 639 758 682 factam,
783 639 845 674 ubi
862 639 1039 675 nuntiatio
1057 649 1130 675 non
1147 642 1255 682 tenet,

167 690 203 721 et
219 685 480 720 nuntiationem
500 685 550 721 ibi
569 684 711 720 demum
729 684 885 720 voluisse
904 688 1105 729 praetorem
1123 687 1256 729 tenere,

166 730 228 766 ubi
257 730 316 766 ius
347 734 404 766 est
432 730 613 766 nuntianti
643 729 854 775 prohibere,
895 740 940 765 ne
969 740 1008 765 se
1038 730 1148 765 invito
1179 729 1255 765 fiat.

166 780 323 811 ceterum
347 776 420 811 sive
442 775 632 812 satisdatio
656 775 869 811 interveniat
892 775 966 810 sive
984 785 1069 818 non,
1093 775 1256 811 remissio

165 822 264 857 facta
286 821 356 856 hoc
379 824 519 856 tantum
542 821 702 863 remittit,
726 821 764 855 in
788 831 859 866 quo
883 831 957 856 non
980 820 1096 856 tenuit
1112 821 1255 856 nuntia-

164 866 227 902 n'o.
275 866 382 911 plane
405 867 437 902 si
459 866 673 902 satisdatum
697 869 770 910 est,
798 865 949 902 ³exinde
973 866 1133 901 remissio
1158 865 1257 902 facta

165 915 185 947 3
232 917 289 948 est
297 913 322 956 ⁴,
346 922 419 948 non
443 916 500 948 est
521 911 723 948 necessaria
742 911 916 947 remissio.
953 912 1014 947 Ius
1032 912 1144 947 habet
1165 922 1255 957 opus

164 968 296 994 novum
319 957 524 1000 nuntiandi,
581 957 617 992 ui
646 960 710 991 aut
738 955 933 992 dominium
962 962 1027 992 aut
1049 957 1255 993 servitutem

164 1006 187 1038 4
232 1002 354 1039 habet.
402 1003 493 1038 Item
520 1003 538 1037 I
579 1003 660 1038 ’ano
689 1002 810 1047 placet
840 1002 1039 1038 fructuario
1071 1001 1254 1038 vindican-

164 1048 292 1084 darum
323 1048 545 1084 servitutium
576 1048 633 1083 ius
666 1057 762 1083 esse:
803 1048 999 1083 secundum
1035 1047 1132 1093 quod
1163 1058 1255 1093 opus

163 1105 295 1129 novum
317 1094 484 1129 nuntiare
508 1092 642 1138 poterit
664 1092 780 1129 vicino
811 1097 849 1128 et
870 1093 1031 1129 remissio
1055 1093 1151 1129 utilis
1176 1093 1254 1128 erit.

162 1139 233 1184 ipsi
262 1142 383 1175 autem
414 1139 556 1174 domino
585 1138 724 1183 praedii
757 1138 789 1174 si
821 1139 1055 1181 nuntiaverit,
1093 1138 1254 1174 remissio

162 1184 299 1220 inutilis
324 1184 409 1219 erit:
435 1186 575 1229 neque⁵
599 1184 694 1219 sicut
716 1183 887 1220 adversus
912 1184 1084 1227 vicinum,
1117 1184 1168 1219 ita
1191 1184 1254 1219 ad-

164 1240 287 1266 versus
319 1229 501 1265 dominum
531 1239 636 1274 agere
667 1233 788 1274 potest
809 1229 866 1265 ius
890 1229 923 1264 ei
946 1240 1019 1265 non
1042 1239 1119 1265 esse
1142 1229 1255 1265 invito

163 1285 201 1311 se
223 1275 331 1310 altius
360 1274 561 1310 aedificare.
609 1274 673 1311 sed
704 1275 734 1310 si
763 1275 834 1310 hoc
864 1274 977 1311 facto·
995 1285 1082 1310 usus
1114 1274 1255 1310 fructus

162 1320 318 1356 deterior
348 1320 430 1363 fiat,
466 1324 588 1366 petere
624 1330 731 1355 usum
766 1319 925 1355 fructum
960 1320 1114 1356 debebit.
1160 1319 1256 1356 idem

162 1366 322 1401 Iulianus
354 1365 440 1400 dicit
470 1365 516 1401 de
548 1366 694 1409 ceteris,
736 1365 865 1410 quibus
897 1365 1019 1411 aliqua
1050 1365 1201 1401 servitus
1232 1376 1256 1401 a

157 1415 183 1446 ,5
230 1411 345 1446 vicino
370 1410 534 1446 debetur.
580 1410 627 1446 Ei
651 1420 810 1456 quoque,
844 1411 905 1456 qui
934 1411 1075 1463 pignori
1104 1410 1256 1446 fundum

162 1456 351 1503 acceperit,
385 1456 512 1492 scribit
533 1456 694 1492 Iulianus
726 1467 798 1492 non
829 1467 909 1493 esse
938 1457 1099 1502 iniquum
1131 1456 1254 1492 deten-

160 1503 318 1538 tionem⁶
341 1501 522 1539 servitutis
546 1501 636 1537 dari.

623 1663 757 1703 XXVI
764 1662 792 1703 ⁷.

545 1741 609 1774 DE
632 1739 872 1774 PREGARIO.

211 1819 229 1857 1
265 1819 462 1855 [limnas
482 1818 574 1854 libro
588 1818 713 1864 primo
737 1818 1001 1853 institutionum
1047 1818 1256 1855 Precarium

162 1869 231 1910 est,
263 1864 360 1910 quod
383 1863 551 1910 precibus
574 1863 713 1908 petenti
735 1862 908 1899 utendum
931 1863 1140 1900 conceditur
1162 1868 1254 1900 tam-

166 1916 179 1946 l
230 1911 307 1955 diu,
338 1909 509 1955 quamdiu
531 1908 563 1944 is
587 1909 649 1954 qui
673 1908 851 1945 concessit
873 1909 1020 1954 patitur.
1068 1909 1174 1954 Quod
1218 1920 1255 1945 e-

161 1959 181 1991 2
228 1966 297 1992 nus
328 1954 555 1991 liberalitatis
586 1965 630 1990 ex
658 1955 738 1990 iure
765 1954 926 2006 gentium
957 1955 1153 1991 descendit.
1194 1921 1256 1991 {iit

161 2002 272 2037 distat
295 2011 318 2037 a
341 2000 535 2037 donatione
557 2010 619 2042 eo,
654 1999 751 2044 quod
774 2011 835 2045 qm
859 1999 988 2044 donat,
1021 2000 1074 2036 sic
1097 2000 1178 2044 dat,
1210 2011 1255 2036 ne

159 2047 330 2093 recipiat,
367 2050 407 2081 at
442 2045 504 2090 qui
538 2045 704 2091 precario
743 2045 927 2089 concedit,
965 2046 1018 2081 sic
1052 2045 1116 2081 dat
1152 2047 1255 2092 quasi

160 2098 248 2128 tunc
268 2095 492 2137 recepturus,
518 2101 600 2126 cum
623 2091 692 2126 sibi
714 2090 860 2127 libuerit
882 2091 1085 2136 precarium
1105 2091 1252 2128 solvere.

163 2142 182 2173 3
230 2139 281 2173 Et
305 2141 360 2173 est
382 2136 497 2173 simile
521 2136 766 2172 commodato:
799 2146 882 2171 nam
906 2141 943 2172 et
966 2136 1029 2182 qui
1051 2137 1255 2173 commodat

161 2194 253 2226 rem,
287 2183 341 2219 sic
373 2192 415 2218 co
490 2181 593 2224 odat,
624 2185 666 2217 ut
695 2191 769 2217 nou
798 2181 911 2217 faciat
933 2191 1010 2217 rem
1033 2182 1252 2228 accipientis,

162 2228 225 2265 sed
248 2233 290 2264 ut
313 2228 347 2264 ei
369 2231 424 2263 uti
446 2237 487 2264 re
510 2227 736 2263 commodata
758 2226 954 2272 permittat.

208 2272 234 2311 2
266 2273 374 2309 Imm
409 2272 500 2308 libro
538 2273 830 2319 septuaqensimo
856 2273 981 2326 primo
1017 2272 1067 2308 ad
1098 2272 1253 2308 edictum

162 2320 223 2355 Ait
246 2323 412 2365 praetor:
446 2317 562 2363 ‘Quod
591 2318 755 2363 precario
789 2318 835 2353 ab
858 2317 921 2353 illo
945 2318 1059 2353 habes
1083 2322 1148 2353 aut
1170 2317 1252 2354 dolo

163 2365 268 2401 ‘malo
290 2363 427 2406 fecisti,
451 2367 493 2398 ut
516 2363 697 2399 desineres
720 2363 872 2406 habere,
897 2373 969 2408 qua
992 2363 1037 2399 de
1059 2373 1099 2399 re
1123 2364 1252 2408 agitur,

166 2414 180 2446 1
231 2410 279 2445 ‘id
306 2409 360 2445 illi
388 2409 583 2445 restituas’.
630 2408 711 2444 Hoc
739 2408 969 2444 interdictum
992 2408 1254 2445 restitutorium

162 2460 182 2491 2
230 2460 296 2492 est.
343 2454 396 2490 Et
418 2454 619 2490 naturalem
643 2454 753 2490 habet
774 2454 812 2489 in
837 2464 876 2490 se
899 2454 1127 2499 aequitatem,
1152 2465 1252 2490 nam-

162 2512 231 2547 que
252 2500 457 2546 precarium
479 2509 648 2535 revocare
671 2499 804 2536 volenti
828 2499 1042 2545 competit⁸z
1075 2504 1130 2536 est
1160 2501 1253 2536 enim

162 2551 294 2583 natura
317 2556 339 2580 a
385 2556 471 2581 uum
493 2545 632 2580 tamdiu
650 2548 687 2580 te
706 2544 923 2581 liberalitate
941 2555 1022 2581 mea
1039 2546 1104 2588 uti,
1129 2556 1252 2591 quam-

163 2593 224 2628 diu
248 2602 313 2637 ego
338 2555 452 2634 egum,
478 2595 514 2626 et
536 2596 578 2626 ut
600 2590 735 2636 possim
758 2600 940 2634 revocare,
965 2601 1048 2627 cum
1068 2595 1252 2627 mutavero

162 2638 394 2674 voluntatem.
441 2637 564 2690 itaque
596 2646 676 2671 cum
701 2635 787 2681 quid
808 2636 973 2681 precario
996 2640 1163 2681 rogatum
1186 2641 1252 2680 est,

163 2694 235 2719 non
264 2682 379 2718 solum
409 2682 480 2718 hoc
507 2681 698 2717 interdicto
726 2681 781 2717 uti
807 2692 1020 2727 possumus,
1052 2681 1117 2718 sed
1145 2682 1253 2718 etiam

163 2727 396 2809 ἕηῗῖἓξὲῗε
419 2727 900 2808 νέἔέἓῑὲθῗᾱῖἳῖιὲωέχ
923 2727 1253 2809 ῗὲἓέεέῗὲἓὲἐᾞ

164 2819 325 2864 corporis
361 2784 434 2853 velp
453 2818 541 2854 iuris
579 2817 732 2898 adesstius
745 2784 832 2870 'vagg
854 2783 999 2854 exphac
1030 2818 1252 2855 solummodo

164 2874 291 2907 causa,
324 2863 422 2908 quod
449 2873 576 2909 preces
606 2874 629 2898 a
693 2863 771 2898 buit
799 2867 837 2899 et
865 2863 1088 2909 impetravit,
1120 2867 1161 2899 ut
1185 2864 1254 2900 sibi

163 2909 348 2955 possidere
370 2913 435 2944 aut
457 2909 512 2944 uti
533 2909 658 2944 liccat:

210 2952 235 2994 3
263 2954 388 2991 Galus
415 2953 506 2990 libro
537 2955 728 2990 vicensimo
760 2954 886 3006 quinto
918 2953 968 2989 ad
990 2954 1146 2990 edictum
1160 2965 1252 3001 pro-

164 2999 318 3037 vinciale
363 2998 474 3035 veluti
497 2999 529 3035 si
551 3009 607 3034 me
630 3009 795 3044 precario
814 2999 1004 3044 rogaveris,
1029 3004 1072 3035 ut
1089 3010 1154 3045 per
1170 3000 1252 3036 fun-

164 3045 249 3081 dum
272 3054 392 3081 meum
413 3043 468 3080 ire
489 3044 545 3079 vel
569 3054 674 3089 agere
697 3044 764 3080 tibi
786 3044 894 3080 liceat
915 3044 971 3080 vel
994 3049 1036 3080 ut
1057 3046 1094 3080 in
1116 3049 1253 3081 tectum

164 3091 220 3127 vel
243 3091 282 3126 in
304 3099 427 3126 aream
450 3089 592 3125 aedium
615 3090 801 3125 mearum⁹
824 3089 1041 3125 stillicidium
1054 3092 1083 3112 ¹⁰
1107 3091 1163 3126 vel
1185 3091 1252 3136 tig-

165 3147 250 3172 num
272 3136 310 3171 in
333 3134 506 3181 parietem
528 3134 723 3170 immissum
746 3135 892 3171 habeas.

210 3181 237 3219 4
260 3179 456 3218 ULPJANUS
472 3179 564 3216 libro
583 3191 601 3214 s
649 3181 873 3227 tuaqensimo
886 3181 1011 3227 primo
1030 3180 1081 3216 ad
1097 3180 1252 3217 edictum

163 3227 207 3263 In
237 3226 346 3262 rebus
374 3225 482 3261 etiam
509 3225 604 3261 mob'
634 3225 702 3260 bus
731 3225 884 3270 precarii
912 3225 1050 3271 rogatio
1080 3226 1250 3262 constitit.

171 3277 180 3307 1
232 3270 440 3308 Meminisse
462 3274 583 3306 autem
605 3280 672 3306 nos
697 3274 838 3315 oportet
868 3281 965 3315 eum,
998 3271 1059 3316 qui
1088 3272 1252 3316 precario

166 3321 185 3352 2
231 3317 358 3359 habet,
387 3316 495 3352 etiam
525 3314 721 3362 possidere.
775 3315 933 3352 Tenetur
961 3315 1032 3352 hoc
1060 3316 1251 3353 interdicto

165 3373 239 3398 non
257 3361 380 3407 utique
396 3361 466 3405 ille,
514 3361 554 3397 ui
571 3360 735 3407 precario
755 3360 903 3405 rogavit,
928 3361 992 3397 sed
1009 3361 1070 3407 qui
1088 3362 1252 3407 precario

165 3409 292 3444 habet:
323 3406 454 3442 etenim
510 3406 562 3443 eri
591 3409 728 3452 potest,
760 3409 802 3440 ut
824 3406 903 3450 quis
927 3417 1000 3442 non
1023 3407 1201 3452 rogaverit
1212 3409 1251 3450 ¹¹,

165 3453 229 3488 sed
251 3451 385 3487 habeat
408 3452 582 3497 precario.
630 3455 672 3486 ut
702 3454 791 3496 puta
821 3460 945 3487 servus
970 3462 1071 3488 meus
1094 3452 1250 3497 rogavit:

212 3569 251 3606 (ι)
277 3566 344 3600 Ed.
360 3582 406 3589 —
424 3565 511 3599 Bas.
528 3565 590 3599 vol.
606 3573 622 3599 δ
639 3576 677 3608 p.
691 3570 747 3599 222
762 3563 891 3598 Heimb.
1010 3566 1052 3608 (2)
1078 3567 1126 3599 ad
1137 3570 1154 3605 5
1169 3573 1186 3599 4
1206 3566 1250 3609 cf.

166 3611 213 3644 D.
226 3612 318 3653 39,1,
331 3618 361 3653 2,
381 3611 428 3645 ad
440 3616 456 3649 §
471 3618 488 3644 ε
500 3610 546 3643 D.
562 3611 632 3652 8,1,
644 3617 677 3644 ιθ
782 3609 828 3652 (a)
852 3610 958 3643 etim.
972 3610 1026 3642 F²
1130 3612 1173 3651 (4)
1197 3621 1249 3643 ro—

166 3656 278 3735 ζιέζὶῖ
289 3656 375 3688 faeta
388 3659 438 3688 est
449 3655 510 3690 del.
598 3657 643 3697 (5)
667 3654 756 3688 enim
767 3655 831 3688 ino.
843 3654 864 3689 l.
875 3666 957 3699 yem-
1045 3657 1091 3698 (a)
1114 3655 1251 3698 petitio-

211 3747 256 3789 (τ)
282 3714 441 3780 ἓῗπωι
457 3753 485 3778 s.
502 3752 607 3785 s...1a;
628 3744 708 3778 Sat.
724 3752 746 3779 ι.
762 3750 925 3783 ι.ι4...2ο;
947 3745 1034 3789 App.
1050 3752 1075 3778 τ.
1090 3752 1250 3780 21.22.-

1327 281 1348 314 3
1394 289 1474 315 meo
1497 279 1680 316 subiectus
1703 285 1770 317 est.
1815 280 1907 316 Item
1937 281 1969 316 si
1997 291 2073 316 rem
2104 291 2219 317 meam
2246 283 2411 327 precario

1326 334 1517 369 rogavero,
1551 325 1673 370 rogavi
1708 325 1850 371 quidem
1881 325 2061 371 precario,
2099 325 2163 362 sed
2191 336 2266 362 non
2293 326 2411 363 habeo

1325 370 1490 422 precario
1522 369 1676 414 idcirco,
1714 371 1799 416 quia
1833 375 2016 417 receptum
2044 374 2100 407 est
2129 371 2181 407 rei
2211 381 2300 407 suae
2328 382 2411 417 pre-

1327 418 1348 448 4
1396 424 1532 450 canum
1556 425 1630 450 non
1652 425 1742 452 esse.
1789 416 1879 452 Item
1908 416 1970 462 qui
2000 416 2164 462 precario
2194 416 2242 452 ad
2270 420 2411 463 tempus

1325 460 1475 505 rogavit,
1499 459 1600 496 finito
1624 463 1794 507 tempore,
1823 462 1963 498 etiamsi
1984 461 2031 496 ad
2053 462 2123 497 hoc
2146 461 2316 507 temporis
2338 472 2411 498 non

1325 505 1475 557 rogavit,
1495 509 1616 541 tamen
1632 507 1793 550 precario
1812 507 1995 553 possidere
2012 506 2172 543 videtur:
2194 506 2412 553 intellegitur

1326 560 1421 585 emm
1452 550 1637 592 dominus,
1671 562 1753 587 cum
1775 552 1911 598 patitur
1934 562 2014 588 eum
2039 552 2100 598 qui
2122 551 2284 598 precario
2306 562 2410 598 roga-

1325 596 1456 631 verit¹²
1478 595 1672 641 possidere,
1695 607 1821 633 rursus
1846 597 2008 643 precario
2034 597 2242 633 concedere.

1373 640 1397 678 5
1431 640 1662 676 Poupomvs
1689 641 1780 678 libro
1810 643 2001 679 vicensimo
2032 654 2129 678 nono
2158 642 2208 678 ad
2237 641 2411 679 Sabinum

1327 685 1398 721 Sed
1427 686 1460 722 si
1487 690 1654 722 manente
1685 686 1804 723 adhuc
1832 687 1997 733 precario
2025 692 2067 723 tu
2087 687 2127 723 in
2149 687 2299 724 ulterius
2322 691 2411 724 tem-

1325 742 1394 777 pus
1417 731 1564 777 rogasti,
1586 735 1802 778 prorogatur
1818 733 2039 778 precarium:
2065 743 2150 769 nam
2168 743 2236 768 nec
2253 736 2414 770 mutatur

1326 786 1438 812 causa
1458 777 1697 822 possessionis
1721 782 1758 813 et
1779 789 1852 814 non
1875 778 2106 814 constituitur
2134 788 2177 815 eo
2201 778 2307 814 modo
2330 789 2411 824 pre-

1326 821 1481 865 carium,
1519 821 1585 859 sed
1611 822 1650 858 in
1678 822 1817 868 longius
1846 828 1988 869 tempus
2018 823 2212 869 profertur.
2267 824 2299 859 si
2328 834 2411 860 vero

1324 867 1520 912 praeterita
1538 867 1596 904 die
1613 878 1731 920 rogas,
1752 868 1901 914 propius
1926 872 1991 911 est,
2015 872 2057 904 ut
2075 869 2194 905 soluta
2212 869 2285 904 iam
2302 879 2412 905 causa

1325 912 1479 958 precarii
1501 923 1576 949 non
1597 913 1868 959 redinteffletur,
1893 914 1957 950 sed
1980 924 2073 950 nova
2096 915 2347 950 constituatur.

1371 955 1398 996 6
1421 957 1618 995 mmm
1634 958 1726 995 libro
1744 959 2036 1012 septuaqensimo
2049 960 2174 1006 primo
2194 960 2245 995 ad
2258 959 2412 996 edictum

1326 1003 1430 1040 Certe
1460 1003 1492 1039 si
1517 1003 1661 1039 interim
1692 1004 1857 1040 dominus
1887 1004 2008 1040 furere
2032 1004 2190 1050 coeperit
2211 1005 2268 1041 vel
2290 1004 2412 1042 deces-

1325 1049 1432 1092 serit,
1463 1048 1543 1085 fieri
1572 1060 1646 1085 non
1675 1059 1781 1095 posse
1812 1050 2007 1085 Marcellus
2037 1050 2104 1093 ait,
2141 1053 2184 1085 ut
2211 1049 2412 1096 precarium

1329 1098 1343 1129 1
1392 1094 1671 1140 redintegretur,
1703 1099 1741 1131 et
1766 1095 1837 1131 hoc
1864 1105 1987 1131 verum
2016 1098 2082 1131 est.
2136 1094 2175 1131 Si
2200 1099 2414 1140 procurator

1324 1150 1425 1176 meus
1448 1150 1506 1176 me
1529 1140 1723 1176 mandante
1745 1141 1802 1176 vel
1828 1145 1946 1176 ratum
1976 1141 2131 1176 habente
2154 1140 2323 1193 precario
2354 1152 2412 1177 ro-

1325 1188 1345 1220 2
1391 1185 1546 1230 gaverit,
1585 1196 1651 1231 ego
1681 1186 1845 1232 precario
1876 1186 2009 1222 habere
2040 1195 2185 1231 proprie
2215 1185 2326 1222 dicor.
2377 1186 2413 1222 Is

1325 1230 1386 1275 qui
1409 1230 1559 1275 rogavit,
1582 1236 1625 1266 ut
1645 1231 1810 1276 precario
1833 1231 1872 1267 in
1896 1231 2007 1267 fundo
2031 1235 2202 1273 moretur,
2233 1242 2307 1268 non
2328 1242 2412 1277 pos-

1324 1276 1427 1320 sidet,
1451 1276 1516 1312 sed
1538 1277 1718 1322 possessio
1738 1277 1836 1330 apud
1855 1287 1937 1312 eum
1957 1277 2018 1322 qui
2039 1276 2217 1312 concessit
2232 1280 2411 1312 remanet:

1323 1332 1407 1357 nam
1430 1325 1467 1357 et
1489 1320 1729 1366 fructuarius,
1761 1322 1894 1367 inquit,
1927 1326 1963 1358 et
1987 1321 2135 1358 colonus
2159 1326 2195 1357 et
2217 1321 2255 1357 in
2279 1322 2412 1359 uilinus

1325 1369 1345 1402 3
1392 1370 1477 1402 sunt
1499 1367 1537 1402 in
1559 1367 1708 1419 pra-edio
1733 1371 1770 1402 et
1791 1371 1912 1403 tamen
1930 1378 2002 1403 non
2022 1367 2217 1413 possident.
2271 1367 2411 1404 ulianus

1324 1412 1375 1447 ait
1398 1422 1491 1455 eum,
1540 1423 1577 1447 ui
1599 1424 1634 1448 vi
1658 1412 1810 1448 alterum
1835 1412 1964 1448 deiecit
1983 1417 2020 1449 et
2040 1413 2086 1448 ab
2108 1412 2232 1449 eodem
2248 1413 2411 1459 precario

1323 1457 1481 1503 rogavit,
1537 1458 1675 1494 esinere
1705 1458 1739 1493 vi
1768 1458 1953 1511 possidere
1982 1462 2019 1494 et
2047 1457 2207 1503 incipere
2235 1458 2411 1511 precario,

1324 1513 1439 1547 neque
1469 1503 1675 1539 existimare
1688 1504 1715 1524 ¹³
1750 1504 1818 1539 Slbi
1849 1504 1968 1549 ipsum
1999 1513 2146 1540 causam
2175 1503 2412 1549 possessioms

1324 1552 1481 1591 mutare,
1517 1559 1599 1583 cum
1633 1549 1817 1585 voluntate
1851 1549 1928 1585 eius
1960 1559 2065 1594 quem
2096 1548 2225 1585 deiecit
2255 1549 2414 1595 coeperit

1322 1593 1487 1639 precario
1518 1593 1720 1639 possidere:
1755 1605 1839 1630 nam
1866 1594 1898 1630 si
1928 1595 1975 1630 ab
2008 1594 2131 1630 eodem
2164 1594 2326 1637 emisset,
2356 1595 2412 1630 in-

1325 1639 1445 1684 cipere
1468 1639 1616 1674 etiam¹⁴
1646 1650 1713 1685 pro
1739 1643 1899 1685 emptore
1920 1650 2029 1685 posse
2052 1639 2246 1675 dominium
2271 1649 2411 1685 capere.

1322 1688 1346 1719 4
1392 1683 1602 1728 Quaesitum
1632 1688 1704 1728 est,
1743 1685 1775 1720 si
1809 1685 1888 1731 quis
1918 1695 1994 1720 rem
2025 1695 2127 1722 suam
2155 1684 2298 1731 pignori
2327 1684 2413 1720 mihi

1325 1729 1464 1766 dederit
1496 1733 1533 1766 et
1566 1731 1729 1775 precario
1764 1731 1958 1775 rogaverit,
1996 1740 2045 1766 an
2077 1730 2147 1766 hoc
2183 1730 2413 1766 interdictum

1324 1775 1444 1810 locum
1466 1775 1611 1811 habeat.
1647 1776 1809 1820 quaestio
1830 1776 1869 1811 in
1893 1786 1936 1812 eo
1957 1780 2021 1820 est,
2046 1779 2087 1811 ut
2104 1775 2308 1821 precarium
2326 1786 2412 1812 con-

1325 1820 1451 1856 sistere
1480 1821 1533 1856 rei
1563 1830 1650 1856 suae
1682 1821 1807 1867 possit.
1855 1821 1941 1856 mihi
1970 1821 2110 1857 videtur
2137 1821 2255 1857 verius
2285 1831 2411 1866 preca-

1322 1866 1415 1901 rium
1441 1866 1635 1902 consistere
1657 1866 1695 1901 in
1718 1867 1878 1912 pignore,
1903 1877 1983 1902 cum
2000 1866 2238 1912 possessionis
2255 1870 2411 1912 rogetur,

1323 1921 1397 1947 non
1418 1911 1668 1957 proprietatis,
1701 1917 1737 1947 et
1768 1916 1823 1948 est
1853 1912 1943 1948 haec
1968 1912 2145 1948 sententia
2167 1912 2275 1947 etiam
2296 1911 2411 1947 utilis-

1323 1956 1430 1992 sima:
1465 1956 1611 1993 cottidie
1640 1957 1734 1993 enim
1763 1957 1924 2003 precario
1949 1961 2122 2002 rogantur
2146 1956 2342 1993 creditores
2365 1957 2411 1993 ab

1322 2002 1396 2054 his,
1416 2002 1477 2047 qui
1499 2002 1640 2047 pignori
1663 2002 1856 2046 dederunt,
1882 2007 1919 2038 et
1942 2003 2090 2038 debet¹⁵
2113 2002 2308 2039 consistere
2329 2013 2411 2049 pre-

1324 2058 1471 2083 carlum.

1370 2090 1394 2129 7
1428 2092 1658 2129 VENULEIUS
1689 2093 1780 2129 libro
1813 2094 1918 2129 tertio
1950 2093 2222 2130 interdictorum
2275 2092 2347 2128 Sed
2376 2097 2412 2128 et

1323 2138 1355 2174 si
1378 2148 1458 2174 eam
1480 2148 1574 2182 rem,
1606 2138 1708 2174 cuius
1734 2138 1998 2183 possessionem
2019 2149 2084 2184 per
2106 2137 2335 2174 interdictum
2358 2138 2412 2175 uti

1322 2183 1513 2229 possidetis
1527 2184 1555 2205 ¹⁶
1577 2184 1732 2219 retinere
1752 2184 1907 2229 possim,
1938 2184 2097 2229 quamvis
2120 2182 2283 2220 futurum
2305 2188 2410 2228 esset,

1322 2233 1364 2264 ut
1386 2234 1512 2265 tenear
1536 2228 1580 2265 de
1602 2229 1840 2274 proprietate,
1873 2229 2038 2275 precario
2069 2229 2135 2265 tibi
2162 2229 2409 2272 concesserim,

1322 2274 1502 2311 teneberis
1525 2275 1595 2310 hoc
1618 2274 1821 2311 interdicto.

1369 2313 1394 2357 8
1418 2319 1613 2356 Urmzws
1630 2320 1722 2355 libro
1742 2320 2031 2373 septuaqensimo
2048 2321 2169 2366 primo
2189 2319 2240 2355 ad
2257 2319 2410 2356 edictum

1322 2365 1530 2409 Quaesitum
1560 2368 1632 2408 est,
1664 2365 1696 2400 si
1720 2365 1836 2401 Titius
1864 2375 1922 2401 me
1949 2364 2145 2410 rogaverit,
2177 2368 2219 2400 ut
2248 2375 2288 2400 re
2311 2364 2409 2400 Sem-

1322 2410 1439 2456 pronii
1461 2414 1606 2453 utatur,
1637 2410 1764 2446 deinde
1788 2421 1852 2455 ego
1879 2409 2127 2456 Sempronium
2148 2420 2338 2463 rogavero,
2370 2414 2410 2446 ut

1323 2455 1551 2497 concederet,
1582 2459 1620 2491 et
1641 2455 1721 2498 ille,
1752 2455 1837 2491 dum
1859 2455 1947 2491 mihi
1968 2455 2045 2491 vult
2066 2459 2296 2502 praestitum,
2323 2466 2408 2491 con-

1323 2501 1480 2537 cesserit.
1529 2500 1645 2536 Titius
1670 2511 1693 2535 a
1715 2511 1771 2537 me
1793 2501 1904 2537 habet
1925 2500 2090 2546 precario
2113 2505 2150 2536 et
2172 2510 2238 2547 ego
2262 2511 2343 2536 cum
2367 2511 2409 2538 eo

1321 2556 1426 2592 agam
1447 2546 1638 2582 interdicto
1663 2546 1707 2581 de
1730 2546 1915 2591 precario:
1939 2545 2022 2582 Sem
2046 2546 2170 2582 ronius
2193 2549 2313 2581 autem
2335 2557 2408 2583 non

1321 2596 1404 2638 aget
1423 2602 1505 2628 cum
1524 2601 1578 2634 eo,
1627 2591 1793 2628 uiahaec
1813 2591 1924 2628 verba
1944 2592 2001 2627 ‘ab
2061 2602 2082 2627 o
2128 2591 2265 2627 recario
2284 2591 2408 2628 habes'

1322 2637 1516 2674 ostendunt
1543 2637 1577 2672 ei
1631 2647 1749 2672 emum
1778 2641 1979 2683 competere
2008 2637 2083 2672 inte
2129 2636 2255 2680 ‘ctum,
2286 2647 2309 2672 a
2337 2647 2408 2682 quo

1345 2683 1401 2718 uis
1424 2682 1589 2728 precario
1612 2682 1770 2728 rogavit,
1802 2693 1876 2718 non
1900 2682 2003 2718 cuius
2026 2693 2083 2718 res
2105 2687 2171 2718 est.
2218 2692 2266 2718 an
2287 2686 2408 2718 tamen

1322 2695 1551 2773 gempronius
1575 2738 1724 2772 mecum,
1750 2728 1853 2773 quasi
1876 2738 1899 2763 a
1921 2738 1979 2763 me
1997 2731 2155 2773 rogatus,
2178 2727 2408 2763 interdictum

1321 2774 1480 2810 habeat?
1519 2777 1556 2809 et
1576 2773 1689 2818 magis
1712 2778 1787 2815 est,
1818 2783 1864 2809 ne
1891 2773 2041 2816 habeat,
2073 2772 2158 2818 quia
2188 2783 2261 2808 non
2291 2773 2407 2809 habeo

1321 2819 1497 2865 precario,
1523 2828 1605 2854 cum
1627 2828 1700 2854 non
1722 2818 1819 2861 mihi,
1845 2818 1908 2854 sed
1931 2818 1992 2854 alii
2013 2818 2208 2863 impetravi.
2249 2818 2407 2854 mandati

1321 2869 1443 2900 tamen
1465 2863 1643 2900 actionem
1666 2867 1787 2908 potest
1808 2863 1978 2900 adversus
2002 2873 2058 2899 me
2081 2863 2223 2907 habere,
2248 2863 2332 2908 quia
2351 2873 2407 2899 me

1321 2909 1514 2946 mandante
1545 2908 1643 2944 dedit
1672 2909 1756 2944 tibi:
1788 2912 1854 2944 aut
1881 2909 1913 2944 si
1945 2908 2024 2954 quis
2053 2908 2182 2944 dixerit
2209 2918 2283 2944 non
2305 2919 2405 2944 man-

1322 2955 1410 2991 datu
1439 2964 1538 2998 meo,
1577 2953 1641 2989 sed
1674 2954 1786 2999 magis
1816 2954 1902 2989 mihi
1933 2953 2135 2990 credentem
2164 2953 2234 2989 hoc
2264 2953 2406 2997 fecisse,

1322 3000 1510 3037 dicendum
1538 3002 1596 3035 est
1622 2999 1661 3034 in
1689 2998 1824 3035 factum
1853 2998 2008 3035 dandam
2037 2998 2214 3035 actionem
2238 3003 2273 3034 et
2286 3000 2311 3019 ¹⁷
2340 2998 2405 3034 ad-

1323 3050 1339 3081 1
1388 3055 1512 3082 versus
1536 3054 1602 3080 me.
1651 3043 1755 3088 Quod
1782 3055 1805 3080 a
1828 3044 1924 3080 Titio
1955 3044 2117 3096 precario
2148 3044 2227 3089 quis
2257 3044 2404 3088 rogavit,

1319 3091 1358 3127 id
1380 3091 1489 3126 etiam
1513 3089 1559 3125 ab
1583 3089 1715 3125 herede
1738 3089 1815 3126 eius
1837 3099 1999 3135 precario
2022 3089 2169 3140 habere.
2183 3089 2339 3124 videtur:
2369 3093 2406 3125 et

1320 3137 1372 3172 ita
1395 3141 1432 3173 et
1454 3134 1608 3171 Sabinus
1632 3139 1669 3170 et
1691 3134 1816 3171 Celsus
1839 3134 2002 3170 scribunt
2024 3144 2137 3179 eoque
2159 3144 2238 3170 mre
2259 3134 2404 3170 utimur.

1320 3192 1360 3218 er
1384 3192 1404 3217 o
1430 3184 1466 3216 et
1487 3190 1510 3216 a
1533 3180 1662 3216 ceteris
1685 3179 1956 3216 successoribus
1983 3179 2116 3216 habere
2139 3179 2219 3231 quis
2241 3180 2403 3224 precario

1320 3227 1354 3262 vi
1380 3230 1470 3262 etur.
1517 3224 1611 3260 idem
1649 3229 1685 3261 et
1713 3224 1837 3262 Labeo
1869 3225 2002 3271 probat
2035 3228 2072 3260 et
2101 3223 2210 3259 adicit
2265 3224 2404 3260 etiamsi

1320 3273 1459 3317 ignoret
1481 3270 1561 3316 quis
1584 3269 1768 3312 heredem,
1798 3274 1919 3306 tamen
1947 3268 2058 3306 videri
2087 3279 2168 3304 eum
2197 3251 2242 3304 ab
2273 3269 2404 3306 herede

1322 3322 1341 3352 2
1388 3315 1551 3362 precario
1574 3315 1718 3351 habere.
1752 3314 1848 3351 Dlud
1870 3319 1990 3350 tamen
2011 3313 2193 3351 videamus
2217 3314 2323 3359 quale
2345 3313 2402 3358 sit,

1320 3363 1351 3399 si
1374 3372 1397 3397 a
1419 3370 1476 3397 me
1496 3360 1661 3407 precario
1685 3360 1864 3406 rogaveris
1896 3364 1933 3395 et
1960 3369 2026 3405 ego
2056 3369 2135 3395 eam
2165 3369 2240 3395 rem
2268 3359 2402 3395 aliena-

1319 3417 1422 3448 vero,
1447 3416 1494 3440 an
1517 3406 1719 3451 precarium
1742 3405 1847 3441 duret
1868 3415 1908 3441 re
1932 3403 1978 3439 ad
2001 3404 2109 3440 alium
2132 3404 2319 3440 translata.
2367 3408 2403 3440 et

1319 3452 1431 3497 magis
1455 3456 1528 3495 est,
1561 3457 1617 3494 ut,
1649 3451 1680 3487 si
1702 3451 1762 3486 ille
1784 3461 1857 3487 non
1879 3455 2039 3493 revocet,
2063 3459 2170 3496 posse
2192 3448 2403 3486 interdicere

1322 3564 1405 3598 Bas.
1416 3564 1471 3605 58,
1484 3571 1585 3598 2⁴0—
1600 3564 1651 3610 Cf
1665 3565 1744 3600 God.
1752 3565 1786 3607 8,
1797 3571 1817 3599 a
1886 3565 1930 3604 (8)
1954 3573 2098 3606 namque
2108 3562 2297 3607 precarium
2306 3573 2400 3597 revo-

1319 3619 1395 3643 care
1412 3607 1540 3642 volenti
1559 3610 1718 3653 competit
1737 3609 1800 3644 dd.
1898 3611 1942 3651 (ο)
1967 3618 2082 3642 earum
2100 3608 2137 3643 F
2224 3611 2284 3652 (ιο)
2307 3618 2400 3642 aver-

1319 3655 1442 3688 tan‘m.
1513 3656 1567 3694 (ιι)
1592 3654 1771 3698 rogavitF
1839 3655 1899 3695 (12)
1923 3653 1984 3697 qui
2017 3653 2143 3687 recario
2157 3653 2326 3697 rogaverit
2336 3653 2398 3688 del.

1320 3700 1381 3741 (1³)
1405 3698 1588 3733 existimari
1607 3700 1839 3743 Smallenburq
2000 3700 2045 3741 u)
2069 3698 2232 3742 inciperet
2248 3698 2315 3732 iam
2334 3711 2393 3732 scr.

1319 3746 1378 3786 (ιε)
1403 3743 1573 3779 debentF
1653 3747 1714 3788 (ιο)
1737 3743 1956 3788 poneditisF
2042 3747 2100 3786 (ιτ)
2124 3743 2228 3778 σίων.

2520 2484 2528 2636 ..-...κμμςν
2525 2455 2528 2468 ,,
2525 2423 2528 2434 Α.
2524 2379 2528 2395 ..
