2528 3918
196 116 341 161 INST.
372 117 471 171 1111,
508 119 670 159 15-17
1283 107 1341 157 54

198 243 219 276 4
266 239 476 286 *pepigisset
523 235 744 273 Retinendae
773 235 1009 281 possessionis
1041 245 1153 273 causa
1187 245 1285 271 com-

199 286 337 331 'parata
361 287 446 320 sunt
468 282 658 318 interdicta
680 280 735 317 uti
757 280 948 334 possidetis
973 284 1010 317 et
1032 281 1172 323 utrubi,
1204 291 1285 316 cum

199 331 254 366 'ab
279 335 431 375 utraque
454 332 555 374 parte
579 327 623 363 de
646 329 867 372 proprietate
890 327 1040 362 alicuius
1064 326 1117 362 rei
1141 329 1283 362 contro-

200 376 323 412 ’versia
342 376 389 410 sit
410 378 444 409 et
464 377 548 408 ante
568 372 763 418 quaeritur,
782 375 864 408 uter
883 382 927 407 ex
946 371 1181 417 litigatoribus
1200 381 1283 416 pos-

201 421 325 457 'sidere
349 423 384 455 et
408 422 487 454 uter
510 422 632 464 petere
655 417 804 454 debeat:
842 427 994 462 namque
1017 416 1086 452 nisi
1108 419 1192 452 ante
1222 425 1282 451 ex-

197 467 377 512 ploratum
401 464 519 507 fuerit,
544 463 658 499 utrius
683 473 804 499 eorum
828 462 1007 507 possessio
1032 462 1097 504 sit,
1123 471 1195 497 non
1218 471 1283 507 po-

197 515 269 547 test
291 510 480 556 petitoria¹
505 509 600 545 actio
623 508 779 551 institui,
835 508 894 542 uia
925 510 961 542 et
985 507 1095 542 civilis
1120 510 1156 542 et
1178 510 1284 542 natu·

197 557 282 592 ralis
302 555 392 591 ratio
414 554 512 597 facit,
536 557 578 590 ut
597 554 688 590 alius
708 553 820 599 possi(
833 556 902 594 eat,
927 552 1019 588 alius
1039 562 1061 587 a
1080 551 1285 596 possidente

197 605 308 648 petat.
345 604 381 636 et
404 600 489 645 quia
510 600 615 645 longe
639 598 857 635 commodius
883 601 937 633 est
959 597 1143 642 possidere
1163 596 1284 650 potius

198 657 303 693 quam
336 649 477 691 petere,
509 645 589 681 ideo
612 645 821 690 plerumque
843 646 879 678 et
901 642 976 678 fere
998 653 1139 688 semper
1162 652 1284 687 ingens

198 692 318 728 existit
336 690 518 726 contentio
537 690 582 726 de
601 690 680 735 ipsa
699 688 937 735 possessione.
973 687 1198 723 commodum
1219 697 1283 722 au-

196 742 266 773 tem
291 735 496 782 possidendi
518 735 555 771 in
579 745 621 771 eo
646 739 711 777 est,
736 733 842 779 quod,
868 733 1006 768 etiamsi
1029 733 1106 769 eius
1129 742 1186 768 res
1210 743 1282 768 non

197 783 243 818 sit
274 782 335 828 qui
391 781 542 823 ossidet,
575 781 606 816 si
636 779 741 815 modo
775 782 878 814 actor
908 789 980 814 non
1004 778 1161 831 potuerit
1184 788 1285 814 suam

197 838 275 863 esse
306 793 478 872 prozare,
510 829 670 862 remanet
701 835 766 860 suo
799 824 879 860 loco
903 833 1101 869 possessio:
1138 827 1286 869 propter

197 883 302 919 quam
315 874 492 908 causam2.
510 882 590 907 cum
614 871 769 906 obscura
788 869 861 904 sint
878 869 1064 914 utriusque
1082 869 1173 911 iura,
1199 879 1284 904 con-

196 922 241 953 4α
287 922 344 953 tra
366 917 554 964 petitorem
576 915 724 952 iudicari
748 915 849 950 solet.
898 914 968 950 Sed
991 914 1181 950 interdicto
1206 914 1283 959 qui-

196 963 276 999 dem
307 963 360 998 uti
390 962 577 1008 possidetis
610 962 653 996 de
684 959 786 995 fundi
818 960 872 995 vel
895 959 1037 995 aedium
1060 960 1285 1005 possessione

197 1008 441 1051 contenditur,
473 1007 593 1042 utrubi
626 1016 708 1042 vero
740 1005 929 1042 interdicto
963 1005 1008 1040 de
1029 1015 1148 1041 rerum
1171 1005 1284 1040 mobi-

195 1055 281 1090 lium
304 1054 540 1100 possessione.
578 1062 727 1097 quorum
751 1050 804 1086 vis
837 1053 873 1085 et
929 1053 1064 1086 otestas
1096 1050 1284 1096 plurimam

195 1100 287 1135 inter
310 1110 349 1135 se
373 1098 606 1134 differentiam
630 1096 727 1142 apud
750 1098 886 1131 veteres
936 1096 1085 1131 abebat:
1118 1106 1201 1131 nam
1232 1096 1284 1131 uti

195 1144 385 1191 possidetis
408 1143 596 1179 interdicto
621 1142 651 1177 is
675 1141 859 1183 vincebat,
893 1142 953 1187 qui
983 1140 1164 1176 interdicti
1195 1143 1283 1176 tem-

195 1201 282 1236 pore
315 1189 537 1235 possidebat,
569 1187 600 1223 si
630 1186 736 1222 modo
760 1196 826 1222 nec
850 1186 884 1221 vi
907 1196 975 1222 nec
999 1187 1091 1222 clam
1113 1195 1180 1222 nec
1204 1196 1283 1232 pre-

195 1236 292 1271 cario
328 1237 480 1270 nanctus
514 1233 634 1268 fuerat
674 1232 720 1267 ab
764 1231 967 1268 adversario
1009 1232 1283 1277 possessionem,

196 1281 334 1316 etiamsi
365 1280 473 1315 alium
503 1278 537 1313 vi
571 1277 745 1324 expulerit
775 1280 838 1312 aut
861 1277 953 1312 clam
976 1277 1172 1323 abripuerit
1195 1277 1279 1312 alie-

195 1337 277 1362 nam
309 1325 569 1370 possessionem
601 1326 666 1358 aut
698 1322 860 1368 precario
896 1326 1083 1367 rogaverat
1118 1323 1282 1368 aliquem,

195 1375 235 1407 ut
267 1371 334 1407 sibi
367 1369 548 1415 possidere
582 1369 724 1404 liceret:
760 1367 883 1403 utrubi
913 1378 996 1403 vero
1032 1367 1222 1403 interdicto
1254 1367 1284 1403 is

194 1417 369 1459 vincebat,
395 1415 454 1461 qui
477 1414 612 1450 maiore
634 1417 737 1459 parte
761 1413 836 1449 eius
860 1413 946 1449 anni
968 1423 1035 1449 nec
1053 1413 1088 1448 vi
1106 1423 1173 1448 nec
1193 1413 1283 1448 clam

195 1473 261 1498 nec
284 1461 447 1507 precario
473 1460 517 1495 ab
543 1459 745 1495 adversario
770 1458 990 1504 possidebat.
1035 1458 1141 1494 hodie
1165 1462 1284 1493 tamen

195 1508 298 1543 aliter
322 1507 550 1542 observatur:
583 1515 667 1540 nam
698 1504 886 1557 utriusque
915 1504 1095 1539 interdicti
1124 1506 1283 1549 potestas

218 1556 367 1588 uantum
392 1551 439 1587 ad
461 1550 722 1596 possessionem
745 1552 899 1602 pertinet
922 1552 1122 1595 exaequata
1145 1552 1218 1592 est,
1243 1552 1284 1584 ut

197 1599 203 1606 '
233 1609 252 1634 e
274 1597 395 1632 vincat
418 1600 455 1632 et
476 1596 514 1631 in
537 1606 577 1631 re
600 1596 667 1631 soli
690 1598 727 1631 et
749 1606 787 1630 ιιι
810 1605 849 1630 re
872 1595 1014 1637 mobili,
1048 1595 1109 1639 qui
1140 1604 1282 1640 posses-

194 1644 330 1679 sionem
360 1652 427 1678 nec
456 1641 491 1677 vi
523 1651 590 1677 nec
614 1641 706 1676 clam
730 1650 797 1675 nec
820 1640 983 1686 precario
1008 1640 1053 1676 ab
1079 1640 1283 1676 adversario

194 1692 213 1724 5
261 1688 334 1724 litis
369 1686 641 1723 contestationis
671 1690 831 1731 tempore
866 1685 1010 1721 detinet.
1062 1685 1284 1721 ³*Possidere

194 1735 323 1769 ’autem
346 1732 486 1768 videtur
510 1732 660 1778 quisque
683 1742 756 1767 non
779 1731 912 1774 solum,
936 1731 968 1766 si
989 1731 1066 1776 ipse
1088 1731 1282 1776 possideat,

195 1779 268 1815 'sed
290 1782 327 1815 et
349 1778 380 1814 si
404 1778 479 1814 eius
503 1777 646 1813 nomine
669 1777 797 1822 aliquis
820 1776 858 1812 in
875 1776 1102 1822 possessione
1120 1776 1177 1819 sit,
1201 1776 1285 1811 licet

195 1826 234 1861 'is
259 1825 335 1860 eius
357 1823 428 1859 iuri
452 1823 634 1859 subiectus
658 1833 731 1858 non
754 1822 818 1865 sit,
851 1822 965 1867 qualis
997 1825 1053 1857 est
1076 1822 1224 1857 colonus
1249 1825 1285 1857 et

195 1869 415 1923 inquilinus:
478 1879 516 1904 er
547 1878 607 1904 eos
639 1878 798 1913 quoque,
830 1867 927 1912 apud
959 1877 1048 1912 quos
1080 1867 1285 1912 deposuerit

195 1916 283 1961 'quis
307 1918 372 1950 aut
395 1915 456 1960 qui
481 1925 524 1949 us
550 1913 840 1956 commodaverit,
871 1912 949 1958 ipse
979 1912 1165 1958 possidere
1187 1912 1282 1948 vide-

195 1962 281 1996 'turz
318 1964 354 1996 et
375 1961 446 1995 hoc
469 1963 543 2001 est,
558 1958 671 2004 „quod
695 1958 825 1994 dicitur
847 1958 1000 1994 retinere
1022 1958 1284 2003 possessionem

194 2007 308 2052 'posse
332 2005 484 2051 aliquem
507 2014 571 2050 per
595 2004 803 2049 quemlibet,
829 2004 890 2048 qui
914 2004 988 2039 eius
1012 2003 1154 2039 nomine
1177 2003 1224 2038 sit
1246 2003 1284 2038 in

195 2051 441 2097 'possessione
485 2050 569 2095 quin
594 2050 701 2085 etiam
725 2049 842 2084 animo
868 2059 1008 2101 quoque
1031 2049 1177 2084 retineri
1199 2058 1283 2094 pos-

195 2097 398 2133 'sessionem
421 2095 567 2140 placet:
592 2095 629 2130 id
653 2099 708 2130 est
731 2098 790 2137 ut,
815 2104 975 2139 quamvis
1000 2104 1116 2140 neque
1137 2094 1215 2139 ipse
1238 2093 1284 2129 sit

191 2141 230 2177 in
249 2141 477 2195 possessione
495 2149 610 2184 neque
625 2140 703 2174 eius
723 2139 867 2175 nomine
882 2139 987 2182 alius,
1007 2142 1128 2174 tamen
1148 2139 1189 2174 'si
1206 2149 1279 2175 non

193 2185 456 2232 'relinquendae
479 2184 717 2230 possessionis
741 2184 880 2227 animo,
912 2183 976 2220 sed
1004 2187 1132 2230 postea
1160 2193 1278 2220 rever-

194 2232 310 2268 'surus
329 2231 412 2267 inde
431 2229 646 2283 discesserit,
669 2229 824 2265 retinere
847 2229 1110 2275 possessionem
1129 2229 1279 2266 videtur.

194 2277 355 2323 *adipisci
378 2286 461 2312 vero
490 2285 754 2321 possessionem
784 2284 850 2320 per
880 2284 971 2319 quos
994 2274 1045 2310 ali
1068 2274 1124 2309 uis
1148 2277 1280 2319 potest,

194 2321 361 2358 *secundo
384 2321 476 2356 libro
501 2320 765 2366 exposuimus&
801 2330 869 2356 nec
898 2320 974 2356 ulla
1004 2321 1054 2357 du
1078 2321 1182 2356 itatio
1217 2324 1282 2363 est,

194 2367 288 2413 ’quin
319 2366 436 2402 animo
461 2366 538 2402 solo
561 2366 824 2412 possessionem
848 2365 998 2411 adipisci
1022 2376 1125 2402 nemo
1150 2369 1281 2411 potest.

193 2416 214 2447 6
261 2411 538 2457 'Reciperandae
572 2411 809 2457 possessionis
847 2421 958 2454 causa
987 2411 1079 2447 solet
1108 2411 1283 2454 interdici,

194 2458 233 2493 'si
264 2458 342 2503 quis
375 2468 419 2493 ex
450 2457 677 2502 possessione
699 2456 801 2492 fundi
824 2457 880 2492 vel
903 2457 1046 2492 aedium
1067 2457 1102 2492 vi
1125 2457 1283 2493 deiectus

193 2503 327 2538 ’fuer-it:
353 2513 435 2538 nam
460 2503 492 2537 ei
514 2503 726 2547 proponitur
748 2501 976 2538 interdictum
1008 2501 1103 2538 unde
1133 2502 1186 2545 vi,
1219 2511 1284 2547 per

192 2548 297 2601 'quod
316 2548 347 2584 is
369 2548 429 2593 qui
448 2547 577 2583 deiecit
596 2548 734 2592 cogitur
754 2547 787 2582 ei
806 2547 992 2583 restituere
1011 2547 1283 2593 possessionem,

193 2594 286 2629 'licet
307 2593 338 2629 is
363 2593 408 2629 ab
434 2603 475 2629 eo
523 2592 561 2628 ui
583 2592 618 2628 vi
642 2592 770 2628 deiecit
792 2592 827 2628 vi
849 2593 903 2628 vel
927 2593 1020 2628 clam
1043 2593 1097 2628 vel
1120 2593 1282 2638 precario

192 2638 428 2684 ’possidebat‘
465 2648 504 2673 se
551 2648 596 2674 ex
619 2638 731 2674 sacris
757 2638 1085 2680 constitutionibus,
1110 2641 1151 2673 ut
1173 2648 1283 2684 supra

192 2684 343 2719 diximus
355 2685 379 2726 ⁵,
404 2683 433 2719 si
458 2684 536 2728 quis
560 2693 634 2719 rem
666 2693 730 2729 per
762 2684 833 2719 vim
863 2683 1109 2736 occupaverit,
1143 2683 1174 2719 si
1204 2683 1281 2729 qui-

192 2729 271 2764 dem
284 2729 321 2764 in
333 2729 437 2764 bonis
457 2729 532 2764 eius
554 2732 618 2771 est,
639 2728 794 2765 dominio
816 2729 892 2764 eius
910 2731 1083 2775 privatur,
1104 2728 1135 2765 si
1154 2728 1282 2771 aliena,

191 2778 274 2820 post
307 2773 383 2809 eius
406 2774 664 2809 restitutionem
688 2774 794 2809 etiam
818 2773 1099 2810 aestimationem
1122 2774 1174 2810 rei
1197 2774 1283 2810 dare

190 2819 261 2855 vim
290 2829 398 2864 passo
430 2820 666 2864 compellitur.
703 2819 765 2864 qui
789 2823 907 2855 autem
938 2819 1092 2865 aliquem
1124 2818 1169 2856 de
1198 2829 1281 2865 pos-

191 2865 350 2900 sessione
373 2874 437 2910 per
459 2865 529 2899 vim
553 2864 738 2907 deiecerit,
770 2868 913 2900 tenetur
942 2865 1019 2910 lege
1050 2864 1143 2900 Iulia
1174 2864 1219 2900 de
1248 2864 1281 2900 vi

191 2910 331 2955 privata
356 2913 419 2945 aut
443 2909 487 2945 de
510 2910 545 2945 vi
566 2910 730 2955 publica:
756 2910 820 2946 sed
839 2910 882 2946 de
901 2910 959 2946 vi⁰
981 2910 1131 2962 privata,
1156 2910 1188 2946 si
1205 2910 1282 2946 sine

191 2955 299 2990 armis
322 2955 391 2990 vim
414 2954 551 2997 fecerit,
576 2955 631 2990 sin
655 2958 774 2991 autem
799 2966 879 2991 cum
902 2965 1010 2992 armis
1034 2965 1115 2991 eum
1133 2955 1178 2991 de
1196 2965 1280 3001 pos-

191 3001 350 3036 sessione
382 3000 578 3046 expulerit,
610 3000 655 3036 de
683 3000 718 3035 vi
748 3001 902 3045 publica.
947 3011 1129 3037 armorum
1161 3004 1280 3037 autem

191 3046 429 3091 appellatione
462 3055 534 3082 non
570 3045 686 3081 solum
720 3049 825 3082 scuta
856 3050 893 3082 et
925 3045 1063 3091 gladios
1095 3049 1132 3082 et
1160 3046 1280 3091 galeas

192 3094 210 3124 Ἰ
247 3091 277 3126 si
328 3090 765 3136 ’ficariintellegimus,sed
774 3090 932 3127 etfustes
941 3092 1020 3128 etla
1045 3091 1132 3128 ides.
1159 3091 1279 3127 ⁷‘Ter-

192 3135 253 3171 'tia
276 3101 400 3171 &invisio
425 3135 694 3172 interdictorum
718 3136 808 3172 haec
832 3140 905 3179 est,
939 3147 1010 3182 quo
1059 3140 1123 3172 aut
1146 3136 1279 3182 simpli-

192 3181 258 3216 ’cia
282 3184 366 3216 sunt
389 3184 452 3216 aut
475 3180 642 3227 duplicia.
677 3180 852 3226 simplicia
876 3186 977 3225 sunt,
1009 3181 1118 3218 veluti
1140 3182 1178 3219 in
1202 3181 1279 3227 qui-

192 3226 270 3262 'bus
294 3226 385 3261 alter
408 3229 528 3270 actor,
561 3226 651 3262 alter
681 3236 763 3262 reus
795 3230 868 3262 est:
903 3227 1023 3272 qualia
1053 3230 1139 3263 sunt
1161 3227 1280 3263 omnia

191 3271 424 3307 'restitutoria
448 3274 512 3307 aut
534 3271 763 3308 exhibitoria:
796 3282 950 3325 namque
980 3275 1083 3308 actor
1114 3275 1186 3315 est,
1219 3272 1279 3318 qui

191 3316 381 3352 ’desiderat
405 3320 468 3351 aut
491 3317 649 3353 exhiberi
672 3320 737 3352 aut
766 3317 924 3360 restitui,
958 3328 1041 3354 reus
1070 3317 1121 3360 is,
1153 3327 1177 3353 a
1207 3328 1277 3370 quo

192 3361 440 3403 ’desideratum
472 3365 513 3396 ut
535 3363 703 3398 restituat
725 3365 789 3398 aut
811 3362 988 3398 exhibeat.
1024 3362 1277 3408 prohibitorio-

191 3407 278 3443 ’rum
313 3410 432 3442 autem
461 3406 729 3443 interdictorum
762 3406 833 3443 alia
863 3407 1038 3453 simplicia
1069 3411 1172 3451 sunt,
1207 3407 1279 3443 alia

191 3452 367 3498 'duplicia.
403 3451 575 3496 simplicia
599 3455 693 3495 sunt,
718 3452 827 3488 veluti
850 3463 931 3488 cum
950 3452 1116 3498 prohibet
1133 3456 1278 3505 praetor

191 3497 238 3533 ‘in
260 3498 341 3534 loco
366 3506 470 3533 sacro
493 3496 548 3532 vel
571 3497 608 3532 in
631 3497 776 3533 flumine
794 3497 943 3550 publico
967 3498 1090 3543 ripave
1113 3508 1188 3534 eius
1212 3498 1276 3534 ali-

191 3542 286 3589 'quid
304 3542 381 3578 fieri
406 3544 502 3586 (nam
527 3545 628 3578 actor
655 3547 718 3585 est,
743 3554 803 3588 qux
823 3542 1012 3586 desiderat,
1034 3553 1079 3579 ne
1098 3542 1183 3589 quid
1202 3543 1276 3586 fiat,

194 3652 237 3691 (1)
251 3651 387 3692 petitori
403 3650 449 3690 Β,
462 3648 615 3691 petitoris
634 3649 680 3689 W,
694 3649 850 3690 petituris
864 3650 898 3683 E
941 3651 988 3692 (2)
1003 3654 1178 3693 propterea
1191 3651 1279 3693 quod

194 3707 256 3728 scr.
304 3697 348 3736 (3)
372 3695 634 3732 Gai.4,15³.154
681 3695 724 3732 (4)
747 3696 777 3734 2,
792 3703 820 3733 9,
835 3703 850 3728 4
898 3697 943 3737 (s)
965 3695 1064 3737 4,2,1
1112 3698 1158 3738 (a)
1178 3696 1218 3729 de
1232 3697 1278 3738 vi]

192 3749 233 3788 Θ,
247 3749 275 3780 si
286 3749 332 3788 B,
346 3747 378 3780 vi
392 3745 473 3781 1²13
482 3745 546 3786 W’,
561 3746 656 3778 vim„
674 3746 740 3786 ΝΒ,
754 3759 813 3780 om.
825 3747 872 3780 1⁷⁶
941 3749 985 3787 (¹1)
1013 3746 1089 3782 Gai.
1101 3748 1273 3787 4,1so..1oo

1669 124 1729 156 nn
1756 124 1908 157 romu
1936 125 2114 157 TEMERE
2143 125 2437 170 mnesu'nun
2506 137 2508 142 ·

1352 234 1457 279 'reus‚
1481 234 1542 281 qui
1557 235 1690 281 aliquid
1708 235 1827 274 facere
1849 240 2030 281 conatum
2055 236 2212 283 duplIcia
2230 240 2316 274 sunt
2332 238 2440 276 veluti

1353 280 1416 333 'uti
1438 280 1629 333 possidetis
1651 281 1878 319 interdictum
1902 286 1938 319 et
1960 283 2091 319 utrubi.
2127 282 2207 320 ideo
2231 282 2350 320 autem
2373 284 2439 320 du·
2507 298 2509 300 ’

1354 326 1473 372 ’plicia
1495 329 1687 370 vocantur,
1711 327 1794 373 quia
1815 339 1884 374 par
1906 328 2092 374 utriusque
2113 327 2301 374 litigatoris
2323 328 2361 365 in
2383 329 2440 366 his
2510 339 2511 342 ’

1354 371 1524 408 'condicio
1557 374 1613 408 est
1642 381 1709 407 nec
1732 373 1918 427 quisquam
1941 374 2132 420 praecipue
2154 384 2238 410 reus
2260 373 2316 410 vel
2337 378 2440 411 actor
2510 401 2511 404 η

1355 416 1598 462 intellegitur,
1630 416 1693 452 sed
1724 429 1967 465 unusquisque
1996 422 2071 455 tam
2101 419 2154 455 rei
2177 428 2284 465 quam
2307 420 2439 456 actoris

1355 462 1503 507 'partem
1527 462 1700 498 sustinet.⁴

1354 509 1373 542 8
1466 506 1522 543 De
1551 506 1674 543 ordine
1706 511 1742 543 et
1770 509 1881 545 veteri
1904 509 2001 545 exitu
2023 508 2292 546 interdictorum
2316 520 2439 557 super-

1353 561 1504 588 vacuum
1529 555 1583 588 est
1605 552 1711 588 hodie
1735 553 1869 590 dicere:
1904 565 1987 590 nam
2018 554 2181 600 quotiens
2213 557 2316 591 extra
2346 555 2439 591 ordi-

1353 607 1433 633 nem
1457 597 1512 633 ius
1531 597 1670 640 dicitur,
1695 599 1815 644 qualia
1836 603 1920 636 sunt
1936 599 2043 636 hodie
2062 599 2182 635 omnia
2199 598 2343 643 iudicia,
2366 611 2439 636 non

1354 646 1409 678 est
1431 652 1578 678 necesse
1601 642 1702 679 reddi
1724 643 1970 688 interdictum,
1995 644 2059 681 sed
2090 643 2237 690 perinde
2259 644 2439 682 iudicatur

1353 688 1430 723 sine
1461 687 1674 731 interdictis,
1707 692 1816 735 atque
1839 690 1869 726 si
1893 690 1987 726 utilis
2012 690 2106 726 actio
2131 700 2175 725 ex
2198 699 2310 726 causa
2331 690 2439 727 inter-

1354 733 1438 769 dicti
1461 733 1600 769 reddita
1623 733 1760 770 fuisset.

1843 872 1954 913 XVI·

1499 938 1560 970 DE
1586 938 1738 971 POENA
1762 938 1951 971 TEMERE
1976 936 2294 974 LITIGANTIUM.

1397 1003 1504 1040 Nunc
1528 1003 1741 1041 admonendi
1764 1015 1886 1041 sumus
1906 1015 2070 1051 magnam
2091 1015 2214 1042 curam
2234 1005 2347 1051 egisse
2366 1016 2442 1051 eos,

1354 1049 1415 1095 qui
1437 1049 1516 1085 iura
1539 1050 1775 1093 sustinebant,
1800 1061 1845 1086 ne
1868 1050 1975 1086 facile
1992 1050 2152 1087 homines
2172 1049 2219 1086 ad
2234 1050 2442 1098 litigandum
2515 1079 2528 1092 ,,

1353 1094 1606 1175 grocederent:
1629 1096 1725 1141 quod
1736 1099 1771 1131 et
1781 1096 1883 1132 nobis
1896 1096 2013 1132 studio
2027 1099 2092 1132 est.
2117 1096 2224 1141 idque
2236 1106 2278 1132 eo
2291 1097 2443 1134 maxime
2511 1095 2528 1131 T'

1380 1140 1432 1175 eri
1455 1143 1593 1185 potest,
1628 1141 1720 1193 'uod
1744 1142 1926 1177 temeritas
1950 1145 2023 1176 tam
2047 1141 2227 1194 agentium
2250 1152 2358 1187 quam
2381 1152 2441 1179 eo·
2508 1152 2519 1160 ⁴

2339 1197 2442 1232 oena,
2507 1195 2528 1197 ”

2329 1232 2443 1270 amiae
2512 1252 2513 1257 =

1358 1279 1370 1311 1
1422 1279 1619 1312 coercetur.
1667 1277 1766 1312 Ecce
1804 1277 1897 1313 enim
1921 1274 2168 1312 iusiurandum
2186 1277 2350 1314 omnibus
2381 1278 2442 1323 qui
2509 1277 2512 1282 ⁴

1354 1321 1612 1357 conveniuntur
1635 1331 1678 1357 ex
1702 1325 1825 1358 nostra
1849 1322 2127 1358 constitutione⁹
2150 1322 2327 1358 defertur:
2360 1334 2442 1360 nam
2509 1343 2514 1350 κ

1353 1196 1432 1221 rum
1467 1196 1562 1238 cum.
1578 1196 1638 1239 qui
1664 1197 1706 1222 us
1739 1190 1903 1232 ageretur
1933 1186 2038 1222 modo
2073 1187 2281 1232 pecumaria

1354 1230 1459 1266 modo
1494 1231 1724 1267 iurisiurandi
1758 1232 1946 1277 religione,
1987 1231 2094 1268 modo
2137 1235 2233 1268 metu
2277 1232 2286 1240 ‘

1353 1377 1434 1402 reus
1459 1377 1530 1402 non
1554 1367 1657 1402 aliter
1680 1367 1755 1403 suis
1778 1367 2049 1412 allegationibus
2081 1367 2213 1411 utitur,
2243 1368 2312 1404 nisi
2343 1369 2441 1414 prius

1353 1412 1533 1454 iuraverit,
1558 1412 1654 1457 quod
1678 1416 1808 1457 putans
1833 1423 1872 1449 se
1894 1413 1990 1449 bona
2013 1413 2186 1448 instantia
2209 1413 2262 1449 uti
2285 1413 2332 1449 ad
2356 1424 2441 1450 con-

1353 1457 1599 1493 tradicendum
1622 1459 1792 1503 pervenit.
1829 1461 1868 1493 at
1891 1458 2062 1494 adversus
2082 1458 2277 1494 infitiantes
2301 1469 2346 1494 ex
2364 1459 2440 1505 qui-

1353 1503 1504 1538 busdam
1528 1504 1645 1538 causis
1670 1503 1768 1549 dupli
1791 1503 1846 1539 vel
1869 1504 1966 1548 tripli
1989 1503 2082 1539 actio
2108 1504 2346 1547 constituitur,
2370 1505 2441 1540 vel-

1353 1548 1407 1584 uti
1423 1549 1453 1584 si
1469 1548 1589 1584 damni
1607 1549 1757 1584 iniuriae
1776 1552 1840 1584 aut
1858 1549 2054 1593 legatorum
2074 1549 2162 1585 locis
2181 1549 2442 1586 venerabilibus

1352 1594 1556 1630 refictorum
1569 1594 1711 1630 nomine
1722 1594 1848 1640 agitur.
1881 1594 2045 1630 ¹⁰'statim
2058 1597 2178 1630 autem
2190 1594 2236 1630 ab
2248 1594 2349 1631 initio
2362 1595 2441 1641 plu-

1353 1639 1410 1675 'ris
1435 1649 1542 1685 quam
1565 1639 1680 1684 simpli
1703 1643 1758 1675 est
1781 1640 1875 1675 actio
1899 1640 2007 1676 veluti
2028 1639 2116 1675 furti
2145 1639 2323 1676 manifesti
2354 1651 2441 1686 qua-

1354 1685 1492 1730 'drupli‚
1502 1695 1569 1720 nec
1578 1684 1758 1720 manifesti
1765 1685 1864 1730 dupli
1873 1699 1880 1720 :
1896 1695 1978 1720 nam
1989 1695 2033 1720 ex
2041 1685 2096 1720 his
2106 1685 2224 1721 causis
2233 1689 2269 1721 et
2276 1685 2354 1722 aliis
2363 1686 2440 1738 qui-

1354 1730 1524 1773 busdam,
1545 1730 1618 1766 sive
1629 1731 1707 1776 quis
1720 1735 1824 1776 neget
1835 1731 1909 1766 sive
1920 1730 2087 1772 fateatur,
2108 1730 2220 1783 pluris
2241 1741 2348 1776 quam
2359 1741 2441 1767 sim-

1354 1776 1412 1821 'pli
1424 1779 1479 1812 est
1490 1775 1597 1811 actio.
1622 1775 1706 1811 item
1719 1776 1851 1812 actoris
1871 1785 2012 1828 quoque
2032 1776 2210 1812 calumnia
2228 1777 2440 1813 coercetur⁴:
2507 1770 2514 1795 ’ἶ

1352 1831 1436 1856 nam
1448 1821 1556 1856 etiam
1575 1824 1677 1857 actor
1692 1831 1757 1866 pro
1777 1821 1955 1857 calumnia
1970 1831 2089 1857 lutare
2105 1821 2243 1867 cogitur
2256 1831 2300 1857 ex
2318 1825 2443 1858 nostra

1354 1865 1617 1902 constitutione.
1666 1866 1852 1912 utriusque
1888 1867 1995 1902 etiam
2024 1866 2138 1911 partis
2173 1866 2339 1903 advocati
2367 1867 2441 1903 ius-
2510 1878 2521 1882 ”

1353 1911 1543 1947 iurandum
1573 1912 1746 1954 subeunt,
1803 1911 1875 1948 uod
1906 1912 1977 1948 alia
2000 1915 2125 1948 nostra
2149 1912 2440 1955 constitutione¹¹

1353 1957 1648 2002 comprehensum
1680 1959 1745 1993 est.
1819 1967 1883 1993 aec
1917 1960 2038 1993 autem
2068 1957 2188 1993 omnia
2217 1968 2284 2011 pro
2315 1958 2439 1996 veteris

1353 2003 1552 2039 calumniae
1574 2002 1716 2038 actione
1738 2002 1944 2039 introducta
1966 2006 2068 2046 sunt,
2101 2013 2193 2049 quae
2214 2014 2253 2047 ιιι
2276 2003 2438 2049 εἰθιςιιειῒιι·7

1352 2048 1469 2084 dinem
1500 2048 1607 2091 abiit,
1636 2047 1724 2128 guia
1756 2048 1794 2084 in
1824 2052 1963 2094 partem
1993 2048 2167 2084 decimam
2189 2048 2260 2084 litis
2284 2051 2439 2085 actorem

1354 2094 1538 2136 multabat,
1563 2104 1633 2139 quo
1682 2103 1858 2139 nusquam
1881 2093 2019 2130 factum
2042 2103 2120 2130 esse
2138 2093 2353 2131 invenimus:
2375 2093 2442 2131 sed

1352 2150 1417 2185 pro
1442 2139 1499 2175 his
1522 2138 1766 2175 introductum
1791 2143 1845 2175 est
1868 2143 1904 2176 et
1921 2139 2124 2185 praefatum
2142 2139 2388 2184 iusiurandum
2406 2144 2442 2176 et

1352 2188 1392 2220 ut
1414 2185 1462 2220 im
1488 2184 1598 2220 robus
1621 2184 1777 2229 litigator
1800 2185 1907 2220 etiam
1930 2184 2099 2220 damnum
2119 2188 2156 2220 et
2173 2185 2351 2230 impensas
2370 2185 2441 2222 litis

1352 2233 1372 2265 2
1418 2230 1430 2265 i
1472 2239 1550 2265 erre
1573 2229 1776 2265 adversario
1801 2240 1865 2266 suo
1891 2232 2050 2275 cogatur.
2103 2230 2207 2265 ¹²'Ex
2231 2230 2441 2275 quibusdam

1353 2275 1500 2311 'iudiciis
1521 2275 1678 2310 damnati
1699 2275 1922 2320 ignominiosi
1941 2275 2041 2318 fiunt,
2065 2274 2175 2311 veluti
2196 2275 2297 2318 furti,
2321 2276 2356 2311 vi
2375 2276 2439 2313 bo·

1352 2321 1489 2356 'norum
1512 2330 1553 2355 ra
1579 2323 1715 2362 torum,
1739 2320 1966 2363 iniuriarum,
1992 2320 2036 2356 de
2060 2320 2161 2363 dolo,
2186 2320 2270 2356 item
2295 2321 2439 2365 tutelae,

1352 2365 1531 2408 'mandati,
1581 2365 1720 2410 epositi,
1746 2365 1889 2401 directis
1915 2376 1987 2401 non
2011 2365 2200 2402 contrariis
2225 2365 2438 2409 actionibus,

1351 2411 1444 2446 ‘item
1474 2422 1541 2456 pro
1576 2411 1673 2446 socio
1683 2412 1702 2453 ,⁴
1727 2421 1819 2456 quae
1842 2411 1888 2446 ab
1912 2414 2064 2456 utraque
2086 2414 2189 2456 parte
2219 2411 2356 2449 directa
2386 2415 2441 2452 est

1352 2461 1387 2492 et
1411 2457 1457 2492 ob
1482 2456 1520 2492 id
1544 2456 1691 2501 quilibet
1715 2466 1758 2491 ex
1781 2456 1887 2492 sociis
1911 2466 1954 2492 eo
1977 2456 2108 2492 iudicio
2129 2456 2319 2493 damnatus
2339 2457 2439 2503 igno-

1351 2502 1460 2537 minia
1493 2505 1650 2538 notatur.
1696 2501 1769 2538 ‘sed
1802 2501 1889 2537 furti
1923 2502 2065 2547 quidem
2099 2504 2163 2538 aut
2196 2501 2230 2538 vi
2264 2503 2439 2539 bonorum

1353 2549 1545 2592 'raptorum
1559 2550 1622 2583 aut
1640 2547 1849 2582 iniuriarum
1861 2550 1925 2582 aut
1944 2547 1988 2582 de
2008 2547 2089 2583 dolo
2112 2557 2184 2583 non
2204 2547 2319 2584 solum
2339 2547 2438 2584 dam-

1353 2593 1437 2628 'nati
1464 2596 1637 2628 notantur
1667 2592 1878 2638 ignominia,
1903 2592 1967 2628 sed
1991 2592 2097 2628 etiam
2145 2593 2237 2635 acti,
2262 2596 2299 2628 et
2321 2597 2437 2632 recte:

1353 2638 1552 2683 ’plurimum
1576 2637 1669 2673 enim
1691 2638 1850 2680 interest,
1874 2641 1994 2673 utrum
2018 2647 2062 2673 ex
2086 2637 2130 2673 de
2145 2637 2215 2673 ‘cto
2239 2637 2367 2684 aliquis
2390 2648 2438 2674 an

1352 2685 1405 2719 'ex
1429 2686 1619 2719 contractu
1643 2682 1783 2718 debitor
1805 2683 1873 2718 sit!

1353 2732 1371 2764 3
1466 2728 1632 2765 Omnium
1664 2731 1784 2764 autem
1815 2727 1995 2764 actionum
2017 2726 2316 2763 instituendarum
2339 2728 2437 2774 prin-

1352 2775 1383 2810 ci
1409 2773 1482 2809 ium
1506 2774 1552 2809 ab
1577 2783 1620 2809 ea
1642 2776 1745 2819 parte
1769 2773 1876 2809 edicti
1898 2772 2154 2818 proficiscitur,
2190 2783 2262 2818 qua
2293 2777 2437 2818 praetor

1397 2819 1458 2855 ‘cit
1481 2819 1525 2854 de
1547 2819 1584 2855 in
1607 2819 1663 2855 ius
1687 2818 1864 2854 vocando:
1897 2818 2020 2864 utique
2051 2817 2144 2853 enim
2167 2817 2205 2853 in
2228 2818 2349 2863 primis
2373 2818 2434 2854 ad-

1350 2864 1527 2901 versarius
1550 2864 1587 2899 in
1610 2864 1666 2899 ius
1690 2863 1872 2900 vocandus
1895 2867 1966 2907 est,
1990 2863 2028 2899 id
2052 2866 2107 2899 est
2129 2862 2176 2898 ad
2199 2872 2279 2899 eum
2301 2874 2433 2899 vocan-

1350 2910 1417 2946 dus
1441 2913 1514 2952 est,
1546 2909 1607 2955 qui
1628 2909 1684 2945 ius
1708 2909 1868 2945 dicturus
1892 2909 1949 2944 sit.
1986 2919 2058 2954 qua
2079 2911 2182 2955 parte
2229 2911 2349 2944 raetor
2371 2919 2435 2955 pa-

1349 2955 1508 2992 rentibus
1533 2959 1568 2991 et
1590 2954 1769 3000 patronis,
1799 2954 1884 2990 item
1913 2954 2034 2991 liberis
2065 2953 2206 3000 parenti
2232 2964 2346 2999 usque
2368 2965 2432 3000 pa-

1349 3004 1533 3037 tronorum
1557 3003 1593 3035 et
1614 3003 1846 3045 patronarum
1869 2999 1966 3036 hunc
1988 3001 2148 3045 praestat
2178 2998 2366 3042 honorem,
2396 3002 2436 3035 ut

1349 3057 1421 3082 non
1445 3046 1548 3081 aliter
1570 3045 1675 3080 liceat
1697 3044 1817 3080 liberis
1841 3045 2047 3090 libertisque
2069 3054 2131 3080 eos
2153 3043 2192 3079 in
2213 3044 2269 3080 ius
2292 3054 2434 3085 vocare.

1349 3101 1455 3137 quam
1486 3091 1517 3126 si
1547 3090 1583 3126 id
1596 3091 1624 3112 ¹³
1646 3090 1692 3126 ab
1715 3090 1793 3135 ipso
1817 3093 1983 3136 praetore
2013 3088 2273 3135 postulaverint
2303 3092 2339 3125 et
2368 3089 2433 3125 im-

1347 3135 1583 3182 petraverint:
1616 3138 1652 3171 et
1674 3135 1704 3172 si
1727 3135 1807 3181 quis
1830 3135 1934 3172 aliter
1955 3133 2152 3176 vocaverit,
2184 3133 2221 3170 in
2244 3144 2324 3170 eum
2347 3144 2433 3181 poe-

1347 3192 1430 3217 nam
1454 3180 1646 3218 solidorum
1670 3180 1926 3227 quinquaginta
1949 3179 2142 3217 constituit.

1839 3319 1949 3358 XVII

1650 3386 1711 3418 DE
1737 3385 1915 3418 OFFIGIO
1928 3383 2108 3418 ⁴IUDICIS

1391 3452 1572 3506 Superest,
1599 3451 1707 3505 91.ρθ
1730 3451 1849 3488 officio
1872 3449 1999 3487 iudicis
2023 3449 2261 3503 dispiciamus.
2298 3452 2334 3486 et
2353 3450 2429 3503 qui-

1345 3497 1425 3535 dem
1447 3509 1484 3534 ln
1507 3508 1630 3543 prlmls
1653 3497 1739 3533 1nud
1763 3497 1951 3533 observare
1975 3494 2080 3531 debet
2103 3495 2228 3537 iudex,
2261 3505 2307 3531 ne
2329 3495 2430 3539 ahter

1345 3542 1496 3586 iudicet,
1521 3552 1628 3589 quam
1651 3542 1787 3588 legibus
1811 3544 1874 3578 aut
1898 3539 2212 3577 constitutionibus
2235 3543 2300 3576 aut
2322 3540 2427 3576 mori-

1391 3658 1435 3697 (s)
1466 3658 1515 3700 Cs.
1535 3656 1611 3691 Gai.
1624 3658 1655 3698 4,
1670 3663 1795 3691 nmen
1863 3658 1908 3697 (a)
1924 3655 2002 3690 God.
2018 3656 2048 3695 2,
2060 3662 2096 3689 ss
2107 3655 2182 3697 (ss),
2193 3661 2210 3689 2
2215 3666 2268 3698 pr.
2280 3655 2325 3695 (ιι.
2335 3653 2427 3691 sam

1346 3706 1404 3738 (ιο)
1434 3702 1695 3742 οαἰ.4,ιτε.ιπ
1788 3701 1843 3741 (ιι)
1871 3701 2116 3743 Cod.3‚1,1⁴‚1
2216 3700 2276 3741 (12)
2303 3698 2426 3738 G'm‘A,

1347 3754 1397 3781 182
1489 3750 1549 3786 (13)
1574 3746 1622 3788 id]
1636 3746 1726 3788 EW,
1741 3759 1800 3780 οηι.
1813 3745 1850 3780 Β
2206 3764 2209 3767 -
2243 3756 2245 3759 ’
