2528 3918
197 122 351 155 CONST,
382 123 528 154 TANTA

196 233 384 270 ordinariis
416 242 484 268 nec
514 242 587 268 non
616 231 770 277 publicis
800 231 1025 274 criminibus,
1057 231 1117 277 qui
1140 242 1279 268 omnem

195 279 379 315 continent
402 277 625 313 severitatem
644 287 840 322 poenarum
865 287 911 313 ue
930 277 1165 313 atrocitatem.
1201 276 1278 330 qui-

195 325 263 360 bus
288 323 463 369 permixta
487 325 573 358 sunt
594 326 632 358 et
654 332 699 358 ea
721 332 814 368 quae
861 332 882 358 e
904 322 1102 358 audacibus
1126 321 1278 357 homini-

197 370 287 405 bus¹
324 372 431 404 cauta
466 370 568 411 sunt,
609 366 670 413 qui
702 377 742 404 se
773 368 891 404 celare
922 370 1098 403 conantur
1127 370 1164 402 et
1192 377 1278 403 con-

196 419 355 449 tumaces
387 412 563 448 existunt:
596 417 632 448 et
663 411 707 448 de
736 413 879 458 poenis,
912 422 1003 458 quae
1035 411 1279 448 condemnatis

195 459 403 504 infliguntur
426 458 481 493 vel
505 457 769 502 conceduntur,
794 469 860 494 nec
884 468 956 493 non
980 457 1024 492 de
1048 467 1171 492 eorum
1194 458 1278 493 sub-

198 505 241 540 8b
287 503 440 540 stantiis.
486 502 597 538 Liber
623 506 743 539 autem
766 503 954 548 singularis
978 513 1043 547 pro
1068 502 1278 555 appellatio-

197 550 302 585 nibus
339 547 443 584 nobis
481 548 700 593 excogitatus
737 551 793 585 est
823 552 950 584 contra
981 550 1175 583 sententias
1206 552 1280 583 tam

198 597 240 630 8c
285 593 403 629 civiles
427 603 534 638 quam
558 593 758 630 criminales
783 602 910 629 causas
933 592 1109 629 finientes.
1153 592 1281 629 Cetera

196 643 316 675 autem
339 638 468 681 omnia,
493 648 585 684 quae
607 638 654 674 ad
675 639 909 684 municipales
932 638 988 672 vel
1014 637 1058 673 de
1082 637 1279 674 decurioni-

197 685 263 720 bus
288 688 325 720 et
347 683 553 720 muneribus
577 684 631 720 vel
654 684 807 729 publicis
832 683 999 729 operibus
1030 683 1086 718 vel
1112 683 1279 719 nundinis

196 733 232 765 et
262 728 579 775 pollicitationibus
609 733 646 765 et
675 729 821 765 diversis
852 727 1112 773 cognitionibus
1137 731 1173 764 et
1196 738 1278 763 cen-

197 775 321 811 sibus²
349 774 404 811 vel
435 773 692 819 significatione
722 775 910 810 verborum
932 773 1113 809 veteribus
1135 773 1279 809 inventa

197 823 281 856 sunt
310 829 471 865 quaeque
500 819 711 865 regulariter
749 818 912 863 definita,
951 819 988 853 in
1027 828 1106 854 sese
1143 819 1281 864 recepit

196 864 542 911 quinquagensimus,
567 865 677 901 totius
702 863 1016 900 consummationis
1039 863 1232 909 perfectus.

240 1365 261 1397 9
308 1363 406 1406 Quae
437 1360 554 1396 omnia
579 1358 744 1395 confecta
766 1361 851 1394 sunt
873 1368 939 1403 per
962 1358 1076 1394 virum
1101 1357 1278 1394 excelsum

194 1417 261 1443 nec
284 1418 356 1443 non
379 1405 693 1451 prudentissimum
717 1404 925 1449 magistrum
955 1414 1000 1439 ex
1032 1407 1221 1448 quaestore
1242 1407 1280 1440 et

195 1463 237 1488 ex
270 1452 417 1488 consule
445 1451 731 1494 Tnmommtm,
771 1449 832 1495 qui
863 1448 1024 1485 similiter
1055 1449 1280 1494 eloquentiae

194 1502 230 1534 et
258 1497 433 1543 legitimae
464 1496 635 1532 scientiae
666 1495 804 1531 artibus
837 1494 1027 1530 decoratus
1058 1498 1096 1530 et
1125 1495 1163 1530 in
1190 1494 1278 1540 ipsis

193 1554 311 1580 rerum
331 1541 579 1588 experimentis
599 1540 744 1576 emicuit
761 1539 920 1585 nihilque
937 1539 1052 1575 maius
1072 1550 1140 1575 nec
1160 1540 1278 1576 carius

194 1588 325 1624 nostris
349 1597 506 1633 unquam
528 1586 748 1622 iussionibus
773 1585 892 1621 duxit:
917 1595 984 1621 nec
1007 1596 1079 1621 non
1102 1595 1167 1631 per
1190 1586 1278 1621 alios

193 1635 287 1669 viros
317 1632 526 1678 magnificos
556 1635 594 1668 et
623 1630 903 1668 studiosissimos
925 1629 1088 1677 perfecta
1111 1634 1212 1673 sunt,
1241 1630 1280 1666 id

194 1683 248 1715 est
269 1679 559 1714 consummem
582 1676 696 1712 virum
714 1676 890 1712 illustrem
911 1676 1075 1713 comitem
1096 1686 1279 1712 sacrarum

192 1724 422 1769 largitionum
452 1727 489 1759 et
519 1722 728 1768 magistrum
767 1721 888 1757 scrinii
923 1721 1127 1757 libellorum
1156 1731 1279 1757 sacra-

193 1779 343 1815 rumque
367 1769 617 1814 cognitionum,
643 1767 704 1813 qui
727 1777 867 1812 semper
890 1766 994 1802 nobis
1017 1777 1063 1803 ex
1086 1767 1183 1802 bona
1202 1767 1279 1812 opi-

193 1816 300 1851 nione
331 1818 369 1851 et
396 1814 510 1859 gloria
538 1823 616 1849 sese
648 1812 924 1849 commendavit:
958 1822 1024 1847 nec
1055 1822 1128 1848 non
1155 1812 1278 1848 Timo-

193 1871 337 1897 Pfflntm
367 1860 483 1895 virum
513 1859 685 1894 illustrem
715 1857 924 1902 magistrum
946 1857 1103 1903 iurisque
1125 1858 1280 1903 peritum

193 1907 231 1941 in
253 1906 324 1941 hac
347 1903 657 1951 splendidissima³
679 1902 822 1939 civitate
852 1902 1080 1938 laudabiliter
1110 1902 1279 1948 optimam

193 1952 311 1997 legum
366 1949 636 1986 uber-nationem
669 1947 935 1984 extendentem:
974 1952 1011 1983 et
1040 1948 1280 1984 Donommtm

194 1997 308 2032 virum
331 1996 342 2031 i
370 1999 506 2031 ustrem
529 1998 565 2030 et
582 1993 875 2030 facundissimum
897 1993 1150 2038 quaestorium,
1173 2004 1281 2075 agam

196 2042 232 2079 in
262 2041 523 2086 Berytiensium
555 2039 842 2085 splendidissima
873 2038 1015 2074 civitate
1047 2039 1141 2084 leges
1199 2039 1207 2046 '
1230 2039 1279 2074 ci-

196 2086 288 2133 pulis
319 2085 519 2122 tradentem
546 2088 695 2131 propter
724 2085 801 2121 eius
826 2083 996 2129 optimam
1020 2084 1222 2129 opinionem
1245 2087 1281 2120 et

194 2131 342 2178 gloriam
365 2131 413 2167 ad
436 2141 501 2167 nos
525 2130 733 2166 deduximus
756 2130 1037 2183 participemque
1063 2129 1170 2165 huius
1194 2139 1279 2175 ope-

195 2178 245 2214 ris
268 2177 436 2213 fecimus:
467 2175 531 2212 sed
561 2179 597 2212 et
619 2176 846 2211 Amrommu
869 2186 984 2210 vlrum
1006 2174 1182 2211 illustrem
1205 2185 1279 2210 ma-

195 2223 354 2269 gistrum,
379 2222 438 2267 qui
462 2225 499 2258 et
519 2222 597 2267 ipse
620 2220 717 2266 apud
740 2219 966 2266 Berytienses
993 2220 1080 2255 iuris
1104 2221 1280 2272 interpres

198 2268 413 2304 constitutus
437 2266 485 2303 ad
506 2266 576 2303 hoc
600 2277 690 2312 opus
714 2266 864 2302 allectus
888 2269 961 2310 est,
989 2265 1042 2300 vir
1065 2265 1110 2301 ab
1134 2268 1282 2311 antiqua

195 2313 330 2359 stirpe⁴
353 2312 510 2359 legitima
531 2311 748 2359 procedens,
773 2321 854 2348 cum
877 2314 914 2347 et
936 2314 1039 2356 pater
1061 2310 1138 2347 eius
1162 2310 1280 2347 Leon-

199 2610 239 2649 (ι)
263 2607 419 2641 hominus
435 2607 471 2642 F
565 2606 611 2649 (2)
636 2607 671 2640 et
689 2604 841 2640 censibus
859 2618 918 2640 om.
932 2606 967 2639 F
974 2606 984 2627 ¹

199 2652 329 2686 dissime
343 2653 378 2686 F
461 2652 505 2695 (Δ)
529 2652 632 2695 stipre
646 2652 678 2685 F

1251 109 1379 152 XXll

1083 2608 1126 2649 (³)
1150 2605 1282 2649 spendi—
1311 2605 1320 2697 Ι

2009 127 2164 159 CONST.
2196 126 2429 164 ΔΕΔΩΚΕΝ

1347 230 1521 277 τημάτων
1552 228 1645 280 ἅπερ
1676 231 1843 269 ἰδιωτικὰ
1875 234 2063 279 καλοῦσιν,
2099 233 2168 272 ὅσα
2197 251 2238 272 τε
2268 234 2347 282 οὖχὶ
2375 252 2430 274 τε·

1347 279 1509 329 ταγμένα
1531 277 1881 326 προσονομάζουσιν,
1913 276 2007 316 ἀλλὰ
2033 280 2101 327 τὴν
2131 283 2210 318 τῶν
2232 284 2432 320 extraordi-

1349 332 1475 358 narlon
1499 319 1618 358 αὐτοῖς
1640 324 1875 360 ἐπιτιθέασιν
1899 326 2129 382 ἐπωνυμίαν,
2159 323 2362 373 ἀναβαῖνον
2391 327 2433 364 δὲ

1348 370 1409 401 καὶ
1440 368 1489 402 εἰς
1518 366 1566 403 τὰ
1594 366 1751 414 δημόσια
1773 371 1852 405 τῶν
1876 369 2128 418 ἐγκληματων,
2159 368 2252 420 ἅπερ
2278 371 2431 421 σφοδρό-

1348 411 1442 446 τατά
1471 415 1514 447 τέ
1539 414 1640 449 ἐστιν
1674 417 1735 448 καὶ
1769 414 1928 469 μεγάλην
1964 418 1982 449 ἐ
2013 413 2023 428 '
2062 417 2199 453 ἑαυτοῖς
2232 417 2334 453 καλεῖ
2366 418 2433 462 τὴν

1349 456 1492 502 ποινὴν.
1539 455 1603 492 δύο
1626 456 1667 493 δὲ
1688 456 1883 495 κάνταυθα
1905 464 1973 506 βίβ
2015 476 2029 496 ι
2050 463 2168 497 ταῦτα
2181 466 2191 485 ¹
2215 460 2261 507 δὴ
2281 462 2330 498 τὰ
2350 467 2434 509 περὶ

1348 503 1427 537 τῶν
1461 499 1732 550 ἁμαρτημάτων
1747 519 1806 557 ἱτε
1840 508 1901 559 καὶ
1937 505 2172 554 ἐγκλημάτων
2206 510 2433 551 συνέχουσιν·

1349 559 1445 627 ῗρῖἵ
1443 561 1470 603 ‘⁰‘
1470 550 1587 627 ''0315“
1574 561 1698 639 1:3⁰⁶&
1721 563 1799 630 ιὲἕο
1816 554 1936 631 ἶὶῗῗ
1965 550 2110 632 ἕιῗῖτῖὺῖ
2138 555 2223 631 ἷῖἕρξ
2255 553 2350 632 ἶῖἶῗές
2370 549 2430 589 ἐπ’

1349 605 1579 680 ιζιστνέιμντων,
1606 642 1667 673 καὶ
1689 640 1751 684 τῆς
1774 610 1839 675 ogo*
1864 652 1879 675 ς
1903 622 2021 675 «lovois
2043 611 2258 690 wequal‘tlzqs:
2290 645 2351 678 καὶ
2371 611 2435 686 ,ἑξ-ς

1350 685 1572 731 ἐπαγομένης
1599 686 1673 718 τοῖς
1701 654 2062 731 καταδεδικασμένοις
2092 688 2217 732 ποινῆς
2247 684 2271 732 ἦ
2299 699 2434 735 συγχω-

1350 728 1392 763 eb
1440 726 1586 782 ρήσεως.
1628 724 1734 777 Ἀρχὴ
1764 728 1804 765 δὲ
1833 727 1918 776 ἡμῖν
1947 731 2069 780 ἑτέρου
2098 731 2244 786 βιβλίου
2272 731 2385 768 πάλιν
2414 729 2434 767 ὁ

1349 775 1433 825 περζ
1456 786 1535 826 των
1559 775 1719 829 ἐφέσεων
1740 779 1878 829 γίνεται
1909 775 2026 823 λόγος,
2058 789 2175 812 κοινος
2205 774 2260 812 ὢν
2288 775 2436 813 εἰκότως

1349 831 1441 853 κατα
1472 832 1550 853 των
1584 831 1720 865 ψηφων
1750 833 1830 855 των
1862 835 1901 856 τε
1933 822 1982 856 εἰς
2009 820 2174 869 χρήματα
2207 823 2286 861 τῶν
2315 836 2356 858 τε
2386 824 2435 858 εἰς

1351 866 1392 899 80
1438 862 1642 910 ἐγκλήματα
1669 869 1891 913 φερομένων.
1937 863 2074 902 Ὁπόσα
2094 865 2138 903 δὲ
2157 863 2250 915 ὑπέρ
2271 881 2312 902 τε
2334 865 2434 904 πολι-

1348 909 1427 943 τῶν
1449 906 1540 956 ὑπέρ
1563 922 1604 943 τε
1626 908 1835 955 βουλευτῶν
1856 914 1918 945 καὶ
1939 910 2252 959 λειτουργημάτων
2274 916 2336 947 καὶ
2357 913 2436 947 τῶν

1350 951 1537 998 δημοσίων
1559 954 1678 1002 ἔργων
1699 958 1760 989 καὶ
1783 955 2023 1004 πανηγύρεων
2047 960 2108 991 καὶ
2131 955 2259 1004 πόρων
2287 960 2434 1015 ἐπαγγε-

1349 997 1427 1033 λίας
1444 1002 1505 1032 καὶ
1523 998 1701 1035 ποικίλων
1720 1001 1960 1049 [έρω1τὴσεων
1971 1003 1986 1023 ²
2005 1005 2066 1036 καὶ
2085 1003 2147 1047 τῆς
2163 1001 2333 1048 δημοσίας
2347 1016 2433 1039 ano·

1348 1045 1514 1097 χρα[φ]ῆς
1541 1045 1831 1090 νενομοθέτηται
1857 1049 1932 1082 τοῖς
1961 1046 2089 1090 πάλαι,
2122 1043 2220 1091 [ὅσ1α
2248 1061 2290 1083 τε
2318 1045 2436 1091 [ὅλ1ως

1348 1090 1440 1145 υπὲρ
1463 1090 1525 1133 τῆς
1547 1090 1626 1124 τῶν
1650 1088 1823 1136 ῥημάτων
1845 1092 1963 1135 &cdlv
1983 1088 2195 1139 ὀνομασίας
2217 1096 2278 1128 καὶ
2298 1094 2376 1129 τῶν
2395 1095 2436 1127 ἐν

1349 1146 1501 1168 κανοσιν
1534 1135 1765 1183 εἰρημ[ε’]νων
1792 1139 1867 1171 τοῖς
1896 1136 2028 1179 πάλαι,
2063 1139 2181 1173 ταῦτα
2213 1134 2364 1174 ἅπαντα
2393 1136 2435 1173 τὸ

1348 1177 1582 1233 τε[λευ]ταξον
1606 1183 1760 1234 περιέχει
1776 1180 1933 1226 βιβλίον,
1957 1180 2087 1217 τούτου
2107 1181 2152 1227 δὴ
2169 1184 2258 1219 τοῦ3
2282 1181 2434 1227 σ[υσ]τή-

1347 1235 1474 1269 ματος,
1506 1237 1607 1278 teugo
1632 1222 1734 1278 0}qu
1749 1226 1811 1279 τόιι
1824 1230 1908 1275 περὶ
1936 1228 2015 1262 τῶν
2038 1227 2300 1276 ἐπερωτήσοων
2322 1230 2435 1270 ἐστίν,

1349 1271 1454 1303 ἕκτον
1466 1272 1545 1315 μέν,
1566 1281 1654 1305 οσον
1669 1282 1759 1318 προς
1773 1284 1842 1316 την
1857 1273 1996 1307 οἰκείαν
2010 1268 2122 1320 ἀρχὴν
2140 1271 2337 1316 καθεστός,
2351 1285 2434 1310 πεν-

1348 1313 1527 1358 τηκοστὸν
1557 1313 1598 1349 δὲ
1625 1314 1714 1363 πρὸς
1738 1315 1806 1360 τὴν
1827 1313 1917 1361 ὅλην
1938 1319 2002 1362 τῆς
2023 1316 2226 1360 συντάξεως
2247 1315 2435 1367 ἁρμονίαν.

1394 1363 1414 1395 9
1454 1357 1567 1407 “Acten
1591 1356 1740 1396 ἅπαντα
1763 1363 2000 1398 συντέθειταί
2026 1376 2068 1398 τε
2097 1366 2160 1398 καὶ
2188 1363 2436 1408 ἐκπεπόνηται

1348 1404 1466 1440 καλῶς
1495 1418 1536 1439 τε
1567 1409 1629 1439 καὶ
1656 1406 1719 1450 τῆς
1749 1402 1839 1454 παρ’
1866 1403 1970 1453 ἡμῶν
1993 1406 2183 1444 κελεύσεως
2205 1405 2314 1451 ἀξίως
2335 1408 2435 1457 παρά

1348 1463 1388 1485 τε
1417 1451 1766 1494 ΤΡΙΒΩΝΙΑΝΟῬ,
1794 1453 1859 1487 τοῦ
1883 1451 2115 1495 ένδοξστάτον
2137 1456 2200 1490 καὶ
2220 1453 2435 1502 σοφωτάτου

1347 1500 1547 1544 μαγίστρου
1576 1500 1638 1530 καὶ
1666 1492 1739 1532 ἀπὸ
1768 1496 1997 1557 κυαιστόρων
2024 1500 2104 1535 τῶν
2127 1495 2311 1548 ἡμετέρων
2332 1503 2435 1545 βασι-

1350 1540 1458 1576 λείων
1481 1544 1542 1575 καὶ
1564 1537 1728 1585 ὑπάτων,
1756 1537 1886 1597 ἀνδρὸς
1913 1547 1955 1578 ἐν
1985 1557 2026 1579 τε
2055 1545 2111 1589 τῷ
2134 1543 2310 1593 πράττειν
2333 1546 2374 1580 ἔν
2395 1558 2436 1580 τε

1348 1587 1404 1630 τῷ
1428 1585 1633 1634 ῥητορεύειν
1656 1588 1698 1622 ἔν
1720 1600 1762 1622 τε
1782 1601 1836 1632 τῳ
1860 1587 1943 1624 τοὺς
1965 1588 2095 1635 νόμους
2121 1603 2145 1638 γ
2178 1588 2188 1601 ’
2219 1603 2275 1625 ειν
2303 1585 2435 1626 εὐδοκι-

1347 1632 1519 1677 μοῦντος,
1550 1632 1629 1667 τῶν
1657 1645 1698 1667 τε
1721 1628 1905 1681 ἡμετέρων
1927 1634 2140 1682 ἔμπροσθεν
2161 1634 2269 1670 ουδέν
2291 1635 2435 1680 τιθεμέ-

1349 1689 1413 1712 νου
1444 1675 1698 1725 προστάξεωνε
1734 1681 1795 1712 καὶ
1829 1680 1909 1714 τῶν
1922 1679 1936 1700 ⁴
1970 1675 2035 1715 ὑπ’
2075 1675 2176 1725 αὐτῷ
2210 1680 2253 1716 τὸ
2288 1693 2318 1715 π
2346 1682 2363 1689 “”
2384 1693 2438 1726 μα

1349 1719 1433 1768 ἡμῖν
1451 1723 1769 1768 ἐκπονησαμένων,
1793 1721 1894 1758 τοῦτ’
1915 1725 2018 1759 ἔστιν
2035 1694 2364 1760 ΚΩΝΣΤΑΝΤΫι
2374 1727 2440 1761 01²

1348 1781 1389 1802 τε
1418 1768 1483 1802 τοῦ
1510 1766 1897 1816 μεγαλοπρεπεστάτου
1927 1768 2081 1815 κόμητος
2109 1771 2188 1806 τῶν
2211 1771 2332 1806 θείων
2353 1769 2436 1824 Zug-

1347 1811 1524 1860 γιτιόνων
1555 1815 1616 1847 καὶ
1647 1808 1896 1861 ἀντιγραφέως
1926 1816 1992 1850 τοῦ
2026 1815 2132 1850 θείου
2167 1819 2328 1864 σκρινίου
2358 1828 2437 1850 των

1348 1871 1389 1892 τε
1418 1858 1538 1893 θἐίων
1571 1856 1748 1903 λιβέλλων
1778 1862 1839 1893 καὶ
1861 1860 1939 1894 τῶν
1961 1858 2165 1904 βασιλικῶν
2188 1859 2436 1908 ὃιαγνώσεων,

1347 1901 1506 1952 χρηστὴν
1529 1902 1658 1938 ἑαυτοῦ
1682 1901 1795 1945 δόξαν
1817 1900 1902 1949 ἡμῖν
1923 1906 1963 1939 ἐν
1983 1901 2123 1940 ἅπασιν
2142 1909 2435 1954 παρασχομένου·

1349 1951 1409 1983 καὶ
1444 1945 1534 1996 πρός
1567 1961 1607 1996 γε
1644 1950 1918 1992 ΘΕΟΦΙΛΟῬ,
1953 1951 2018 1985 τοῦ
2051 1950 2437 1999 μεγαλοπρεπεστάτου

1347 1993 1990 2075 5555⁶2<2025525'⁶‚12‘2v⁶553ff122
2010 1994 2209 2076 {Zi‘ff-Soes
2217 1995 2435 2077 'imilla-‘⁷¹²⁵'

1349 2053 1611 2127 tncvnsszsssme
1645 2081 1753 2125 ἀξίως
1789 2053 2039 2122 διὶδὶὶσκοντοςι
2084 2052 2163 2121 καῖς
2180 2053 2440 2123 ΔτΩῗὸιθΕὸηᾷ

1348 2131 1413 2164 τοῦ
1440 2128 1828 2178 μεγαλοπρεπεστάτων
1859 2135 2098 2180 κυαιστωρίου
2129 2135 2190 2166 καὶ
2220 2130 2436 2167 διδασκάλου

1349 2176 1389 2209 ἐν
1418 2175 1463 2224 τῇ
1493 2176 1571 2210 τῶν
1602 2174 1729 2220 νόμων
1757 2172 2082 2224 οἰναδεδειγμεῑνου5
2113 2175 2217 2212 πόλει
2240 2178 2373 2224 (φαμὲν
2397 2175 2437 2212 δὲ

1349 2218 1418 2264 τὴν
1445 2217 1612 2265 ἀοίδιμόν
1640 2233 1682 2255 τε
1703 2223 1764 2255 καὶ
1787 2222 1971 2269 περιφανῆ
1990 2223 2069 2256 τῶν
2091 2225 2284 2270 Βηρυτίων
2305 2222 2436 2271 μητρό-

1350 2263 1488 2318 πολιν),
1519 2261 1564 2300 ὃν
1593 2261 1616 2309 ἡ
1645 2268 1728 2313 περὶ
1760 2263 1871 2301 αὐτοῦ
1900 2265 2036 2313 χρηστὴ
2065 2264 2153 2308 δόξα
2180 2269 2242 2301 καὶ
2269 2268 2319 2303 εἰς
2348 2264 2437 2313 ἡμᾶς

1350 2323 1482 2358 ηγαγεν
1515 2313 1577 2345 καὶ
1610 2311 1689 2345 τῶν
1723 2309 1924 2359 παρόντων
1957 2315 2150 2357 μετασχεῖν
2182 2315 2436 2361 προυτρέψατο

1350 2354 1498 2391 πόνωνε
1523 2358 1585 2390 καὶ
1606 2357 1913 2391 ANATOAIOP
1931 2357 1995 2391 τε6
2017 2358 2083 2392 τοῦ
2100 2355 2435 2411 μεγαλοπρεπεστά-

1349 2413 1415 2436 του
1440 2404 1651 2448 μαγίστρου,
1683 2397 1721 2436 ὃς
1751 2399 1796 2445 δὴ
1826 2404 1888 2435 καὶ
1918 2397 2023 2436 αὐτὸς
2054 2414 2155 2451 παρα
2176 2406 2366 2451 Βηρυτίοις
2389 2402 2435 2439 τὰ

1350 2447 1390 2481 ἐκ
1412 2444 1540 2492 νόμων
1562 2444 1727 2483 παιδεύει
1750 2444 1903 2490 [κα]λώ’ς,
1926 2443 2017 2501 ᾇνὴρ
2040 2448 2080 2482 ἐκ
2101 2461 2161 2495 τρι
2183 2451 2283 2482 ονίας
2308 2449 2437 2494 σεμνῆς

1349 2491 1440 2537 τ[ἣ]ς
1462 2489 1564 2539 παρὰ
1587 2492 1752 2534 Φοίνιξιν
1783 2493 1863 2527 τῶν
1894 2505 2020 2537 νομων
2049 2490 2110 2528 διδ
2171 2491 2298 2529 κοιλίας
2326 2506 2436 2529 κατα-

1351 2588 1392 2648 (1)
1417 2602 1541 2640 πάντα
1551 2606 1706 2651 Krueqcr
1752 2606 1795 2649 (2)
1816 2607 1992 2651 requiritur
2004 2602 2242 2654 διαγνώσεων
2287 2608 2330 2650 (3)
2350 2619 2394 2642 το
2406 2608 2441 2642 F

1351 2652 1395 2694 (4)
1418 2663 1479 2684 και
1491 2652 1551 2685 ins.
1562 2650 1615 2685 F²
1661 2652 1704 2694 (5)
1722 2648 2057 2699 αναδεδειγμενωΡ
2105 2655 2148 2696 (6)
2164 2664 2206 2686 τε
2214 2653 2277 2687 ἀεὶ.
2286 2653 2435 2688 Hercher

198 2797 279 2823 cum
301 2785 352 2821 ad
374 2785 504 2821 delicta
527 2785 682 2829 leviora,
705 2795 799 2831 quae
822 2784 993 2821 dicuntur
1008 2784 1179 2832 privata,
1208 2788 1282 2821 tum

199 2831 249 2868 ad
281 2842 325 2867 ea
359 2841 453 2877 quae
484 2841 556 2866 non
587 2830 756 2866 ordinata
786 2829 930 2873 dicunt,
969 2829 1283 2866 extraordinario-

198 2887 281 2913 rum
321 2875 532 2912 vocabulum
567 2876 613 2911 iis
650 2876 697 2911 im
726 2878 892 2912 onentes:
931 2875 1014 2912 inde
1047 2878 1167 2911 autem
1194 2887 1283 2923 per-

199 2922 343 2958 veniens
373 2920 423 2956 ad
452 2921 604 2957 crimina
627 2931 684 2967 pu
708 2921 797 2964 lica,
828 2930 923 2967 quae
951 2921 1177 2957 atrocissima
1199 2924 1284 2956 sunt

199 2971 234 3003 ct
256 2966 513 3003 severissimam
530 2976 689 3011 poenam
713 2965 932 3013 efflaqitant.
969 2965 1027 3002 hic
1046 2976 1194 3019 quoque
1211 2966 1283 3002 duo

200 3011 285 3049 libri
305 3010 607 3059 complectuntur,
639 3021 733 3057 quae
755 3014 841 3047 sunt
861 3011 907 3047 de
929 3011 1069 3047 delictis
1100 3018 1134 3046 et
1165 3012 1282 3048 crimi-

199 3058 325 3094 nibus:
353 3057 519 3092 admixta
549 3056 641 3092 enim
675 3057 719 3092 iis
748 3059 833 3092 sunt
861 3060 970 3093 cauta
1000 3057 1046 3092 de
1069 3057 1114 3092 iis
1137 3058 1203 3103 qui
1223 3057 1283 3092 de-

201 3102 368 3139 lictorum
391 3101 449 3137 rei
467 3101 564 3148 sacti
583 3111 622 3136 se
645 3101 763 3137 celant
783 3105 820 3137 et
842 3101 886 3138 de
910 3102 1012 3138 bonis
1034 3112 1157 3137 eorum
1181 3105 1216 3137 et
1239 3102 1283 3138 de

201 3148 244 3184 8b
283 3157 409 3194 poena
431 3146 578 3182 veniave
607 3146 868 3182 damnatorum.
915 3146 1056 3183 Rursus
1085 3147 1170 3182 novi
1200 3146 1285 3183 libri

194 3192 420 3240 principium
433 3191 536 3227 nobis
548 3194 724 3227 tractatus
738 3196 790 3227 est
802 3192 846 3227 de
859 3192 1174 3239 appellationibus,
1189 3203 1282 3228 com-

200 3237 318 3273 munis
331 3237 493 3273 videlicet
509 3239 582 3272 tam
598 3235 648 3271 ad
655 3237 835 3282 pecunias
848 3248 956 3283 quam
971 3237 1021 3273 ad
1034 3237 1186 3273 erimina
1195 3248 1281 3284 per-

202 3286 245 3320 80
290 3282 483 3318 tinentibus
499 3282 693 3317 sententiis.
729 3281 971 3328 Quaecunque
993 3285 1113 3318 autem
1135 3281 1180 3317 de
1199 3283 1282 3318 civi—

201 3329 267 3366 bus
283 3331 319 3363 et
338 3326 383 3363 de
401 3326 653 3363 decurionibus
673 3329 707 3360 et
727 3326 771 3362 de
789 3327 996 3363 muneribus
1014 3331 1049 3363 et
1067 3327 1113 3363 de
1123 3327 1282 3373 publicis

201 3370 997 3462 utitatis?amitttat-‘turim
1004 3372 1282 3461 {filiai—'3323

201 3467 236 3499 et
259 3463 303 3499 de
325 3473 433 3499 censu
484 3461 601 3498 ublico
624 3461 710 3496 olim
729 3462 922 3497 constituta
940 3429 1072 3506 sunno
1085 3473 1225 3508 uaeque
1244 3463 1282 3498 in

201 3509 405 3544 universum
486 3506 674 3543 verborum
691 3506 1014 3552 siqnisicationibus
1030 3473 1128 3543 etqde
1144 3506 1282 3554 requlis

202 3554 294 3589 iuris
324 3564 347 3588 a
375 3552 426 3588 ud
454 3555 591 3588 veteres
619 3552 862 3598 reperiuntur,
892 3553 1012 3587 omnia
1035 3551 1282 3599 complectitur

203 3598 293 3635 liber
320 3609 344 3633 u
376 3598 485 3642 imus,
514 3595 623 3632 liuius
653 3599 827 3632 tractatus
859 3597 925 3642 qui
946 3608 969 3632 a
991 3597 1283 3644 stipulationibus

203 3644 347 3690 incipit,
381 3646 525 3686 sextus,
558 3644 601 3677 at
630 3641 675 3678 ab
706 3642 821 3689 :jasius
846 3642 1031 3695 principio
1062 3646 1281 3685 numeretur,

203 3688 525 3740 quinquayesimus
554 3689 673 3724 autem
695 3686 888 3723 secundum
913 3697 1115 3723 universam
1138 3697 1282 3735 compo-

202 3733 343 3770 sitiones
365 3733 656 3770 convenientiam.

1397 2787 1418 2821 9
1464 2784 1565 2828 Quae
1598 2785 1721 2821 omnia
1781 2784 1906 2822 ulchre
1938 2788 1975 2821 et
2007 2788 2132 2821 nostra
2162 2786 2321 2822 iussione
2350 2798 2434 2824 con·

1351 2829 1391 2866 cli
1415 2841 1460 2866 ne
1489 2829 1618 2876 effecta
1647 2834 1682 2865 et
1712 2841 1732 2866 e
1747 2831 1899 2867 aborata
1926 2834 2013 2866 sunt
2039 2841 2121 2867 cum
2143 2842 2167 2867 a
2191 2831 2434 2868 Temenum

1349 2842 1608 2922 qlgriosissimo
1629 2878 1665 2911 et
1675 2875 1959 2922 prudentissimo
1978 2876 2151 2923 maqistro
2171 2876 2379 2922 officiorum
2398 2882 2433 2913 et

1350 2931 1400 2957 ex
1423 2922 1614 2974 quaestore
1636 2921 1737 2973 sacri
1751 2920 1888 2967 palatii
1907 2923 1944 2974 et
1966 2931 2017 2957 esc
2035 2921 2204 2975 consule,
2230 2922 2310 2975 viro
2337 2926 2372 2958 et
2395 2923 2434 2959 in

1351 2966 1568 3063 tttg‘lzqtz
1584 2965 1951 3063 talax-‘ltetgt
1969 2966 2432 3064 sslfflamssffm'ssss]

1351 3059 1424 3091 tum
1448 3056 1493 3092 ab
1518 3066 1580 3098 us,
1611 3066 1675 3102 qui
1702 3055 1769 3092 sub
1797 3066 1840 3091 eo
1868 3067 1963 3103 opus
1984 3056 2088 3093 nobis
2109 3056 2361 3101 elaborarunt,
2392 3057 2433 3093 id

1350 3104 1403 3136 est
1436 3112 1460 3136 a
1500 3100 1764 3136 oonsunrmo
1797 3102 1875 3136 viro
1912 3101 2049 3137 illustri
2081 3102 2209 3138 comite
2243 3112 2430 3138 sacrarum

1352 3145 1583 3191 larqitionum
1604 3149 1639 3180 et
1658 3156 1717 3180 ma
1744 3145 1835 3181 istro
1857 3147 1957 3182 sacri
1975 3147 2102 3182 scrinii
2122 3157 2308 3183 sacmrum
2332 3147 2430 3184 libel-

1351 3191 1466 3226 lorum
1496 3194 1532 3226 et
1561 3157 1802 3238 imperiaffium
1833 3192 2096 3237 coqnitionum,
2153 3191 2195 3227 ui
2221 3191 2348 3227 bonam
2371 3193 2433 3228 sui

1351 3236 1650 3272 existimationem
1675 3236 1713 3270 in
1736 3236 1900 3272 omnibus
1923 3236 2026 3272 nobis
2042 3246 2117 3283 pro
2140 3237 2233 3272 avit:
2263 3240 2298 3272 et
2323 3247 2429 3283 prae·

1351 3284 1449 3316 terea
1475 3280 1701 3317 Tassofflao
1728 3281 1806 3316 viro
1837 3280 1973 3317 illustri
2001 3281 2174 3327 maqistro
2207 3284 2243 3316 et
2272 3282 2368 3328 loyes
2392 3283 2429 3320 in

1350 3325 1420 3362 hac
1441 3327 1545 3372 reqia
1575 3326 1663 3362 urbe
1692 3326 1853 3372 qraviter
1882 3329 1917 3361 et
1946 3335 2063 3372 qnave
2093 3329 2128 3360 et
2155 3325 2315 3362 doctoris
2341 3337 2428 3373 pro·

1348 3370 1508 3416 sessione
1527 3370 1705 3417 condique
1725 3370 1890 3406 docente:
1913 3374 1950 3406 et
1964 3370 2176 3406 Donorffsso
2198 3372 2275 3406 viro
2295 3370 2431 3408 illustri

1350 3416 1555 3461 quaestorio
1585 3419 1619 3451 et
1648 3415 1795 3452 doctore
1823 3416 1863 3450 in
1885 3415 2003 3462 lequm
2025 3416 2258 3451 creato-urbe
2280 3416 2429 3461 (intelle-

1348 3461 1468 3507 qimus
1496 3464 1616 3497 autem
1646 3459 1873 3497 decantatam
1901 3463 1936 3496 et
1964 3459 2191 3513 splendidam
2215 3461 2427 3507 metropolin

1351 3505 1614 3553 Berytiorum),
1650 3516 1755 3551 quem
1784 3505 1932 3552 eqreqia
1962 3505 2078 3551 ipsius
2106 3506 2211 3551 sama
2241 3506 2348 3541 etiam
2379 3506 2429 3542 ad

1349 3561 1415 3586 nos
1431 3550 1588 3587 adduxit
1602 3554 1637 3586 et
1645 3551 1895 3596 praesentium
1911 3549 2073 3587 laborum
2083 3551 2302 3597 participem
2316 3550 2409 3596 fecit
2415 3564 2428 3586 .-

1349 3599 1384 3631 et
1402 3596 1483 3631 Am
1491 3605 1602 3631 rouo
1622 3597 1700 3632 viro
1720 3595 1856 3631 illustri
1872 3595 2057 3642 maqistro,
2081 3596 2148 3642 qui
2168 3598 2203 3631 et
2225 3597 2303 3642 ipsc
2326 3596 2428 3642 apud

1349 3640 1519 3687 Berytios
1542 3641 1633 3676 iuris
1651 3640 1884 3688 prudentiam
1906 3640 2038 3687 optime
2046 3640 2267 3721 ssrofitetur,
2299 3641 2355 3676 vir
2376 3652 2426 3678 ex

1348 3686 1545 3721 venerabili
1571 3686 1661 3722 iuris
1683 3685 1867 3722 doctorum
1889 3684 1992 3732 apud
2012 3684 2049 3721 P
2093 3686 2219 3722 enices
2235 3686 2341 3722 tertia
2362 3698 2424 3733 qe-

1348 3731 1533 3768 neratione
1560 3730 1775 3768 descendens
1804 3732 1900 3775 (nam
1923 3730 2086 3777 refertur
2107 3730 2158 3767 ad
2179 3729 2367 3767 Leontium
2389 3734 2429 3767 et
