2528 3918
170 99 526 148 XXXXIH3.4

169 278 211 309 ut
239 274 353 309 altera
382 272 543 309 revocari
572 272 704 318 possit,
736 272 851 309 altera
873 283 957 309 non.
1003 272 1096 308 idem
1121 283 1168 309 ue
1192 273 1261 308 erit

168 318 396 364 probandum
427 322 462 353 et
491 317 530 353 in
560 327 635 352 una
663 327 721 361 re,
753 318 855 354 cuius
884 328 968 363 pars
993 327 1037 353 ex
1059 328 1103 353 vo
1120 321 1258 361 untate,

169 364 286 399 altera
334 373 393 398 ars
416 373 490 398 non
509 373 554 398 ex
574 363 757 398 voluntate
776 367 954 408 occupata
972 366 1043 398 est:
1069 372 1152 397 nam
1161 372 1258 442 (ΡΜ-8

173 413 212 444 13
260 419 300 444 so
362 418 426 454 per
448 406 678 442 interdictum
702 408 896 444 auferetur.
938 407 1030 442 [llud
1053 411 1159 443 tenen
1185 418 1258 450 um,

168 453 243 490 sive
266 463 288 488 a
310 458 347 488 te
370 454 444 488 sive
468 453 513 488 ab
538 462 592 495 eo,
617 453 654 488 in
673 453 776 488 cuius
794 453 912 488 locum
930 453 1148 495 successisti,
1172 463 1259 498 pos-

168 499 277 535 sideri
312 499 359 533 ali
385 497 445 532 uid
482 502 649 542 coeptum
686 503 760 541 est,
798 497 990 533 interdicto
1023 498 1108 532 huic
1138 497 1260 533 locum

168 544 258 579 fore.
306 543 343 578 in
380 553 485 578 ocum
510 542 728 579 successisse
751 543 963 588 accipimus,
994 542 1067 577 sive
1090 553 1155 588 per
1178 542 1259 577 uni-

173 592 214 624 14
259 588 464 624 versitatem
488 587 560 623 sive
583 588 622 623 in
644 598 719 623 rem
743 588 812 623 sit¹
840 597 1058 623 successum.
1105 587 1260 623 Prodest

169 637 289 669 autem
311 633 532 679 possedisse,
558 633 722 678 quotiens
745 632 930 668 voluntate
953 632 1047 675 eius,
1082 632 1129 668 ad
1153 643 1259 678 quem

169 688 214 714 ea
243 689 302 714 res
333 678 507 723 pertinet,
543 678 720 724 possideri
753 682 919 723 coeptum
950 682 1022 713 est:
1063 678 1127 713 sed
1161 682 1198 713 et
1229 678 1260 713 si

168 727 298 769 postea
319 724 486 759 voluntas
510 723 663 759 accessit
685 724 779 766 eius,
812 722 859 757 ad
889 732 994 768 quem
1024 732 1068 758 ea
1095 733 1154 758 res
1177 733 1258 768 per-

168 769 325 813 tinebat,
356 772 477 804 tamen
525 768 671 804 rodesse
693 768 892 813 possessori
916 768 1057 803 debere.
1105 767 1202 803 unde
1229 768 1260 803 si

168 814 247 859 quis
280 814 399 867 coepit
427 813 487 859 qui
514 823 569 849 em
600 823 644 848 ex
672 813 855 848 voluntate
887 813 980 856 eius,
1014 812 1061 848 ad
1085 823 1190 858 quem
1215 823 1260 848 ea

166 869 226 896 res
256 861 430 905 pertinet,
470 858 673 904 possidere,
712 861 839 903 postea
873 868 955 894 vero
989 858 1155 894 voluntas
1187 869 1260 893 non

168 907 374 951 perseverat
420 904 508 939 nihil
532 907 639 939 nocet
648 904 673 946 ²,
704 903 788 948 quia
812 903 921 938 semel
971 903 1119 939 ossideri
1143 904 1261 949 coepit

173 953 212 985 15
259 960 304 985 ex
331 931 527 984 voluntate.
581 947 619 984 Si
650 947 742 983 alter
773 958 817 983 ex
847 948 934 984 here
963 949 1042 985 'bus
1071 949 1175 991 iisve‚
1214 948 1260 983 ad

194 1005 262 1031 uos
287 1004 330 1030 ea
352 1004 409 1030 res
433 993 600 1039 pertinet,
628 993 782 1029 voluerit
803 1003 878 1029 rem
902 1003 924 1029 a
947 993 1120 1039 legatario
1144 994 1259 1040 possi-

168 1006 255 1083 deri,
275 1039 368 1075 alter
385 1050 468 1081 non,
493 1039 536 1082 ei,
561 1038 623 1084 qui
642 1038 757 1074 noluit
767 1040 792 1082 ³,
815 1038 1043 1075 interdictum
1062 1042 1258 1084 competet:

172 1089 212 1122 16
260 1085 308 1129 ei,
334 1085 394 1130 qui
416 1083 544 1127 voluit,
576 1094 649 1119 non
673 1087 876 1130 competere
899 1084 1020 1130 palam
1043 1088 1109 1120 est.
1157 1083 1261 1129 Quod

167 1130 220 1167 ait
240 1134 389 1176 praetor
418 1129 522 1164 ιιιίεί*
553 1128 767 1164 satisdatum
798 1129 868 1172 sit',
900 1129 1064 1174 accipere
1091 1129 1260 1165 debemus

170 1176 211 1212 ‘si
244 1179 449 1221 perseveret
478 1173 717 1217 satisdatum',
749 1174 887 1210 scilicet
918 1178 976 1216 ut,
1014 1175 1045 1210 si
1075 1185 1149 1210 non
1177 1185 1259 1220 per-

168 1224 306 1258 severet
329 1224 493 1262 cautum,
526 1219 691 1254 mittatur
713 1219 751 1254 in
773 1219 1039 1272 possessionem
1062 1219 1260 1264 legatorum

171 1270 208 1302 17
258 1264 513 1301 servandorum
537 1274 660 1300 causa.
708 1264 928 1300 satisdatum
951 1265 1004 1300 sic
1028 1265 1204 1308 arbitror,
1227 1264 1259 1300 si

168 1311 220 1347 sic
244 1310 456 1346 satisdatum
479 1309 544 1352 sit,
576 1313 618 1345 ut
647 1309 661 1344 l
705 1309 821 1345 atario
849 1310 904 1345 vel
926 1309 1006 1355 ipso
1030 1310 1108 1346 iure
1131 1309 1259 1356 adqui-

169 1357 239 1393 sita
261 1356 308 1392 sit
330 1355 461 1391 idonea
485 1354 603 1390 cautio
634 1366 656 1390 v
745 1365 783 1390 er
811 1354 970 1390 mandati
994 1355 1172 1391 actionem
1196 1355 1259 1390 ad-

169 1404 211 1437 18
259 1400 352 1447 quiri
373 1400 507 1446 possit,
539 1403 577 1436 et
607 1402 696 1436 tunc
763 1399 915 1435 terdicto
941 1400 1061 1436 locum
1084 1399 1175 1436 fore.
1222 1400 1260 1436 Si

168 1445 391 1492 quarundam
414 1455 534 1482 rerum
553 1445 697 1481 nomine
717 1444 930 1481 satisdatum
951 1445 1008 1487 sit,
1033 1445 1259 1491 quarundam

166 1502 240 1528 non
270 1491 318 1528 sit
348 1491 580 1534 satisdatum,
612 1500 735 1526 earum
765 1501 886 1526 rerum
916 1490 1060 1526 nomine
1090 1490 1169 1527 sine
1191 1491 1259 1526 im-

166 1536 370 1583 pedimento
394 1536 452 1581 agi
474 1535 616 1581 poterit,
642 1535 686 1571 de
710 1534 840 1580 quibus
863 1535 1078 1572 satisdatum
1102 1541 1167 1580 est,
1200 1546 1259 1572 ce·

166 1587 325 1618 terarum
347 1591 421 1617 non
443 1581 585 1627 poterit.

213 1624 240 1664 2
269 1626 326 1663 PA
334 1635 430 1662 vsvs
462 1626 555 1662 libro
589 1627 846 1673 sexaqensimo
876 1627 981 1662 tertio
1018 1626 1070 1662 ad
1103 1626 1259 1663 edictum

166 1672 356 1709 Diversum
379 1675 453 1716 est,
478 1671 510 1707 si
531 1675 660 1717 postea
708 1681 768 1707 ars
791 1671 908 1717 legato
933 1671 1150 1708 adcreverit:
1175 1682 1259 1707 nam

169 1721 183 1753 1
234 1718 304 1753 hoc
326 1716 469 1753 nomine
492 1720 661 1753 tenentur
698 1716 913 1752 'deiussores
928 1716 967 1752 in
986 1720 1114 1752 totum.
1155 1717 1259 1762 Quod

166 1763 219 1798 ait
247 1766 394 1809 praetor
422 1762 466 1799 ‘si
495 1772 562 1807 per
592 1762 768 1798 bonorum
795 1772 1040 1807 possessorem
1071 1772 1145 1798 non
1173 1766 1257 1805 stat,

167 1811 220 1844 ‘ut
250 1807 469 1851 satisdatur',
500 1807 553 1843 sic
584 1807 660 1843 acci
686 1807 796 1850 imus,
829 1807 861 1843 si
917 1811 1042 1843 aratus
1075 1808 1123 1843 sit
1151 1808 1259 1843 satis-

167 1853 272 1890 dare:
303 1863 377 1889 non
401 1862 484 1898 ergo
509 1852 639 1888 offerre
662 1818 769 1888 debet
793 1852 880 1888 satis
907 1853 1080 1895 ationem,
1111 1853 1175 1888 sed
1196 1863 1258 1898 pe-

167 1902 187 1935 2
234 1899 324 1934 tenti
347 1898 435 1934 satis
459 1908 595 1933 moram
619 1907 692 1933 non
714 1896 847 1933 facere.
893 1898 952 1933 Ex
976 1898 1046 1933 hoc
1069 1897 1257 1934 interdicto

167 1944 228 1990 qui
251 1954 324 1979 non
347 1942 523 1986 restituit,
547 1943 585 1978 in
608 1942 645 1978 id
668 1942 764 1988 quod
787 1943 938 1979 interest
961 1942 1068 1979 debet
1091 1943 1258 1979 condem-

167 1994 186 2025 3
234 1989 324 2024 nari.
359 1988 400 2024 Si
422 1988 616 2033 legatarius
639 1987 917 2034 repromissione
941 1990 1155 2024 contentus⁵
1178 1989 1257 2031 fuit,

167 2034 324 2070 dandum
347 2037 404 2069 est
426 2033 665 2069 interdictum.
701 2033 794 2069 idem
812 2033 1003 2069 dicendum
1021 2037 1087 2076 est,
1112 2033 1143 2069 si
1161 2033 1258 2080 lega·

167 2085 187 2115 4
235 2079 349 2115 tarius
372 2078 582 2124 pignoribus
606 2078 722 2113 noluit
745 2078 814 2114 sibi
837 2079 967 2115 caveri.
1011 2078 1050 2114 Si
1073 2089 1139 2132 per
1161 2079 1257 2124 lega-

165 2124 298 2160 tarium
321 2123 458 2159 factum
482 2123 546 2167 sit,
578 2134 647 2168 quo
676 2123 793 2159 minus
817 2123 1030 2167 satisdetur‚
1061 2124 1148 2160 hcet
1172 2135 1257 2160 cau-

165 2173 242 2206 tum
264 2179 338 2206 non
361 2169 419 2212 sit,
447 2172 591 2204 tenetur
614 2168 815 2204 interdicto.
864 2169 927 2205 sed
951 2169 981 2204 si
1005 2168 1099 2205 forte
1122 2169 1259 2205 factum

166 2215 214 2251 sit
235 2225 301 2260 per
322 2213 555 2259 legatarium,
588 2224 659 2259 quo
683 2213 800 2249 minus
825 2214 1039 2257 satisdetur,
1071 2224 1112 2250 eo
1138 2220 1258 2250 autem

165 2264 343 2305 tempore,
373 2269 444 2305 quo
468 2259 587 2295 editur
609 2258 856 2302 interdIctum,
888 2259 976 2295 satis
1006 2260 1171 2305 accipere
1193 2271 1258 2306 pa-

166 2310 266 2341 ratus
290 2304 354 2348 sit,
386 2315 460 2340 non
483 2304 654 2350 competit
676 2303 921 2347 interdictum,
953 2304 1021 2339 nisi
1045 2304 1259 2340 satisdatum

166 2351 223 2386 sit.
270 2350 356 2386 item
388 2350 419 2385 si
449 2359 515 2395 per
546 2349 723 2385 bonorum
750 2359 997 2395 possessorem
1029 2350 1147 2400 stetit,
1187 2361 1258 2396 quo

167 2396 283 2431 minus
308 2394 511 2437 safisdaret,
536 2394 601 2431 sed
624 2394 730 2430 modo
753 2398 903 2439 paratus
924 2398 980 2430 est
999 2405 1136 2439 cavere,
1161 2398 1259 2431 tenet

165 2440 414 2522 fflmdicteffhm
438 2439 524 2476 illud
549 2439 642 2475 enim
664 2443 805 2486 tempus
828 2439 1028 2486 inspicitur,
1055 2450 1125 2486 quo
1145 2440 1257 2477 inter-

193 2485 302 2522 ‘ctum
373 2485 453 2521 ‘tur.

655 2621 773 2663 1111‘.

166 2689 231 2724 tm
254 2688 328 2723 VIS
350 2689 459 2724 FIAT
482 2689 545 2731 m,
569 2688 1081 2767 QUIEIIffIgOSSESSIONEM
1100 2689 1258 2723 MISSUS

215 2798 236 2838 1
270 2798 466 2836 Uzmws
485 2799 576 2836 libro
598 2800 891 2847 septuaqensimo
911 2800 1070 2837 secundo
1096 2801 1146 2837 ad
1163 2802 1258 2838 edio-

167 2848 243 2881 tum
288 2845 352 2880 Ait
381 2848 547 2891 praetor:
584 2844 634 2881 ‘Si
666 2845 745 2891 quis
777 2845 859 2881 dolo
891 2845 986 2881 malo
1010 2845 1154 2889 fecerit,
1187 2857 1257 2892 quo

167 2891 295 2926 ‘minus
320 2890 399 2936 quis
421 2891 599 2935 permissu
619 2900 698 2926 meo
718 2889 848 2933 eiusve,
874 2891 977 2927 cuius
995 2901 1039 2927 ea
1057 2891 1257 2928 iurisdictio

168 2935 259 2980 ⁶fuit,
281 2935 319 2971 in
342 2935 604 2981 possessionem
628 2935 804 2972 bonorum
825 2935 882 2980 sit,
906 2935 943 2971 in
965 2946 1045 2972 eum
1064 2937 1102 2972 in
1121 2936 1257 2972 factum

167 2979 366 3023 ‘iudicium,
399 2980 524 3026 quanti
556 2990 600 3015 ea
628 2991 685 3016 res
715 2980 820 3024 fuit⁷,
851 2981 898 3016 ob
923 2991 1030 3027 quam
1052 2981 1091 3017 in
1113 2992 1256 3028 posses-

170 3029 185 3061 1
238 3025 386 3062 ‘sionem
410 3025 540 3061 missus
563 3025 648 3069 erit,
673 3025 791 3062 dabo’.
837 3025 917 3062 Hoc
941 3026 1096 3062 edictum
1120 3038 1258 3063 summa

167 3070 391 3118 providentia
413 3074 560 3123 praetor
582 3071 788 3123 proposuit:
820 3070 957 3107 frustra
987 3071 1081 3108 enim
1112 3072 1150 3108 in
1165 3083 1256 3126 pos-

167 3116 363 3153 sessionem
392 3118 549 3151 mitteret
571 3125 622 3151 rei
645 3116 842 3152 servandae
866 3126 996 3160 causa,
1027 3116 1097 3153 nisi
1127 3128 1256 3154 missos

167 3164 329 3197 tueretur
351 3164 388 3197 et
435 3160 641 3196 rohibentes
665 3162 785 3197 venire
806 3161 845 3197 in
867 3161 1130 3207 possessionem
1155 3173 1255 3198 coer-

168 3209 189 3242 2
238 3211 346 3242 ceret.
421 3209 455 3242 st
477 3209 597 3241 autem
620 3206 786 3250 generale
809 3206 879 3242 hoc
904 3206 1076 3243 edictumz
1102 3208 1258 3253 pertinet

168 3250 263 3287 enim
287 3251 335 3287 ad
357 3260 491 3295 omnes,
515 3250 576 3296 qui
593 3250 631 3285 in
649 3252 912 3295 possessionem
931 3261 954 3287 a
970 3256 1139 3298 praetore
1158 3253 1256 3288 missi

168 3301 270 3333 sunt:
307 3296 474 3332 convenit
501 3294 595 3332 enim
625 3297 783 3341 praetori
813 3307 954 3340 omnes,
989 3307 1078 3343 quos
1110 3297 1188 3344 ipse
1219 3298 1256 3333 in

167 3342 430 3387 possessionem
460 3340 573 3385 misit,
612 3340 717 3376 tueri.
772 3341 834 3376 sed
872 3342 945 3377 sive
978 3342 1030 3377 rei
1061 3342 1257 3378 servandae

168 3397 279 3423 causa
309 3387 384 3422 sive
412 3386 446 3422 le
492 3390 610 3422 torum
641 3389 706 3421 aut
727 3386 860 3422 ventris
884 3386 1026 3422 nomine
1052 3387 1089 3423 in
1112 3398 1254 3433 posses-

167 3432 302 3468 sionem
326 3431 425 3467 missi
489 3431 591 3472 erint,
615 3429 750 3466 habent
773 3441 816 3466 ex
840 3432 909 3467 hoc
928 3431 1044 3467 edicto
1065 3432 1101 3468 in
1119 3432 1255 3468 factum

168 3480 189 3513 3
236 3477 426 3519 actionem,
445 3476 519 3512 sive
538 3476 612 3512 doli
628 3476 702 3512 sive
719 3475 824 3511 aliter
840 3476 1090 3521 prohibuerint
1099 3478 1124 3513 ⁸.
1155 3478 1256 3514 Haec

167 3591 208 3631 (ι)
232 3589 287 3632 sit]
300 3589 392 3623 misit
404 3590 440 3623 F
496 3591 540 3632 (2)
563 3591 683 3623 noceat
693 3589 728 3622 F
788 3590 834 3632 (8)
859 3587 969 3623 voluit
981 3590 1017 3623 F
1081 3592 1125 3632 (4)
1150 3590 1179 3624 ni
1190 3603 1254 3625 scr.

168 3638 213 3675 (t)
236 3637 385 3668 retentus
397 3635 430 3668 F

215 3685 258 3716 ια)
283 3680 346 3713 Ed.
362 3699 406 3704 —
419 3680 504 3713 Bas.
519 3681 574 3721 51,
587 3689 604 3714 5

169 3724 237 3758 nive
250 3724 307 3757 alii
321 3724 556 3767 prohibuerint
566 3738 629 3758 scr.

684 3681 729 3721 (7)
753 3679 818 3713 erit
829 3691 891 3713 scr.
976 3681 1021 3722 (s)
1045 3680 1114 3713 sive
1126 3680 1254 3714 domini

694 3726 738 3764 (9)
764 3735 832 3757 non
844 3727 976 3758 tantum
988 3727 1078 3757 tenet
1091 3735 1166 3758 cum
1178 3726 1253 3766 qui·

1244 98 1329 150 682
1540 78 1543 110 ‘'
1579 138 1590 141 ⁸

168 228 352 265 voluntate
375 229 572 273 occupata,
598 226 716 261 altera
731 234 805 261 non
820 235 866 262 ex
889 226 1086 268 voluntate,
1111 227 1263 270 eveniet,

1321 3635 1523 3679 possessione
1534 3635 1651 3679 pulsus

1480 10 1551 68 Ἢ

2044 114 2104 150 na
2134 114 2205 150 vis
2233 117 2338 151 mr
2366 115 2412 150 m

1325 227 1421 263 actio
1453 237 1527 263 non
1555 229 1692 263 tantum
1726 238 1806 263 eum
1836 230 1952 272 tenet,
1993 228 2053 273 qui
2089 229 2273 274 prohibuit
2308 240 2413 277 quem

1326 271 1447 307 venire
1470 272 1508 307 in
1530 273 1808 317 possessionem,
1840 273 1904 309 sed
1927 272 2034 308 etiam
2058 284 2158 317 eum,
2188 275 2249 320 qui
2270 285 2413 320 posses-

1327 316 1427 352 sione
1450 317 1576 363 pulsus
1600 318 1688 361 est⁹,
1713 329 1794 353 cum
1815 319 1970 354 venisset
1986 321 2025 353 in
2068 319 2320 355 assessionemz
2345 330 2412 356 nec

1327 364 1349 396 4
1394 361 1558 406 exigitur,
1581 366 1622 397 ut
1644 362 1679 398 vi
1700 362 1827 399 fecerit
1850 364 1910 409 qui
1934 363 2038 409 prohi
2064 365 2128 399 uit.
2168 363 2206 400 Si
2230 365 2309 410 quis
2331 365 2411 400 ideo

1326 407 1553 452 possessione
1584 408 1741 443 arcuerit
1754 410 1790 452 ¹⁰,
1826 409 1910 454 quia
1940 419 2015 444 rem
2045 419 2146 444 suam
2175 410 2329 455 putabat
2359 411 2414 445 vel

1328 451 1396 487 sibi
1419 462 1549 487 nexam
1572 452 1627 487 vel
1651 457 1747 488 certe
1770 464 1843 489 non
1867 463 1946 490 esse
1969 453 2160 498 debitoris,
2193 464 2413 499 consequens

1328 500 1348 531 5
1397 501 1470 541 est,
1511 501 1553 532 ut
1585 497 1655 532 hoc
1688 498 1806 534 edicto
1842 509 1914 534 non
1944 502 2121 534 teneatur.
2176 498 2275 534 Haec
2306 500 2415 535 verba

1328 542 1465 586 ‘quanti
1488 552 1533 578 ea
1555 552 1613 577 res
1637 542 1715 586 erit,
1742 543 1787 578 ob
1812 554 1918 589 quam
1942 545 1979 578 in
2001 544 2262 588 possessionem
2286 545 2412 580 missus

1327 586 1418 621 ‘erit'
1444 587 1628 622 continent
1650 587 1839 623 utilitatem
1863 588 2060 632 creditoris,
2085 593 2126 624 ut
2146 594 2317 642 quantum
2337 590 2414 624 eius

1326 632 1477 667 interest
1498 633 1761 677 possessionem
1783 634 1934 678 habere,
1967 638 2107 669 tantum
2139 644 2173 669 ei
2201 635 2262 679 qui
2292 635 2414 679 prohi-

1327 677 1406 711 buit
1435 677 1702 713 condemnetur.
1757 678 1906 724 proinde
1939 679 1969 714 si
2002 680 2048 715 ob
2079 679 2211 715 falsum
2243 679 2415 715 creditum

1330 722 1386 757 vel
1409 722 1455 757 ob
1479 722 1609 758 falsam
1631 723 1839 768 petitionem
1860 724 1990 760 missus
2014 727 2070 760 est
2090 725 2129 759 in
2151 725 2413 776 possessionem

1327 766 1383 802 vel
1413 767 1444 802 si
1474 767 1685 812 exceptione
1717 769 1929 804 summoveri
1959 770 2096 814 potuit,
2127 769 2215 804 mhil
2245 769 2280 805 ei
2309 769 2418 805 debet

1327 812 1500 857 prodesse
1523 812 1593 848 hoc
1618 813 1792 857 edictum,
1825 814 1911 860 quia
1941 819 2088 860 propter
2111 815 2245 849 nullam
2269 824 2413 850 causam

1329 860 1350 892 6
1396 856 1435 892 in
1467 858 1730 903 possessionem
1761 859 1891 894 missus
1923 862 1989 895 est.
2042 859 2121 895 Hoc
2152 859 2269 895 edicto
2301 869 2416 905 neque

1328 902 1503 947 pupillum
1527 913 1642 948 neque
1666 903 1843 939 furiosum
1867 905 1981 940 teneri
2004 908 2157 948 constat,
2182 904 2266 950 quia
2283 904 2415 940 affectu

1329 951 1464 982 carent.
1518 948 1582 984 sed
1612 949 1789 994 pupillum
1821 960 1903 985 eum
1934 949 2104 985 debemus
2137 951 2318 995 accipere,
2357 950 2416 994 qui

1330 992 1403 1028 doli
1427 1002 1544 1038 capax
1567 1003 1641 1028 non
1663 998 1736 1030 est:
1771 997 1928 1030 ceterum
1959 994 1990 1030 si
2020 995 2091 1030 iam
2123 994 2197 1030 doli
2220 1004 2334 1040 capax
2358 995 2415 1038 sit,

1330 1040 1457 1073 contra
1480 1038 1550 1073 erit
1573 1038 1773 1074 dicendum.
1822 1050 1905 1084 ergo
1938 1043 1975 1074 et
1997 1040 2028 1075 si
2051 1043 2150 1075 tutor
2172 1039 2255 1075 dolo
2278 1039 2415 1081 fecerit,

1327 1083 1366 1118 in
1388 1082 1564 1128 pupillum
1588 1083 1752 1120 dabimus
1776 1085 1969 1128 actionem,
1995 1085 2026 1120 si
2049 1085 2154 1121 modo
2177 1084 2345 1120 solvendo
2370 1085 2418 1119 sit

1327 1131 1444 1164 tutor:
1470 1127 1533 1164 sed
1557 1132 1593 1164 et
1615 1129 1733 1174 ipsum
1753 1133 1909 1165 tutorem
1928 1140 2035 1175 posse
2056 1130 2237 1166 conveniri
2256 1129 2416 1166 Iulianus

1332 1176 1349 1207 ‘1
1399 1173 1535 1209 scribit.
1575 1173 1614 1209 Si
1638 1174 1770 1210 domini
1792 1175 1849 1210 vel
1871 1175 1985 1220 patris
2009 1175 2193 1211 voluntate
2216 1174 2416 1220 prohibitus

1328 1217 1406 1264 quis
1432 1219 1479 1254 sit
1497 1229 1520 1254 a
1539 1220 1778 1264 possessione,
1802 1220 1841 1255 in
1859 1221 1957 1266 ipsos
1971 1222 1998 1242 ¹¹
2023 1220 2167 1255 dabitur
2183 1221 2289 1262 actio,
2314 1220 2418 1265 quasi

1329 1267 1349 1299 8
1397 1273 1462 1309 per
1493 1263 1582 1300 alios
1613 1265 1682 1300 hoc
1713 1265 1874 1301 fecerint.
1922 1266 2027 1301 Hanc
2057 1265 2235 1301 actionem
2266 1269 2418 1310 excepta

1328 1308 1527 1353 legatorum
1558 1309 1728 1346 missione
1758 1311 1854 1346 intra
1884 1321 2017 1346 annum
2047 1315 2249 1356 competere
2280 1314 2318 1345 et
2345 1320 2417 1346 non

1354 1358 1455 1390 ostea
1480 1354 1664 1390 sciendum
1689 1358 1761 1399 est,
1787 1366 1868 1391 cum
1891 1356 1940 1391 sit
1961 1356 2139 1401 poenalis,
2163 1366 2231 1391 nec
2253 1355 2292 1390 in
2314 1355 2415 1390 here-

1327 1365 1390 1434 ges
1415 1399 1619 1444 similesque
1642 1410 1817 1446 personas
1841 1400 2003 1444 dabitur,
2033 1400 2103 1436 nisi
2131 1401 2168 1436 in
2192 1400 2229 1436 id
2252 1400 2348 1453 quod
2371 1401 2420 1435 ad

1328 1454 1389 1480 eas
1412 1445 1592 1490 pervenit:
1626 1445 1690 1481 sed
1713 1446 1836 1482 heredi
1859 1446 2105 1492 similibusque
2127 1455 2291 1526 personis
2315 1445 2416 1481 dabi-

1326 1492 1398 1525 tur.
1453 1500 1537 1525 nam
1569 1501 1650 1526 cum
1685 1491 1889 1537 prohibitus
1924 1492 2003 1537 quis
2038 1496 2094 1527 est
2185 1495 2326 1526 atorum
2360 1491 2416 1526 vel

1327 1534 1683 1572 fideicommissorum
1707 1546 1818 1572 causa
1840 1536 2105 1582 possessionem
2130 1547 2151 1572 a
2179 1537 2186 1544 ‘
2212 1536 2298 1578 isci,
2328 1539 2416 1572 tunc

1327 1580 1422 1616 actio
1455 1584 1492 1616 et
1521 1586 1698 1626 perpetua
1727 1585 1785 1617 est
1812 1586 1849 1616 et
1876 1582 1914 1617 in
1944 1581 2109 1617 heredem
2139 1581 2186 1616 da
2211 1581 2298 1622 itur,
2332 1581 2418 1626 quia

1327 1628 1383 1661 est
1399 1625 1436 1660 in
1453 1629 1634 1670 potestate
1650 1637 1898 1663 successorum
1914 1627 2048 1663 evitare
2065 1626 2294 1662 interdictum
2310 1627 2415 1662 satis-

1327 1669 1474 1706 datione
1497 1671 1630 1707 oblata.

1373 1713 1399 1752 2
1425 1715 1481 1750 PA
1489 1725 1585 1752 vaus
1605 1716 1696 1752 libro
1721 1717 2046 1764 quinquagensimo
2070 1727 2166 1752 nono
2190 1715 2241 1752 ad
2262 1716 2416 1752 edictum

1327 1760 1401 1797 Suo
1431 1761 1511 1806 quis
1540 1771 1588 1796 an
1611 1762 1727 1797 alieno
1751 1762 1895 1798 nomine
1917 1762 2121 1807 prohibitus
2145 1761 2210 1803 sit,
2242 1761 2331 1796 nihil
2361 1761 2416 1797 in·

1326 1809 1456 1842 terest:
1481 1806 1573 1842 haec
1597 1807 1691 1842 enim
1710 1808 1819 1842 verba
1843 1808 1979 1853 ‘quanti
1998 1817 2042 1843 ea
2062 1817 2120 1843 res
2141 1807 2207 1842 est’
2230 1806 2417 1842 referenda

1333 1854 1346 1886 l
1397 1855 1481 1888 sunt
1504 1852 1551 1887 ad
1574 1862 1764 1897 personam
1787 1852 1931 1888 domini.
1979 1853 2069 1888 Item
2100 1857 2174 1887 tam
2202 1851 2234 1888 is
2263 1855 2416 1895 tenetur,

1327 1896 1389 1942 qui
1412 1907 1479 1933 suo
1503 1897 1647 1933 nomine
1695 1907 1803 1943 quam
1832 1898 1893 1943 qui
1916 1897 2033 1934 alieno
2057 1897 2199 1934 nomine
2222 1897 2415 1943 prohibuit.

1374 1939 1399 1979 3
1433 1941 1629 1978 ULPIANUS
1649 1925 1740 1978 libro
1764 1945 2019 1990 sexaqensimo
2044 1947 2170 1979 octavo
2194 1943 2244 1978 ad
2262 1942 2416 1978 edictum

1327 1986 1366 2023 Si
1397 1986 1476 2032 quis
1508 1987 1638 2023 missus
1667 1987 1778 2023 fuerit
1805 1988 1843 2023 in
1866 1988 2131 2034 possessionem
2153 1987 2417 2024 fideicommissi

1327 2031 1494 2068 servandi
1517 2042 1628 2068 causa
1651 2038 1688 2068 et
1711 2043 1784 2068 non
1807 2033 2035 2077 admittatur,
2060 2037 2239 2079 potestate
2262 2032 2339 2069 eius
2361 2033 2415 2068 in·

1327 2077 1513 2113 ducendus
1538 2082 1594 2113 est
1615 2078 1653 2113 in
1676 2079 1950 2123 possessionem,
1980 2079 2041 2124 qui
2064 2089 2146 2114 eum
2169 2078 2274 2121 misit,
2299 2082 2364 2114 aut
2387 2079 2417 2114 si

1328 2123 1407 2168 quis
1431 2122 1526 2158 volet
1550 2123 1602 2158 uti
1625 2123 1837 2167 interdicto,
1869 2134 2091 2170 consequens
2122 2123 2190 2159 erit
2220 2123 2340 2159 dicere
2362 2124 2416 2158 in-

1327 2167 1518 2203 terdictum
1540 2168 1661 2204 locum
1683 2169 1828 2205 habere.
1867 2170 1930 2205 sed
1949 2169 2075 2205 melius
2092 2169 2162 2204 erit
2179 2168 2296 2204 dicere
2315 2173 2417 2204 extra

1327 2213 1488 2249 ordinem
1520 2213 1619 2259 ipsos
1649 2214 1728 2249 iure
1758 2224 1845 2250 suae
1867 2215 2058 2260 potestatis
2082 2213 2229 2259 exsequi
2253 2217 2416 2259 oportere

1327 2259 1509 2294 decretum
1533 2269 1649 2302 suum,
1673 2270 1939 2305 nonnumquam
1963 2260 2071 2295 etiam
2093 2269 2159 2305 per
2181 2269 2325 2294 manum
2349 2259 2413 2294 mi-

1330 2308 1344 2338 1
1372 2322 1374 2324 -
1395 2304 1547 2339 litarem.
1596 2304 1837 2340 Constitutum
1861 2310 1916 2340 est
1939 2306 1985 2340 ab
2015 2305 2215 2348 Antonino,
2246 2308 2287 2339 ut
2309 2303 2415 2340 etiam

1326 2348 1364 2383 in
1394 2349 1492 2384 bona
1522 2349 1663 2385 heredis
1695 2349 1775 2395 quis
1806 2350 2017 2386 admittatur
2031 2351 2057 2371 ¹²
2081 2349 2187 2386 certis
2211 2349 2336 2385 modis.
2385 2349 2416 2385 si

1327 2393 1406 2439 quis
1436 2394 1544 2438 igitur
1573 2395 1610 2429 in
1641 2394 1697 2430 his
1729 2395 1832 2430 bonis
1864 2406 1937 2431 non
1968 2395 2195 2439 admittatur,
2227 2393 2415 2430 dicendum

1328 2443 1382 2474 est
1404 2439 1581 2474 actionem
1604 2439 1700 2475 hanc
1719 2440 1842 2475 utilem
1863 2445 2082 2486 competere:
2108 2443 2265 2475 ceterum
2283 2440 2416 2485 poterit

1328 2487 1348 2519 2
1395 2484 1449 2519 uti
1464 2488 1501 2519 et
1516 2484 1800 2520 extraordinaria
1816 2485 2055 2521 exsecutione.
2091 2484 2243 2520 Praetor
2258 2489 2414 2521 ventrem

1326 2529 1364 2565 in
1387 2529 1651 2575 possessionem
1673 2529 1794 2573 mittit,
1820 2534 1856 2566 et
1878 2531 1947 2566 hoc
1966 2530 2196 2566 interdictum
2242 2529 2414 2566 rohibito-

1325 2575 1418 2611 rium
1442 2579 1478 2610 et
1498 2575 1760 2617 restitutorium
1783 2579 1850 2612 est.
1887 2575 1951 2611 sed
1973 2575 2005 2611 si
2029 2575 2155 2611 mulier
2177 2585 2219 2610 ve
2235 2575 2262 2610 't
2280 2574 2319 2610 in
2337 2574 2414 2611 fac-

1325 2624 1403 2655 tum
1423 2620 1566 2656 actione
1586 2620 1640 2655 uti
1655 2620 1702 2656 ad
1722 2620 1921 2666 exemplum
1941 2620 2156 2656 creditorum
2175 2620 2289 2665 magis
2309 2630 2414 2666 quam

1327 2669 1347 2701 3
1394 2664 1603 2708 interdicto,
1635 2675 1742 2711 posse
1771 2676 1850 2701 eam
1880 2665 2033 2712 experiri
2057 2665 2241 2702 sciendum
2264 2669 2330 2701 est.
2377 2665 2415 2702 Si

1326 2709 1454 2746 mulier
1477 2710 1616 2746 dicatur
1640 2711 1840 2747 calumniae
1865 2721 1976 2747 causa
2006 2711 2043 2746 in
2069 2710 2331 2756 possessionem
2353 2720 2413 2746 ve·

1326 2756 1434 2797 nisse,
1484 2755 1554 2791 uod
1576 2766 1650 2792 non
1672 2756 1720 2792 sit
1741 2766 1918 2801 praegnas
1938 2755 1994 2792 vel
2011 2767 2083 2792 non
2102 2765 2146 2791 ex
2164 2766 2207 2792 eo
2225 2766 2412 2802 praegnas,

1326 2801 1382 2837 vel
1406 2800 1436 2837 si
1459 2766 1504 2836 de
1528 2805 1626 2837 statu
1649 2801 1804 2837 mulieris
1829 2801 1964 2846 aliquid
1994 2801 2152 2837 dicatur:
2185 2811 2230 2836 ex
2260 2801 2414 2847 epistula

1327 2846 1397 2882 divi
1410 2845 1583 2881 Hadriani
1601 2845 1647 2881 ad
1666 2846 1866 2891 exemplum
1883 2845 2183 2892 praesumptionis
2197 2846 2413 2882 Carboniani

1327 2892 1433 2927 edicti
1455 2891 1569 2926 ventri
1617 2895 1738 2927 raetor
1760 2891 1949 2937 pollicetur
1971 2891 2246 2937 possessionem.

1373 2935 1398 2973 4
1422 2936 1530 2972 Imm
1557 2902 1648 2972 lig-o
1670 2938 1927 2983 sexaqensimo
1950 2947 2046 2972 ηωιο
2072 2936 2123 2972 ad
2143 2937 2297 2972 edictum
2343 2935 2413 2972 Per

1325 2981 1554 3017 interdictum
1576 2981 1683 3017 etiam
1707 2981 1740 3016 ei
1763 2981 1929 3017 subvenit
1949 2985 2104 3035 praetor,
2129 2981 2190 3026 qui
2214 2981 2334 3017 damni
2357 2982 2410 3017 in-

1325 3027 1412 3063 fecti
1435 3027 1482 3062 ab
1506 3036 1548 3062 eo
1571 3025 1608 3061 in
1631 3026 1894 3071 possessionem
1912 3037 2041 3063 missus
2061 3031 2127 3068 est,
2151 3036 2197 3062 ne
2214 3027 2248 3062 ei
2266 3027 2318 3062 vis
2334 3026 2410 3062 fiat.

1330 3076 1341 3106 ¹
1393 3071 1516 3107 Poena
1538 3075 1658 3106 autem
1682 3071 1769 3111 eius,
1795 3072 1856 3117 qui
1878 3082 1950 3107 non
1967 3071 2140 3117 promittit
2158 3071 2213 3106 vel
2230 3072 2319 3108 satis
2338 3082 2411 3107 non

1326 3118 1404 3160 dat,
1435 3116 1525 3152 haec
1549 3121 1620 3159 est,
1651 3119 1691 3151 ut
1713 3116 1751 3151 in
1774 3116 2035 3162 possessionem
2058 3116 2220 3152 mittatur
2243 3116 2409 3153 adversa-

1324 3162 1410 3198 rius.
1446 3161 1520 3198 sive
1541 3171 1622 3206 ergo
1642 3162 1839 3206 promittat,
1863 3162 1936 3197 sive
1959 3172 2025 3207 per
2048 3171 2127 3197 eum
2148 3173 2220 3197 non
2240 3162 2315 3207 fiat,
2339 3173 2410 3207 quo

1324 3207 1442 3243 minus
1464 3207 1661 3252 promittat,
1685 3217 1758 3242 non
1781 3206 1916 3243 tenebit
1933 3206 2161 3242 interdictum
2180 3207 2326 3253 repulso
2345 3218 2411 3253 per

1326 3255 1346 3287 2
1395 3251 1638 3297 exceptionem
1667 3261 1711 3287 eo
1741 3251 1802 3297 qui
1833 3251 2025 3297 experitur.
2072 3251 2223 3287 Praetor
2249 3252 2286 3287 in
2317 3262 2409 3306 eum,

1326 3296 1387 3342 qui
1411 3306 1525 3342 neque
1549 3296 1643 3331 cavit
1669 3306 1784 3342 neque
1807 3296 1989 3342 possidere
2013 3306 2142 3342 passus
2167 3301 2222 3333 est
2244 3307 2326 3333 eum
2349 3308 2410 3344 qm

1324 3342 1454 3378 missus
1477 3345 1550 3385 est,
1581 3341 1749 3377 iudicium
1773 3341 1965 3388 pollicetur
1986 3341 2023 3377 in
2046 3346 2205 3385 tantum,
2236 3346 2408 3388 quantum

1323 3390 1510 3432 praestare
1534 3396 1614 3422 eum
1639 3391 1831 3432 oporteret,
1857 3386 1887 3423 si
1911 3386 1956 3422 de
1979 3396 2023 3422 ea
2046 3397 2086 3423 re
2109 3391 2254 3423 cautum
2277 3387 2406 3424 fuerat.

1325 3437 1345 3467 3
1394 3431 1464 3468 Sed
1488 3435 1524 3467 et
1546 3442 1591 3467 ex
1615 3431 1685 3468 alia
1709 3442 1820 3468 causa
1841 3431 1910 3468 hoc
1940 3430 2111 3467 iudicium
2139 3433 2344 3485 proposuit,
2377 3433 2408 3469 si

1325 3486 1368 3513 eo
1390 3480 1569 3522 tempore,
1602 3487 1673 3522 quo
1703 3476 1741 3513 in
1770 3476 2033 3523 possessionem
2056 3477 2148 3512 mitti
2171 3477 2407 3522 desiderabat,

1322 3589 1498 3634 prohibuit
1509 3600 1606 3633 quern
1619 3590 1733 3624 venire
1744 3591 1780 3624 in
1791 3591 2028 3634 possessionem
2037 3616 2046 3634 ,
2063 3590 2121 3624 sed
2133 3592 2232 3626 etiam
2244 3603 2320 3627 oum
2331 3594 2406 3636 quin

1662 3639 1711 3670 eut
1721 3649 1784 3671 scr.
1832 3638 1891 3678 (ιο)
1908 3636 2104 3671 creditorem
2117 3638 2176 3671 ins.
2225 3641 2281 3682 (ιι)
2296 3638 2409 3683 ipsoF

1322 3681 1383 3723 (ιι)
1407 3681 1562 3714 mittatur
1574 3682 1646 3715 aad.
