2528 3918
194 134 468 179 XXXXVHI
501 137 565 177 10.
592 138 611 177 1
621 137 640 176 1

194 256 391 293 Maximilla
413 255 599 302 professus
622 259 678 292 est
699 256 952 302 probaturum,
985 255 1281 303 quemadmodum

195 302 325 338 falsum
357 302 405 337 sit
434 301 571 337 factum
599 305 863 338 testamentum.
910 306 947 338 et
976 313 1056 338 cum
1086 302 1124 337 in
1147 300 1282 337 crimen

195 347 275 383 salsi
311 347 585 392 subscripsisset
613 346 814 382 Maximilla
849 348 886 383 in
922 348 1134 392 scriptorem
1167 350 1279 382 testa·

193 392 304 428 menti
327 396 364 427 et
379 391 575 428 Proculum
594 391 816 435 coheredem,
839 396 924 428 acta
941 402 1053 428 causa
1076 390 1281 437 praefectus

194 438 276 472 urbi
306 436 436 472 falsum
467 441 720 473 testamentum
750 447 824 474 non
855 448 933 474 esse
969 436 1215 482 pronuntiavit
1245 439 1282 471 et

193 481 413 518 Maximillae
442 486 581 527 partem
609 482 854 518 duodecimam
883 493 906 518 a
935 483 1022 518 fisco
1056 481 1135 525 cogi
1166 481 1279 517 iussit.

195 528 395 572 quaesitum
412 531 478 570 est,
499 537 546 562 an
561 527 734 563 Aithaleti
750 527 898 564 libertas
915 532 952 563 et
971 526 1282 562 fideicommissum

194 576 278 618 post
300 572 390 608 haec
413 572 512 608 facta
542 572 750 609 debeantur.
804 572 989 618 respondit
1018 571 1215 608 secundum
1239 581 1283 606 ea

195 627 288 663 quae
310 622 597 663 proponerentur
619 617 750 654 deberi.

241 660 294 699 25
326 662 521 699 ammos
547 663 638 699 libro
669 674 688 698 s
736 664 820 698 timo
844 663 894 698 ad
923 662 1077 698 edictum
1125 660 1194 706 Qui
1217 671 1281 696 no·

195 708 291 743 mine
321 707 498 753 praetoris
533 708 671 744 litteras
718 708 812 744 alsas
852 707 1050 743 reddidisse
1085 706 1283 742 edictumve

194 753 325 788 falsum
360 753 590 798 proposuisse
629 753 783 796 dicetur,
834 764 878 788 ex
915 762 1026 787 causa
1069 752 1209 787 actione
1246 751 1283 786 in

196 798 331 833 factum
368 798 511 844 poenali
547 803 705 838 tenetur,
747 808 962 844 quamquam
1000 798 1077 842 lege
1119 797 1283 832 Cornelia

195 854 278 879 reus
303 843 360 879 sit.

241 886 295 926 26
331 887 568 924 Mammas
599 888 690 924 libro
723 888 932 934 triqensimo
967 887 1189 934 diqestorum
1244 886 1283 922 Si

194 934 275 979 quis
299 934 412 979 patris
443 933 498 969 sui
521 937 773 969 testamentum
798 933 994 968 aboleverit
1016 937 1069 976 et,
1103 931 1205 977 quasi
1229 932 1282 967 in-

194 984 347 1015 testatus
377 978 607 1021 decessisset,
642 989 707 1023 pro
744 977 875 1013 herede
910 978 1062 1023 gesserit
1092 982 1202 1022 atque
1233 977 1285 1012 ita

195 1024 287 1059 diem
311 1035 415 1060 suum
439 1024 584 1060 obierit:
609 1023 802 1059 iustissime
825 1026 903 1059 tota
927 1023 1107 1059 hereditas
1132 1027 1283 1068 paterna

195 1068 318 1105 heredi
342 1070 418 1105 eius
441 1069 622 1115 eripietur.
1144 1074 1146 1078 ·

241 1112 294 1151 27
321 1113 574 1150 Moosssrmvs
595 1113 686 1150 libro
710 1118 835 1149 octavo
859 1113 1070 1160 reqularum
1111 1112 1198 1156 Eos,
1223 1113 1284 1157 qui

195 1159 336 1196 diversa
365 1159 459 1194 inter
487 1169 526 1195 se
555 1158 757 1194 testimonia
787 1159 1049 1203 praebuerunt,
1082 1157 1185 1203 quasi
1215 1158 1282 1193 fal-

195 1216 274 1241 sum
298 1204 466 1246 fecerint,
496 1208 532 1239 et
555 1204 788 1249 praescriptio
813 1204 900 1249 legis
924 1203 1038 1239 teneri
1061 1203 1281 1248 pronuntiat.

202 1255 213 1286 1
264 1250 315 1285 Ει
338 1260 429 1291 eum,
454 1250 515 1294 qui
539 1253 664 1284 contra
686 1249 826 1302 signum
845 1260 950 1284 suum
967 1248 1097 1284 falsum
1118 1249 1285 1294 praebuit

195 1295 454 1335 testimonium,
495 1304 611 1339 poena
646 1294 729 1330 falsi
765 1294 880 1330 teneri
940 1294 1185 1329 ronuntiatum
1217 1297 1281 1329 est.

196 1341 240 1377 de
267 1340 478 1386 inpudentia
507 1340 585 1375 eius
598 1342 620 1382 ¹,
650 1340 712 1385 qui
741 1339 881 1375 diversa
934 1340 1051 1375 uobus
1080 1339 1284 1375 testimonia

195 1386 381 1432 praebuit,
414 1385 516 1420 cuius
544 1385 597 1420 ita
623 1395 757 1431 anceps
780 1384 872 1420 fides
895 1384 1056 1428 vacillat,
1088 1384 1185 1430 quod
1215 1385 1283 1419 cri-

196 1435 217 1467 2
264 1432 358 1466 mine
380 1430 462 1466 falsi
485 1434 662 1472 teneatur,
689 1441 755 1466 nec
779 1429 1014 1466 dubitandum
1039 1433 1105 1465 est.
1153 1429 1221 1474 Qui
1245 1440 1284 1465 se

220 1487 261 1512 ro
295 1476 403 1511 milite
432 1475 543 1520 gessit
573 1476 627 1511 vel
656 1475 789 1511 illicitis
818 1475 1016 1520 insignibus
1040 1485 1127 1514 usus
1151 1478 1208 1510 est
1230 1475 1284 1510 vel

195 1488 287 1558 also
311 1521 516 1566 duplomate
539 1520 615 1557 vias
639 1521 864 1564 commeavit,
895 1531 962 1565 pro
994 1519 1141 1556 admissi
1169 1519 1282 1566 quali-

195 1571 269 1602 tate
292 1566 499 1612 gravissime
520 1565 722 1611 puniendus
745 1569 812 1602 est.

241 1609 294 1649 28
320 1611 426 1646 Imm
452 1611 544 1647 libro
576 1616 708 1657 quarto
739 1622 781 1646 re
826 1621 997 1646 onsorum
1044 1610 1100 1654 Si,
1131 1621 1155 1646 a
1185 1610 1283 1646 debi-

195 1662 273 1693 tore
296 1656 455 1702 praelato
480 1655 555 1699 die,
585 1655 743 1701 pignoris
767 1667 788 1692 ο
814 1655 937 1700 ligatio
962 1655 1172 1698 mentiatur,
1202 1655 1286 1691 falsi

196 1702 359 1738 crimini²
381 1701 485 1737 locus
508 1705 575 1737 est.

241 1745 296 1785 29
320 1746 426 1782 loru
450 1746 541 1782 libro
565 1746 749 1793 singulari
771 1746 815 1781 de
838 1745 1035 1782 enucleatis
1058 1746 1202 1782 casibus
1247 1745 1286 1781 Si

196 1793 274 1838 quis
307 1791 506 1837 obrepserit
536 1790 694 1836 praesidi
749 1790 948 1834 rovinciae,
988 1794 1063 1826 tam
1098 1801 1164 1836 per
1203 1795 1286 1826 acta

196 1849 303 1884 quam
331 1847 396 1882 per
426 1836 537 1872 libelli
567 1837 706 1882 interpe
735 1836 890 1872 ationem
920 1835 1009 1871 nihil
1037 1835 1121 1888 agit.
1177 1836 1283 1871 immo

196 1884 226 1919 si
250 1886 443 1919 accusatus
467 1881 591 1925 fuerit,
624 1891 777 1926 poenam
800 1881 991 1917 temerari³
1019 1881 1102 1916 lult:
1135 1881 1285 1926 proinde

195 1930 289 1964 enim
319 1928 483 1973 punitur,
523 1931 631 1972 atque
660 1926 691 1962 si
722 1926 854 1962 falsum
884 1926 1022 1961 fecerit.
1076 1930 1161 1962 sunt
1191 1926 1286 1962 enim

195 1973 371 2018 rescripta
400 1972 444 2008 de
467 1983 511 2007 ea
534 1982 591 2007 re:
625 1971 762 2007 sufficit
793 1975 913 2007 autem
945 1982 1054 2007 unum
1085 1972 1286 2017 argumenti

196 2030 308 2055 causa
335 2018 488 2060 referre,
529 2017 630 2053 cuius
660 2017 770 2052 verba
804 2017 894 2052 haec
926 2020 1020 2052 sunt.
1070 2017 1287 2052 ‘Alexander

197 2065 394 2109 ‘Augustus
417 2062 509 2098 Iulio
532 2062 700 2098 Marullo.
745 2062 782 2097 Si
805 2062 925 2098 libello
950 2062 1035 2098 dato
1060 2062 1286 2098 adversarius

196 2114 292 2145 ‘tuus
315 2109 501 2144 veritatem
523 2108 561 2142 in
583 2107 751 2153 precibus
783 2107 829 2143 ab
860 2117 903 2142 eo
928 2107 1022 2143 datis
1046 2118 1118 2143 non
1142 2107 1285 2149 adiecit,

197 2153 471 2200 ‘subscriptione
507 2153 559 2188 uti
595 2164 670 2189 non
699 2156 836 2198 potest:
873 2152 980 2188 immo
1022 2153 1053 2188 si
1092 2156 1286 2188 accusatus

195 2200 327 2241 ‘fuerit,
351 2203 388 2235 et
410 2208 563 2244 poenam
586 2198 718 2234 inferre
741 2198 868 2234 debet'.

243 2242 297 2282 30
321 2243 429 2280 102⁸
448 2244 539 2279 libro
559 2243 770 2279 duodecimo
784 2242 1052 2289 pandectarum
1087 2241 1184 2287 Lege
1199 2242 1285 2278 Cor-

196 2290 291 2326 nelia
320 2289 593 2326 testamentaria
623 2288 820 2334 obligatur,
854 2288 914 2333 qui
945 2287 1085 2333 signum
1116 2287 1286 2323 adulteri-

201 2340 215 2370 1
264 2345 351 2370 num
373 2333 501 2370 fecerit
523 2333 725 2379 sculpserit.
773 2333 829 2369 De
859 2336 968 2379 partu
1000 2333 1187 2378 supposito
1218 2332 1287 2368 soli

197 2384 370 2416 accusant
417 2382 559 2415 arentes
583 2382 647 2414 aut
669 2378 724 2421 hi,
755 2378 802 2414 ad
825 2389 915 2424 quos
939 2388 983 2414 ea
1005 2388 1065 2413 res
1086 2377 1285 2424 pertineat:

195 2437 271 2506 {10¹2
325 2424 388 2505 utili
414 2428 450 2460 et
480 2434 525 2460 ex
555 2423 689 2470 populo
726 2428 768 2459 ut
801 2423 983 2469 publicam
1019 2423 1287 2458 accusationem

195 2482 234 2507 ιιι
272 2482 295 2506 ιι
321 2481 344 2506 a
361 2497 370 2505 .

243 2513 294 2554 31
339 2515 625 2551 &ursmarus
663 2514 754 2549 libro
793 2514 898 2549 tertio
938 2513 984 2549 de
1021 2512 1288 2560 monitionibus

197 2561 310 2597 Divus
334 2560 422 2596 Pius
446 2558 596 2594 Claudio
623 2558 811 2604 rescripsit
832 2567 898 2604 pro
922 2568 1091 2594 mensura
1114 2558 1288 2611 cuiusque

197 2606 319 2642 delicti
349 2604 639 2641 constituendum
666 2604 702 2639 in
735 2614 815 2646 eos,
848 2603 908 2648 qui
939 2602 1038 2648 apud
1066 2603 1203 2639 iudices
1231 2614 1286 2638 m-

197 2654 397 2688 strumenta
415 2649 652 2695 protulerunt,
671 2659 766 2694 quae
782 2648 930 2694 proban·
946 2659 1019 2684 non
1042 2648 1198 2693 possint:
1225 2652 1287 2684 aut

196 2697 229 2732 si
251 2696 358 2742 plus⁴
381 2695 555 2731 meruisse
577 2694 758 2736 videatur,
783 2704 890 2739 quam
914 2703 958 2729 ex
981 2692 1097 2729 forma
1121 2693 1285 2729 iurisdic-

164 2770 167 2772 .
197 2741 306 2778 tionis
327 2740 404 2786 pati
426 2740 584 2785 possint,
612 2743 653 2774 ut
674 2739 884 2792 imperatori
907 2739 1155 2775 describatur-‘¹
1178 2739 1285 2774 aesti-

197 2791 350 2829 maturo,
374 2790 550 2830 quatenus
576 2794 732 2820 coercen
756 2784 922 2820 debeant.
970 2783 1034 2819 sed
1062 2783 1164 2820 divus
1187 2784 1285 2819 Mar-

199 2843 264 2868 cus
295 2842 376 2866 cum
407 2829 518 2865 fratre
548 2841 614 2865 suo
643 2839 710 2875 pro
740 2839 807 2865 sua
835 2829 1057 2865 humanitate
1088 2829 1183 2864 hanc
1211 2839 1287 2864 rem

196 2875 420 2922 temperavit,
445 2879 495 2916 ut,
527 2875 557 2910 si
580 2874 690 2920 (quod
713 2875 924 2920 plerumque
946 2873 1076 2917 evenit)
1099 2885 1164 2919 per
1186 2884 1285 2909 erro-

197 2932 274 2958 rem
301 2920 505 2956 huiusmodi
533 2920 770 2955 instrumenta
800 2919 1049 2965 proferantur,
1080 2919 1287 2964 ignoscatur

197 2967 261 3008 eis,
286 2966 348 3012 qui
370 2965 442 3001 tale
466 2964 656 3010 quicquam
679 2965 903 3010 protulerint.

245 3009 299 3050 32
323 3009 576 3046 Mons-smus
597 3009 688 3045 libro
702 3011 825 3056 primo
850 3010 895 3045 de
912 3009 1045 3056 poenis
1089 3008 1206 3045 Hodie
1227 3010 1287 3054 qui

199 3057 316 3093 edicta
345 3055 531 3102 proposita
554 3054 637 3090 dolo
661 3055 755 3090 malo
779 3058 1031 3099 corrumpunt,
1065 3053 1146 3090 falsi
1169 3064 1287 3100 poena

202 3107 217 3138 1
266 3102 482 3148 plectuntur.
531 3099 570 3135 Si
592 3099 754 3135 venditor
777 3110 964 3136 mensuras
988 3099 1131 3145 publice
1155 3099 1285 3145 proba-

198 3152 255 3183 tas
280 3146 362 3190 vini,
386 3145 555 3181 frumenti
577 3144 633 3180 vel
658 3144 848 3180 cuiuslibet
870 3145 934 3187 rei,
958 3148 1022 3180 aut
1043 3148 1183 3190 emptor
1207 3155 1285 3180 cor-

198 3192 336 3238 ruperit
364 3190 490 3227 dolove
518 3189 612 3225 malo
645 3189 808 3225 fraudem
839 3189 982 3225 fecerit:
1015 3189 1139 3235 quanti
1163 3199 1207 3225 ea
1229 3200 1286 3226 res

199 3242 272 3280 est,
303 3236 381 3273 eius
410 3235 533 3282 dupli⁶
565 3234 839 3271 condemnatur:
874 3235 1088 3280 decretoque
1119 3234 1189 3270 divi
1213 3234 1286 3270 Ha—

200 3282 316 3318 driani
346 3284 579 3328 praeceptum
607 3284 662 3316 est
691 3279 729 3314 in
759 3279 912 3315 insulam
939 3290 1000 3316 eos
1024 3280 1194 3325 relegari,
1227 3280 1288 3326 qui

199 3326 359 3374 pondera
381 3330 446 3362 aut
468 3335 653 3361 mensuras
675 3323 879 3366 falsassent.

246 3370 299 3411 33
326 3371 435 3408 loru
452 3371 544 3407 libro
564 3371 670 3406 tertio
688 3369 734 3406 de
746 3371 880 3416 poenis
924 3369 962 3405 Si
981 3370 1063 3415 quis
1082 3370 1183 3407 falsis
1202 3381 1287 3407 con-

200 3416 447 3454 stitutionibus
477 3414 574 3451 nullo
607 3417 756 3451 auctore
786 3413 910 3451 habito
935 3414 1066 3460 utitur,
1098 3415 1176 3461 lege
1199 3415 1287 3452 Cor·

200 3463 294 3499 nelia
316 3472 411 3507 aqua
434 3465 469 3497 et
492 3460 564 3505 igni
587 3460 619 3496 ei
643 3459 878 3496 interdicitur.

200 3622 240 3664 (1)
265 3621 305 3656 de
320 3621 520 3665 inpudentia
535 3621 607 3654 eius
623 3621 685 3654 del.
780 3622 823 3660 (ι)
847 3619 987 3653 crimine
1004 3620 1040 3652 F

202 3667 319 3700 raterii
336 3666 396 3708 F’,
412 3666 566 3709 temptati
579 3678 640 3699 scr.
658 3666 709 3699 ve!
722 3666 780 3698 ins.
800 3665 964 3698 commissi
1022 3666 1063 3706 (⁴)
1089 3675 1143 3698 eos
1159 3665 1219 3698 ins.
1232 3663 1284 3697 1³²

202 3715 244 3752 ⁸5)
269 3711 309 3745 de
328 3722 366 3744 ea
390 3723 425 3744 rc
443 3710 609 3744 scribatur
628 3723 689 3743 scr.
761 3712 806 3751 (c)
830 3709 965 3753 duplico
984 3710 1044 3746 F',
1068 3708 1171 3750 duplo
1189 3709 1240 3742 F²

249 3760 291 3795 (Ἰ)
315 3758 396 3790 Sao.
412 3764 497 3794 1...·1;
521 3757 581 3789 Ed.
598 3765 632 3790 κς
659 3756 739 3799 Pup.
755 3764 782 3788 9.
798 3773 842 3779 —
859 3755 937 3787 Bas.
953 3757 1008 3795 60,
1024 3762 1067 3787 43.
1080 3772 1124 3778 —-
1142 3755 1191 3797 Cf.
1207 3755 1283 3787 Cod.

1271 125 1355 174 806
1488 91 1559 186 Ἷ
1572 194 1596 201 ζ

1115 3622 1158 3659 (a)
1182 3620 1283 3653 teme-
1353 3620 1384 3660 9,
1397 3625 1432 3653 2⁷

1354 3666 1413 3703 (10)
1438 3663 1591 3696 uxorisve
1604 3665 1665 3696 ins.

1671 146 1734 179 DE
1762 145 1883 180 men:
1912 146 2038 179 IULIA
2066 141 2428 181 sermonum

1844 261 1901 300 XI
1910 259 1935 299 ⁷.

1492 325 1555 358 DE
1579 325 1704 358 LEGE
1728 325 1881 359 1UL1A⁸
1903 326 2293 361 REPETUNDARUM.

1400 389 1417 427 1
1453 389 1690 426 Mammam
1718 390 1809 428 libro
1841 396 1972 439 quarto
2003 392 2140 429 decimo
2171 394 2432 430 institutionum

1352 435 1427 470 Lex
1458 434 1551 471 Iulia
1578 435 1853 480 repetundarum
1885 438 2040 484 pertinet
2075 438 2122 474 ad
2159 448 2222 475 eas
2253 439 2434 485 pecunias,

1351 491 1441 533 quas
1479 480 1558 529 quis
1594 480 1633 516 in
1661 481 1871 525 magistratu
1905 486 2084 528 potestate
2119 484 2306 520 curatione
2339 484 2432 538 lega-

1350 530 1448 561 tione
1470 525 1525 561 vel
1549 535 1620 571 quo
1645 525 1714 561 alio
1735 525 1853 562 officio
1871 538 2016 563 munere
2036 528 2272 564 ministeriove
2290 529 2434 575 publico

1355 574 1369 605 1
1420 581 1461 606 ce
1488 570 1533 612 it,
1557 570 1611 605 vel
1635 580 1717 606 cum
1739 581 1784 606 ex
1807 572 1954 609 cohorte
1977 573 2078 608 cuius
2102 583 2224 609 eorum
2247 578 2313 609 est.
2360 573 2434 609 Ex-

1352 615 1439 667 cipit
1482 626 1540 658 ex,
1571 625 1594 650 a
1625 616 1753 660 quibus
1784 615 1868 652 licet
1896 618 2076 663 accipere:
2115 629 2138 654 a
2168 618 2321 654 sobrinis
2352 629 2435 664 pro-

1351 662 1518 706 pioreve⁹
1540 660 1655 706 gradu
1679 662 1837 706 cognatis
1862 662 1937 698 suis
1951 664 1988 707 ¹⁰,
2014 674 2135 700 uxore.

1397 703 1423 742 2
1455 705 1659 741 Scaevoia
1699 706 1790 742 libro
1820 712 1950 753 quarto
1982 709 2190 754 rcqularum
2245 708 2362 744 Datur
2393 719 2437 744 cx

1351 751 1421 786 hac
1452 750 1528 795 lege
1557 755 1595 786 et
1624 750 1662 786 in
1690 750 1839 787 heredes
1863 752 1956 788 actio
1980 753 2074 789 intra
2097 764 2228 790 annum
2252 753 2438 789 dumtaxat

1352 806 1375 831 a
1396 800 1512 832 morte
1534 795 1611 832 eius
1659 796 1697 831 ui
1719 797 1947 841 arguebatur.

1398 839 1422 878 3
1455 840 1597 877 Mamm
1645 842 1722 877 ibro
1748 843 1870 887 primo
1890 842 2127 894 publicorum
2140 845 2165 864 ¹¹
2221 843 2317 888 Lege
2347 843 2439 878 Iulia

1352 885 1631 931 repetundarum
1654 890 1814 929 tenetur,
1840 898 1915 940 qui,
1941 898 2022 923 cum
2045 887 2201 932 aliquam
2224 893 2435 934 potestatem

1352 932 1521 974 haberet,
1552 931 1741 976 pecuniam
1772 933 1818 968 ob
1849 932 2080 968 mdicandum
2103 933 2158 969 vel
2182 944 2253 969 non
2278 933 2437 969 iudican-

1352 976 1436 1012 dum
1461 976 1766 1012 decernendumve
1790 978 1987 1023 acceperit:

1398 1020 1425 1059 4
1465 1022 1693 1057 ΥΕΝσιεισε
1720 1021 1971 1059 ΒΑΤυΒΜΝυε
2007 1023 2099 1059 libro
2137 1024 2240 1059 tertio
2273 1023 2438 1070 publico-

1352 1078 1433 1102 rum
1465 1067 1680 1103 iudiciorum
1727 1067 1783 1102 vel
1814 1078 1884 1113 quo
1915 1068 2028 1113 magis
2059 1072 2123 1104 aut
2146 1068 2261 1104 minus
2285 1068 2372 1114 quid
2396 1078 2439 1103 ex

1355 1111 1476 1148 officio
1501 1123 1566 1147 suo
1591 1112 1737 1148 faceret.

1398 1155 1423 1194 5
1452 1156 1595 1192 Macen
1629 1158 1721 1193 libro
1746 1158 1869 1204 primo
1897 1157 2125 1203 publicorum
2139 1159 2164 1179 ¹¹
2215 1158 2258 1194 In
2290 1157 2438 1194 comites

1353 1213 1494 1248 quoque
1517 1202 1676 1238 iudicum
1699 1212 1745 1238 ex
1767 1202 1836 1238 hac
1859 1203 1936 1248 lege
1958 1202 2127 1238 iudicium
2152 1203 2267 1239 datur.

1399 1246 1424 1286 6
1467 1247 1501 1283 V
1499 1257 1694 1283 ENULEIUS
1724 1247 1975 1283 summm
2009 1248 2100 1283 libro
2139 1250 2243 1284 tertio
2270 1249 2438 1302 publico-

1353 1304 1433 1328 rum
1465 1293 1680 1329 iudiciorum
1727 1292 1864 1328 Eadem
1895 1293 1972 1337 lege
2002 1296 2187 1338 tenentur,
2220 1304 2282 1339 qm
2306 1294 2354 1330 ob
2377 1293 2438 1329 de-

1354 1338 1590 1374 nuntiandum
1607 1337 1663 1374 vel
1680 1348 1753 1373 non
1773 1338 2053 1374 denuntiandum
2070 1339 2312 1374 testimonium
2329 1349 2439 1385 pecu·

1357 1388 1370 1418 1
1421 1384 1516 1419 niam
1541 1384 1755 1428 acceperint.
1799 1383 1878 1418 Hac
1897 1383 1974 1428 lege
1994 1383 2182 1419 damnatus
2198 1384 2437 1420 testimonium

1353 1429 1496 1474 publice
1519 1428 1638 1464 dicere
1663 1432 1727 1463 aut
1746 1427 1853 1464 iudex
1874 1439 1953 1465 esse
1973 1429 2198 1474 postulareve
2216 1429 2437 1475 prohibetur.

1354 1478 1374 1509 2
1421 1474 1518 1519 Lege
1552 1474 1645 1508 Iulia
1678 1473 1957 1519 repetundarum
1995 1478 2158 1517 cavetur,
2195 1485 2240 1510 ne
2275 1474 2355 1520 quis
2392 1475 2437 1510 ob

1353 1519 1499 1555 militem
1534 1518 1723 1564 legendum
1757 1518 2011 1555 mittendumve
2047 1529 2108 1555 aes
2140 1519 2312 1565 accipiat,
2352 1529 2439 1555 neve

1353 1564 1433 1609 quis
1463 1565 1510 1600 ob
1542 1564 1755 1600 sententiam
1785 1564 1822 1599 in
1851 1568 1979 1600 senatu
2001 1564 2192 1601 consiliove
2215 1565 2360 1610 publico
2385 1565 2437 1600 di-

1353 1610 1502 1645 cendam
1532 1609 1721 1654 pecuniam
1753 1609 1925 1654 accipiat,
1957 1609 2013 1645 vel
2042 1610 2089 1646 ob
2118 1610 2362 1646 accusandum
2384 1609 2439 1644 vel

1353 1665 1427 1690 non
1450 1654 1710 1690 accusandum:
1737 1659 1846 1699 utque
1868 1655 1999 1690 urbani
2022 1654 2249 1700 magistratus
2274 1654 2322 1691 ab
2345 1655 2441 1691 omni

1353 1700 1460 1736 sorde
1484 1710 1522 1735 se
1545 1699 1749 1735 abstineant
1772 1709 1860 1735 neve
1883 1700 1965 1745 plus
1989 1699 2074 1735 doni
2096 1700 2254 1736 muneris
2276 1700 2315 1736 in
2345 1710 2440 1735 anno

1354 1745 1545 1790 accipiant,
1569 1755 1677 1790 quam
1701 1744 1796 1789 quod
1820 1745 1867 1779 sit
1890 1755 2081 1780 aureorum
2105 1749 2258 1781 centum.

1401 1788 1424 1826 7
1450 1789 1593 1825 MAGER
1618 1790 1708 1826 libro
1724 1791 1847 1835 primo
1867 1790 2082 1826 iudiciorum
2095 1791 2326 1836 publicorum
2362 1790 2442 1826 Lex

1354 1835 1444 1871 Iulia
1477 1835 1522 1870 de
1552 1835 1758 1880 repetundis
1789 1835 1911 1880 praeci
1937 1835 1983 1877 it,
2023 1845 2069 1870 ne
2101 1835 2180 1880 quis
2212 1836 2259 1871 ob
2288 1834 2441 1871 iudicem

1354 1881 1572 1916 arbitrumve
1601 1880 1756 1915 dandum
1785 1883 1909 1916 mutan
1936 1891 1996 1915 um
2025 1880 2262 1917 iubendumve
2285 1884 2327 1915 ut
2347 1879 2441 1916 iudi·

1356 1930 1429 1962 cet:
1454 1936 1542 1960 neve
1566 1926 1612 1961 ob
1635 1936 1709 1960 non
1733 1925 1889 1961 dandum
1907 1936 1980 1961 non
1998 1925 2207 1961 mutandum
2224 1936 2297 1962 non
2314 1925 2440 1961 iuben-

1354 1970 1439 2006 dum
1462 1975 1503 2005 ut
1525 1970 1674 2006 iudicet:
1699 1981 1788 2006 neve
1811 1971 1858 2006 ob
1881 1971 2058 2007 hominem
2078 1971 2115 2006 in
2133 1970 2277 2006 vincula
2295 1970 2442 2016 publica

1356 2016 1578 2052 coiciendum
1601 2015 1825 2051 vinciendum
1847 2016 2014 2051 vincirive
2036 2015 2231 2052 iubendum
2253 2025 2340 2052 exve
2365 2016 2440 2051 vin-

1355 2061 1445 2097 culis
1471 2061 1738 2096 dimittendum:
1770 2071 1862 2097 neve
1893 2061 1973 2106 quis
2003 2061 2049 2097 ob
2073 2061 2250 2096 hominem
2275 2061 2441 2097 condem-

1356 2107 1513 2142 nandum
1535 2106 1851 2142 absolvendumve:
1882 2116 1969 2141 neve
1993 2107 2039 2142 ob
2063 2106 2161 2142 litem
2184 2106 2438 2142 aestimandam

1355 2152 1568 2188 iudiciumve
1593 2162 1636 2187 ca
1662 2151 1721 2187 itis
1745 2151 1961 2196 pecuniaeve
1984 2151 2189 2187 faciendum
2211 2151 2266 2187 vel
2289 2162 2362 2188 non
2385 2150 2439 2186 fa-

1358 2201 1373 2232 1
1424 2197 1587 2232 ciendum
1610 2207 1631 2232 a
1660 2196 1743 2241 quid
1767 2197 1957 2249 acceperit.
2003 2198 2166 2243 Apparet
2190 2201 2320 2240 autem,
2345 2195 2442 2250 quod

1355 2242 1412 2278 lex
1436 2243 1482 2277 ab
1507 2242 1665 2287 exceptis
1690 2242 1831 2287 quidem
1854 2253 1892 2277 m
1908 2241 2086 2277 infinitum
2108 2252 2237 2287 capere
2255 2241 2439 2287 permittit,

1357 2288 1403 2323 ab
1427 2287 1483 2322 his
1507 2291 1642 2329 autem,
1675 2287 1736 2331 qui
1758 2287 1827 2322 hoc
1851 2287 1969 2333 capite
1992 2291 2263 2330 enumerantur,
2295 2297 2319 2322 a
2342 2286 2440 2322 nullo

1357 2336 1376 2367 2
1423 2342 1538 2377 neque
1568 2332 1678 2367 ullam
1709 2332 1943 2376 quantitatem
1967 2342 2096 2377 capere
2118 2332 2302 2377 permittit.
2348 2331 2441 2367 Illud

1356 2387 1498 2423 quoque
1514 2381 1672 2419 cavetur,
1695 2387 1741 2412 ne
1756 2377 1794 2411 in
1807 2378 1835 2397 ¹2
1857 2380 2045 2422 acceptum
2061 2377 2200 2413 feratur
2215 2387 2307 2423 opus
2323 2376 2440 2422 publi-

1356 2433 1438 2458 cum
1456 2421 1668 2465 faciendum,
1691 2421 1911 2457 frumentum
1930 2422 2072 2467 publice
2089 2422 2245 2457 dandum
2265 2422 2439 2468 praeben-

1356 2468 1440 2504 dum
1471 2466 1831 2513 adpraehendendum
1845 2468 1882 2511 ¹³,
1915 2470 2013 2502 sarta
2036 2471 2134 2503 tecta
2156 2467 2307 2510 tuenda,
2339 2471 2440 2502 ante-

1356 2516 1376 2549 3
1448 2523 1531 2548 uam
1547 2512 1708 2558 perfecta
1723 2512 1878 2557 probata
1893 2511 2066 2557 praestita
2081 2512 2159 2557 lege
2176 2516 2292 2548 erunt.
2325 2511 2442 2548 Hodie

1356 2568 1401 2594 ex
1445 2567 1508 2603 ege
1537 2557 1815 2602 repetundarum
1846 2561 1949 2593 extra
1979 2557 2137 2593 ordinem
2171 2557 2372 2603 puniuntur
2404 2561 2443 2593 et

1354 2603 1564 2649 plerumque
1601 2602 1657 2638 vel
1679 2599 1798 2638 'exilio
1834 2602 2036 2648 puniuntur
2068 2602 2124 2638 vel
2163 2602 2270 2638 etiam
2305 2602 2439 2646 durius,

1381 2652 1464 2684 rout
1488 2647 1704 2684 admiserint.
1743 2647 1829 2693 quid
1852 2647 1958 2690 enim,
1982 2648 2012 2683 si
2037 2648 2082 2683 ob
2107 2646 2286 2683 hominem
2308 2657 2440 2684 necan-

1355 2659 1440 2729 gum
1463 2693 1652 2738 pecuniam
1677 2693 1906 2745 acceperint?
1937 2693 2002 2736 vel,
2026 2693 2110 2728 licet
2132 2703 2204 2729 non
2224 2692 2440 2740 acceperint,

1356 2739 1476 2774 calore
1499 2742 1621 2773 tamen
1643 2737 1780 2773 inducti
1802 2737 2047 2774 interfecerint
2068 2738 2123 2774 vel
2142 2738 2368 2774 innocentem
2386 2738 2442 2773 vel

1355 2794 1460 2830 quem
1492 2784 1620 2829 punire
1653 2793 1726 2818 non
1757 2782 1979 2819 debuerant?
2026 2782 2143 2829 capite
2174 2783 2283 2829 plecti
2311 2783 2442 2819 debent

1354 2829 1408 2865 vel
1440 2833 1536 2864 certe
1568 2829 1606 2864 in
1637 2828 1790 2864 insulam
1826 2827 2026 2874 deportari,
2066 2832 2106 2864 ut
2135 2828 2296 2874 plerique
2324 2827 2441 2874 puniti

1356 2878 1450 2910 sunt.

1402 2916 1427 2956 8
1452 2918 1508 2954 ΡΑ
1517 2929 1612 2955 vaus
1640 2919 1731 2955 libro
1788 2919 2086 2965 uinquaqensimo
2116 2922 2248 2965 quarto
2274 2917 2325 2953 ad
2346 2917 2440 2954 edio-

1356 2968 1431 2999 tum
1485 2963 1588 3009 Quod
1617 2966 1743 3000 contra
1786 2973 1885 3009 egem
1918 2963 2197 3010 repetundarum
2233 2962 2441 3009 proconsuli

1355 3009 1412 3045 vel
1471 3009 1603 3045 raetori
1642 3009 1811 3045 donatum
1850 3013 1923 3052 est,
1966 3019 2038 3044 non
2072 3008 2207 3054 poterit
2241 3018 2310 3044 usu
2347 3007 2439 3053 capi.

1359 3058 1375 3090 1
1459 3054 1562 3090 adem
1589 3054 1648 3090 lex
1674 3053 1894 3090 venditiones
1926 3053 2122 3090 locationes
2154 3053 2229 3089 eius
2253 3053 2306 3088 rei
2329 3062 2441 3089 causa

1355 3099 1469 3145 pluris
1500 3099 1688 3136 minorisve
1718 3099 1835 3135 factas
1861 3099 1980 3134 irritas
2003 3098 2093 3135 facit
2113 3097 2331 3144 impeditque
2353 3108 2441 3134 usu-

1355 3144 1676 3226 sg’szxeapsffl
1701 3143 2191 3226 sesuava’sstegeaeffi*
2215 3153 2239 3179 ⁸
2261 3153 2332 3190 ‘1¹¹⁰
2355 3153 2440 3190 12²⁰·

1645 3217 1654 3233 9

1401 3232 1427 3273 9
1460 3233 1706 3270 Pammenes
1740 3235 1831 3271 libro
1887 3235 1988 3270 uinto
2018 3234 2154 3270 decimo
2184 3243 2440 3280 responsorum

1356 3279 1424 3325 Qui
1448 3289 1576 3315 munus
1599 3279 1743 3331 publice
1765 3245 1972 3315 mantfiuum
1994 3282 2143 3360 accetAEtga
2161 3277 2315 3324 pecunia
2333 3287 2440 3324 rupe·

1355 3326 1491 3368 runt¹⁸,
1516 3324 1661 3361 crimme
1683 3323 1972 3370 repetundarum·
1984 3334 2050 3370 pos
2128 3329 2223 3360 ntur.

1534 3618 1579 3659 (8)
1604 3616 1764 3660 adingem
1776 3615 1895 3652 iulium
1907 3617 1973 3650 ind.
1990 3617 2026 3650 F
2114 3618 2161 3659 (9)
2183 3615 2397 3661 propriorem
2410 3614 2444 3648 F

1743 3667 1797 3701 (11)
1822 3660 2025 3695 iudiciorum
2040 3663 2099 3696 ins.
2115 3661 2167 3695 F·
2242 3662 2302 3703 (12)
2324 3660 2431 3694 inde!

1353 3710 1414 3750 (18)
1437 3707 1667 3787 advsshendum
1680 3708 1864 3742 Menan-dus
1932 3709 1990 3749 (14)
2014 3706 2206 3750 perfectaF'
2263 3706 2322 3748 (1⁶)
2346 3714 2436 3739 rum·

1353 3762 1460 3796 perun
