2528 3918
202 119 350 164 INST.
379 117 436 174 H,
470 123 490 162 1

206 246 250 279 28
297 242 376 279 dem
387 240 526 288 generis
538 242 632 283 sunt,
649 238 742 274 idem
758 238 846 275 iuris
865 249 944 275 esse
958 239 1106 285 placuit.
1156 237 1291 283 Quodsi

206 289 422 324 frumentum
446 286 530 321 Titii
552 289 614 320 tuo
638 284 817 320 frumento
841 284 990 320 mixtum
1012 284 1132 326 fuerit,
1157 284 1188 319 si
1211 284 1289 329 qui-

207 334 287 369 dem
311 343 354 368 ex
377 332 558 367 voluntate
579 333 709 373 vestra,
736 339 921 366 commune
944 330 1021 372 erit,
1047 330 1130 375 quia
1153 328 1291 374 singula

207 388 369 424 corpora,
393 377 430 412 id
454 379 508 411 est
530 374 668 420 singula
689 385 812 420 grana,
836 385 928 420 quae
952 375 1124 419 cuiusque
1146 373 1290 420 propria

206 424 362 465 fuerunt,
377 433 420 457 ex
433 430 608 457 consensu
626 424 742 456 vestro
764 420 1024 455 communicata
1043 423 1137 455 sunt.
1164 418 1291 464 quodsi

207 479 293 504 casu
324 468 359 502 id
390 467 537 501 mixtum
567 465 676 501 fuerit
704 465 759 501 vel
791 465 906 501 Titius
937 465 973 500 id
1004 464 1184 500 miscuerit
1215 464 1292 499 sine

206 514 388 550 voluntate
410 515 492 553 tua,
517 521 590 546 non
611 510 749 546 videtur
773 520 959 546 commune
983 520 1079 553 esse,
1112 510 1195 554 quia
1218 510 1289 544 sin-

267 569 289 593 a
319 566 471 601 corpora
504 556 542 590 in
576 565 643 591 sua
677 556 879 591 substantia
914 555 1045 590 durant
1078 565 1146 589 nec
1180 554 1290 599 magis

206 603 283 639 istis
319 602 461 638 casibus
496 611 682 636 commune
715 601 757 635 fit
789 600 1023 641 frumentum,
1067 610 1172 644 quam
1205 610 1291 644 grex

207 646 401 684 communis
426 656 504 682 esse
526 646 750 691 intellegitur,
776 646 805 680 si
829 655 961 690 pecora
980 645 1065 679 Titii
1088 645 1159 679 tuis
1182 654 1290 689 peco-

206 694 304 728 ribus
328 692 440 726 mixta
461 690 611 726 fuerint:
645 691 707 726 sed
738 691 768 726 si
797 691 842 725 ab
876 691 1046 725 alterutro
1078 693 1232 725 vestrum
1256 689 1291 724 id

205 742 319 774 totum
351 736 569 772 frumentum
600 736 814 778 retineatur,
851 735 888 770 in
919 746 993 770 rem
1024 735 1165 780 quidem
1197 735 1290 769 actio

206 793 270 828 pro
295 782 400 817 modo
424 781 595 816 frumenti
619 781 789 826 cuiusque
814 783 1012 824 competat,
1046 780 1194 815 arbitrio
1227 790 1290 815 au-

206 832 277 863 tem
299 827 427 863 iudicis
452 826 671 868 continetur,
696 829 737 860 ut
758 826 789 861 is
804 827 814 846 ¹
838 826 1020 867 aestimet,
1045 825 1149 870 quale
1173 825 1290 860 cuius-

206 876 250 908 29
296 883 365 918 que
394 871 612 907 frumentum
641 871 759 906 fuerit.
809 870 922 905 ²Cum
954 870 990 905 in
1021 880 1087 906 suo
1119 870 1195 906 solo
1227 870 1290 905 ali-

206 917 285 963 quis
308 917 425 953 aliena
447 917 596 952 materia
620 916 877 958 aedificaverit,
901 915 977 960 ipse
1002 915 1164 951 dominus
1187 915 1290 950 intel-

205 963 334 1009 legitur
359 962 530 1005 aedificii,
562 962 647 1007 quia
677 971 781 996 omne
811 961 906 1006 quod
937 960 1184 996 inaedificatur
1214 960 1290 996 solo

207 1008 309 1044 cedit.
346 1018 413 1043 nec
437 1011 557 1042 tamen
580 1007 659 1042 ideo
683 1007 724 1049 is,
750 1006 811 1051 qui
834 1006 1004 1041 materiae
1028 1005 1190 1042 dominus
1213 1005 1290 1040 fue-

206 1057 280 1094 rat,
305 1053 434 1089 desinit
456 1053 532 1088 eius
557 1051 718 1087 dominus
750 1061 845 1087 esse:
878 1051 942 1086 sed
971 1051 1147 1096 tantisper
1177 1061 1291 1096 neque

205 1098 386 1134 vindicare
409 1108 487 1134 eam
510 1100 628 1143 potest
650 1106 765 1141 neque
788 1096 835 1132 ad
859 1096 1096 1132 exhibendum
1120 1096 1164 1131 de
1188 1106 1231 1131 ea
1252 1105 1292 1131 re

205 1154 311 1189 agere
333 1147 480 1189 propter
502 1143 613 1187 legem
638 1141 823 1177 duodecim
847 1142 1069 1184 tabularum,
1094 1151 1165 1186 qua
1189 1151 1289 1176 cave-

204 1192 281 1232 tur,
312 1199 359 1224 ne
388 1188 467 1234 quis
490 1188 625 1232 tignum
648 1187 802 1222 alienum
825 1186 973 1222 aedibus
997 1187 1071 1222 suis
1094 1187 1291 1222 iniunctum

206 1234 359 1270 eximere
394 1236 560 1278 cogatur,
595 1232 658 1268 sed
692 1232 839 1277 duplum
873 1242 938 1276 pro
970 1241 1011 1267 eo
1042 1236 1200 1277 praestet
1228 1242 1292 1276 per

205 1279 381 1315 actionem
412 1288 503 1330 quae
533 1280 682 1313 vocatur
705 1277 748 1312 de
770 1277 867 1322 tigno
891 1277 1014 1312 iuncto
1041 1277 1292 1322 (appellatione

205 1328 326 1360 autem
347 1324 436 1369 tigm
455 1323 567 1359 omnis
586 1322 736 1358 materia
755 1322 984 1367 significatur,
1010 1332 1054 1357 ex
1077 1323 1172 1367 qua³
1195 1322 1291 1357 aedi-

204 1369 289 1406 ficia
321 1368 443 1410 fiunt):
480 1367 576 1414 quod
611 1368 690 1402 ideo
726 1367 907 1412 provisum
942 1371 1016 1410 est,
1051 1378 1097 1403 ne
1131 1367 1293 1403 aedificia

205 1413 360 1451 rescindi
384 1424 528 1449 necesse
552 1413 607 1448 sit.
652 1412 715 1447 scd
739 1412 769 1447 si
792 1413 839 1447 ali
864 1423 912 1447 ua
936 1423 980 1448 ex
1004 1423 1114 1448 causa
1137 1413 1293 1448 dirutum

205 1460 253 1496 sit
271 1458 479 1501 aedificium,
504 1458 635 1503 poterit
654 1457 823 1493 materiae
868 1458 1018 1501 ominus,
1042 1458 1074 1494 si
1094 1469 1166 1494 non
1185 1457 1294 1494 fuerit

205 1505 351 1550 duplum
381 1504 452 1539 iam
483 1506 708 1549 persecutus,
741 1506 828 1538 tunc
860 1513 938 1538 eam
969 1503 1149 1539 vindicare
1180 1507 1216 1539 et
1247 1503 1294 1538 ad

206 1554 249 1586 30
296 1548 533 1585 exhibendum
557 1558 661 1593 agere
670 1549 696 1584 ⁴.
732 1547 791 1582 Ex
814 1548 951 1583 diverso
973 1548 1003 1583 si
1022 1548 1100 1601 quis
1119 1549 1157 1583 in
1177 1548 1292 1584 alieno

205 1596 281 1632 solo
306 1605 372 1630 sua
395 1593 544 1629 materia
567 1594 710 1630 domum
741 1593 999 1636 aedificaverit,
1030 1594 1124 1629 lllius
1157 1594 1198 1629 fit
1229 1594 1292 1629 do-

205 1651 295 1684 mus,
320 1640 421 1675 cuius
446 1642 482 1674 et
504 1639 618 1674 solum
642 1642 706 1674 est.
744 1638 807 1674 sed
830 1639 899 1674 hoc
924 1649 1011 1674 casu
1035 1639 1206 1675 materiae
1229 1639 1292 1674 do-

206 1686 322 1721 minus
345 1684 599 1730 proprietatem
623 1684 699 1719 eius
723 1684 871 1726 amittit,
905 1684 989 1729 quia
1011 1685 1195 1720 voluntate
1219 1684 1293 1720 eius

204 1731 360 1766 alienata
370 1729 595 1774 intellegitur,
615 1729 739 1781 utique
758 1729 812 1765 si⁵
832 1739 905 1764 non
923 1730 935 1764 i
984 1730 1111 1765 orabat
1130 1730 1166 1764 in
1178 1729 1292 1765 alieno

205 1777 282 1812 solo
306 1786 346 1811 se
376 1774 582 1811 aedificare:
616 1778 653 1810 et
680 1774 780 1817 lde0‚
813 1774 898 1810 licet
953 1775 1048 1810 iruta
1078 1775 1125 1810 sit
1156 1775 1292 1818 domus,

205 1821 384 1857 vindicare
415 1820 600 1855 materiam
631 1830 703 1855 non
734 1819 858 1865 possit.
895 1823 993 1856 certe
1022 1820 1109 1855 illud
1141 1823 1293 1863 constat,

205 1867 235 1902 si
257 1866 296 1902 in
317 1865 543 1911 possessione
567 1865 762 1900 constituto
787 1864 1015 1901 aedificatore
1039 1865 1104 1900 soli
1128 1865 1291 1901 dominus

204 1915 305 1957 petat
328 1911 470 1947 domum
494 1920 595 1946 suam
619 1920 697 1946 esse
719 1919 786 1945 nec
809 1910 924 1946 solvat
947 1910 1099 1955 pretium
1122 1910 1292 1946 materiae

204 1960 242 1992 et
263 1956 444 1992 mercedes
474 1955 677 1997 fabrorum,
708 1965 815 2000 posse
846 1966 925 1991 eum
955 1966 1020 2001 per
1050 1956 1293 2001 exceptionem

206 2002 278 2038 doli
300 2002 383 2036 mali
404 2000 540 2046 repelli,
564 2000 689 2045 utique
712 2001 744 2036 si
766 2000 883 2035 bonae
906 2000 990 2036 fidei
1012 2011 1200 2046 possessor
1222 2001 1291 2036 fuit

205 2047 267 2092 qui
290 2045 531 2082 aedificasset:
557 2056 640 2080 nam
657 2045 784 2081 scienti
808 2046 963 2081 alienum
987 2056 1065 2081 esse
1088 2046 1203 2082 solum
1226 2057 1291 2091 po-

204 2095 276 2128 test
299 2092 404 2137 culpa
427 2091 530 2133 obici,
555 2090 651 2135 quod
673 2094 806 2126 temere
824 2090 1064 2127 aedificaverit
1081 2091 1119 2126 in
1140 2101 1181 2127 eo
1203 2091 1290 2134 solo,

205 2140 246 2173 31
295 2137 391 2182 quod
410 2136 630 2181 intellegeret
649 2136 803 2171 alienum
822 2146 910 2171 esse.
949 2136 987 2171 Si
1007 2137 1121 2172 Titius
1139 2137 1291 2172 alienam

205 2182 366 2228 plantam
387 2182 426 2216 in
449 2191 514 2217 suo
539 2181 615 2216 solo
639 2181 817 2226 posuerit,
842 2181 954 2227 ipsius
978 2181 1062 2216 erit:
1096 2184 1132 2217 et
1163 2192 1206 2216 ex
1238 2182 1290 2217 di-

205 2237 306 2263 verso
340 2227 372 2262 si
403 2226 520 2262 Titius
555 2236 657 2261 suam
691 2226 851 2278 plantam
885 2227 922 2261 in
952 2227 1083 2262 Maevii
1116 2227 1192 2262 solo
1226 2237 1290 2272 po-

205 2273 328 2315 suerit,
352 2271 484 2307 Maevii
506 2271 631 2317 planta
654 2275 738 2314 erit,
764 2271 794 2306 si
816 2271 921 2307 modo
945 2275 1098 2316 utroque
1123 2282 1209 2307 casu
1232 2282 1290 2307 ra-

205 2317 302 2354 dices
334 2317 453 2362 egerit.
498 2319 688 2361 antequam
719 2320 840 2351 autem
874 2316 1014 2352 radices
1049 2317 1177 2362 egerit,
1215 2317 1290 2352 eius

204 2366 407 2408 permanet,
440 2361 541 2397 cuius
565 2365 602 2396 et
622 2361 752 2397 fuerat.
789 2361 879 2397 adeo
903 2365 1023 2397 autem
1054 2372 1098 2397 ex
1129 2373 1190 2404 eo,
1223 2363 1291 2398 ex⁶

205 2418 275 2454 quo
297 2407 437 2443 radices
461 2407 535 2452 agit
556 2406 690 2452 planta,
714 2407 915 2452 proprietas
939 2407 1014 2443 eius
1039 2410 1289 2450 commutatur,

205 2456 255 2495 ut,
281 2453 312 2488 si
333 2452 440 2489 vicini
462 2452 627 2487 arborem
649 2451 701 2487 ita
720 2453 839 2487 terra⁷
863 2452 948 2487 Titii
967 2453 1138 2497 presserit
1147 2453 1171 2495 ⁸,
1194 2456 1235 2487 ut
1253 2453 1291 2487 in

206 2498 281 2534 eius
305 2497 455 2533 fundum
477 2496 617 2532 radices
641 2500 773 2541 ageret,
797 2497 882 2532 Titii
907 2496 1000 2532 effici
1019 2497 1184 2534 arborem
1204 2498 1290 2533 dici-

205 2543 325 2579 mus⁹z
349 2543 524 2578 rationem
547 2542 676 2578 etenim
698 2552 772 2577 non
794 2542 998 2587 permittere
1012 2543 1058 2585 ¹⁰,
1082 2546 1121 2578 ut
1144 2543 1290 2578 alterius

205 2588 314 2624 arbor
337 2598 416 2624 esse
437 2587 681 2639 intellegatur,
714 2597 821 2633 quam
852 2587 953 2623 cuius
983 2587 1021 2622 in
1051 2587 1202 2623 fundum
1231 2599 1290 2623 ra-

206 2633 301 2668 dices
327 2633 465 2678 egisset.
502 2636 538 2667 et
559 2632 639 2667 1deo
696 2643 782 2677 rope
813 2632 1006 2668 confinium
1036 2633 1145 2668 arbor
1174 2633 1292 2678 posita

205 2678 237 2714 si
258 2678 366 2713 etiam
387 2678 425 2712 in
454 2677 560 2712 vicini
588 2676 653 2712 fun
680 2689 739 2712 um
767 2677 905 2713 radices
936 2678 1064 2723 egerit,
1096 2679 1290 2714 communis

206 2726 249 2759 32
295 2722 348 2757 fit.
399 2721 515 2766 ¹¹Qua
544 2722 684 2757 ratione
714 2726 833 2758 autem
862 2723 1025 2768 plantae,
1066 2733 1158 2768 quae
1194 2727 1291 2758 terra

205 2768 423 2810 coalescunt,
444 2767 520 2802 solo
541 2766 682 2810 cedunt,
704 2768 827 2803 eadem
844 2768 983 2803 ratione
1002 2767 1183 2803 frumenta
1201 2779 1289 2814 quo-

207 2823 295 2859 que,
327 2822 418 2858 quae
448 2814 528 2847 sata
551 2815 652 2854 sunt,
684 2813 759 2848 solo
785 2812 911 2848 cedere
932 2812 1194 2858 intelleguntur.
1233 2824 1289 2850 ce-

206 2862 323 2894 terum
346 2858 440 2893 sicut
462 2857 493 2892 is
517 2857 577 2901 qui
599 2857 636 2892 in
660 2857 775 2894 alieno
800 2858 876 2894 solo
900 2857 1157 2901 aedificaverit,
1190 2858 1220 2894 si
1244 2859 1290 2894 ab

207 2914 249 2939 eo
274 2902 437 2939 dominus
460 2905 562 2947 petat
585 2902 802 2946 aedificium,
835 2903 977 2939 defendi
999 2906 1120 2949 potest
1141 2914 1206 2949 per
1230 2914 1290 2939 ex-

207 2948 407 2993 ceptionem
430 2947 503 2982 doli
525 2947 608 2981 mali
631 2948 827 2984 secundum
851 2958 894 2984 ea
917 2958 1008 2994 quae
1038 2949 1208 2984 diximus:
1239 2949 1292 2984 ita

207 2993 365 3029 eiusdem
388 2992 606 3037 exceptionis
630 2993 760 3029 auxilio
784 2996 884 3029 tutus
908 3004 987 3030 esse
1018 2997 1138 3039 potest
1168 2994 1199 3030 is
1230 2995 1292 3039 qui

206 3038 361 3074 alienum
373 3038 401 3059 ¹²
423 3036 574 3073 fundum
596 3047 662 3072 sua
684 3038 885 3083 impensa¹³
907 3039 1003 3075 bona
1025 3038 1097 3075 fide
1121 3039 1288 3075 consevit.

207 3086 250 3119 33
296 3083 456 3118 Litterae
480 3092 631 3127 quoque,
655 3082 739 3118 licet
762 3094 892 3119 aureae
915 3084 995 3127 sint,
1020 3084 1168 3130 perinde
1187 3084 1290 3120 char-

206 3128 252 3164 tis
276 3127 561 3172 membranisque
585 3127 734 3171 cedunt,
759 3129 835 3165 acsi
857 3129 933 3165 solo
959 3129 1085 3165 cedere
1109 3129 1226 3165 solent
1249 3139 1292 3165 ea

207 3171 604 3255 fflinoeffifioenm
638 3177 701 3207 aut
733 3173 954 3210 inseruntur:
997 3174 1148 3220 ideoque
1189 3174 1221 3210 si
1253 3174 1291 3209 in

312 3218 341 3254 's
371 3217 629 3254 membranisve
658 3217 729 3253 tuis
762 3229 905 3254 carmen
934 3220 990 3255 vel
1019 3219 1205 3255 historiam
1235 3219 1292 3255 vel

207 3334 247 3376 (1)
270 3332 315 3374 is]
326 3332 370 3373 Δ,
382 3331 415 3365 id
429 3332 474 3372 Β,
487 3331 561 3374 ipso
580 3331 614 3364 T
718 3332 761 3373 (2)
789 3336 805 3371 5
820 3339 913 3366 29--31
928 3346 967 3366 ex
982 3334 1058 3368 Gai.
1073 3334 1093 3367 l.
1108 3341 1125 3368 2
1137 3345 1200 3368 rer.
1216 3339 1286 3367 cont.

207 3378 302 3422 (Diq.
317 3378 372 3419 41,
384 3384 410 3419 1,
423 3384 450 3417 -ι,
463 3384 508 3411 10.
521 3383 565 3410 12.
578 3376 623 3417 1³)
769 3379 811 3416 (3)
835 3378 884 3410 sic
895 3378 1042 3419 AT(sed
1051 3378 1222 3422 signifieat
1236 3378 1288 3419 Τ),

207 3433 322 3456 omnes
333 3422 493 3455 materiae
506 3421 741 3464 significantur
761 3431 802 3454 ex
823 3422 945 3463 quibus
964 3425 1017 3465 (ex
1029 3434 1096 3465 qua
1108 3424 1156 3466 B)
1170 3423 1288 3467 BDiq.

208 3469 250 3509 (4)
274 3469 386 3510 agere]
402 3466 526 3511 Diffio,
539 3466 580 3499 de
593 3476 631 3498 ea
643 3476 678 3499 re
692 3467 739 3506 (re
753 3479 812 3500 om.
828 3467 887 3508 2²⁸)
900 3477 952 3510 ag.
965 3468 1039 3509 AT,
1060 3469 1100 3502 de
1120 3469 1168 3502 eis
1187 3478 1241 3512 ag.
1254 3468 1291 3503 B

207 3513 251 3552 (δ)
275 3512 306 3546 si
317 3525 374 3546 om.
388 3511 435 3546 Τ*
503 3513 548 3553 (θ)
573 3521 613 3544 ex
625 3523 684 3545 om.
694 3513 726 3545 A
796 3512 838 3553 (τ)
863 3514 987 3545 terram
998 3513 1073 3547 BT
1079 3521 1110 3548 et
1120 3515 1154 3547 in
1162 3513 1290 3559 Diq-F'

208 3558 254 3599 (8)
278 3557 455 3600 pressei-im
467 3563 552 3590 recte
563 3557 616 3590 Dz'
637 3580 656 3597 .,
669 3563 706 3590 ut
717 3558 921 3600 coyitandum
931 3559 976 3592 eit
988 3559 1028 3592 de
1040 3560 1157 3593 arbore
1164 3571 1292 3604 propa-

208 3609 298 3646 9ata,
317 3615 384 3646 qua
403 3603 444 3636 de
461 3613 498 3635 re
517 3602 560 3679 cg
572 3600 608 3635 Ρ
617 3603 659 3635 in.
672 3601 703 3635 Ιι.
716 3614 747 3635 n.
764 3603 815 3654 1¹7,
828 3609 860 3637 18
891 3603 1040 3682 Diffffiss,
1054 3611 1100 3644 24,
1113 3611 1149 3638 22
1157 3617 1211 3648 pr.
1221 3618 1233 3639 .-
1252 3616 1292 3639 nc

209 3654 313 3680 tamen
327 3647 509 3681 emendetur
548 3649 630 3679 itinn
642 3649 811 3690 presserit,
831 3655 919 3682 vetat
985 3649 1140 3692 oophilue,
1161 3649 1220 3693 qui
1238 3662 1292 3683 an·

210 3693 315 3725 berem
333 3694 392 3726 sub
413 3699 501 3726 terra
513 3692 642 3725 radim
649 3692 812 3735 paulatim
825 3694 858 3726 in
871 3695 1007 3726 vicinum
1012 3695 1155 3737 fundum
1169 3695 1292 3728 misisse

209 3737 365 3780 {aalays}
478 3738 523 3778 (2)
547 3736 699 3770 dicamus
710 3737 785 3770 odd.
889 3739 948 3780 (ιο)
971 3739 1020 3772 sic
1031 3739 1190 3784 ATDi9.,
1202 3740 1291 3772 ratio

1296 118 1344 195 12

1933 129 1996 161 DE
2024 130 2177 161 RERUM
2206 131 2438 163 Dlvlsmmr.

1358 237 1555 273 orationem
1578 236 1693 274 Titius
1723 236 1924 284 scripserit,
1955 238 2062 275 huius
2092 240 2252 286 corporis
2282 251 2356 278 non
2374 239 2436 276 Ti-

1358 283 1448 326 tius,
1472 282 1536 319 sed
1557 287 1598 319 tu
1622 283 1786 319 dominus
1810 293 1888 319 esse
1909 284 2076 321 iudiceris
2089 285 2126 321 ¹⁴.
2162 286 2224 321 sed
2246 285 2278 322 si
2299 296 2323 322 a
2344 286 2439 324 Titio

1358 331 1460 373 petas
1483 331 1565 364 tuos
1588 328 1699 364 libros
1721 332 1846 365 tuasve
1867 329 2090 366 membranas
2114 340 2192 366 esse
2214 341 2282 367 nec
2303 331 2352 367 im
2378 342 2438 368 en-

1358 383 1435 408 sam
1452 373 1658 421 scripturae
1680 374 1817 410 solvere
1838 378 1987 419 paratus
2010 375 2077 418 sis,
2108 376 2239 421 poterit
2262 387 2301 412 se
2355 377 2440 413 itius

1359 418 1548 454 defendere
1569 429 1635 464 per
1657 419 1901 464 exceptionem
1925 419 1997 455 doli
2020 420 2123 464 mali,
2147 421 2269 466 utique
2292 421 2323 457 si
2346 422 2441 458 bona

1358 462 1428 498 fide
1452 473 1574 498 earum
1598 463 1802 499 chartarum
1823 464 2150 501 membranarumve
2180 466 2440 511 possessionem

1359 511 1403 544 34
1449 511 1603 544 nanctus
1628 512 1692 544 est.
1740 508 1777 544 Si
1801 509 1879 554 quis
1909 509 1947 544 in
1977 510 2093 545 aliena
2122 511 2246 546 tabula
2275 511 2440 557 pinxerit,

1359 553 1503 605 quidam
1526 557 1655 620 pgtant
1677 553 1836 606 tabulam
1859 554 2020 606 picturae
2040 555 2181 591 cedere:
2207 556 2284 592 aliis
2302 556 2442 592 videtur

1359 599 1900 695 {ffissrffiatrqssssiffiussssssse
1914 600 2441 691 tztfflstbusstsstu‘ssisse‘sdgz‘}

1359 688 1546 723 ridlculum
1579 692 1634 724 est
1664 689 1756 724 enim
1785 689 1962 734 picturam
1985 690 2121 735 Apellis
2145 690 2199 726 vel
2222 691 2403 727 Parrhasii
2416 692 2442 713 ¹⁶

1359 733 1396 767 in
1420 733 1660 769 accessionem
1682 734 1871 769 vilissimae
1893 735 2038 770 tabulae
2062 735 2199 771 cedere.
2232 732 2375 771 ¹⁷'unde
2412 737 2442 772 si

1361 778 1392 813 'a
1416 778 1557 814 domino
1582 779 1727 814 tabulae
1748 779 1936 825 imaginem
1959 780 2163 825 possidente
2185 781 2216 816 is
2240 783 2300 826 qui
2330 782 2444 827 pinxit

1362 823 1449 858 'eam
1471 827 1573 868 petat
1596 834 1663 859 nec
1694 824 1809 860 solvat
1838 825 1991 870 pretium
2022 826 2184 868 tabulae,
2217 826 2350 871 poterit
2378 837 2442 872 per

1361 868 1614 921 'exceptionem
1637 869 1709 904 doli
1731 870 1816 905 mali
1839 871 2067 906 summoveri:
2092 874 2131 906 at
2148 871 2179 907 si
2196 871 2226 907 is
2246 871 2307 916 qui
2329 871 2444 916 pinxit

1361 914 1572 958 'poss1deat‚
1606 924 1827 960 consequens
1858 918 1931 957 est,
1973 919 2014 951 ut
2045 916 2141 952 utilis
2172 916 2266 951 actio
2300 915 2442 952 domino

1361 959 1514 994 'tabulae
1538 959 1708 995 adversus
1733 969 1813 995 eum
1838 959 1950 1002 detur,
1975 971 2045 1006 quo
2069 971 2167 1003 casu,
2191 961 2312 996 sinon
2331 961 2444 997 solvat

1362 1004 1566 1050 'impensam
1579 1005 1752 1056 picturae,
1771 1005 1905 1050 poterit
1922 1016 1987 1050 per
2006 1007 2251 1051 exceptionem
2270 1006 2343 1043 doli
2360 1006 2444 1042 mali

1362 1049 1510 1094 'repelli,
1541 1054 1665 1095 utique
1695 1051 1725 1085 si
1749 1050 1844 1085 bona
1867 1049 1938 1086 fide
1960 1061 2145 1096 possessor
2166 1050 2275 1087 fuerit
2297 1051 2355 1087 ille
2385 1051 2445 1096 qui

1360 1094 1546 1147 ‘picturam
1568 1095 1747 1140 imposuit.
1782 1095 1871 1131 illud
1894 1095 1987 1131 enim
2009 1096 2128 1141 palam
2151 1100 2217 1139 est,
2240 1096 2348 1142 quod,
2372 1097 2445 1132 sive

1361 1140 1399 1175 'is
1424 1140 1483 1185 qui
1505 1140 1621 1185 pinxit
1652 1140 1829 1186 subripuit
1858 1141 2000 1176 tabulas
2032 1141 2105 1177 sive
2133 1141 2243 1184 alius,
2276 1142 2446 1187 competit

1361 1185 1512 1220 'domino
1536 1185 1739 1220 tabularum
1761 1186 1850 1221 furti
1874 1187 1991 1222 actio.⁴

1360 1233 1402 1265 35
1496 1230 1535 1265 Si
1590 1230 1644 1266 uis
1675 1241 1698 1266 a
1727 1242 1799 1266 non
1829 1231 1988 1274 domino,
2021 1242 2125 1276 quem
2156 1231 2337 1267 dominum
2367 1242 2446 1267 esse

1361 1275 1540 1318 crederet,
1599 1286 1669 1312 ona
1699 1275 1769 1311 fide
1790 1275 1941 1311 fundum
1963 1277 2087 1312 emerit
2109 1276 2164 1312 vel
2188 1287 2232 1312 ex
2255 1277 2446 1312 donatione

1361 1321 1475 1357 aliave
1506 1332 1578 1366 qua
1607 1321 1703 1356 iusta
1735 1331 1846 1357 causa
1877 1332 1990 1367 aeque
2020 1322 2116 1357 bona
2143 1321 2215 1357 fide
2246 1322 2443 1367 acceperit:

1361 1367 1516 1402 naturali
1546 1366 1685 1402 ratione
1715 1367 1851 1411 placuit
1879 1366 2021 1402 fructus
2052 1377 2142 1412 quos
2174 1377 2280 1412 perce
2305 1367 2335 1402 it
2370 1367 2445 1403 eius

1361 1422 1439 1447 esse
1462 1423 1526 1457 pro
1552 1412 1692 1447 cultura
1716 1415 1751 1447 et
1775 1422 1871 1447 cura.
1910 1415 1946 1447 et
1968 1412 2047 1448 ideo
2072 1412 2102 1447 si
2125 1416 2251 1457 postea
2307 1412 2445 1448 ominus

1361 1458 1605 1502 supervenerit
1628 1460 1664 1492 et
1686 1456 1837 1492 fundum
1859 1457 2032 1499 vindicet,
2065 1457 2108 1492 de
2131 1457 2308 1493 fructibus
2332 1457 2378 1493 ab
2402 1467 2444 1492 eo

1362 1502 1581 1547 consumptis
1614 1513 1718 1546 agere
1752 1513 1824 1537 non
1857 1506 1986 1547 potest.
2031 1503 2064 1538 ei
2097 1513 2200 1546 vero,
2235 1502 2296 1548 qui
2329 1502 2445 1538 sciens

1361 1548 1516 1583 alienum
1538 1547 1689 1582 fundum
1712 1547 1919 1592 possederit,
1944 1558 2017 1583 non
2038 1547 2131 1583 idem
2153 1558 2361 1584 concessum
2377 1550 2443 1582 est.

1360 1594 1482 1638 itaque
1505 1604 1586 1628 cum
1609 1592 1720 1628 fundo
1745 1593 1850 1628 etiam
1869 1592 2018 1636 fructus,
2043 1593 2127 1629 licet
2143 1593 2344 1639 consumpti
2362 1592 2445 1635 sint,

1362 1641 1404 1673 36
1452 1638 1589 1683 cogitur
1623 1637 1822 1674 restituere.
1876 1638 1931 1680 Is,
1967 1638 2014 1673 ad
2048 1648 2152 1683 quem
2186 1648 2273 1674 usus
2306 1637 2445 1674 fructus

1360 1683 1464 1718 fundi
1487 1683 1652 1728 pertinet,
1677 1693 1749 1719 non
1773 1683 1876 1718 aliter
1898 1682 2080 1719 fructuum
2098 1683 2261 1719 dominus
2280 1682 2445 1725 efficitur,

1386 1739 1469 1764 uam
1500 1729 1531 1764 si
1561 1739 1623 1764 eos
1653 1728 1666 1763 i
1692 1738 1731 1764 se
1760 1728 1969 1773 perceperit.
2007 1732 2043 1764 et
2072 1728 2152 1764 ideo
2183 1728 2267 1765 licet
2296 1728 2446 1764 maturis

1360 1740 1558 1817 fructibus,
1592 1784 1665 1809 non
1691 1785 1751 1808 um
1781 1777 1901 1809 tamen
1930 1774 2108 1819 perceptis
2149 1773 2360 1816 decesserit,
2399 1773 2446 1809 ad

1361 1819 1528 1855 heredem
1551 1818 1626 1854 eius
1649 1829 1722 1855 non
1746 1819 1944 1864 pertinent,
1975 1819 2039 1854 sed
2052 1820 2080 1840 ¹⁸
2110 1818 2252 1855 domino
2308 1818 2444 1864 roprie-

1361 1865 1445 1901 tatis
1469 1864 1717 1910 adquiruntur.
1755 1863 1879 1899 eadem
1901 1863 1977 1899 fere
2000 1867 2036 1900 et
2058 1863 2102 1899 de
2122 1863 2247 1901 colono
2305 1866 2444 1900 cuntur.

1362 1913 1404 1945 37
1456 1910 1534 1945 ¹⁹In
1557 1909 1735 1955 pecudum
1758 1908 1878 1944 fructu
1902 1909 2009 1944 etiam
2031 1908 2127 1945 fetus
2151 1912 2224 1953 est,
2254 1909 2360 1946 sicuti
2389 1909 2446 1945 lac

1363 1958 1397 1991 et
1425 1954 1519 2000 pilus
1550 1958 1587 1989 et
1617 1954 1719 1990 lana:
1748 1954 1800 1989 ita
1825 1964 1870 1990 ue
1900 1954 1983 2000 agni
2014 1958 2050 1990 et
2079 1954 2185 1990 haedi
2215 1957 2252 1991 et
2280 1954 2381 1990 vituli
2411 1958 2447 1990 et

1362 2000 1480 2052 equuli
1490 2001 1521 2020 ²⁰
1544 2000 1665 2035 statim
1688 2003 1796 2052 natur
1835 1999 1843 2006 '
1867 1999 1945 2053 iure
1968 1999 2114 2036 dominii
2122 2000 2152 2021 ²¹
2177 2003 2269 2052 sunt·
2283 1999 2445 2036 fructua-

1361 2044 2447 2142 tamum&..23²3&tatwtssstz’afftffiutdt‘ff

1360 2136 1468 2171 batur
1489 2135 1667 2171 hommem
1696 2135 1735 2170 in
1763 2135 1883 2170 fructu
1916 2145 2010 2177 esse,
2043 2146 2124 2171 cum
2153 2146 2276 2172 omnes
2306 2134 2446 2171 fructus

1361 2184 1403 2216 38
1449 2191 1567 2216 rerum
1591 2183 1720 2216 natura
1742 2180 1924 2216 hominum
1953 2181 2069 2225 gratia
2099 2181 2327 2226 comparavit.
2375 2180 2447 2216 Sed

1359 2226 1390 2261 si
1412 2225 1526 2271 gregis
1558 2236 1662 2261 usum
1690 2225 1846 2261 fructum
1878 2225 1955 2270 quis
1986 2226 2136 2268 habeat,
2167 2226 2205 2262 in
2234 2225 2354 2262 locum
2384 2225 2446 2262 de-

1359 2274 1580 2307 mortuorum
1605 2271 1762 2315 capitum
1793 2281 1837 2306 ex
1867 2270 1944 2306 fetu
1974 2270 2194 2307 fructuarius
2226 2270 2447 2307 summittere

1360 2316 1482 2358 debet,
1514 2319 1554 2351 ut
1577 2319 1613 2351 et
1635 2315 1772 2352 Iuliano
1796 2315 1910 2351 visum
1933 2319 2005 2359 est,
2037 2320 2074 2352 et
2101 2316 2141 2351 in
2170 2316 2353 2352 vinearum
2383 2315 2445 2352 de-

1359 2365 1580 2397 mortuarum
1607 2361 1663 2396 vel
1693 2361 1862 2396 arborum
1891 2361 2010 2396 locum
2039 2361 2128 2397 alias
2167 2361 2274 2397 debet
2313 2361 2445 2397 substi-

1359 2410 1470 2442 tuere.
1507 2409 1606 2442 recte
1628 2405 1723 2441 enim
1747 2406 1864 2442 colere
1888 2406 1994 2442 debet
2017 2410 2054 2441 et
2075 2407 2179 2452 quasi
2200 2407 2318 2443 bonus
2341 2409 2446 2452 pater

1358 2451 1512 2488 familias
1535 2451 1589 2487 uti
1612 2451 1768 2487 debet22.

1360 2499 1403 2532 39
1495 2496 1721 2540 Thesauros,
1753 2507 1843 2542 quos
1875 2496 1953 2542 quis
1983 2496 2022 2532 in
2053 2507 2118 2532 suo
2149 2496 2230 2533 loco
2260 2496 2444 2539 invenerit,

1360 2542 1461 2578 divus
1497 2541 1701 2577 Hadrianus
1736 2542 1936 2577 naturalem
1971 2541 2188 2588 aequitatem
2221 2548 2367 2578 secutus
2411 2542 2446 2578 ei

1361 2587 1538 2623 concessit
1560 2586 1621 2632 qui
1650 2587 1834 2622 invenerit.
1870 2587 1962 2622 idem
1986 2597 2033 2623 ue
2062 2586 2206 2630 statuit,
2237 2587 2270 2623 si
2299 2587 2378 2632 quis
2406 2587 2445 2623 in

1360 2643 1464 2668 sacro
1497 2635 1562 2667 aut
1589 2631 1627 2666 in
1657 2632 1821 2677 religioso
1852 2632 1932 2668 loco
1980 2632 2111 2668 ortuito
2144 2643 2232 2668 casu
2261 2631 2443 2668 invenerit.

1360 2681 1398 2712 at
1420 2678 1451 2713 si
1474 2677 1553 2722 quis
1575 2676 1613 2711 in
1637 2677 1752 2712 alieno
1776 2677 1856 2713 loco
1880 2688 1953 2713 non
1976 2677 2061 2713 data
2084 2677 2130 2712 ad
2148 2677 2218 2713 hoc
2237 2687 2358 2723 opera,
2381 2677 2445 2714 sed

1358 2722 1510 2758 fortuitu
1542 2722 1732 2765 invenerit,
1773 2721 1954 2758 dimidium
1984 2722 2126 2758 domino
2157 2722 2224 2758 soli
2256 2722 2442 2759 concessit.

1360 2771 1396 2803 et
1426 2767 1693 2810 convenienter,
1723 2767 1756 2802 si
1786 2767 1864 2812 quis
1894 2767 1933 2802 in
1958 2767 2121 2804 Caesaris
2151 2767 2231 2804 loco
2261 2767 2444 2810 invenerit,

1360 2813 1542 2848 dimidium
1566 2812 1779 2856 inventoris,
1811 2812 1994 2850 dimidium
2019 2812 2182 2848 Caesaris
2206 2822 2284 2848 esse
2307 2812 2442 2849 statuit.

1360 2858 1418 2894 cui
1444 2858 1656 2894 conveniens
1680 2861 1754 2900 est,
1786 2861 1845 2901 ut,
1878 2857 1908 2893 si
1940 2857 2020 2910 quis
2050 2857 2087 2892 in
2117 2857 2260 2924 publico
2284 2858 2365 2894 loco
2389 2857 2444 2894 vel

1359 2903 1473 2984 fislcali
1490 2903 1675 2946 invenerit,
1688 2902 1869 2938 dimidium
1887 2902 2000 2948 ipsius
2019 2903 2120 2938 esse²
2139 2929 2149 2945 ,
2169 2902 2351 2939 dimidium
2365 2902 2444 2939 fisci

1359 2959 1400 2984 ve
1437 2948 1600 2984 civitatis.

1359 2997 1402 3029 40
1495 2994 1525 3015 ²¹¹
1534 2993 1605 3029 Per
1634 2992 1863 3029 traditionem
1893 3002 2035 3038 quoque
2064 2992 2143 3028 iure
2165 2992 2321 3028 naturali
2330 2993 2362 3015 ²⁸
2383 3003 2443 3029 res

1359 3038 1462 3074 nobis
1493 3038 1746 3084 adquiruntur:
1782 3037 1870 3073 nihil
1906 3038 1999 3073 enim
2032 3041 2108 3074 tam
2143 3038 2354 3075 conveniens
2388 3042 2444 3074 est

1358 3083 1513 3119 naturali
1535 3083 1724 3128 aequitati,
1749 3093 1855 3130 quam
1877 3083 2096 3119 voluntatem
2119 3083 2269 3127 domini,
2292 3083 2443 3120 volentis

1358 3139 1433 3164 rem
1456 3138 1558 3164 suam
1579 3129 1617 3164 in
1641 3128 1749 3164 alium
1770 3127 1976 3171 transferre,
1998 3131 2115 3164 ratam
2135 3128 2271 3164 haberi.
2304 3132 2340 3164 et
2360 3128 2442 3164 ideo

1359 3173 1615 3219 cuiuscumque
1636 3173 1775 3219 generis
1798 3173 1846 3210 sit
1868 3173 2064 3219 corporalis
2078 3183 2148 3216 res,
2171 3173 2267 3209 tradi
2281 3177 2401 3219 potest
2410 3174 2443 3196 ²⁶

1359 3222 1396 3254 et
1429 3229 1452 3254 a
1485 3218 1628 3255 domino
1660 3218 1795 3255 tradita
1824 3218 2010 3255 alienatur.
2056 3217 2179 3264 itaque
2211 3218 2443 3264 stipendiaria

1360 3333 1450 3366 enim
1460 3343 1530 3365 non
1540 3333 1709 3376 permittit
1719 3333 1755 3366 B
1835 3332 1891 3375 (11)
1918 3337 1935 3373 5
1949 3339 1994 3367 32.
2007 3339 2043 3367 33
2056 3345 2096 3366 sa.-
2110 3331 2187 3366 Gai.
2201 3332 2220 3366 l.
2235 3345 2260 3366 c.
2275 3334 2368 3378 (Diy.
2381 3334 2438 3374 41,

1359 3386 1384 3419 1,
1398 3386 1415 3413 ⁹
1424 3390 1478 3422 pr.
1494 3383 1511 3418 5
1525 3381 1552 3419 1)
1623 3380 1683 3421 (12)
1707 3378 1837 3418 sit-AT,
1851 3378 1888 3410 in
1901 3377 2048 3411 alienum
2061 3377 2180 3422 BDiq.
2262 3378 2321 3420 (13)
2346 3389 2440 3411 suam

1359 3424 1543 3466 impensam
1556 3424 1594 3457 B
1718 3426 1775 3464 (14)
1799 3423 1847 3457 sie
1857 3422 1937 3464 AB,
1949 3422 2074 3455 videris
2089 3422 2126 3464 T,
2138 3422 2345 3466 intellegeris
2357 3425 2429 3468 Diy

1359 3469 1417 3511 (15)
1436 3469 1584 3509 eicAT',
1597 3466 1832 3511 picturaBT⁰
1901 3468 1960 3510 (1ο)
1980 3467 2127 3511 pal-rasis
2136 3468 2215 3502 libra·
2280 3469 2338 3511 (1¹1)
2362 3468 2438 3503 Gai.

1359 3514 1391 3554 2,
1406 3520 1442 3548 78
1565 3514 1624 3556 (18)
1649 3513 1720 3555 sed]
1732 3513 1846 3554 ΑΒΘ,
1859 3513 1918 3546 sed
1928 3512 2066 3546 omnino
2082 3512 2116 3546 T
2234 3515 2294 3555 (19)
2321 3518 2338 3554 ς
2352 3521 2386 3548 37
2401 3526 2440 3547 ex

1363 3557 1440 3593 Gai.
1455 3558 1475 3591 1.
1490 3566 1507 3592 2
1520 3571 1583 3592 rer.
1597 3565 1669 3593 coa.
1683 3559 1776 3602 (Diq.
1791 3558 1845 3599 22,
1856 3565 1881 3599 ι,
1890 3561 1942 3600 28)
2043 3558 2107 3599 (2ο)
2132 3559 2166 3590 et
2176 3558 2304 3600 equali]
2321 3559 2391 3599 ΤΘ,
2404 3560 2439 3591 st

1358 3602 1494 3647 equulei
1505 3604 1547 3645 A,
1560 3606 1594 3637 et
1605 3604 1684 3647 eqni
1698 3603 1744 3646 Β,
1756 3615 1815 3637 om.
1828 3603 1910 3648 Εἰς.
2002 3603 2061 3645 (21)
2084 3603 2134 3637 εἰσ
2143 3603 2216 3644 ΔΤ,
2229 3603 2379 3636 dominio
2391 3603 2438 3644 B,

1359 3661 1420 3683 om.
1432 3649 1513 3693 Diq.
1631 3650 1693 3690 (22)
1718 3647 1770 3681 uti
1781 3646 1894 3691 debet]
1905 3647 1979 3689 AT,
1992 3659 2050 3681 om.
2063 3647 2101 3681 B
2214 3649 2277 3691 (2³)
2299 3649 2348 3682 εἰσ
2358 3648 2437 3690 BT,

1359 3697 1447 3727 esset
1458 3694 1490 3727 A
1672 3695 1734 3735 (24)
1760 3697 1778 3733 §
1792 3700 1829 3727 40
1850 3695 1895 3727 in.
1908 3705 1948 3727 οτι·
1970 3692 2057 3727 Gaio
2077 3693 2096 3726 l.
2112 3705 2135 3726 c.
2151 3693 2215 3733 (Di
2236 3718 2244 3726 .
2257 3694 2312 3734 40,
2325 3699 2350 3734 1,
2363 3699 2392 3733 0,
2405 3697 2436 3729 ⁸)

1359 3740 1422 3782 (25)
1447 3739 1520 3774 iure
1530 3738 1691 3783 naturali]
1704 3737 1891 3773 naturalem
1908 3738 1939 3777 B
2048 3741 2110 3779 (26)
2133 3738 2185 3776 sic
2198 3707 2236 3778 ἦ
2247 3737 2358 3784 pouit
2366 3738 2437 3775 AB
