2528 3918
169 107 318 175 Lie'

217 249 301 290 212
332 250 528 288 Uzeuiws
556 250 648 287 libro
665 251 791 299 primo
823 251 868 286 do
898 251 1089 287 adulteriis
1143 251 1264 293 ‘Prae-

172 296 414 334 ‘varicatores’
446 306 509 332 eos
538 296 775 342 appellamus,
799 296 860 342 qui
884 305 1030 332 causam
1054 296 1266 332 adversariis

172 343 246 378 suis
278 341 415 378 donant
447 345 485 378 et
514 351 561 377 ex
589 341 854 408 parte-actoris
877 341 915 377 in
937 346 1078 387 partem
1101 341 1155 376 rei
1180 351 1265 376 con-

172 387 321 423 cedunt:
346 397 369 423 a
386 386 579 423 varicando
624 387 719 423 enim
736 387 1042 432 praevaricatores
1062 386 1149 421 dicti
1169 390 1263 422 sunt.

218 429 300 470 213
325 431 434 468 1021!
460 431 552 468 libro
569 433 694 480 primo
718 432 931 480 reqularum
984 432 1131 467 ‘Cedere
1162 431 1266 467 diem'

171 477 351 523 significat
388 477 548 523 incipere
587 477 710 513 deberi
746 477 952 524 pecuniam:
995 477 1127 513 ‘venire
1162 476 1266 513 diem'

171 522 351 569 significat
374 533 455 558 eum
479 522 572 558 diem
595 523 745 567 venisse,
770 533 841 569 quo
865 523 1020 569 pecunia
1043 522 1116 576 peti
1138 522 1265 567 possit.

171 567 236 604 ubi
265 578 356 614 pure
387 568 467 622 quis
499 567 693 613 stipulatus
725 568 852 613 fuerit,
892 572 929 604 et
963 571 1073 604 cessit
1103 569 1142 603 et
1170 567 1269 603 venit

172 614 268 650 dies:
300 613 364 650 ubi
391 624 431 649 in
460 613 573 656 diem,
604 613 713 649 cessit
742 614 836 657 dies,
869 614 932 650 sed
963 613 1124 649 nondum
1152 613 1266 649 venit:

172 659 234 695 ubi
266 659 334 694 sub
367 658 596 703 condicione,
629 669 674 695 ne
700 670 745 695 ue
775 659 883 694 cessit
915 669 1031 703 neque
1063 658 1159 693 venit
1191 657 1266 694 dies

175 709 189 739 1
240 703 419 750 pendente
451 704 569 739 adhuc
599 715 669 740 con
707 704 820 741 cione.
875 705 958 739 ‘Aes
994 704 1161 739 alienum’
1199 707 1266 746 est,

172 750 269 795 quod
292 760 358 785 nos
381 749 461 785 aliis
486 749 675 786 debemus:
706 753 779 785 ‘aes
811 750 926 786 suum·
959 750 1050 792 est',
1105 748 1178 785 uod
1207 748 1269 784 alii

173 799 194 831 2
242 795 345 830 nobis
369 794 511 830 debent.
548 795 654 831 ‘Lata
677 795 796 841 culpa'
821 799 876 830 est
899 794 1009 830 nimia
1032 804 1102 839 neg
1115 794 1267 840 egentia,

173 841 209 876 id
232 844 289 876 est
311 851 384 875 non
407 839 611 885 intellegere
634 840 732 886 quod
756 850 878 876 omnes
901 840 1123 885 intellegunt.

219 884 302 923 214
329 884 566 922 ΜΑιιοΙΔΝυε
595 886 687 923 libro
707 887 833 933 primo
892 885 1094 921 ublicorum
1118 884 1267 921 iudicio-

173 942 255 967 rum
303 928 461 966 ‘Munus’
492 931 639 977 proprie
669 936 742 973 est,
774 941 845 976 quo
900 930 1104 966 necessarie
1127 930 1267 966 obimus

173 977 251 1022 lege
274 986 373 1011 more
396 975 588 1022 imperiove
611 976 700 1019 eius,
725 976 786 1021 qui
809 975 956 1011 iubendi
978 976 1089 1011 habet
1107 979 1267 1022 potesta-

173 1029 257 1058 tem.
304 1021 424 1057 ‘dona’
450 1025 571 1056 autem
593 1021 739 1067 proprie
759 1024 852 1064 sunt,
877 1031 970 1066 quae
990 1021 1091 1056 nulla
1110 1021 1267 1057 necessi-

172 1072 248 1103 tate
280 1067 370 1102 iuris
403 1065 532 1102 officiis
563 1068 623 1102 et³
658 1070 787 1112 sponte
823 1070 1072 1112 praestantur:
1110 1076 1203 1111 quae
1237 1066 1269 1101 si

173 1123 246 1148 non
268 1115 515 1157 praestentur,
543 1112 645 1148 nulla
667 1111 922 1158 repraehensio
946 1115 1002 1147 est
1024 1114 1080 1155 et,
1107 1112 1140 1148 si
1162 1121 1267 1157 prae—

172 1161 325 1202 stentur,
349 1157 561 1203 plerumque
583 1157 664 1193 laus
688 1158 793 1193 inest.
829 1157 893 1193 sed
915 1157 954 1192 in
978 1166 1119 1193 summa
1140 1156 1180 1192 in
1198 1157 1268 1192 hoc

173 1207 318 1240 ventum
345 1207 417 1246 est,
450 1206 491 1238 ut
520 1213 594 1239 non
617 1202 868 1248 quodcumque
890 1213 1038 1247 munus,
1069 1202 1108 1238 id
1137 1205 1174 1239 et
1203 1202 1268 1238 do-

172 1260 257 1285 num
287 1248 503 1294 accipiatur,
538 1252 578 1283 at
612 1248 708 1294 quod
743 1248 876 1284 donum
911 1247 1032 1291 fuerit,
1070 1247 1107 1283 id
1137 1258 1267 1283 munus

171 1298 272 1331 recte
295 1294 447 1329 dicatur.

219 1337 301 1377 215
334 1338 495 1375 Patmos
527 1338 620 1375 libro
656 1338 844 1385 singulari
878 1338 929 1374 ad
967 1338 1083 1385 leqcm
1122 1338 1268 1385 Fufiam

176 1385 363 1421 Caniniam
411 1383 630 1420 ‘Potestatis’
662 1385 772 1420 verbo
801 1384 909 1429 plura
931 1383 1198 1429 significantur:
1230 1383 1270 1419 in

174 1440 330 1477 persona
352 1430 627 1475 magistratuum
650 1429 857 1476 imperium:
889 1429 928 1464 in
958 1439 1114 1475 persona
1136 1429 1268 1465 libero-

172 1487 252 1512 rum
274 1475 394 1521 patria
417 1478 597 1520 potestas:
623 1475 660 1510 in
684 1485 840 1521 persona
863 1475 957 1511 servi
981 1475 1187 1511 dominium.
1231 1477 1270 1510 at

173 1532 256 1557 cum
289 1531 312 1556 a
337 1520 346 1529 ”
385 1531 428 1556 us
458 1520 503 1556 de
526 1530 643 1556 noxae
667 1521 847 1556 deditione
872 1531 953 1556 cum
977 1530 1020 1556 eo
1069 1521 1106 1555 ui
1129 1530 1270 1556 servum

172 1577 246 1603 non
269 1566 314 1602 de
327 1566 439 1610 ¹endit,
464 1565 664 1611 praesentis
689 1577 732 1602 co
778 1565 851 1601 oris
875 1565 1018 1611 copiam
1057 1565 1268 1601 acultatem-

174 1623 244 1658 que
268 1611 523 1657 significamus.
570 1611 610 1647 in
638 1611 717 1657 lege
733 1577 863 1647 ffltinia
892 1611 930 1646 in
958 1614 1175 1656 potestatem
1205 1610 1268 1646 do-

172 1657 260 1693 mini
287 1667 363 1693 rem
391 1657 562 1693 furtivam
590 1656 732 1693 venisse
761 1656 891 1699 videri,
922 1660 960 1692 et
988 1656 1020 1692 si
1048 1656 1126 1692 eius
1155 1656 1268 1692 vindi-

173 1702 335 1739 candae⁴
372 1705 589 1748 potestatem
626 1702 812 1747 habuerit,
854 1701 1011 1738 Sabinus
1048 1705 1086 1737 et
1124 1702 1270 1738 Cassius

195 1749 285 1784 iunt.

175 1759 195 1787 a
219 1791 302 1831 216
334 1791 531 1829 Urmivvs
551 1792 643 1829 libro
666 1793 788 1845 primo
812 1792 863 1828 ad
885 1792 1000 1839 leqem
1020 1792 1161 1828 Aeliam
1182 1791 1271 1828 Sen-

174 1840 261 1876 tium
307 1838 443 1875 Verum
467 1842 524 1874 est
542 1848 634 1880 eum,
660 1848 721 1883 qui
739 1838 777 1874 in
798 1848 943 1874 carcere
963 1838 1087 1874 clusus
1107 1841 1173 1882 est,
1198 1848 1272 1873 non

174 1884 285 1921 videri
308 1894 425 1937 neque
449 1883 628 1919 ‘vinctum'
660 1893 778 1928 neque
810 1883 859 1918 ‘in
882 1883 1045 1920 vinculis’
1071 1893 1169 1928 esse,
1202 1883 1272 1919 nisi

175 1941 238 1966 cor
287 1930 318 1965 ri
341 1939 418 1965 eius
442 1929 587 1965 vincula
610 1928 683 1964 sint
706 1928 881 1965 adhibita.

219 1941 284 2013 2P1o
278 1973 302 2012 7
327 1974 375 2011 IA
384 1984 557 2010 VOLENUS
581 1974 672 2010 libro
723 1974 816 2010 rimo
840 1985 891 2010 ex
908 1974 1177 2021 posterioribus
1199 1973 1271 2009 La-

175 2021 298 2058 beonis
343 2020 443 2055 Inter
472 2019 570 2055 illam
603 2030 672 2055 con
697 2019 850 2055 icionem
881 2022 974 2055 ‘cum
1002 2019 1072 2055 fari
1102 2019 1271 2065 potuerit'

174 2071 211 2103 et
245 2069 449 2112 ‘postquam
484 2064 555 2101 fari
589 2064 758 2110 potuerit'
793 2065 946 2100 multum
980 2065 1148 2101 interest:
1187 2075 1272 2101 nam

175 2111 410 2158 posteriorem
434 2110 652 2155 scripturam
675 2110 878 2146 uberiorem
897 2120 977 2146 esse
997 2113 1152 2154 constat,
1178 2113 1272 2146 ‘cum

176 2156 259 2193 ‘fari
291 2156 463 2202 potuerit’
498 2155 668 2191 artiorem
702 2158 739 2191 et
772 2154 812 2191 id
844 2155 1092 2191 tantummodo
1128 2159 1201 2191 tem
1228 2166 1271 2191 us

179 2207 193 2238 1
243 2200 450 2247 significari,
475 2211 547 2246 quo
595 2200 725 2236 rimum
747 2199 818 2236 fari
867 2200 966 2237 ossit.
1004 2201 1096 2236 Item
1113 2200 1166 2236 ita
1211 2204 1272 2236 ata

176 2247 387 2284 condicione
422 2245 524 2282 ‘illud
574 2246 670 2282 acito
704 2246 743 2281 in
778 2245 837 2281 die
863 2246 930 2289 us',
977 2246 1009 2282 si
1043 2245 1131 2281 nihil
1165 2256 1271 2292 prae-

177 2298 276 2330 terea
297 2293 428 2329 fuisset
450 2291 641 2335 adiectum,
667 2291 705 2327 in
728 2290 838 2327 biduo
863 2291 1110 2328 condicionem
1132 2291 1273 2338 impleri

177 2351 198 2376 ο
225 2342 331 2375 ortet.

199 2351 306 2422 Ι,218
328 2383 576 2419 ΡΑΗΜΑΝυε
596 2381 688 2418 libro
709 2382 901 2419 vicensimo
918 2382 1072 2429 septimo
1091 2383 1272 2429 quaestio-

176 2441 262 2466 num
309 2429 471 2464 Verbum
503 2426 645 2463 ‘facere'
670 2437 811 2463 omnem
836 2427 980 2463 omnino
1003 2427 1162 2463 faciendi
1185 2437 1272 2464 cau-

175 2485 253 2512 sam
278 2473 529 2520 complectitur
552 2472 679 2517 dandi,
710 2472 888 2516 solvendi,
917 2473 1147 2516 numerandi,
1177 2473 1272 2509 iudi-

177 2520 295 2563 candi,
320 2518 540 2556 ambulandi.

223 2563 307 2604 219
338 2565 445 2601 IDEM
478 2563 571 2600 libro
605 2563 763 2599 secundo
794 2574 1054 2611 responsorum
1107 2563 1152 2599 In
1186 2573 1272 2599 con-

178 2610 402 2647 ventionibus
435 2609 723 2645 contrahentium
753 2608 974 2645 voluntatem
1035 2609 1130 2646 otius
1166 2619 1273 2654 quam

176 2657 287 2693 verba
317 2654 474 2701 spectari
497 2654 652 2707 placuit.
701 2665 784 2690 cum
815 2654 923 2700 igitur
953 2665 996 2690 ea
1008 2621 1098 2700 {ege
1120 2653 1273 2690 fundum

177 2702 385 2747 vectigalem
408 2700 607 2745 municipes
630 2700 845 2744 locaverint,
870 2704 912 2736 ut
934 2699 983 2735 ad
1005 2699 1172 2736 heredem
1195 2700 1273 2736 eius

177 2748 239 2793 qui
262 2745 423 2792 suscepit
471 2745 657 2788 ertineret,
686 2745 744 2781 ius
775 2745 947 2781 heredum
980 2745 1029 2781 ad
1060 2745 1273 2791 legatarium

177 2803 249 2838 quo
274 2802 320 2828 ue
343 2795 446 2827 trans
462 2791 532 2826 erri
554 2790 685 2836 potuit.

223 2836 250 2876 2
280 2836 306 2875 Ο
351 2836 639 2873 ΟΔιιιεφιιΑφυε
681 2835 773 2872 libro
813 2835 974 2872 secundo
1020 2835 1272 2882 quaestionum

178 2881 414 2919 ‘Liberorum’
449 2891 497 2928 ap
525 2880 692 2917 ellatione
719 2884 870 2927 nepotes
899 2885 937 2917 et
965 2884 1183 2926 pronepotes
1214 2891 1272 2917 ce-

176 2929 315 2974 terique
337 2926 399 2973 qui
423 2936 468 2962 ex
517 2926 526 2935 '
571 2926 795 2962 descendunt
816 2926 1064 2962 continentur:
1088 2926 1157 2963 hos
1176 2926 1273 2963 enim

177 2984 302 3010 omnes
330 2982 479 3008 suorum
507 2972 750 3023 appellatione
771 2972 832 3008 lex
855 2971 1045 3008 duodecim
1067 2971 1273 3008 tabularum

178 3017 460 3065 comprehendit.
507 3020 639 3053 totiens
674 3017 768 3053 enim
802 3017 899 3062 leges
934 3016 1177 3053 necessariam
1206 3017 1271 3053 du-

178 3066 290 3118 cunt⁶
313 3062 562 3116 cognationem
581 3062 828 3116 singulorum⁶
852 3062 1056 3115 nominibus
1075 3062 1273 3115 uti-(veluti

177 3110 666 3206 {ffdxxff‘taffissxsspsstff
687 3106 1272 3205 iffissfiffiiiqfflffeohffsflfftss

177 3200 392 3247 praestitum
414 3198 610 3240 voluerint,
639 3197 704 3234 sed
727 3198 813 3234 solis
836 3198 893 3234 his
916 3202 1148 3241 succurrent,
1181 3208 1272 3244 quos

178 3244 389 3282 nominatim
419 3246 640 3280 enumerent.
692 3246 732 3279 at
761 3243 824 3279 ubi
854 3254 929 3280 non
955 3243 1121 3290 personis
1154 3243 1272 3287 certis,

178 3301 252 3327 non
287 3289 503 3337 quibusdam
532 3288 704 3334 gradibus
734 3292 957 3335 praestatur,
999 3289 1063 3325 sed
1095 3288 1272 3333 omnibus,

178 3336 240 3382 qui
268 3346 315 3372 ex
342 3334 470 3371 eodem
498 3344 629 3380 genere
656 3333 728 3371 orti
757 3337 861 3376 sunt,
892 3334 1089 3370 liberorum
1185 3334 1272 3370 ella-

184 3386 197 3417 1
246 3381 344 3417 tione
376 3379 740 3425 comprehenduntur.
788 3378 859 3415 Sed
882 3383 920 3415 et
942 3379 1110 3425 Papirius
1165 3384 1271 3415 ronto

177 3426 271 3463 libro
303 3426 410 3462 tei-tio
441 3435 699 3471 responsorum
729 3424 783 3461 ait
812 3423 962 3469 praedio
993 3435 1076 3460 cum
1107 3424 1213 3461 vilico
1238 3428 1274 3460 et

178 3470 429 3508 contubernali
460 3470 536 3507 eius
568 3473 606 3506 et
634 3469 719 3506 filiis
746 3469 864 3515 legato
888 3473 1038 3515 nepotes
1062 3480 1205 3516 quoque
1229 3479 1273 3506 ex

179 3585 222 3627 (ι)
239 3582 516 3629 finitumi-ianae
586 3585 629 3624 (ι)
655 3583 738 3617 osF
801 3583 846 3625 (a)
871 3581 975 3617 offleii
987 3581 1094 3615 sedF
1154 3583 1198 3625 (ι)
1221 3582 1273 3616 vi-

180 3630 342 3664 dicandae
361 3631 398 3664 F
488 3632 531 3671 (s)
556 3629 684 3662 doount
703 3629 739 3662 F
830 3630 874 3669 (a)
900 3627 1123 3661 necessarium
1143 3627 1274 3662 ducunt

180 3675 418 3717 cognationum
437 3673 648 3717 singularum
669 3674 831 3708 Budaeus

182 3722 229 3761 (8)
251 3720 465 3762 concepimus
478 3721 510 3753 F'

181 3766 243 3806 (io)
267 3768 412 3799 tutorem
433 3767 495 3800 ins.
516 3765 677 3808 (similiter
696 3765 784 3807 edd.)

1254 120 1338 168 866

988 3674 1033 3714 (τ)
1057 3672 1227 3707 contineri
1246 3674 1282 3707 F
1342 3675 1402 3715 (is)
1426 3673 1510 3715 quin
1531 3673 1585 3706 Ε*

596 3722 642 3759 (9)
667 3729 742 3752 eum
761 3718 839 3760 dici,
862 3719 921 3761 qui
938 3728 1015 3752 vere
1033 3718 1069 3751 B
1092 3718 1274 3752 nkerslioek
1343 3720 1404 3761 (io)
1427 3720 1467 3751 ut
1478 3717 1579 3751 etiam
1590 3717 1630 3762 is]
1643 3717 1743 3752 otiam
1755 3730 1818 3751 scr.
1879 3718 1939 3759 (io)
1960 3726 2143 3759 nmquam
2154 3715 2228 3750 alea
2237 3715 2357 3750 luserit
2369 3716 2428 3751 inu.

921 3766 976 3807 (ιι)
1002 3763 1062 3806 qui
1085 3772 1126 3797 ns
1145 3763 1274 3797 fuerint
1341 3764 1403 3807 (ιι)
1424 3762 1556 3796 meib„

1489 30 1559 107 ἦ

2087 142 2148 175 DE
2180 144 2420 177 VERBORUM

1336 251 1417 286 filiis
1442 251 1634 294 contineri,
1659 252 1729 288 nisi
1753 256 1917 289 voluntas
1943 254 2124 289 testatoris
2149 254 2252 291 aliter
2275 255 2422 291 habeat:

1336 296 1399 331 filii
1423 296 1517 348 enim
1541 306 1586 341 ap
1614 296 1780 333 ellatIone
1803 308 1912 345 saepe
1934 303 1972 334 et
1993 302 2143 344 nepotes
2166 300 2282 346 accipi
2306 300 2425 336 multi-

1336 343 1357 376 2
1404 340 1533 376 fariam
1563 352 1586 387 p
1602 351 1717 378 acere.
1766 343 1878 379 Divus
1908 354 2050 391 quoque
2072 343 2221 381 Marcus
2243 345 2427 392 rescripsit

1336 396 1409 422 non
1431 386 1544 422 videri
1569 386 1645 422 sine
1669 387 1791 423 liberis
1812 388 2032 432 defunctum,
2057 389 2118 435 qui
2137 394 2302 437 nepotem
2321 401 2425 426 suum

1337 435 1356 466 3
1403 431 1570 467 heredem
1594 432 1749 477 reliquit.
1786 433 1935 470 Praeter
1954 434 2044 470 haec
2065 435 2185 470 omnia
2206 439 2338 471 natura
2360 447 2426 471 nos

1337 487 1480 557 guoque
1505 477 1610 513 docet
1633 481 1802 523 parentes
1825 478 1917 524 pios,
1942 480 2002 525 qui
2019 479 2213 516 liberorum
2232 491 2425 527 procrean-

1364 532 1465 558 orum
1489 522 1608 558 animo
1632 526 1669 558 et
1691 526 1775 559 voto
1798 534 1929 560 uxores
1954 525 2102 567 ducunt,
2126 525 2280 561 filiorum
2305 526 2427 573 appel·

1335 567 1470 602 latione
1495 578 1617 603 omnes
1647 568 1708 614 qui
1739 578 1782 603 ex
1812 569 1915 605 nobis
1948 570 2171 606 descendunt
2202 571 2427 606 continere‘1:

1339 622 1406 648 nec
1431 612 1524 648 enim
1548 613 1708 649 dulciore
1731 613 1874 649 nomine
1897 625 2086 660 possumus
2111 619 2259 662 nepotes
2284 619 2428 653 nostros

1337 668 1445 703 quam
1464 657 1529 693 filii
1550 658 1743 704 appellare.
1781 659 1910 694 etenim
1927 659 2060 696 idcirco
2078 659 2173 697 filios
2187 661 2325 698 filiasve
2342 671 2427 697 con-

1337 703 2430 788 iiiitffiissaffiib523³¹32¹2⁸u10191313¹13523u3ffiss322⁰3150⁶

1383 791 1462 830 221
1499 793 1556 829 ΡΛ
1564 803 1660 830 vsvs
1694 794 1786 831 libro
1819 795 1955 831 decimo
1986 806 2243 843 responsorum
2266 763 2429 833 anulus

1338 838 1527 884 respondit
1549 838 1680 874 falsum
1703 843 1860 876 tutorem
1885 851 1966 876 eum
1988 851 2072 877 vere
2094 841 2181 885 dici,
2216 842 2302 888 qui⁹
2331 846 2432 878 tutor

1337 894 1410 919 non
1439 887 1511 927 est,
1550 884 1623 920 sive
1659 885 1806 921 habenti
1819 887 1847 907 ¹⁰
1879 890 1979 922 tutor
2009 886 2116 923 datus
2149 890 2205 923 est
2234 888 2308 924 sive
2337 898 2428 923 non:

1337 929 1433 965 sicut
1460 929 1592 965 falsum
1621 933 1896 974 testamentum,
1935 932 2031 977 quod
2068 935 2322 969 testamentum
2357 943 2431 968 non

1340 979 1394 1010 est
1432 977 1468 1010 et
1489 974 1630 1011 modius
1654 975 1810 1021 iniquus,
1835 977 1897 1022 qui
1919 977 2059 1013 modius
2083 988 2156 1014 non
2179 982 2246 1014 est.

1384 1001 1468 1057 222
1499 1019 1846 1057 HERMOGENJANUS
1880 1021 1972 1058 libro
2005 1023 2163 1059 secundo
2196 1023 2289 1059 iuris
2319 1024 2430 1071 epito-

1341 1075 1482 1101 marum
1531 1065 1733 1102 ‘Pecuniae'
1758 1067 1901 1102 nomine
1924 1078 1997 1103 non
2020 1068 2136 1104 solum
2159 1072 2346 1105 numerata
2368 1079 2431 1114 pe-

1339 1111 1461 1155 cunia,
1487 1110 1550 1146 sed
1574 1121 1696 1147 omnes
1721 1122 1779 1148 res
1802 1116 1877 1147 tam
1902 1113 1969 1148 soli
1993 1123 2101 1158 quam
2123 1114 2273 1150 mobiles
2296 1117 2334 1150 et
2356 1118 2429 1149 tam

1338 1166 1494 1238 coiipora
1541 1166 1625 1191 uam
1647 1157 1728 1192 iura
1752 1158 1991 1194 continentur.

1415 1199 1467 1239 23
1535 1211 1662 1238 szvs
1694 1201 1786 1239 libro
1817 1203 1976 1240 secundo
2007 1204 2264 1240 sententiarum
2317 1203 2431 1240 Latae

1338 1248 1467 1294 culpae
1498 1246 1581 1283 finis
1610 1251 1667 1283 est
1696 1258 1769 1283 non
1801 1248 2007 1294 intellegere
2037 1249 2074 1285 id
2106 1249 2202 1295 quod
2231 1259 2354 1286 omnes
2377 1250 2431 1285 in-

1341 1296 1355 1327 1
1403 1292 1590 1347 tellegunt.
1645 1293 1814 1330 ‘Amicos'
1845 1294 2028 1348 appellare
2059 1294 2229 1347 debemus
2248 1305 2334 1337 >non
2364 1295 2431 1330 levi

1338 1340 1467 1374 notitia
1497 1341 1725 1391 coniunctos,
1756 1339 1820 1374 sed
1849 1340 1980 1420 {imbus
2010 1339 2145 1375 fuerint
2173 1340 2212 1376 in
2239 1339 2322 1378 iura
2351 1350 2433 1376 cum

1338 1386 1442 1464 pagre
1459 1382 1628 1450 ¹familias
1658 1384 1820 1420 honestis
1866 1385 2104 1421 amiliaritatis
2134 1385 2298 1431 quaesita
2319 1385 2432 1422 ratio-

1338 1440 1377 1464 m
1402 1439 1445 1464 us
1489 1456 1498 1464 .

1385 1471 1469 1512 224
1490 1473 1721 1511 Vrnvwws
1741 1474 1833 1511 libro
1853 1484 1892 1510 se
1920 1475 2005 1511 timo
2023 1475 2299 1523 stipulationum
2333 1475 2431 1512 ‘Vin-

1339 1519 1526 1556 ‘culorum’
1563 1519 1805 1566 appellatione
1838 1530 1880 1556 ve
1924 1521 2066 1566 privata
2094 1521 2149 1557 vel
2179 1521 2326 1567 publica
2355 1522 2431 1557 vin-

1340 1566 1422 1645 οιιΙιέ
1445 1564 1701 1645 1siiignificantffl,
1736 1566 1944 1602 ‘custodiae'
1976 1577 2060 1603 vero
2087 1570 2229 1602 tantum
2251 1566 2430 1613 publicam

1340 1621 1404 1647 cus
1422 1621 1442 1646 o
1483 1620 1552 1646 am.

1384 1653 1467 1693 225
1485 1655 1765 1691 Tarmomos
1782 1655 1874 1692 libro
1887 1657 2013 1704 primo
2031 1657 2317 1704 disputationum
2347 1657 2416 1692 ‘Fu

1340 1701 1492 1746 ‘gitivus'
1525 1704 1580 1737 est
1607 1711 1681 1737 non
1711 1701 1761 1743 is,
1793 1701 1855 1747 qui
1878 1701 1994 1737 solum
2018 1701 2207 1738 consilium
2230 1702 2389 1748 fugiendi
2411 1712 2432 1739 a

1341 1747 1485 1782 domino
1510 1745 1687 1792 suscepit,
1712 1746 1797 1782 licet
1820 1746 1857 1781 id
1881 1757 1920 1783 se
1943 1746 2126 1783 facturum
2147 1743 2346 1791 iactaverit,
2371 1747 2434 1784 sed

1341 1791 1443 1837 qui¹³
1480 1792 1560 1837 ipso
1599 1791 1699 1833 facto
1738 1791 1845 1837 fugae
1875 1792 2016 1828 initium
2044 1795 2164 1829 mente
2194 1791 2432 1829 deduxeritss.

1341 1847 1426 1873 nam
1457 1839 1493 1873 et
1523 1837 1640 1872 furem
1669 1836 1871 1873 adulterum
1903 1837 2098 1874 aleatorem
2129 1848 2344 1892 quamquam
2367 1838 2432 1874 ali-

1341 1892 1421 1965 33¹1}
1444 1882 1825 1973 {iiiiffiffi‘lnssosiis
1832 1883 2225 1983 Ἒέῗιῑέἐέοέἒοῗὲᾛῗ
2240 1883 2434 1975 „ffliffi

2121 1956 2132 1972 5

1341 1973 1496 2009 alienam
1532 1983 1608 2009 rem
1644 1973 1755 2009 invito
1791 1973 1934 2009 domino
1966 1974 2203 2018 subtraxerit,
2239 1985 2433 2020 numquam

1341 2019 1496 2054 alienam
1519 2022 1669 2054 matrem
1691 2018 1847 2055 familias
1870 2019 2087 2065 corruperit,
2122 2020 2152 2042 ¹⁶
2160 2020 2191 2055 si
2219 2019 2327 2056 modo
2356 2020 2434 2056 eius

1340 2064 1469 2099 mentis
1501 2064 1568 2107 sit,
1605 2067 1647 2099 ut
1681 2064 1872 2100 occasione
1903 2064 1988 2100 data
2018 2065 2055 2100 id
2088 2065 2343 2102 commissurus
2375 2065 2433 2108 sit,

1340 2113 1462 2145 tamen
1494 2112 1661 2155 oportere
1693 2109 1818 2145 eadem
1848 2110 1939 2146 haec
1963 2110 2113 2147 crimina
2135 2109 2325 2157 adsumpto
2349 2115 2434 2146 actu

1340 2154 1508 2236 intelleffi.
1557 2158 1593 2191 et
1623 2154 1705 2191 ideo
1735 2154 1923 2201 fugitivum
1949 2166 2092 2202 quoque
2116 2160 2152 2191 et
2174 2166 2339 2192 erronem
2362 2167 2434 2192 non

1341 2210 1453 2236 secun
1479 2210 1540 2236 um
1561 2200 1844 2246 propositionem
1867 2201 1992 2245 solam,
2017 2201 2081 2238 sed
2107 2211 2188 2237 cum
2209 2201 2329 2248 aliquo
2349 2206 2433 2238 actu

1341 2245 1500 2291 intellegi
1523 2249 1677 2282 constat.

1388 2288 1470 2328 226
1485 2290 1656 2345 ’Panos
1685 2291 1776 2327 libro
1794 2292 1920 2338 primo
1943 2291 2168 2328 manualium
2213 2292 2348 2339 Magna
2370 2303 2432 2328 ne-

1341 2337 1904 2419 g¹e2gi¹÷t¹302¹l¹pz²aeb523ess¹tffagii
1913 2336 2162 2422 nitati&
2172 2341 2313 2419 {ima
2331 2387 2435 2429 pane

1341 2426 1450 2463 edicti
1481 2430 1569 2462 ‘tum
1593 2437 1698 2472 quem
1722 2426 1755 2462 ei
1769 2428 1795 2448 ¹⁷
1819 2426 1986 2463 heredem
2009 2437 2089 2464 esse
2113 2438 2134 2464 o
2161 2428 2267 2464 ortet'
2290 2429 2434 2465 heredis

1345 2476 1360 2508 1
1410 2472 1604 2508 heredibus
1627 2472 1804 2508 bonorum
1827 2472 2007 2518 possessio
2032 2483 2106 2508 non
2153 2473 2300 2510 efertur.
2345 2474 2434 2509 Item

1341 2518 1380 2554 in
1391 2519 1420 2540 ¹⁸
1444 2517 1698 2554 substitutione
1715 2518 1772 2554 his
1791 2517 1909 2554 verbis
1933 2517 2106 2563 ‘quisquis
2125 2518 2212 2554 mihi
2230 2519 2335 2556 heres
2355 2519 2433 2555 erit’

1341 2563 1526 2610 proximus
1550 2563 1655 2599 lieres
1679 2567 1820 2598 tantum
1843 2562 2082 2608 significatur:
2113 2563 2221 2600 imino
2250 2575 2323 2600 non
2352 2568 2431 2600 tan-

1341 2615 1419 2645 tum
1468 2608 1630 2645 reximus*
1650 2608 1854 2662 heres-sed
1876 2609 1985 2662 etiam
2007 2609 2174 2663 scriptus.
2215 2655 2222 2663 ·

1343 2702 1352 2718 6
1381 2652 1442 2708 ,22
1492 2653 1602 2715 Jonas
1632 2653 1724 2690 libro
1743 2653 1929 2707 smyulari
1953 2654 2005 2708 de
2020 2655 2287 2707 qoqmtwmbus
2327 2654 2432 2709 .‘)Qff¹.¹'

1341 2698 1754 2781 1:ggiipsepmmtellegeiidi
1777 2701 1864 2735 sunt
1886 2702 1923 2735 et
1946 2710 2006 2744 qui
2029 2710 2066 2735 ιιι
2089 2699 2215 2736 eodem
2239 2710 2432 2747 mumcipio

1388 2787 1471 2829 229
1496 2789 1602 2826 IDEM
1624 2790 1716 2826 libro
1740 2789 1923 2837 sinqulari
1943 2789 1990 2826 de
2012 2790 2132 2827 tacitis
2147 2790 2433 2836 fideicommissis

1343 2836 1557 2872 ‘Transacta
1579 2834 1734 2871 finitave’
1758 2834 1962 2880 intellegere
1986 2835 2156 2872 debemus
2179 2845 2253 2872 non
2273 2835 2391 2872 solum
2404 2836 2434 2857 ¹⁹

1342 2881 1473 2928 quibus
1497 2880 1742 2917 controversia
1763 2880 1849 2925 fuit,
1881 2881 1945 2917 sed
1976 2880 2085 2917 etiam
2117 2891 2209 2927 quae
2238 2880 2316 2918 sine
2346 2891 2432 2917 con-

1341 2926 1516 2963 troversia
1539 2926 1611 2962 sint
1659 2935 1820 2962 essessa:

1387 2969 1470 3010 230
1499 2970 1607 3007 lom!
1651 2971 1728 3007 ibro
1759 2970 1944 3018 sinqulari
1972 2970 2024 3007 ad
2051 2975 2201 3009 senatus
2230 2971 2431 3008 consultum

1345 3017 1561 3069 Orfitiauum
1608 3020 1650 3052 ut
1664 3019 1763 3070 ‘su-nt
1790 3016 1923 3070 iudicio
1947 3016 2156 3071 terminata,
2183 3015 2433 3071 transactione

1343 3073 1423 3145 ⁰⁰3¹
1449 3061 1746 3161 itiam&
1759 3064 1944 3161 ἑίξῖξῖαᾞ
1966 3061 2431 3160 ῗὲιωὲῗωῗῗςᾟωιωη,

1344 3152 1607 3189 Tertullianum
1654 3152 1759 3197 Quod
1783 3152 1933 3188 dicimus
1958 3162 2056 3196 eum,
2089 3162 2150 3198 qm
2178 3161 2280 3188 nasci
2308 3162 2431 3198 spera-

1341 3202 1420 3242 tur,
1451 3208 1520 3244 pro
1548 3197 1743 3243 superstite
1774 3208 1873 3251 esse²
1903 3199 1992 3234 tunc
2023 3208 2146 3234 verum
2175 3200 2251 3240 est,
2283 3207 2365 3234 cum
2389 3197 2433 3233 de

1341 3243 1455 3324 ipstius
1483 3243 1562 3279 iure
1590 3244 1792 3288 quaeritur:
1827 3243 1907 3280 aliis
1935 3246 2057 3280 autem
2084 3253 2159 3280 non
2186 3241 2336 3289 prodest
2363 3242 2432 3279 nisi

1341 3299 1390 3325 na
1406 3299 1461 3325 us.

1388 3331 1471 3372 232
1499 3332 1623 3369 θυοδ
1652 3331 1744 3369 libro
1761 3332 1893 3386 primo
1923 3333 1970 3369 de
1992 3332 2181 3370 vorborum
2204 3331 2431 3379 obliqationi-

1342 3379 1408 3416 bus
1461 3378 1561 3414 Haec
1597 3377 1795 3414 enuntiatio
1834 3379 1940 3432 ‘quae
1973 3380 2059 3414 sunt
2091 3377 2205 3423 pluris
2241 3387 2432 3414 aureorum

1341 3423 1512 3505 ‘grigi-uta·
1543 3423 1651 3503 {imul
1679 3427 1715 3460 et
1743 3423 1955 3469 quantitatis
1983 3426 2021 3459 et
2042 3421 2302 3460 aestimationis
2323 3421 2432 3468 signi·

1368 3474 1486 3506 cativa
1508 3478 1547 3505 es
1567 3495 1575 3503 .

1341 3580 1478 3616 vincula
1501 3591 1577 3615 oum
1600 3584 1695 3626 patre
1716 3580 1863 3616 familias
1891 3579 2131 3614 familiaritatis
2159 3580 2309 3615 honestis
2330 3590 2431 3624 quae-

1340 3628 1406 3661 sita
1426 3627 1614 3661 rationibus
1637 3640 1698 3662 scr.
1839 3629 1898 3668 (12)
1922 3625 2104 3670 appellatio
2192 3626 2361 3670 signifieat
2380 3625 2431 3660 17¹

1704 3674 1763 3714 (u)
1788 3672 1888 3715 fugae
1906 3671 2028 3705 vitium
2046 3672 2168 3705 mentis
2187 3671 2349 3706 detexerit
2366 3683 2430 3705 scr.

1648 3764 1709 3806 (is)
1733 3763 1770 3795 in
1783 3762 1846 3797 del.
1861 3761 1915 3796 F*
2003 3762 2065 3804 (is)
2089 3761 2131 3795 de
2146 3762 2207 3796 im.
2220 3761 2294 3798 edd.
