2528 3918
156 149 532 181 OBLIGATIONIBUS

153 272 269 298 meum
293 260 430 296 videor:
459 270 532 296 non
554 258 648 295 valet
670 261 789 294 autem
812 257 1016 294 huiusmodi
1039 259 1233 304 stipulatio,

155 306 215 342 ubi
246 306 325 351 quis
356 316 431 341 rem
462 315 564 341 suam
595 304 786 350 stipulatus
817 306 882 338 est.
936 307 972 339 61
1004 307 1166 346 00113131,
1204 303 1236 339 31

155 351 293 396 quidem
316 351 368 386 ita
391 350 581 395 stipulatus
605 349 689 384 sim:
715 348 822 394 ‘quod
845 358 889 383 ex
910 359 1019 384 causa
1039 348 1234 385 condictio-

154 397 219 432 ‘nis
244 397 329 431 dare
352 396 494 431 facere¹
519 394 708 440 oportet?',
741 394 788 429 sti
814 393 1006 430 ulationem
1036 395 1171 430 valere:
1204 394 1237 430 si

154 452 236 477 vero
260 442 436 477 hominem
459 440 538 475 dari
561 438 753 484 stipulatus
793 449 891 481 uero,
916 439 1049 475 nullius
1068 439 1237 475 momenti

153 497 230 523 esse
262 487 536 532 stipulationem.
592 483 688 530 quod
718 483 750 519 si
778 487 906 529 postea
937 485 1013 520 sine
1043 495 1144 520 mora
1175 484 1235 519 de-

154 532 304 568 cessisse
358 534 555 576 roponatur
586 539 727 572 servus,
758 539 831 564 non
861 529 975 564 teneri
1005 529 1120 565 furem
1151 539 1234 564 con-

153 577 307 612 dictione
371 576 522 611 arcellus
546 576 613 610 ait:
647 574 816 620 quamdiu
845 574 938 609 enim
965 575 1063 617 vivit,
1097 573 1236 610 condici

152 623 293 668 poterit,
319 625 356 656 at
380 622 410 657 si
433 620 628 656 decessisse
651 623 884 664 proponatur,
909 620 945 655 in
965 630 1009 655 ea
1027 618 1237 655 condicione

153 671 206 703 est
243 671 283 701 ut
306 669 496 702 evanescat
519 665 695 701 condictio
719 668 866 710 propter
888 665 1167 710 stipulationem.

198 694 251 749 :30
275 711 382 747 IDEM
401 712 492 747 libro
518 711 797 756 quadragesimo
821 711 971 764 septimo
995 710 1045 745 ad
1061 709 1235 746 Sabinum

154 757 342 793 Sciendum
366 761 420 792 est
442 756 673 801 generaliter,
707 755 802 800 quod
834 766 865 791 si
889 755 966 800 quis
991 765 1029 790 se
1053 755 1237 800 scripserit

153 802 379 844 fideiussisse,
403 801 514 837 videri
539 801 657 836 omnia
680 800 898 837 sollemniter
921 804 1015 835 acta.

198 846 246 885 31
276 847 502 882 POMPONIUS
528 847 619 882 libro
644 847 808 882 vicesimo
833 849 963 891 quarto
990 844 1040 880 ad
1061 842 1234 881 Sabinum

153 893 189 928 Si
213 903 287 928 rem
310 902 424 930 meam
449 892 514 927 sub
540 891 749 927 condicione
772 890 941 935 stipuler,
973 890 1070 926 utilis
1094 892 1151 926 est
1172 889 1235 925 sti-

152 938 299 984 pulatio,
325 938 355 973 si
375 937 591 973 condicionis
610 935 793 972 existentis
810 939 971 980 tempore
988 946 1067 971 mea
1084 945 1157 971 non
1176 935 1233 971 sit.

197 981 250 1021 32
294 983 488 1019 ULPIANUS
526 982 616 1017 libro
654 981 958 1027 quadraqensz·m0
997 982 1148 1027 septimo
1188 980 1238 1015 ad

152 1028 324 1065 Sabinum
380 1027 417 1062 Si
451 1028 488 1062 in
518 1027 660 1063 nomine
697 1026 804 1070 servi,
843 1036 947 1071 quem
984 1026 1236 1071 stipularemur

152 1073 248 1116 dari,
279 1077 434 1109 erratum
462 1073 607 1116 fuisset,
639 1082 720 1108 cum
752 1071 795 1107 de
825 1081 974 1116 corpore
1006 1071 1235 1113 constitisset,

151 1119 270 1165 placet
293 1118 558 1164 stipulationem
582 1117 710 1153 valere.

197 1161 250 1202 33
275 1164 504 1199 POMPONIUS
525 1163 615 1198 libro
636 1163 826 1198 vicensimo
847 1164 972 1208 quinto
993 1162 1042 1198 ad
1061 1161 1234 1198 Sabinum

153 1209 189 1245 Si
214 1209 355 1245 Stichus
388 1212 485 1244 certo
515 1207 572 1244 die
601 1207 678 1243 dari
706 1208 902 1252 promissus
933 1211 1017 1243 ante
1045 1207 1137 1243 diem
1159 1217 1235 1242 mo-

151 1255 274 1298 riatur,
298 1265 371 1289 non
395 1256 537 1289 tenetur
559 1252 766 1298 promissor.

197 1298 250 1337 34
282 1298 474 1335 ULPJANUS
501 1299 592 1334 libro
617 1298 921 1344 quadraqensimo
946 1301 1071 1334 octavo
1096 1297 1146 1332 ad
1169 1296 1235 1332 Sa-

151 1345 272 1380 binum
325 1344 480 1379 Multum
511 1343 678 1387 interest,
717 1347 837 1378 utrum
872 1353 937 1388 ego
969 1343 1119 1389 stipuler
1149 1352 1235 1386 rem,

152 1390 253 1425 cuius
278 1389 526 1425 commercium
549 1388 682 1424 habere
705 1398 777 1423 non
800 1399 957 1433 possum,
981 1399 1028 1423 an
1052 1387 1131 1433 quis
1151 1398 1235 1432 pro-

150 1435 287 1470 mittat:
319 1435 350 1470 si
373 1434 523 1479 stipuler
544 1444 635 1478 rem,
670 1433 772 1469 cuius
802 1433 1051 1469 commercium
1075 1443 1147 1468 non
1170 1433 1235 1468 ha-

150 1481 236 1524 be0,
259 1480 419 1515 inutilem
443 1489 521 1516 esse
544 1478 809 1524 stipulationem
857 1479 969 1515 lacet:
996 1479 1027 1515 si
1050 1479 1128 1533 quis
1152 1489 1235 1523 pro-

149 1526 317 1606 1111113111,ὶ11
318 1525 420 1579 cuius
444 1535 516 1562 non
542 1524 816 1560 001111116101111112
832 1490 964 1569 quibet,
996 1524 1065 1570 ipsi
1095 1534 1235 1568 nocere,

150 1581 223 1606 non
318 1582 342 1606 1.

197 1613 249 1653 35
274 1615 330 1651 ΡΑ
339 1625 433 1651 vsvs
459 1615 551 1652 libro
575 1615 785 1651 duodecimo
816 1615 866 1651 ad
888 1614 1062 1651 Sabinum
1110 1615 1147 1650 Si
1172 1615 1234 1650 sti-

150 1661 265 1708 pulor,
290 1665 330 1696 ut
353 1661 389 1696 id
412 1660 487 1705 fiat,
513 1661 608 1705 quod
630 1664 760 1696 natura
776 1660 855 1696 fieri
873 1671 945 1696 non
965 1660 1139 1704 concedit,
1164 1671 1236 1695 non

151 1707 264 1752 magis
289 1706 360 1742 obli
383 1706 455 1742 atio
479 1706 659 1750 consistit,
692 1716 798 1751 quam
829 1716 910 1741 cum
933 1705 1086 1751 stipulor
1110 1708 1151 1740 ut
1174 1705 1235 1740 de-

151 1756 209 1787 tur
232 1751 328 1796 quod
377 1751 429 1786 ari
453 1762 525 1787 non
549 1754 686 1796 potest:
717 1751 786 1786 nisi
808 1761 874 1796 per
897 1761 1002 1831 3116111
1026 1751 1140 1793 316111,
1165 1760 1235 1795 quo

155 1801 167 1832 1
217 1797 335 1832 minus
359 1796 478 1832 facere
501 1796 539 1831 id
559 1796 683 1841 possit.
719 1796 808 1832 Item
826 1807 895 1841 quo
940 1796 1035 1841 leges
1055 1795 1132 1831 fieri
1149 1806 1234 1841 pro-

151 1842 290 1885 hibent,
315 1842 346 1877 si
368 1845 578 1887 perpetuam
602 1851 748 1877 causam
772 1845 995 1877 servaturum
1019 1844 1091 1884 est,
1117 1844 1235 1876 cessat

151 1888 331 1933 obligatio,
355 1887 464 1922 veluti
488 1887 518 1922 si
541 1897 699 1922 sororem
722 1890 915 1932 nupturam
938 1886 1007 1922 sibi
1026 1886 1153 1931 aliquis
1172 1886 1236 1922 sti-

151 1933 311 1978 puletur:
347 1942 561 1977 quamquam
589 1932 728 1968 etiamsi
753 1943 826 1967 non
850 1932 896 1967 sit
919 1935 1092 1985 perpetua
1116 1941 1236 1975 causa,

151 1982 192 2013 ut
214 1977 386 2014 reccidit³
409 1977 447 2012 in
470 1987 592 2013 sorore
615 1976 800 2022 adoptiva,
832 1976 927 2013 idem
959 1976 1148 2012 dicendum
1179 1977 1236 2020 sit,

152 2027 170 2057 2
219 2023 303 2068 quia
326 2023 447 2058 statim
471 2026 598 2058 contra
621 2032 738 2059 mores
762 2022 818 2058 sit.
855 2022 893 2057 Si
915 2022 954 2057 in
976 2021 1128 2058 locando
1150 2032 1235 2057 con-

152 2068 331 2112 ducendo,
362 2068 546 2104 vendendo
578 2067 727 2104 emendo
751 2067 798 2103 ad
820 2067 1133 2112 interrogationem
1157 2067 1236 2112 quis

151 2124 223 2149 non
252 2113 492 2159 responderit,
523 2113 554 2149 si
585 2116 705 2149 tamen
736 2113 958 2149 consentitur
987 2112 1025 2147 in
1054 2112 1108 2156 id,
1142 2112 1237 2157 quod

151 2159 384 2205 163110113111114
409 2163 479 2202 631,
503 2159 598 2194 valet
621 2158 718 2203 quod
741 2162 862 2193 actum
885 2161 957 2200 est,
983 2157 1066 2203 quia
1089 2157 1126 2192 hi
1150 2168 1236 2193 con-

151 2207 289 2240 tractus
313 2215 385 2239 non
408 2207 481 2239 tam
504 2203 621 2239 verbis
645 2213 752 2249 quam
772 2213 949 2239 consensu
967 2202 1234 2239 confirmantur.

197 2247 251 2287 36
282 2248 476 2285 ΠιΡιᾼΝυε
503 2249 594 2285 libro
645 2248 923 2295 uadraqensimo
946 2251 1072 2284 octavo
1096 2248 1147 2283 ad
1168 2247 1235 2284 Sa-

152 2295 272 2331 binum
319 2294 356 2329 Si
380 2294 470 2339 quis,
497 2305 578 2330 cum
601 2259 704 2330 aliter
728 2304 808 2329 eum
832 2293 1056 2330 convenisset
1066 2293 1235 2339 obligari,

152 2339 255 2375 aliter
278 2350 343 2385 per
365 2339 664 2375 machinationem
691 2339 869 2384 obligatus
894 2342 964 2382 est,
996 2338 1065 2374 erit
1095 2338 1237 2384 quidem

151 2385 372 2431 suptilitate-‘²
394 2385 483 2420 iuris
508 2384 720 2428 obstrictus,
752 2384 816 2420 sed
847 2384 920 2420 doli
951 2383 1161 2429 exceptione
1184 2384 1238 2419 uti

151 2433 287 2476 potest:
314 2430 397 2475 quia
421 2430 514 2465 enim
535 2440 601 2475 per
623 2429 743 2465 dolum
767 2429 944 2475 obligatus
969 2432 1042 2473 est,
1068 2429 1238 2474 competit

153 2476 185 2511 ei
207 2475 381 2521 exceptio.
428 2475 521 2511 idem
550 2478 605 2511 est
634 2478 671 2511 et
701 2475 733 2511 si
763 2475 883 2511 nullus
908 2474 1011 2510 dolus
1034 2474 1238 2511 intercessit

153 2520 372 2573 stipulantis,
411 2520 475 2557 sed
501 2521 582 2566 ipsa
611 2530 670 2556 res
700 2520 739 2556 in
767 2530 806 2556 se
835 2520 957 2556 dolum
986 2519 1115 2555 habet:
1156 2531 1237 2555 cum

152 2576 245 2646 ssmrn
276 2566 370 2646 quis(l
379 2568 479 2619 petat
502 2576 547 2602 ex
570 2575 614 2601 ea
637 2565 884 2611 stipulatione,
915 2565 985 2601 hoc
1017 2565 1121 2610 11130Β
1154 2565 1236 2601 dolo

168 2614 250 2694 Ἓξ(
275 2614 545 2692 Ἑουιὲἓῦῧῦνο
569 2655 779 2692 duodecimo
804 2655 855 2691 ad
876 2654 1051 2692 Sabinum
1098 2654 1137 2690 Si
1161 2665 1237 2691 cer-

153 2705 208 2737 tos
232 2711 413 2744 nummos,
471 2704 534 2736 uta
565 2701 625 2746 qui
655 2700 693 2735 in
716 2711 804 2736 arca
826 2700 916 2744 sint,
947 2699 1139 2746 stipulatus
1171 2701 1238 2736 sim

154 2751 189 2827 3¹²
198 2747 257 2827 bhi
287 2746 363 2781 sine
395 2756 439 2781 cu
454 2756 502 2791 pa
532 2745 758 2791 promissoris
787 2746 974 2792 perierint,
1013 2745 1103 2781 nihil
1133 2746 1237 2781 nobis

177 2801 197 2827 e
223 2794 313 2827 etur.

199 2833 277 2875 38'1
308 2835 503 2872 ULPIANUS
529 2835 620 2871 libro
668 2835 948 2882 uadraqensimo
972 2847 1067 2872 nono
1098 2836 1148 2872 ad
1169 2835 1237 2872 Sa-

155 2883 274 2919 binum
321 2881 511 2926 Stipulatio
535 2880 622 2917 ista:
649 2884 658 2899 ‘
686 2881 794 2917 abere
816 2881 925 2917 licere
948 2881 1103 2927 spondes
1112 2882 1140 2917 ‘?’
1167 2882 1237 2918 hoc

155 2927 328 2970 continet,
361 2929 403 2961 ut
431 2925 539 2961 liceat
563 2925 715 2969 habere,
746 2936 813 2962 nec
836 2936 903 2971 per
926 2936 1138 2972 quemquam
1162 2937 1236 2962 om-

155 2972 237 3008 nino
261 2971 353 3015 fieri,
379 2981 448 3016 quo
471 2970 588 3006 minus
611 2971 714 3006 nobis
737 2971 873 3007 habere
895 2971 1012 3007 liceat.
1085 2982 1154 3007 uae
1177 2982 1236 3008 res

155 3017 252 3061 facit,
276 3020 317 3052 ut
334 3016 496 3052 videatur
513 3026 597 3051 reus
614 3016 819 3061 promisisse
837 3026 903 3062 per
922 3027 1045 3053 omnes
1082 3020 1235 3062 uturum,

155 3066 195 3097 ut
218 3062 283 3098 tibi
306 3062 440 3097 habere
464 3061 589 3097 liceat:
619 3060 759 3097 videtur
786 3061 895 3106 igitur
923 3062 1077 3098 alienum
1102 3062 1237 3098 factum

154 3107 370 3153 promisisse,
395 3117 497 3142 nemo
521 3109 641 3141 autem
665 3106 819 3143 alienum
841 3106 976 3142 factum
995 3107 1236 3154 promittendo

155 3152 349 3198 obligatur,
385 3155 420 3187 et
450 3152 502 3187 ita
532 3151 676 3187 utimur.
727 3151 791 3187 sed
821 3162 860 3188 se
891 3152 1041 3198 obligat,
1081 3163 1127 3189 ne
1159 3153 1238 3198 ipse

154 3198 275 3241 faciat,
300 3207 369 3243 quo
394 3197 510 3232 minus
537 3197 670 3232 habere
692 3195 817 3232 liceat:
848 3196 1027 3242 obligatur
1050 3198 1168 3240 etiam,
1192 3208 1238 3233 ne

154 3243 258 3279 heres
294 3252 381 3278 suus
418 3242 529 3278 faciat
562 3241 617 3277 vel
647 3241 727 3286 quis
758 3244 958 3278 ceterorum
988 3253 1238 3279 successorum

159 3291 173 3322 1
223 3287 372 3329 efficiat,
405 3298 450 3323 ne
480 3287 614 3322 habere
637 3286 753 3322 liceat.
800 3286 871 3322 Sed
894 3287 925 3323 si
949 3288 1029 3333 quis
1077 3288 1238 3323 romittat

155 3343 220 3378 per
243 3332 349 3367 alium
373 3343 445 3367 non
469 3332 555 3376 fieri,
579 3335 723 3377 praeter
741 3331 908 3367 heredem
926 3342 1028 3369 suum
1072 3332 1237 3368 icendum

156 3381 176 3412 2
223 3381 278 3413 est
300 3377 470 3412 inutiliter
493 3387 573 3412 eum
623 3377 804 3412 romittere
827 3375 961 3412 factum
984 3377 1151 3414 alienum.
1187 3379 1238 3413 At

156 3423 186 3458 si
209 3422 288 3468 quis
310 3422 395 3458 velit
417 3421 553 3458 factum
575 3432 597 3457 a
614 3422 730 3458 'enum
751 3421 975 3467 promittere,
1032 3433 1158 3458 oenam
1181 3423 1238 3458 vel

156 3467 280 3513 quanti
310 3477 354 3503 ea
383 3477 441 3503 res
473 3468 519 3503 sit
546 3470 667 3513 potest
695 3467 913 3512 promittere.
966 3477 1005 3503 se
1061 3471 1236 3513 quatenus

155 3513 288 3548 habere
307 3512 416 3548 licere
433 3512 634 3548 videbitur?
657 3512 688 3548 si
703 3522 807 3548 nemo
824 3513 1099 3549 controversiam
1115 3512 1238 3555 faciat,

156 3557 225 3594 hoc
249 3560 305 3594 est
326 3567 442 3602 neque
463 3557 542 3602 ipse
571 3567 672 3601 reus,
703 3566 820 3603 neque
849 3556 998 3594 heredes
1029 3558 1106 3594 eius
1134 3558 1237 3594 here-

157 3671 198 3713 (1)
222 3671 255 3703 te
268 3671 328 3704 ins.

157 3716 201 3757 (4)
226 3725 294 3748 non
315 3716 375 3748 ins.

157 3761 201 3803 (6)
225 3761 272 3794 sic
285 3759 322 3802 S,
341 3759 412 3803 ipse
429 3760 464 3793 F

405 3672 447 3711 (2)
472 3670 705 3704 commercium
717 3680 786 3703 non
799 3668 874 3704 de'tt.
951 3671 997 3712 (3)
1020 3671 1143 3704 accidit
1154 3671 1237 3704 Hal.

567 3760 612 3802 (Ἰ)
636 3761 684 3795 ad
702 3765 718 3801 5
732 3768 764 3795 17
776 3773 845 3805 neq.
866 3762 908 3806 qfi
922 3760 1005 3795 lust.
1017 3762 1051 3805 3,
1069 3768 1116 3805 1⁹,
1132 3768 1179 3797 1⁹·
1199 3767 1238 3796 20

1221 131 1305 179 723

528 3716 572 3757 (5)
595 3716 644 3749 sie
661 3715 991 3758 Pommerqsbldensis,
1011 3715 1193 3760 suptilitati
1208 3715 1244 3748 F

2118 140 2331 185 XXXXV
2365 146 2381 184 1

1304 260 1324 294 3
1372 256 1500 293 dumve
1521 267 1758 294 successores.
1803 259 1841 295 Si
1860 261 1938 305 quis
1959 260 2051 297 forte
2070 273 2142 298 non
2163 262 2207 298 de
2225 264 2387 309 proprier

1303 306 1390 346 tate,
1416 302 1481 338 sed
1505 302 1549 338 de
1576 303 1802 348 possessione
1833 306 1929 341 nuda
1960 308 2232 343 controversiam
2263 309 2387 344 fecerit

1303 348 1358 400 vel
1389 347 1433 383 de
1463 359 1531 384 usu
1561 347 1683 383 fructu
1713 348 1767 383 vel
1800 349 1843 385 de
1874 362 1941 386 usu
1973 352 2026 386 vel
2057 352 2100 388 de
2123 363 2192 397 quo
2217 353 2286 389 alio
2310 355 2386 390 iure

1304 403 1391 436 eius,
1417 393 1513 438 quod
1537 393 1748 429 distractum
1773 398 1836 438 est,
1860 396 1978 440 palam
2004 401 2057 432 est
2081 398 2251 433 committi
2272 399 2385 444 stipu-

1303 438 1491 474 lationem:
1523 438 1658 474 habere
1688 439 1779 473 enim
1804 450 1875 474 non
1898 441 1979 475 licet
2003 442 2051 484 ei,
2084 443 2142 477 cui
2165 443 2299 488 aliquid
2321 444 2386 479 mi-

1305 487 1324 518 4
1372 484 1495 519 nuitur
1512 494 1556 519 ex
1574 484 1650 518 iure
1671 484 1766 528 quod
1785 484 1920 519 habuit.
1957 485 2162 529 Quaesitum
2179 492 2243 531 est,
2268 492 2386 524 utrum

1303 528 1484 573 propriam
1508 528 1650 564 demum
1673 539 1747 564 rem
1771 539 1817 563 an
1841 533 1877 564 et
1900 530 2051 565 alienam
2076 533 2279 576 promittere
2303 545 2384 578 pos-

1304 573 1376 609 sit⁸
1398 574 1531 610 habere
1554 574 1672 610 licere.
1721 577 1757 608 et
1780 575 1891 618 magis
1916 579 1989 617 est,
2019 580 2060 611 ut
2083 581 2118 611 et
2140 578 2280 613 aliena⁹
2303 589 2386 623 pro-

1303 618 1395 653 mitti
1414 619 1547 664 possit:
1572 629 1663 664 quae
1681 628 1739 654 res
1756 619 1809 653 ita
1828 619 1992 654 effectum
2011 621 2166 665 habebit,
2191 623 2221 657 si
2240 624 2387 668 propria

1305 674 1383 699 esse
1415 664 1641 708 promissoris
1674 664 1842 709 coeperit.
1897 675 2004 708 quare
2044 667 2073 701 si
2111 669 2388 711 perseveraverit

1304 708 1440 753 aliena,
1479 709 1669 745 dicendum
1703 710 1772 745 erit
1807 709 2070 754 stipulationem
2101 722 2173 747 non
2205 713 2386 755 committi,

1303 754 1373 789 nisi
1401 764 1518 799 poena
1548 755 1689 790 adiecta
1718 755 1783 797 sit,
1817 765 1897 790 cum
1928 765 2042 799 neque
2071 767 2134 800 per
2165 767 2243 791 eum
2274 768 2388 802 neque

1306 802 1325 833 5
1372 810 1438 844 per
1461 810 1704 836 successorem
1729 799 1805 835 eius
1829 800 2016 845 quicquam
2040 800 2175 836 factum
2196 803 2252 837 sit.
2289 803 2388 838 Sicut

1305 847 1424 879 autem
1449 855 1492 880 ex
1515 849 1617 890 parte
1640 846 1692 880 rei
1716 854 1941 880 successores
1965 845 2041 880 eius
2066 856 2145 881 cum
2168 847 2245 891 ipso
2266 851 2387 882 tenen-

1305 893 1378 933 tur,
1411 890 1462 924 ita
1493 890 1599 925 etiam
1623 901 1667 926 ex
1691 894 1794 935 parte
1817 890 1948 925 actoris
1965 892 1992 911 ¹⁰
2023 892 2252 927 committitur
2275 893 2387 937 stipu-

1304 933 1390 970 latio
1420 935 1489 980 ipsi
1521 935 1724 980 stipulatori
1753 935 1970 987 ceterisque,
2004 935 2213 981 quicumque
2244 938 2276 972 ei
2306 948 2386 972 suc-

1306 979 1454 1023 cedunt,
1491 981 1629 1016 scilicet
1663 981 1692 1016 si
1724 991 1800 1016 rem
1830 980 1938 1025 11131Η
1974 980 2105 1015 11311616
2137 992 2208 1017 11011
2238 982 2386 1018 licuerit.

1305 1029 1461 1061 ceterum
1492 1025 1523 1061 si
1553 1026 1614 1061 alii
1644 1026 1778 1061 habere
1809 1036 1880 1061 non
1911 1024 2028 1069 licuit,
2059 1029 2155 1061 certo
2181 1027 2311 1063 certius
2336 1031 2389 1062 est

1307 1081 1379 1106 non
1404 1071 1579 1106 committi
1602 1071 1878 1116 stipulationem,
1902 1074 1939 1106 et
1962 1070 2047 1105 nihil
2069 1071 2240 1114 intererit,
2270 1076 2388 1107 utrum

1304 1116 1355 1150 ita
1387 1115 1537 1161 stipuler
1569 1116 1713 1152 ‘habere
1744 1116 1861 1151 licere’
1895 1126 1942 1150 an
1973 1115 2069 1150 ‘mihi
2099 1116 2229 1151 habere
2259 1117 2388 1152 licere'.

1307 1164 1326 1196 6
1373 1161 1438 1206 Hi,
1471 1162 1533 1206 qui
1556 1166 1639 1197 sunt
1663 1162 1700 1196 in
1725 1161 1841 1196 aliena
1865 1164 2059 1206 potestate,
2084 1160 2157 1205 his,
2181 1161 2218 1196 in
2242 1172 2388 1206 quorum

1305 1210 1390 1242 sunt
1417 1210 1616 1252 potestate,
1655 1207 1788 1242 habere
1826 1206 1934 1242 licere
1973 1206 2138 1251 stipulari
2168 1211 2320 1251 possunt
2348 1217 2390 1242 ea

1304 1252 1452 1296 ratione,
1477 1263 1547 1298 qua
1571 1255 1691 1287 cetera
1711 1262 1851 1297 quoque
1871 1251 1926 1286 his
1945 1255 2097 1296 possunt
2116 1251 2288 1297 stipulari.
2326 1252 2388 1287 sed

1307 1298 1338 1332 si
1362 1307 1484 1333 servus
1513 1298 1623 1333 fuerit
1652 1297 1845 1342 stipulatus
1877 1296 1945 1332 sibi
1973 1297 2106 1332 habere
2121 1297 2159 1340 ¹²,
2192 1297 2389 1341 quaesitum

1305 1346 1375 1386 est,
1413 1353 1459 1378 an
1494 1346 1592 1379 recte
1629 1342 1822 1388 stipulatus
1857 1341 2029 1378 videatur.
2083 1345 2119 1376 et
2150 1342 2201 1376 ait
2230 1342 2389 1377 Iulianus

1305 1388 1396 1423 libro
1421 1387 1737 1433 quinquagensimo
1761 1387 1919 1423 secundo
1944 1386 2179 1431 digestorum,
2212 1387 2241 1422 si
2267 1397 2388 1423 servus

1305 1433 1496 1478 stipuletur
1519 1433 1587 1469 sibi
1610 1433 1743 1469 habere
1762 1433 1870 1468 licere
1890 1435 1954 1467 aut
1972 1442 2037 1477 per
2057 1442 2095 1468 se
2115 1442 2187 1467 non
2206 1432 2295 1475 fieri,
2319 1443 2388 1477 quo

1304 1479 1420 1514 minus
1444 1479 1577 1515 habere
1601 1479 1806 1524 stipulatori
1824 1478 1940 1520 liceat,
1965 1477 2168 1523 promittat:
2193 1477 2386 1523 stipulatio,

1304 1524 1439 1569 inquit,
1471 1535 1544 1560 non
1573 1524 1823 1567 committitur,
1853 1523 2011 1568 quamvis
2041 1522 2174 1558 auferri
2204 1532 2260 1558 res
2292 1523 2326 1558 ei
2355 1526 2391 1558 et

1304 1569 1381 1614 ipse
1395 1570 1422 1591 ¹³
1445 1569 1586 1605 auferre
1610 1569 1758 1605 eandem
1780 1569 1912 1615 possit:
1936 1579 2009 1603 non
2032 1568 2125 1603 enim
2148 1568 2302 1609 factum,
2327 1568 2390 1604 sed

1303 1615 1360 1649 ius
1383 1614 1422 1649 in
1444 1614 1513 1650 hac
1537 1615 1769 1660 stipulatione
1791 1614 1952 1650 vertitur.
1988 1624 2068 1649 cum
2092 1623 2174 1648 vero
2199 1613 2391 1658 stipulatur

1331 1669 1368 1694 er
1390 1660 1642 1704 promissorem
1666 1671 1739 1695 non
1760 1659 1855 1701 fieri,
1885 1669 1955 1704 quo
1979 1659 2094 1693 minus
2119 1658 2187 1693 sibi
2210 1659 2262 1694 ire
2285 1668 2390 1703 agere

1304 1670 1430 1747 liceat,
1455 1716 1528 1741 non
1550 1705 1608 1741 ius
1631 1705 1882 1750 stipulationis,
1906 1704 2039 1757 inquit,
2069 1703 2132 1739 sed
2154 1703 2289 1739 factum
2311 1713 2388 1738 ver-

1305 1754 1416 1785 satur.
1465 1751 1529 1786 sed
1552 1750 1693 1786 videtur
1715 1750 1818 1793 mihi,
1850 1749 1933 1785 licet
1962 1749 2048 1785 iuris
2081 1749 2188 1784 verba
2212 1748 2391 1784 contineat

1306 1795 1395 1830 haec
1419 1795 1602 1840 stipulatio
1629 1796 1773 1831 ‘habere
1797 1795 1927 1839 licere’,
1960 1798 2079 1830 tamen
2110 1794 2162 1829 sic
2194 1804 2270 1830 esse
2295 1793 2390 1828 acci-

1305 1840 1522 1885 piendam¹⁴,
1555 1845 1595 1875 ut
1624 1841 1662 1876 in
1693 1850 1794 1876 servo
1825 1843 1862 1876 et
1889 1840 1927 1875 in
1953 1839 2027 1875 filio
2051 1839 2204 1875 familias
2227 1838 2391 1873 videatur

1306 1889 1424 1920 actum
1455 1896 1534 1922 esse
1566 1886 1610 1921 de
1641 1886 1868 1931 possessione
1899 1884 2083 1920 retinenda
2108 1891 2170 1919 aut
2193 1894 2265 1919 non
2288 1883 2387 1918 aufe-

1307 1934 1324 1965 7
1372 1931 1486 1966 1611113
1517 1934 1553 1967 61
1581 1932 1673 1966 vires
1704 1931 1837 1966 habeat
1867 1930 2062 1975 stipulatio.
2117 1929 2217 1964 Haec
2250 1939 2390 1974 quoque

1306 1975 1508 2021 stipulatio:
1535 1976 1730 2021 ‘possidere
1752 1976 1839 2011 mihi
1862 1976 1968 2011 licere
1989 1974 2142 2020 spondes
2151 1974 2179 2010 ’θ’
2203 1974 2299 2010 1111113
2318 1977 2389 2010 est:

1306 2031 1412 2066 quam
1436 2021 1703 2066 stipulationem
1725 2032 1849 2057 servus
1874 2031 1920 2056 an
1944 2020 2059 2065 possit
2081 2019 2215 2055 utiliter
2233 2019 2270 2054 in
2288 2029 2391 2055 suam

1304 2077 1495 2111 personam
1527 2067 1735 2112 concipere,
1766 2066 1959 2102 videamus.
2012 2065 2074 2100 sed
2106 2064 2263 2110 quamvis
2299 2064 2392 2101 civili

1304 2112 1381 2147 iure
1411 2122 1534 2148 servus
1565 2123 1638 2148 non
1695 2111 1870 2155 ossideat,
1902 2114 2022 2146 tamen
2054 2110 2100 2145 ad
2130 2109 2391 2155 possessionem

1305 2157 1505 2192 naturalem
1528 2157 1597 2193 hoc
1619 2168 1659 2192 re
1672 2157 1847 2192 'erendum
1870 2160 1944 2200 est,
1975 2159 2011 2191 et
2033 2155 2112 2191 ideo
2138 2154 2295 2190 dubitari
2318 2164 2391 2189 non

1306 2205 1325 2237 8
1374 2206 1527 2247 oportet,
1553 2203 1639 2247 quin
1656 2206 1693 2238 et
1712 2212 1835 2238 servus
1855 2205 1953 2237 recte
1972 2201 2023 2236 ita
2042 2200 2242 2245 stipuletur.
2279 2199 2390 2234 Plane

1305 2247 1336 2283 si
1368 2250 1500 2283 ‘tenere
1531 2248 1599 2283 sibi
1629 2248 1748 2283 licere'
1781 2247 1973 2292 stipulatus
2009 2246 2055 2281 sit
2085 2255 2232 2288 servus,
2270 2244 2390 2280 utilem

1305 2303 1383 2328 esse
1421 2293 1689 2338 stipulationem
1728 2293 1909 2328 convenit:
1952 2292 2036 2327 licet
2074 2291 2166 2326 enim
2209 2289 2391 2336 possidere

1306 2338 1454 2374 civiliter
1477 2349 1551 2374 non
1601 2339 1724 2381 ossint,
1748 2341 1870 2374 tenere
1892 2341 2012 2373 tamen
2033 2346 2093 2372 eos
2113 2346 2216 2371 nemo
2238 2335 2388 2370 dubitat.

1306 2387 1326 2417 9
1374 2383 1538 2419 ‘Habere'
1587 2383 1751 2428 upliciter
1775 2383 1968 2428 accipitur:
1993 2391 2075 2417 nam
2100 2385 2136 2416 et
2157 2391 2236 2416 eum
2257 2380 2390 2415 habere

1306 2429 1474 2471 dicimus,
1506 2429 1567 2474 qui
1596 2429 1648 2464 rei
1680 2428 1843 2465 dominus
1867 2431 1923 2464 est
1946 2432 1982 2463 et
2006 2437 2103 2469 eum,
2137 2426 2197 2470 qui
2228 2425 2390 2460 dominus

1307 2473 1447 2519 quidem
1471 2485 1544 2510 non
1566 2478 1632 2518 est,
1656 2474 1722 2509 sed
1739 2477 1855 2509 tenet:
1881 2473 2033 2517 denique
2051 2472 2185 2507 habere
2203 2480 2278 2505 rem
2295 2469 2390 2515 apud

1310 2523 1349 2554 10
1397 2530 1462 2554 nos
1487 2519 1685 2565 depositam
1708 2519 1863 2555 solemus
1893 2518 2022 2553 dicere.
2071 2517 2108 2552 Si
2137 2516 2214 2561 quis
2243 2515 2294 2550 ita
2327 2515 2389 2550 sti-

1305 2565 1450 2610 pulatus
1474 2564 1583 2600 fuerit
1608 2565 1673 2599 ‘uti
1696 2564 1768 2599 frui
1792 2563 1861 2599 sibi
1883 2563 2014 2605 licere’,
2049 2561 2095 2597 ad
2125 2560 2290 2596 heredem
2319 2560 2391 2595 ista

1309 2613 1346 2644 11
1396 2610 1580 2654 stipulatio
1604 2620 1677 2646 11011
1700 2609 1867 2654 pertinet.
1914 2608 1983 2643 Sed
2009 2611 2044 2642 et
2067 2607 2097 2642 si
2120 2617 2192 2641 non
2215 2604 2391 2641 addiderit

1307 2655 1410 2698 ‘sibi',
1441 2666 1515 2690 non
1543 2658 1631 2701 puto
1661 2655 1925 2700 stipulationem
1957 2653 2001 2688 de
2023 2663 2091 2688 usu
2113 2651 2234 2686 fructu
2258 2650 2304 2703 311
2327 2650 2388 2701 he-

1310 2703 1348 2735 12
1396 2700 1517 2736 redem
1540 2700 1710 2742 transire,
1737 2709 1850 2744 eoque
1873 2699 1950 2734 iure
1973 2698 2117 2733 utimur.
2165 2696 2236 2732 Sed
2258 2706 2288 2731 31
2334 2705 2389 2730 uls

1306 2746 1360 2781 uti
1380 2745 1451 2781 frui
1470 2746 1577 2781 licere
1599 2745 1669 2781 sibi
1687 2745 1880 2789 heredique
1899 2753 1964 2779 suo
1982 2742 2173 2788 stipulatus
2192 2741 2247 2784 sit,
2271 2740 2303 2776 vi
2330 2750 2389 2775 ea-

1306 2801 1403 2835 mus,
1433 2801 1481 2826 an
1511 2790 1615 2826 heres
1647 2800 1692 2826 ex
1714 2789 1887 2835 stipulatu
1910 2798 2014 2833 agere
2038 2787 2162 2833 possit.
2210 2789 2246 2821 et
2269 2789 2389 2830 putem

1306 2846 1430 2882 posse,
1454 2836 1539 2871 licet
1563 2836 1691 2871 diversi
1715 2835 1787 2870 sint
1810 2834 1968 2869 fructus:
1993 2843 2075 2868 nam
2099 2835 2134 2866 et
2157 2831 2188 2867 si
2210 2831 2262 2866 ire
2286 2839 2389 2882 agere

1306 2881 1498 2927 stipuletur
1521 2881 1589 2916 sibi
1612 2880 1804 2924 heredique
1828 2889 1894 2915 suo
1917 2878 2043 2921 licere,
2068 2876 2160 2912 idem
2184 2875 2388 2927 probaveri-

1308 2929 1348 2962 13
1396 2937 1483 2962 mus.
1524 2926 1562 2962 Si
1586 2926 1663 2971 quis
1688 2925 1810 2960 dolum
1832 2924 1965 2959 malum
1983 2921 2210 2968 promissoris
2230 2919 2386 2955 116161113-

1306 2982 1374 3017 11116
1397 2972 1474 3007 61113
1499 2972 1626 3007 abesse
1649 2970 1751 3012 velit,
1785 2968 1950 3006 sufficere
1978 2968 2113 3003 ‘abesse
2136 2965 2316 3001 afuturum
2342 2973 2387 3015 ue

1306 3017 1406 3053 ‘esse’
1432 3016 1612 3061 stipulari:
1638 3016 1668 3050 si
1691 3025 1774 3051 vero
1798 3014 1842 3050 de
1864 3013 2021 3059 plurium
2045 3012 2125 3048 dolo
2150 3019 2273 3045 cavere
2293 3019 2334 3044 ve
2347 3011 2385 3050 it,

1305 3062 1547 3098 necessarium
1586 3070 1666 3097 esse
1702 3059 1815 3095 adici:
1856 3059 1926 3094 ‘cui
1956 3058 2009 3093 rei
2038 3057 2140 3092 dolus
2171 3054 2284 3089 malus
2315 3063 2387 3087 non

1306 3108 1431 3149 ‘abest,
1454 3113 1529 3142 non
1551 3106 1693 3148 afuerit,
1743 3104 1844 3140 uanti
1866 3114 1910 3140 ea
1932 3113 1989 3138 res
2013 3102 2090 3145 erit,
2118 3102 2255 3150 tantam
2277 3107 2384 3142 pecu-

1309 3156 1349 3187 14
1397 3151 1504 3187 ‘niam
1529 3151 1606 3186 dari
1629 3116 1783 3196 spondes
1793 3150 1821 3185 ‘2'
1868 3148 1961 3185 Suae
1991 3155 2166 3192 personae
2196 3143 2385 3193 adiungere

1309 3200 1347 3231 15
1397 3196 1475 3241 quis
1507 3195 1648 3231 heredis
1678 3205 1870 3240 personam
1900 3195 2030 3244 potest.
2079 3189 2148 3225 Sed
2171 3186 2384 3239 et·adopt1v1

1309 3245 1348 3277 16
1395 3241 1509 3286 patris
1559 3250 1687 3276 ersona
1711 3239 1878 3284 coniungi
1899 3240 2039 3283 poterit.
2086 3234 2184 3268 Inter
2213 3235 2382 3266 incertam

1306 3290 1509 3331 certamque
1553 3286 1622 3321 iem
1640 3285 1830 3320 discrimen
1848 3293 1926 3319 esse
1946 3292 1989 3317 ex
2007 3287 2209 3357 601111οὲ116
2225 3279 2383 3321 apparet,

1306 3331 1402 3377 quod
1434 3334 1532 3366 certa
1562 3330 1618 3366 die
1673 3330 1862 3365 romissum
1892 3327 1948 3363 vel
1981 3328 2099 3361 31311111
2159 3332 2212 3356 311
2247 3323 2383 3372 potest:

1304 3380 1421 3412 totum
1452 3376 1544 3411 enim
1575 3386 1630 3411 me
1658 3376 1729 3410 'um
1757 3379 1896 3418 tempus
1926 3370 1971 3405 ad
2001 3366 2213 3419 solvendum
2235 3365 2383 3417 liberum

1329 3420 1513 3457 romissori
1548 3420 1637 3457 relin
1663 3421 1776 3455 uitur:
1816 3422 1853 3453 at
1911 3415 1948 3450 ui
1977 3415 2139 3459 promisit
2175 3412 2215 3446 ‘si
2252 3408 2384 3454 ahquid

1304 3433 1453 3502 ³i'actum
1483 3466 1541 3502 sit’
1572 3466 1628 3502 vel
1639 3432 1749 3501 q‘cum
1780 3428 1911 3508 aliquid
1941 3459 2076 3493 factum
2104 3455 2173 3497 sit’‚
2204 3454 2274 3490 nisi
2304 3463 2384 3488 cum

1305 3511 1342 3547 id
1366 3510 1501 3546 factum
1524 3510 1644 3554 fuerit,
1670 3508 1815 3549 dederit,
1847 3516 1919 3541 non
1941 3502 2117 3538 videbitur
2139 3499 2267 3535 fecisse
2290 3497 2383 3542 quod

1311 3560 1347 3592 17
1397 3556 1571 3602 promisit.
1618 3554 1733 3591 Alteri
1755 3549 1920 3597 stipulari
1942 3557 2044 3583 nemo
2068 3547 2203 3591 potest,
2226 3546 2383 3590 praeter·

1308 3670 1352 3711 (8)
1376 3668 1482 3711 possis
1500 3681 1563 3702 scr.
1695 3667 1738 3707 (9)
1763 3663 1905 3696 alienam
1926 3661 1961 3694 F
2084 3659 2144 3700 (10)
2167 3654 2313 3708 auctoris
2329 3654 2385 3709 ‘F‘

1309 3717 1363 3756 (11)
1386 3713 1467 3757 ipsis
1490 3714 1563 3748 edd.
1726 3711 1784 3751 (12)
1808 3707 1910 3740 licere
1932 3703 1985 3738 vel
2007 3704 2056 3737 ire
2079 3712 2177 3746 agere
2199 3700 2300 3734 hoero
2323 3712 2383 3735 ms.

1308 3760 1366 3801 (13)
1390 3759 1462 3802 ipsa
1483 3759 1519 3792 F
1624 3756 1682 3797 (14)
1705 3751 1898 3797 accipienda
1916 3763 1977 3785 scr.

2050 3803 2115 3838 91²·
