2528 3918
111 145 461 186 QUEMADMODUM
489 144 694 175 PETATUR

108 258 195 293 tium
227 255 328 291 fundi
360 254 463 290 evicti
494 254 637 289 evidens
667 253 838 298 iniquitas
871 256 944 297 est,
982 265 1062 289 cum
1095 254 1197 290 dolus

108 302 218 348 patris
241 300 253 335 i
279 300 308 335 si
333 310 461 335 nocere
485 299 623 334 debeat.

153 344 205 383 50
262 354 430 380 CAEVOLA
456 344 546 379 libro
570 342 728 378 secundo
751 353 1006 389 responsor-um
1060 343 1197 379 ¹Aesti-

108 390 210 426 matis
234 390 340 424 rebus
363 389 400 424 in
421 389 539 424 dotem
552 388 644 423 datis
667 391 815 439 pactum
839 387 1052 431 intercessit,
1077 393 1128 431 ut,
1154 399 1198 424 ex

107 444 329 482 quacumque
353 444 464 469 causa
487 433 551 468 dos
575 432 677 467 1611111
701 432 863 475 deberet,
888 433 989 478 ipsae
1013 444 1070 469 res
1094 434 1196 469 resti-

107 483 289 515 tuerentur
322 479 446 513 habita
480 479 617 513 ratione
659 478 839 522 augmenti
875 482 910 512 et
946 479 1197 514 deminutionis

105 525 169 561 viri
192 524 277 559 boni
300 524 485 565 arbitratu,
505 533 596 568 quae
612 533 696 558 vero
716 533 789 558 non
810 527 984 566 extarent,
1007 525 1052 559 ab
1072 524 1172 559 initio
1184 524 1198 544 ²

105 569 302 605 aestimatio
327 579 467 603 earum:
502 569 702 613 quaesitum
735 571 807 610 est,
834 578 916 603 cum
939 579 996 604 res
1022 569 1197 614 quaedam

106 624 192 661 quas
212 614 359 649 maritus
384 613 590 649 vendiderat
613 617 806 655 exstarent,
828 623 874 648 an
894 615 1091 650 secundum
1110 624 1196 659 pac-

105 665 179 695 tum
212 663 246 694 et
277 659 367 694 haec
392 659 439 694 ad
462 658 645 694 mulierem
668 658 898 704 pertinerent.
946 659 1116 704 respondi
1139 669 1196 694 res

105 714 195 750 quae
218 708 370 746 exstant,
396 704 426 739 si
449 714 565 749 neque
591 704 731 739 volente
755 714 870 749 neque
893 708 1011 739 ratum
1042 705 1197 740 habente

104 749 248 784 muliere
272 749 462 791 venissent,
487 749 635 794 perinde
658 748 878 792 reddendas,
911 753 1019 795 atque
1044 750 1073 784 si
1098 750 1196 785 nulla

104 794 301 830 aestimatio
325 794 583 830 intervenisset.

149 837 197 876 51
237 838 580 875 HERMOGENJANUS
621 839 711 875 libro
755 840 914 875 secundo
957 841 1048 876 iuris
1084 841 1196 886 epico-

104 895 240 919 marum
286 884 506 920 Aestimatae
528 894 585 919 res
616 894 684 919 usu
716 884 823 920 etiam
847 885 1003 921 mulieris
1035 886 1194 931 periculo

104 929 218 964 mariti
243 928 435 965 deteriores
460 929 675 965 efficiuntur.

148 972 202 1012 52
225 974 504 1010 Tzemzomzws
522 976 612 1010 libro
633 976 784 1021 septimo
805 975 1090 1022 disputationum
1114 976 1194 1011 Ma-

102 1020 189 1055 ritus
222 1019 358 1062 dotem,
393 1031 500 1065 quam
530 1031 604 1055 non
628 1020 787 1065 accepit,
812 1024 896 1065 post
918 1020 1107 1055 divortium
1130 1031 1196 1066 per

103 1075 256 1100 errorem
275 1065 396 1100 solvit:
422 1069 571 1110 repetet,
593 1065 676 1110 quia
697 1076 769 1100 non
789 1069 1012 1100 numeratam
1031 1069 1193 1101 caverat:

102 1110 156 1146 exi
182 1110 189 1117 '
216 1110 309 1145 enim
334 1111 379 1145 ab
405 1121 446 1146 eo
471 1122 543 1146 non
566 1111 694 1155 potuit.

146 1121 198 1193 ξὲ
224 1154 333 1190 IDEM
359 1156 450 1191 libro
475 1156 685 1191 duodecimo
717 1155 1004 1202 disputationum
1051 1156 1089 1190 Si
1120 1155 1193 1191 filio

99 1201 252 1236 familias
278 1200 343 1236 dos
368 1201 453 1236 data
470 1205 534 1243 est,
559 1201 636 1246 ipse
658 1201 800 1246 quidem
821 1200 913 1236 dotis
935 1201 1077 1236 actione
1093 1204 1193 1237 tene-

99 1250 174 1289 tur,
206 1249 315 1299 pater
350 1250 469 1282 autem
505 1246 580 1281 eius
614 1246 657 1281 de
688 1246 846 1291 peculio:
881 1256 948 1281 nec
972 1246 1131 1288 interest,
1155 1246 1194 1281 in

100 1291 238 1337 peculio
271 1301 346 1326 rem
377 1292 433 1327 vel
463 1291 654 1336 pecuniam
686 1291 841 1327 dotalem
873 1291 1007 1326 habeat
1038 1302 1104 1327 nec
1136 1301 1192 1326 ne.

100 1337 163 1372 sed
186 1340 362 1381 quatenus
387 1336 508 1372 facere
531 1340 661 1382 potest,
686 1337 745 1372 hic
777 1347 919 1382 quoque
951 1336 1192 1372 condemnan-

100 1382 165 1417 dus
186 1386 257 1416 est:
282 1382 497 1433 intellegitur
518 1386 637 1417 autem
657 1382 797 1427 peculio
818 1386 922 1417 tenus
941 1382 1062 1417 facere
1073 1392 1192 1434 posse,

100 1426 195 1472 quod
228 1427 338 1462 habet
368 1438 419 1462 re1
449 1427 661 1462 iudicandae
689 1431 858 1472 tempore.
907 1427 1031 1472 atquin
1056 1438 1086 1463 31
1111 1438 1193 1463 6616

99 1476 200 1518 patre
224 1475 361 1516 agatur,
387 1472 622 1507 deduceretur
646 1483 690 1507 ex
713 1472 874 1517 peculio,
899 1473 996 1518 quod
1019 1473 1114 1525 patri
1137 1472 1194 1508 vel

100 1517 267 1552 subiectis
292 1517 325 1552 ei
347 1518 507 1562 personis
532 1518 626 1553 filius
651 1517 774 1552 debet:
808 1522 846 1552 at
870 1517 900 1553 si
922 1529 1003 1553 cum
1022 1528 1101 1563 ipso
1119 1517 1191 1553 filio

99 1566 235 1607 agatur,
261 1562 407 1598 alterius
433 1563 540 1598 debiti
564 1573 636 1598 non
660 1563 723 1598 fiet
746 1563 919 1598 detractio
944 1563 981 1598 in
1006 1567 1191 1608 computa-

99 1608 194 1643 tione
243 1611 392 1642 uantum
415 1607 535 1643 facere
559 1608 674 1653 possit
696 1608 802 1643 filius.

144 1651 197 1690 54
256 1662 382 1689 AULUS
403 1654 493 1689 libro
517 1653 702 1706 sinyularz'
723 1654 768 1688 de
792 1655 871 1688 iure
895 1654 1080 1700 sinqulari
1111 1653 1191 1688 Ma-

97 1699 186 1734 ritus
209 1698 330 1734 facere
352 1708 460 1743 posse
486 1699 642 1734 credltur
666 1699 764 1734 nullo
787 1698 940 1734 deducto
962 1709 1043 1734 aere
1063 1699 1191 1741 alieno,

98 1744 181 1779 item
213 1744 353 1785 socius,
384 1744 469 1779 item
501 1749 677 1789 patronus
702 1754 894 1789 parensve:
933 1747 972 1779 at
994 1744 1037 1786 is,
1064 1744 1124 1789 qui
1149 1754 1193 1779 ex

99 1789 290 1825 donatione
315 1790 554 1832 convenietur,
579 1790 676 1825 omni
708 1800 790 1824 aere
816 1789 932 1825 alieno
958 1789 1111 1825 deducto
1136 1790 1191 1824 fa-

39 1882 42 1883 7
99 1844 178 1870 6616
201 1845 308 1880 posse
331 1835 558 1879 intellegitur.
585 1842 587 1844 ·

144 1878 196 1917 55
221 1879 330 1915 IDEM
357 1880 448 1915 libro
482 1881 608 1925 quinto
640 1881 690 1916 ad
721 1880 906 1915 Plautium
954 1879 1043 1915 Cum
1067 1880 1193 1915 mulier

99 1924 142 1960 de
173 1925 266 1960 dotis
297 1925 509 1970 repetitione
533 1929 616 1970 post
640 1926 795 1961 solutum
820 1925 1084 1960 matrimonium
1108 1926 1191 1970 agit,

99 1981 223 2006 cavere
256 1970 362 2006 debet
393 1971 540 2011 marito,
575 1971 635 2016 qui
661 1971 802 2006 aedium
826 1971 970 2006 nomine
994 1970 1113 2005 damni
1137 1971 1191 2005 in-

98 2015 181 2050 fecti
206 2016 309 2058 cavit,
335 2016 365 2051 si
389 2016 472 2051 velit
498 2026 576 2051 eam
599 2017 770 2061 recipere,
793 2020 833 2051 ut
850 2016 1050 2061 periculum
1073 2016 1192 2050 mariti

98 2065 269 2096 amoveat.

143 2103 195 2143 56
220 2106 327 2141 IDEM
359 2106 449 2142 libro
484 2110 589 2142 sexto
625 2107 675 2142 ad
709 2106 894 2141 Plautium
953 2106 990 2141 Si
1025 2106 1104 2159 quis
1140 2106 1192 2142 316

97 2151 286 2196 stipuletur
317 2162 339 2186 a
370 2152 517 2187 marito:
557 2152 598 2187 ‘si
630 2163 700 2197 quo
734 2161 820 2187 casu
854 2151 950 2186 Titia
979 2152 1045 2186 tib1
1078 2156 1193 2197 nupta

98 2199 187 2232 ‘esse
222 2196 383 2239 desierit,
421 2197 539 2232 dotem
575 2197 715 2232 dabis’?
750 2198 819 2232 hac
849 2197 1007 2242 generali
1039 2207 1191 2232 comme-

97 2242 294 2276 moratione
319 2245 354 2276 et
378 2242 423 2276 ab
446 2243 609 2277 hostibus
632 2253 674 2277 ca
701 2246 739 2277 ta
760 2252 803 2277 ea
816 2242 1057 2277 committetur
1077 2242 1190 2287 stipu-

96 2287 180 2322 latio
203 2287 259 2322 vel
283 2287 389 2322 etiam
412 2288 441 2321 si
459 2287 648 2332 deportata
683 2287 776 2322 uerit
793 2287 847 2322 vel
868 2287 998 2322 ancilla
1019 2287 1189 2323 effecta³:

96 2332 165 2368 1166
198 2332 291 2367 661111
323 2333 555 2377 conceptione
588 2343 710 2368 omnes
742 2333 780 2367 hi
812 2343 917 2367 casus
950 2333 1189 2368 continentur.

97 2377 202 2422 plane
226 2379 422 2422 (1661116111Δ
446 2378 565 2412 veniat
595 2379 631 2412 in
655 2377 904 2423 stipulatione,
937 2381 1057 2412 utrum
1089 2378 1192 2423 quasi

98 2426 235 2458 mortua
271 2423 317 2458 sit
351 2433 399 2457 an
434 2423 536 2467 quasi
572 2423 761 2458 divortium
795 2423 946 2458 fecerit?
1001 2423 1190 2458 humanius

98 2468 174 2513 quis
198 2468 234 2503 id
259 2472 459 2513 competere
483 2468 620 2510 dixerit,
647 2468 743 2514 quod
765 2472 914 2514 propter
929 2472 1079 2504 mortem
1103 2479 1189 2505 con-

97 2513 200 2548 venit.

143 2556 195 2596 57
232 2558 474 2594 MARCELLUS
507 2559 599 2594 libro
634 2560 787 2612 septimo
823 2559 1044 2605 diqestorum
1114 2558 1191 2594 Usu

97 2602 215 2639 fructu
249 2604 287 2638 in
323 2604 442 2639 dotem
478 2604 561 2639 dato
598 2604 628 2639 si
652 2604 841 2639 dwortium
872 2604 1101 2639 intervenerit
1124 2615 1191 2640 nec

97 2649 295 2694 proprietas
319 2649 371 2684 rei
395 2649 492 2694 apud
516 2650 682 2684 maritum
705 2649 760 2684 vel
783 2649 966 2684 mulierem
997 2650 1045 2684 sit
1055 2650 1078 2691 ⁵,
1112 2660 1191 2684 eam

99 2694 188 2729 dotis
214 2704 290 2729 esse
314 2695 585 2737 restitutionem,
610 2698 652 2729 ut
675 2695 825 2729 maritus
851 2698 996 2736 caveat,
1021 2695 1190 2740 quamdiu

98 2739 239 2781 vixerit,
272 2750 463 2784 passurum
495 2750 534 2774 se
565 2740 617 2775 uti
646 2740 719 2774 frui
749 2740 932 2774 mulierem
954 2739 1120 2775 heredem
1145 2751 1190 2775 ue

100 2784 183 2820 eius.
221 2785 317 2830 quod
348 2795 394 2820 an
427 2795 547 2820 verum
578 2785 625 2820 sit
657 2785 754 2820 circa
778 2785 1013 2820 adiectionem
1035 2751 1188 2827 heredis,

100 2829 231 2866 dubito.
264 2830 429 2872 interest,
463 2830 759 2875 quemadmodum
792 2830 839 2866 sit
870 2840 957 2865 usus
988 2830 1129 2865 fructus
1152 2830 1189 2865 in

99 2874 215 2910 dotem
239 2875 355 2910 datus.
402 2876 449 2918 si,
484 2887 564 2911 cum
587 2876 737 2911 haberet
759 2875 884 2910 mulier
907 2875 1076 2918 fructum,
1100 2875 1188 2918 viro,

100 2920 199 2956 cuius
235 2925 312 2956 erat
346 2921 549 2966 proprietas
584 2921 705 2964 fundi,
742 2932 846 2956 usum
881 2920 1039 2955 fructum
1071 2921 1188 2962 cessit,

100 2965 185 3001 nihil
207 2966 333 3001 mulier
356 2966 479 3001 heredi
503 2977 568 3001 suo
593 2967 683 3002 relin
708 2970 787 3001 uet:
820 2966 1016 3001 debebatur
1041 2966 1134 3001 enim
1158 2966 1190 3001 ei

99 3020 184 3046 usus
217 3010 376 3054 fructus,
415 3012 475 3057 qui
510 3011 556 3046 ad
591 3012 675 3047 here
702 3022 755 3046 em
790 3022 863 3047 non
899 3011 990 3046 solet
1024 3011 1187 3046 transire.

100 3056 193 3100 quod
217 3057 246 3091 si
269 3057 372 3091 fundi
397 3057 452 3092 sui
475 3056 632 3092 fructum
655 3057 782 3092 mulier
804 3057 879 3092 viro
906 3056 1025 3099 cessit,
1050 3056 1189 3092 restitui

99 3100 129 3135 is
154 3111 175 3135 a
198 3101 271 3137 viro
297 3102 443 3137 debetss:
479 3113 559 3137 cum
582 3102 804 3147 proprietate
836 3102 929 3136 enim
953 3101 1000 3137 ad
1023 3101 1189 3136 heredem

101 3145 175 3180 eius
209 3147 414 3190 transisset,
452 3147 482 3182 si
516 3147 568 3182 vir
601 3148 639 3182 in
669 3147 850 3182 reddendo
884 3157 925 3182 eo
950 3157 1023 3182 non
1045 3147 1190 3182 fecisset

100 3201 244 3226 moram.
288 3192 319 3227 si
351 3203 435 3227 vero
472 3192 627 3227 alienata
663 3193 709 3227 sit
743 3193 944 3237 proprietas
976 3196 1039 3227 aut
1063 3192 1189 3237 aliquis

100 3234 200 3270 fundi
223 3236 278 3272 sui
301 3248 404 3272 usum
427 3237 585 3272 fructum
609 3238 765 3272 mulieris
796 3238 896 3272 iussu
920 3237 994 3272 viro
1028 3237 1103 3272 eius
1129 3237 1188 3272 de-

101 3279 191 3315 derit
219 3281 255 3315 in
289 3282 425 3325 dotem,
458 3283 716 3327 inspiciendum
748 3286 802 3318 631
825 3283 995 3327 primum,
1021 3282 1189 3327 quemad-

101 3325 241 3361 modum
277 3328 414 3362 mulieri
454 3328 570 3372 possit
610 3328 767 3363 restitui:
812 3331 932 3373 potest
975 3332 1094 3363 autem
1136 3327 1191 3362 vel

103 3370 325 3407 cautionibus
348 3373 578 3417 interpositis,
603 3377 643 3408 ut
667 3374 717 3408 sic
742 3377 782 3408 ut
805 3377 924 3418 potest
947 3373 1000 3407 vir
1023 3373 1099 3408 iure
1124 3383 1188 3408 suo

103 3415 206 3450 cedat
228 3417 366 3452 mulieri
388 3417 529 3462 fruique
554 3428 631 3453 eam
656 3419 824 3463 patiatur,
849 3419 914 3460 vel,
939 3418 969 3453 si
989 3429 1028 3453 se
1048 3428 1189 3453 accom-

102 3460 256 3495 modavit
291 3462 451 3498 dominus
474 3463 737 3542 fproprietatis,
775 3463 940 3498 ⁷volente
974 3474 1016 3499 eo
1053 3463 1191 3498 mulieri

104 3505 341 3541 constituatur
364 3518 451 3542 usus
491 3509 659 3543 ructus⁸:
697 3519 779 3543 nam
811 3513 874 3543 aut
904 3508 1062 3543 fructum
1085 3508 1189 3543 fundi

105 3620 142 3658 (1)
168 3619 197 3650 si
211 3620 270 3652 ins.
285 3619 337 3651 F²
441 3622 483 3661 (2)
510 3620 549 3652 ab
564 3621 665 3653 initio
679 3622 740 3655 del.
756 3622 789 3654 F
795 3621 810 3641 ²

105 3663 220 3695 effecta
233 3677 289 3697 om.
305 3663 357 3696 F2
460 3666 502 3705 (4)
529 3669 598 3697 tum
613 3667 672 3699 ins.
790 3669 833 3708 (5)
858 3677 919 3699 nec
933 3668 1122 3709 proprietas
1134 3667 1183 3698 rei

105 3707 194 3748 apud
206 3709 361 3741 maritum
374 3709 426 3741 vel
438 3709 611 3742 mulierem
625 3711 670 3742 sit
683 3723 745 3744 non
758 3719 832 3744 sunt
843 3712 1002 3745 Marcelli
1059 3714 1102 3753 (6)
1116 3712 1184 3743 11131

105 3751 245 3784 fundum
265 3753 402 3785 interim
426 3754 598 3794 alienavit,
615 3755 667 3787 vel
691 3759 824 3788 mortua
843 3767 881 3788 ea
905 3757 1019 3788 heredi
1040 3757 1111 3788 eius
1135 3757 1187 3789 vel

925 3623 968 3662 (3)
993 3622 1045 3654 vel
1059 3622 1183 3654 ancilla

1192 129 1278 176 325

2153 138 2327 180 XXIIII
2340 142 2366 181 3

1267 253 1327 289 1116
1359 254 1497 306 mulieri
1530 255 1660 299 poterit
1694 256 1818 292 cedere
1851 264 1915 293 aut
1948 259 2082 304 aliquid
2114 259 2278 294 videlicet
2301 271 2366 304 pro

1270 309 1330 341 eo,
1357 302 1397 333 ut
1419 303 1514 335 inter
1546 309 1607 351 603
1639 304 1759 335 661661
1795 302 1921 346 fuerit,
1958 305 2054 339 dare.
2093 314 2176 339 nam
2209 308 2244 340 et
2275 305 2368 350 finge

1268 344 1337 379 hoc
1361 345 1478 389 ipsum
1502 344 1683 379 mullerem
1707 357 1813 390 posse
1845 349 2074 394 proprietatis
2107 349 2249 385 domino
2282 360 2366 385 ven-

1269 389 1362 424 dere.
1400 400 1470 434 quo
1508 399 1595 424 casu
1631 401 1704 425 non
1739 391 1858 436 inique
1894 394 2002 429 etiam
2041 394 2199 430 mulieris
2235 395 2367 431 herede

1268 439 1395 479 agente
1430 435 1483 469 vir
1517 435 1637 470 facere
1674 440 1836 480 cogetur:
1883 440 2013 484 quippe
2048 440 2078 474 si
2114 450 2250 476 moram
2294 451 2367 476 606

1267 479 1424 522 fecisset,
1468 480 1595 515 retium
1619 480 1760 516 fructus
1781 483 1906 518 mulier
1926 484 2048 519 heredi
2068 495 2133 520 suo
2154 486 2364 531 reliquisset.

1293 524 1364 560 uod
1388 525 1419 560 si
1458 525 1650 561 acultatem
1674 536 1761 561 usus
1785 526 1926 563 fructus
1943 530 2116 564 vendendi
2135 531 2365 576 proprietatis

1293 570 1411 606 omino
1435 570 1563 605 mulier
1585 581 1658 605 non
1682 571 1859 615 habuerit,
1882 574 2112 652 patientiam,
2169 587 2252 611 uam
2283 587 2364 622 per-

1268 615 1422 660 cipiendi
1438 615 1579 681 {ructus
1592 620 1778 661 praestare
1797 617 1867 663 ipsi
1907 619 2016 661 ebuit,
2031 620 2137 655 etiam
2145 587 2275 657 ί11616111
2289 622 2364 657 6163

1267 664 1430 705 praestat
1455 664 1477 696 ¹.

1313 702 1367 742 58
1403 705 1661 742 MODESTJNUS
1691 707 1781 743 libro
1816 708 2002 754 sinqularz·
2031 709 2076 744 de
2110 709 2362 748 heurematicis

1267 750 1398 786 Servus
1424 750 1553 786 dotalis
1578 752 1680 788 heres
1706 752 1752 787 ab
1778 752 1824 787 ali
1851 763 1896 788 uo
1920 753 2106 790 institutus
2123 756 2241 791 mariti
2264 757 2362 794 iussu

1266 795 1321 831 vel
1356 795 1455 831 adire
1489 797 1544 831 vel
1578 797 1768 841 repudiare
1793 798 1836 833 de
1863 801 1898 833 et
1929 798 2175 835 hereditatem.
2224 802 2287 836 sed
2319 811 2364 838 ne

1266 840 1415 876 maritus
1440 844 1505 876 aut
1527 841 1634 877 facile
1657 842 1881 887 repudiando
1906 843 1962 878 vel
1985 848 2119 879 temere
2139 847 2364 891 suscipiendo

1264 886 1484 931 incognitam
1509 888 1773 923 successionem
1792 888 1896 924 *dotis
1920 888 2051 924 iudicio
2071 891 2175 925 uxori
2191 901 2278 926 suae
2299 892 2363 927 ob-

1264 931 1413 976 ligetur,
1451 932 1710 967 consulendum
1747 937 1801 968 est
1835 934 2017 969 mulierem
2055 946 2174 971 coram
2209 937 2363 972 testibus

1264 976 1487 1021 interrogari,
1512 980 1634 1013 utrum
1657 978 1766 1013 velit⁹
1791 979 1955 1014 omittere
1978 989 2025 1014 an
2051 980 2237 1025 adquirere
2260 982 2361 1017 here-

1265 1021 1424 1056 ditatem.
1451 1028 1487 1057 et
1514 1022 1545 1057 si
1564 1023 1754 1067 repudiare
1774 1034 1813 1059 se
1835 1024 1974 1067 dixerit,
1996 1024 2103 1060 facile
2124 1027 2243 1061 mariti
2262 1028 2363 1062 iussu

1264 1066 1480 1111 repudiabit.
1513 1068 1609 1112 quod
1642 1069 1671 1103 si
1704 1070 1937 1105 hereditatem
1969 1080 2163 1115 agnoscere
2187 1072 2362 1115 maluerit,

1263 1111 1466 1147 reddendus
1491 1117 1546 1147 est
1569 1123 1591 1147 a
1615 1114 1743 1149 marito
1777 1125 1899 1150 servus
1931 1116 2035 1150 uxori
2069 1126 2111 1150 ea
2144 1116 2364 1159 condicione,

1264 1159 1315 1198 ut,
1342 1167 1424 1191 cum
1447 1157 1548 1192 iussu
1573 1158 1649 1193 eius
1674 1159 1812 1202 adierit,
1833 1170 1975 1195 rursum
1992 1161 2119 1196 marito
2141 1161 2359 1197 retradatur.

1263 1202 1315 1236 ita
1339 1206 1375 1236 et
1398 1202 1517 1237 mariti
1548 1203 1781 1238 sollicitudini
1807 1205 2016 1240 consuletur
2048 1210 2084 1241 et
2114 1207 2238 1242 uxoris
2272 1207 2363 1242 desi-

1265 1247 1362 1282 derio
1387 1247 1583 1292 parebitur.

1310 1290 1364 1329 59
1389 1292 1584 1328 IULIANUS
1612 1293 1703 1329 libro
1734 1295 1892 1330 secundo
1925 1296 1975 1331 ad
2004 1294 2166 1331 Urseium
2190 1297 2363 1333 Ferocem

1263 1338 1378 1373 Filiae
1401 1348 1503 1373 meae
1527 1339 1773 1384 emancipatae
1796 1343 1833 1375 et
1856 1350 1984 1386 aegrae
2008 1340 2062 1376 vir
2091 1341 2131 1376 in
2162 1342 2233 1377 hoc
2256 1353 2363 1387 repu-

1264 1383 1361 1418 dium
1396 1383 1510 1426 misit,
1547 1387 1588 1418 61
1622 1389 1764 1419 1601166
1798 1395 1841 1420 66
1876 1386 1995 1421 dotem
2027 1387 2149 1438 potius
2172 1387 2363 1423 heredibus

1389 1438 1473 1463 uam
1497 1429 1582 1463 mihi
1605 1429 1778 1466 redderet,
1820 1430 1975 1466 Sabinus
2001 1431 2144 1467 dlcebat
2167 1432 2255 1468 utile
2278 1433 2362 1468 mihi

1390 1474 1458 1508 otis
1483 1475 1739 1519 reciperandae
1762 1476 1932 1511 iudicium
1950 1477 2107 1512 dandum
2128 1487 2224 1513 esse:
2251 1477 2362 1513 Gaius

1265 1428 1340 1464 eius

1264 1474 1339 1509 eius

1261 1519 1366 1556 idem.

1309 1562 1362 1602 60
1389 1564 1598 1601 Ριῑοσυισε
1630 1565 1720 1602 libro
1756 1567 1882 1611 quinto
1919 1567 2157 1613 epistularum
2215 1567 2254 1603 Si
2289 1568 2362 1604 filia

1262 1609 1416 1645 familias
1451 1621 1501 1645 nu
1527 1614 1566 1645 ta
1601 1611 1796 1646 decesserit
1832 1615 1867 1646 et
1901 1615 2006 1657 pater
2035 1612 2144 1648 funus
2169 1613 2202 1648 ei
2223 1613 2361 1657 fecerit,

1262 1656 1406 1691 tametsi
1430 1656 1463 1691 ei
1487 1622 1605 1692 dsstem
1629 1660 1713 1701 post
1745 1656 1887 1701 aliquod
1918 1661 2059 1702 tempus
2083 1668 2191 1702 gener
2213 1659 2362 1695 reddere

1263 1700 1428 1743 deberet,
1461 1704 1582 1736 tamen
1615 1701 1784 1736 continuo
1817 1713 1920 1738 socer
1944 1703 2082 1748 agendo
2108 1708 2358 1749 consequetur,

1262 1749 1303 1781 ut
1325 1746 1523 1791 impensam
1543 1746 1679 1782 funeris
1699 1751 1924 1791 praesentem
1943 1748 2105 1794 recipiat,
2128 1752 2248 1784 cetera
2268 1749 2361 1785 dotis

1262 1794 1398 1827 statuto
1424 1796 1584 1837 tempore
1608 1792 1802 1827 solvantur.

1309 1834 1359 1874 61
1387 1836 1637 1872 PAPJNJANUS
1658 1837 1749 1872 libro
1773 1837 1962 1873 undecimo
1988 1839 2238 1883 quaestionum
2281 1838 2358 1874 Do-

1262 1882 1407 1917 talem¹⁰
1440 1892 1581 1918 servum
1617 1882 1670 1917 vir
1703 1882 1814 1917 invita
1848 1893 1961 1918 uxore
1996 1883 2211 1919 manumisit.
2255 1884 2361 1920 heres

1263 1928 1361 1963 solus
1395 1927 1450 1963 vir
1481 1937 1503 1962 a
1537 1927 1664 1962 liberto
1696 1928 1882 1963 institutus
1913 1928 2114 1972 portionem
2138 1928 2360 1972 hereditatis,

1263 1983 1370 2018 quam
1401 1976 1443 2007 ut
1473 1975 1649 2018 patronus
1680 1973 1850 2018 consequi
1881 1973 1998 2018 potuit
2031 1984 2074 2009 ac
2099 1973 2233 2016 debuit,
2257 1975 2359 2009 resti-

1261 2021 1364 2053 tuere
1388 2017 1505 2060 debet,
1531 2018 1679 2053 alteram
1710 2028 1794 2053 vero
1819 2018 2019 2063 portionem
2044 2019 2136 2054 dotis
2160 2019 2304 2062 iudicio,
2330 2019 2360 2055 si

1262 2063 1369 2098 modo
1394 2073 1487 2098 uxor
1510 2063 1774 2098 manumittenti
1797 2063 2009 2108 refragatur.

1309 2106 1363 2146 62
1379 2109 1405 2129 ¹¹
1438 2108 1635 2144 ULPJANUS
1667 2108 1758 2144 libro
1791 2110 1976 2155 triqesimo
2003 2110 2106 2144 tertio
2131 2110 2181 2145 ad
2203 2110 2359 2146 edictum

1262 2154 1366 2198 Quod
1390 2153 1421 2188 si
1444 2153 1497 2189 vir
1520 2154 1704 2189 voluntate
1728 2154 1884 2189 mulieris
1917 2165 2038 2190 servos
2071 2155 2208 2191 dotales
2232 2166 2359 2191 manu-

1261 2199 1408 2241 miserit‚
1434 2210 1516 2234 cum
1541 2199 1674 2235 donare
1692 2199 1724 2234 ei
1743 2199 1870 2234 mulier
1889 2200 2011 2242 voluit,
2032 2210 2099 2235 nec
2120 2200 2164 2236 de
2183 2201 2359 2237 libertatis

1262 2254 1375 2280 causa
1397 2244 1574 2289 impositis
1599 2244 1630 2279 ei
1653 2245 1880 2289 praestandis
1905 2245 2086 2280 tenebitur

1308 2287 1360 2327 63
1398 2289 1456 2324 Pa
1464 2299 1507 2324 oz
1515 2299 1559 2325 us
1598 2290 1689 2325 libro
1724 2290 1882 2325 secundo
1918 2290 1968 2325 ad
2002 2290 2115 2336 leqem
2150 2290 2284 2326 Iuliam
2320 2297 2356 2326 et

1261 2334 1417 2381 Papiam
1466 2338 1502 2370 et
1537 2334 1667 2370 desinit
1698 2345 1820 2370 servus
1855 2335 1892 2369 in
1928 2335 2011 2370 dote
2043 2346 2140 2377 esse,
2196 2336 2274 2378 uia,
2300 2335 2359 2371 cui

1260 2379 1535 2415 manumittendi
1566 2390 1678 2415 66636
1709 2380 1844 2415 donare
1875 2380 2015 2422 liceret,
2041 2381 2072 2414 ei
2097 2391 2165 2426 quo
2194 2381 2359 2417 ammodo

1261 2425 1425 2466 donaret,
1451 2425 1546 2470 quod
1569 2425 1790 2470 permitteret
1814 2426 2073 2460 manumittere.

1307 2468 1362 2508 64
1394 2469 1588 2506 ULPIANUS
1621 2471 1712 2505 libro
1747 2471 1898 2516 septimo
1934 2470 1984 2504 ad
2018 2470 2131 2516 leqem
2154 2469 2290 2505 Iuliam
2322 2474 2358 2506 et

1260 2514 1417 2562 Papiam
1465 2515 1503 2550 Si
1533 2525 1617 2551 vero
1650 2515 1830 2559 negotium
1861 2524 1986 2559 gerens
2018 2515 2174 2550 mulieris
2206 2526 2278 2550 non
2301 2516 2356 2551 in-

1259 2560 1353 2596 vitae
1376 2560 1525 2596 maritus
1558 2560 1713 2595 dotalem
1749 2570 1890 2595 servum
1916 2560 2096 2595 voluntate
2121 2560 2195 2595 eius
2228 2571 2356 2595 manu-

1260 2605 1408 2648 miserit,
1433 2605 1539 2641 debet
1561 2605 1667 2640 uxori
1690 2605 1880 2640 restituere
1904 2605 2074 2650 quidquid
2100 2605 2146 2640 ad
2170 2615 2250 2640 eum
2273 2617 2353 2650 per-

1264 2654 1276 2685 1
1327 2651 1434 2686 venit.
1484 2650 1555 2686 Sed
1587 2654 1624 2686 et
1655 2650 1685 2685 31
1709 2650 1794 2695 quid
1817 2650 1991 2686 libertatis
2016 2661 2127 2685 causa
2150 2651 2298 2686 maritus
2324 2652 2356 2686 ei

1260 2699 1279 2731 2
1328 2696 1515 2741 imposuit,
1547 2696 1584 2731 id
1616 2696 1721 2731 uxori
1745 2695 1956 2740 praestabit.
2011 2695 2124 2730 Plane
2159 2696 2190 2730 si
2225 2706 2357 2740 operae

1258 2741 1393 2776 fuerint
1420 2741 1448 2762 ¹²
1457 2741 1585 2776 marito
1605 2741 1794 2782 exhibitae,
1815 2751 1888 2776 non
1908 2740 2108 2776 aestimatio
2130 2751 2262 2783 earum,
2283 2752 2355 2776 1106

1259 2787 1327 2822 6111
1362 2797 1515 2832 aequum
1549 2786 1619 2822 hoc
1656 2785 1798 2821 nomine
1833 2786 1938 2821 uxori
1970 2786 2136 2821 maritum
2173 2786 2356 2831 quippiam

1259 2835 1278 2867 3
1352 2835 1523 2867 raestare.
1571 2831 1642 2866 Sed
1656 2832 1683 2852 ¹³
1715 2830 1745 2866 si
1776 2835 1860 2876 post
1882 2831 2196 2867 manumissionem
2221 2832 2268 2866 ali
2293 2832 2355 2867 uid

1259 2877 1291 2912 ei
1341 2877 1435 2912 uerit
1468 2877 1596 2912 liberto
1630 2876 1857 2921 impositum,
1892 2876 1930 2911 id
1962 2876 2066 2912 uxori
2100 2880 2268 2922 praestan
2296 2888 2355 2912 um

1258 2925 1280 2957 4
1327 2925 1394 2958 est.
1452 2921 1523 2957 Sed
1558 2925 1594 2957 et
1628 2922 1659 2956 si
1693 2931 1793 2956 reum
1827 2921 1976 2957 maritus
2012 2922 2192 2967 acceperit
2222 2922 2352 2966 adpro-1

1258 2967 1497 3009 1613301616116,
1522 2977 1636 3011 aeque
1649 2966 1818 3001 adversus
1839 2967 1957 3012 ipsum
1977 2967 2228 3012 obligationem
2249 2967 2354 3002 debet

1258 3015 1278 3047 5
1326 3015 1521 3057 praestare.
1558 3012 1648 3046 Item
1672 3011 1843 3057 quidquid
1866 3012 1912 3047 ad
1936 3022 2016 3047 eum
2041 3023 2084 3047 ex
2108 3012 2211 3047 bonis
2234 3011 2356 3047 liberti

1258 3057 1468 3102 pervenerit,
1494 3067 1607 3101 aeque
1630 3060 1815 3102 praestare
1840 3061 1996 3102 cogetur,
2022 3057 2052 3092 si
2071 3057 2176 3092 modo
2202 3058 2247 3092 ad
2274 3068 2353 3091 eum

1259 3103 1363 3147 quasi
1387 3102 1433 3137 ad
1457 3106 1649 3147 patronum
1673 3103 1892 3147 pervenerit:
1934 3106 2091 3137 ceterum
2115 3102 2145 3137 si
2169 3102 2237 3137 alio
2263 3102 2351 3144 iure,

1258 3158 1332 3183 non
1357 3151 1505 3192 cogetur
1527 3151 1729 3192 praestare:
1771 3158 1837 3183 nec
1863 3148 1955 3183 enim
1979 3147 2190 3182 beneficium
2215 3146 2351 3191 quod¹⁴

1258 3193 1295 3227 in
1321 3203 1400 3227 eum
1423 3192 1571 3227 libertus
1593 3192 1754 3235 contulit,
1779 3193 1848 3228 hoc
1865 3193 1969 3227 uxori
1993 3193 2107 3232 debet,
2125 3192 2187 3227 sed
2210 3192 2245 3226 id
2270 3195 2350 3225 tan-

1259 3242 1353 3280 tum,
1391 3237 1486 3282 quod
1520 3237 1597 3272 iure
1631 3241 1844 3282 patronatus
1881 3238 2087 3283 adsequitur
2117 3237 2170 3271 vel
2202 3235 2351 3280 adsequi

1259 3283 1386 3327 potuit.
1460 3283 1541 3317 lane
1574 3283 1603 3317 si
1636 3293 1680 3318 ex
1704 3283 1837 3318 maiore
1859 3287 1963 3328 parte
1987 3293 2092 3327 quam
2119 3282 2222 3316 debet
2246 3281 2348 3315 heres

1260 3328 1414 3372 scriptus
1455 3328 1564 3370 uerit,
1590 3327 1685 3372 quod
1710 3328 1861 3373 amplius
1887 3332 1940 3362 est
1964 3339 2035 3362 non
2059 3326 2275 3372 praestabit:
2314 3329 2349 3359 et

1259 3373 1289 3407 si
1312 3372 1416 3414 forte,
1442 3383 1523 3407 cum
1547 3373 1580 3408 ei
1603 3373 1689 3407 nihil
1714 3373 1858 3408 deberet
1880 3374 2046 3414 libertus,
2079 3371 2243 3406 heredem
2269 3380 2348 3405 eum

1260 3421 1279 3453 6
1327 3418 1483 3462 scripsit,
1519 3418 1606 3452 nihil
1642 3419 1745 3453 uxori
1780 3419 1953 3454 restituet.
2003 3417 2112 3451 Dabit
2146 3420 2282 3456 autem,
2308 3418 2348 3448 ut

1260 3463 1310 3497 ait
1332 3463 1400 3503 lex,
1427 3463 1522 3507 quod
1546 3463 1592 3498 ad
1616 3474 1696 3498 eum
1720 3464 1889 3508 pervenit.
1914 3462 2117 3507 pervenisse
2141 3461 2347 3504 accipimus,

1259 3507 1333 3543 sive
1355 3508 1425 3542 iam
1451 3509 1566 3552 exegit
1589 3508 1661 3544 sive
1687 3509 1825 3554 exigere
1848 3511 1978 3553 potest,
2004 3507 2086 3551 quia
2110 3505 2203 3540 actio
2230 3505 2261 3540 ei
2285 3504 2346 3539 de-

1253 3622 1376 3654 similia
1388 3622 1440 3655 hic
1460 3623 1647 3655 exciderunt
1741 3624 1782 3661 (7)
1799 3625 1836 3652 ut
1850 3623 1907 3653 ins.
2004 3622 2045 3655 18)
2060 3618 2112 3650 vel
2126 3618 2219 3649 aliud
2233 3628 2293 3658 pro
2307 3628 2344 3649 eo

1255 3666 1352 3697 detur
1366 3667 1485 3700 excidit
1554 3668 1610 3707 (ε’)
1625 3670 1773 3709 praestet
1781 3666 1834 3698 F²
1905 3666 1948 3704 (9)
1966 3663 2017 3695 vel
2030 3664 2064 3695 F
2113 3663 2172 3703 (10)
2191 3662 2302 3694 dotale
2314 3662 2349 3694 F

1255 3713 1309 3752 (11)
1335 3728 1378 3740 =
1392 3712 1421 3744 lz.
1437 3719 1457 3745 t.
1473 3713 1492 3744 l.
1508 3719 1543 3745 24
1557 3712 1578 3755 ξ
1591 3719 1608 3745 4
1725 3716 1781 3753 (12)
1806 3721 1824 3742 a
1839 3711 1897 3743 ins.
1911 3710 1946 3742 F
2055 3711 2111 3749 (13)
2138 3709 2245 3740 etius.
2259 3706 2350 3740 Hal..

1255 3756 1312 3795 (14)
1340 3756 1519 3798 quodquod
1531 3770 1591 3791 scr.
