2528 3918
165 130 315 162 ‘nrum
1255 111 1316 155 VI

439 262 616 319 [Incipit
643 259 773 315 liber]
801 259 986 316 quintus.

179 347 215 387 [α
265 347 287 378 Β
325 339 570 422 Βοᾱίἓᾱίιὲὶίει
594 338 657 374 ubi
677 337 828 384 quisque
846 348 953 384 agere
973 337 1043 382 [vel
1060 336 1253 380 conlveniri

397 397 415 422 e
444 396 485 421 ea
504 411 513 420 .

178 437 218 477 [β
263 437 289 468 Β
325 432 380 467 De
403 429 622 473 inofJfieioso
646 432 872 465 testamento.

179 483 214 525 [y
259 482 285 513 R
321 478 377 513 De
399 475 622 518 helreditatis
645 474 827 520 petitione.

181 522 217 567 [δ
259 527 284 558 Β
320 522 370 564 Si]
395 532 481 568 pars
504 520 713 557 hereditatis
763 523 893 556 etatur.
967 563 975 571 ι

191 582 208 602 ε
257 572 282 603 Β
318 568 373 603 De
423 566 620 603 ossessoria
642 565 727 602 here
756 565 851 600 'tatis
875 564 1058 610 petitione.

190 626 206 650 c
256 618 283 649 R
318 613 374 649 De
396 578 726 648 fideicommissaria
748 610 958 646 hereditatis
982 608 1163 654 petitione.

170 684 376 739 Explicit¹
408 696 463 726 ex
485 681 635 726 ordine
657 681 917 735 digestorum
940 679 1049 722 liber
1070 677 1254 732 quintus,

413 739 468 783 de
497 738 663 782 iudiciis
693 737 803 780 liber
832 736 1004 791 primus.

170 865 323 920 Incipit
346 877 399 908 ex
423 863 573 907 ordine
588 866 746 914 sextus,
765 860 819 903 de
840 859 1008 903 iudiciis
1030 858 1255 921 secundus.

192 958 214 977 α
262 947 287 978 Β
323 942 379 978 De
402 941 454 978 rei
477 940 727 977 vindicatione.

190 993 216 1031 β
261 991 287 1024 Β
321 988 376 1024 De
398 987 611 1023 Publiciana
633 985 670 1020 in
695 988 784 1027 r[em
807 982 973 1025 a]ctione.

191 1048 212 1078 γ
258 1037 283 1069 Β
319 1033 357 1069 Si
372 1030 698 1125 ngjgtufffflgfflns
729 1029 767 1064 id
799 1031 869 1070 e]st
899 1028 1258 1075 emphyteutica[rius

170 1136 358 1194 Explicit
395 1150 449 1180 ex
487 1135 635 1179 ordine
674 1133 748 1175 lib.
789 1135 957 1186 sextus,
998 1131 1052 1175 116
1089 1131 1258 1175 iudiciis

546 1192 619 1234 lib.
651 1188 877 1234 secundus.

171 1319 326 1374 Incipit
356 1331 410 1361 ex
440 1315 589 1359 ordine
618 1314 728 1357 liber
756 1313 975 1368 septimus,
1009 1312 1063 1356 de
1090 1312 1258 1356 iudiciis

561 1371 671 1414 liber
700 1371 862 1414 tertius.

193 1469 216 1489 α
263 1458 287 1489 Β
325 1452 379 1487 De
402 1461 472 1486 usu
495 1449 632 1490 fructu,
666 1452 702 1484 et
729 1448 1026 1495 quemadmodum
1051 1448 1155 1493 quis²
1178 1450 1257 1483 uta-

373 1501 433 1532 tur
455 1495 610 1530 fruatur.

192 1550 217 1589 β
264 1549 288 1579 Β
325 1544 380 1578 De
403 1552 472 1577 usu
495 1540 617 1592 fructu
641 1538 895 1593 adcrescendo.

192 1605 216 1670 ἴς
264 1594 288 1670 ἓ
323 1586 473 1679 1331ἒέ30
484 1585 710 1666 ιὲὲῖἒῑέθέἒᾶἒ
726 1583 1259 1666 ἳέἓέιξέῑΐὲῗῗιὸῗιέᾱὲἓῑηῑω..

195 1695 211 1715 ε
265 1685 287 1715 Β
323 1680 379 1715 De
401 1689 471 1713 usu
494 1676 617 1711 fructu
641 1687 763 1712 earum
787 1686 926 1719 rerum,
960 1686 1051 1721 quae
1081 1686 1149 1711 usu
1174 1686 1258 1711 con-

373 1726 565 1761 sumuntur
588 1721 643 1757 vel
666 1722 887 1757 minuuntur.

193 1785 208 1808 c
260 1776 285 1807 R
321 1771 359 1807 Si
381 1780 468 1805 usus
492 1767 633 1803 fructus
651 1771 795 1813 petetur
813 1767 869 1803 vel
889 1767 936 1802 ad
954 1766 1063 1802 alium
1082 1766 1261 1812 pertinere

375 1827 399 1851 n
445 1818 536 1850 etur.

196 1863 215 1903 ζ
261 1866 287 1898 Β
322 1862 378 1897 De
401 1826 519 1905 gsseris
543 1868 737 1894 servorum.

194 1922 216 1951 η
263 1912 289 1943 R
324 1907 380 1942 De
403 1917 473 1942 usu
497 1907 533 1939 et
555 1903 787 1939 habitatione.

197 1955 226 1987 -9'
264 1957 290 1988 R
326 1949 622 1988 Usufructuarius
647 1947 944 1993 quemadmodum
969 1951 1104 1984 caveat.

174 2011 360 2068 Explicit
383 2023 437 2054 ex
460 2007 609 2051 ordine
632 2006 890 2061 digestorum
914 2006 1024 2049 liber
1043 2006 1260 2061 septimus,

429 2065 484 2109 de
514 2063 681 2107 iudiciis
709 2063 820 2106 liber
849 2063 1010 2106 tertius.

176 2193 329 2248 Incipit
367 2205 420 2234 ex
451 2189 600 2233 ordine
630 2189 739 2232 liber
768 2191 964 2242 octavus,
1005 2186 1060 2231 de
1095 2187 1263 2231 iudiciis

559 2246 669 2288 liber
699 2249 885 2299 quartus.

198 2343 221 2362 α
268 2331 294 2362 R
330 2326 386 2361 De
410 2323 651 2361 servitutibus

196 2377 222 2418 β
267 2377 292 2407 Β
329 2371 385 2406 De
409 2369 638 2422 servitutibus
662 2366 891 2448 praeffiorum
915 2366 1146 2447 ιιῑὺέἓὲἔιιιιέ.

196 2432 220 2498 ἴε
266 2422 294 2498 ἕ
328 2414 891 2514 Βὲωῗὲᾎῒὲἓῖΐὲέᾶὲξῗίωοῖἓὲ
912 2423 1140 2493 titanorum·
1158 2469 1264 2503 quam

379 2510 605 2542 rusticorum.

200 2568 216 2588 ε
267 2558 293 2589 R
328 2553 367 2588 Si
391 2551 542 2588 servitus
565 2549 766 2586 vindicetur
795 2549 850 2584 vel
883 2548 929 2584 ad
953 2548 1061 2583 alium
1086 2549 1265 2594 pertinere

199 2659 214 2681 ς
267 2648 291 2679 Β
327 2600 633 2688 Ωιιὲῗῐιὲἒὲιῐξόᾱιιω
657 2640 845 2676 servitutes
869 2639 1091 2675 amittantur.

177 2702 365 2758 Explicit
394 2714 448 2744 ex
477 2699 628 2742 ordine
659 2698 918 2752 digestorum
944 2697 1053 2741 liber
1077 2702 1264 2755 octavus,

416 2757 471 2799 de
499 2755 667 2799 iudiciis
696 2754 806 2798 liber
836 2757 1025 2809 quartus.

179 2881 336 2937 Incipit
373 2893 427 2922 ex
465 2880 616 2923 ordine
653 2879 762 2922 liber
800 2891 959 2932 nonus,
1006 2878 1061 2922 de
1098 2879 1264 2924 iudiciis

563 2937 673 2979 liber
702 2935 886 2990 quintus.

203 3029 226 3049 α
272 3018 300 3050 R
334 3013 371 3050 Si
420 3013 599 3059 uadrupes
621 3013 829 3058 pauperiem
852 3012 982 3049 fecisse
1005 3012 1158 3050 dicatur.

200 3064 227 3105 β
271 3063 298 3095 R
331 3025 526 3112 Adqlegem
549 3059 738 3111 Aquiliam..
922 3103 931 3112 Ι
997 3103 1005 3112 ·

199 3119 225 3185 ἴε
269 3109 297 3185 ἓ
329 3104 388 3186 1¹33
409 3104 504 3185 {1¹2⁵}st
523 3103 852 3184 fflffiffi‘fflssff
875 3103 1058 3140 dmm

180 3207 369 3264 Explicit
405 3220 460 3251 ex
494 3206 645 3250 ordine
682 3206 937 3261 digestorum
975 3208 1085 3251 liber
1113 3221 1265 3263 nonus,

425 3263 481 3308 de
508 3263 675 3306 iudiciis
703 3263 811 3306 liber
840 3264 1024 3318 quintus.

180 3391 221 3432 (i)
245 3386 426 3432 explicitur
444 3386 495 3421 Ρ
514 3394 549 3421 ee
565 3387 613 3421 sic
633 3387 784 3430 deinceps
800 3389 932 3430 saepius

180 3469 875 3476 ..-....--—-.————-————-
879 3470 988 3474 ——-

177 3530 254 3568 post
277 3523 299 3557 1.
319 3522 353 3557 V
367 3521 454 3566 expl.
474 3521 543 3564 dig.
560 3531 619 3555 seu
636 3521 826 3564 pandectar.
846 3532 886 3555 ex
903 3522 974 3555 ord.
993 3522 1052 3557 lib.
1072 3523 1211 3566 quintus
1227 3523 1268 3558 de

226 3568 295 3601 iud.
316 3570 427 3602 autem
446 3566 506 3601 lib.
525 3566 654 3611 primus
673 3565 817 3600 feliciter
835 3567 871 3600 F

182 3621 258 3648 ante
282 3614 303 3647 l.
325 3613 398 3648 VII
415 3612 538 3656 incipit
559 3611 619 3646 lib.
638 3611 687 3645 vii
711 3613 790 3646 add.
816 3610 868 3646 Ρ

183 3667 258 3693 ante
283 3659 303 3693 l.
325 3659 418 3693 VIII
437 3657 581 3692 feliciter
590 3657 603 3702 ΙΙ
613 3656 673 3692 1111.
691 3657 752 3690 viii
775 3657 810 3690 F

182 3711 259 3738 ante
282 3704 304 3737 1.
326 3704 437 3737 VIIII
458 3702 597 3747 explicit
615 3701 674 3736 lib.
692 3703 754 3736 viii
777 3702 898 3744 incipit
916 3701 975 3748 lib.
996 3712 1030 3735 ix
1050 3703 1159 3737 felicit
1179 3705 1213 3738 F

187 3756 259 3783 anu
282 3749 304 3783 1.
323 3749 366 3784 X
385 3747 530 3783 feliciter
547 3749 585 3791 lv}
607 3747 729 3790 incipit
745 3747 831 3781 liber
850 3747 997 3781 decimus
1016 3750 1094 3782 add.
1114 3749 1168 3782 ΙΝ

1024 3389 1072 3430 (2)
1097 3388 1172 3431 quis
1189 3401 1246 3423 om.
1261 3389 1296 3422 F

2255 126 2404 159 'rtrum

1284 231 1291 305 1
1324 258 1480 315 Incipit
1507 271 1563 303 ex
1590 258 1741 304 ordine
1768 259 1878 304 liber
1908 259 2117 316 decimus,
2158 260 2212 305 de
2240 259 2407 305 iudiciis
2474 247 2478 249 l

1715 316 1824 361 liber
1852 321 2013 361 sextus.

1345 407 1370 427 α
1415 398 1442 429 R
1481 393 1622 429 Finium
1644 393 1895 440 regundorum.

1344 442 1372 484 β
1416 443 1443 474 Β
1478 438 1649 475 Familiae
1670 439 1939 477 herciscundae.

1346 498 1368 531 y
1418 488 1443 520 R
1479 483 1666 520 Communi
1688 484 1892 522 dividundo.
1938 506 1940 509 v

1347 528 1370 564 ὃ
1415 533 1441 565 R
1477 529 1535 565 Ad
1558 529 1806 566 exhibendum.

1325 587 1515 644 Explicit
1545 599 1602 631 ex
1622 587 1772 631 ordine
1796 579 2053 643 digestorum
2075 589 2185 633 liber
2207 588 2408 642 decimus,

1580 643 1633 688 de
1661 644 1829 687 iudiciis
1858 645 1968 688 liber
1997 649 2153 688 sextus.

1326 758 1480 813 Incipit
1503 770 1557 801 ex
1579 756 1728 801 ordine
1748 757 1857 800 liber
1880 756 2145 812 undecimus,
2169 757 2224 802 de
2245 757 2411 801 iudiciis

1688 814 1798 857 liber
1828 814 2046 868 septimus.

1350 905 1373 924 α
1419 894 1444 925 R
1480 889 1536 926 De
1563 891 1903 935 interrogationibus
1934 891 1971 926 in
2002 890 2080 927 iure
2107 891 2278 928 faciendis
2308 896 2345 929 et
2368 893 2412 930 de

1529 936 1811 982 interrogatoriis
1835 936 2048 972 actionibus.

1348 984 1374 1025 β
1418 985 1444 1016 Β
1478 981 1534 1016 1)6
1557 982 1686 1027 quibus
1710 982 1817 1018 rebus
1841 981 1888 1017 ad
1913 981 2063 1018 eundem
2085 981 2238 1019 iudicem
2263 986 2375 1019 eatur.

1349 1040 1370 1070 y
1419 1031 1444 1061 R
1481 1026 1536 1062 De
1559 1037 1660 1063 servo
1685 1030 1867 1073 corrupto.

1351 1071 1372 1107 δ
1417 1076 1444 1107 R
1478 1071 1536 1107 De
1556 1071 1724 1117 fugitivis.

1352 1131 1368 1152 ε
1419 1121 1445 1152 Β
1479 1117 1536 1153 De
1558 1117 1789 1154 aleatoribus.

1351 1177 1367 1199 ς
1418 1167 1445 1198 Β
1480 1162 1519 1198 Si
1541 1173 1683 1199 mensor
1705 1164 1835 1199 falsum
1856 1163 2002 1199 modum
2026 1163 2165 1199 dixerit.

1353 1209 1374 1250 ζ
1417 1212 1444 1244 Β
1480 1208 1536 1243 De
1554 1208 1726 1254 religiosis
1745 1213 1783 1245 et
1798 1209 1999 1254 sumptibus
2015 1209 2182 1244 funerum
2197 1212 2235 1245 et
2250 1213 2290 1245 ut
2306 1209 2414 1246 funus
2487 1227 2489 1230 ·

1532 1253 1663 1289 ducere
1685 1254 1804 1290 liceat.

1351 1312 1374 1343 η
1421 1303 1447 1334 Β
1481 1298 1537 1335 De
1569 1303 1711 1380 mgrtuo
1742 1298 1928 1335 inferendo
1960 1302 1996 1334 et
2028 1299 2219 1345 sepulchro
2253 1300 2414 1336 inaedifi-

1532 1355 1600 1380 can
1626 1356 1659 1381 o.

1330 1403 1566 1459 Explicitus
1610 1408 1675 1447 est
1717 1416 1771 1446 ex
1815 1402 1964 1445 ordine
2006 1401 2265 1456 digestorum
2308 1403 2416 1447 liber

1386 1459 1656 1515 undecimus,
1704 1460 1759 1503 de
1778 1458 1962 1559 fziiglieigls
2003 1459 2114 1502 liber
2153 1460 2358 1514 septimus

1330 1631 1486 1686 Incipit
1522 1630 1577 1674 de
1615 1629 1741 1672 rebus
1780 1629 1952 1672 creditis
1991 1629 2027 1672 si
2058 1632 2219 1672 certum
2250 1633 2416 1684 petetur
2488 1634 2493 1678 j

1386 1688 1494 1732 liber
1525 1687 1697 1742 primus,
1731 1699 1785 1729 cx
1816 1686 1966 1729 ordine
1995 1686 2255 1740 digestorum
2285 1699 2361 1730 seu

1560 1742 1867 1799 pandectarum
1900 1742 2185 1786 duodecimus.

1353 1835 1377 1856 α
1423 1826 1448 1856 Β
1485 1822 1540 1857 De
1570 1822 1678 1857 rebus
1711 1820 1855 1857 creditis
1887 1820 1918 1856 si
1951 1823 2087 1856 certum
2117 1823 2261 1865 petetur
2297 1824 2334 1857 et
2374 1821 2417 1857 ‹le
2489 1846 2493 1848 -

1535 1867 1771 1903 condictione.

1352 1916 1378 1957 β
1425 1917 1449 1948 Β
1484 1912 1539 1948 De
1558 1911 1789 1948 iureiurando
1811 1912 1886 1948 sive
1902 1911 2102 1948 voluntario
2121 1910 2196 1947 sive
2215 1911 2417 1948 necessario
2489 1907 2493 1962 J

1533 1958 1607 1994 sive
1630 1957 1800 1993 iudiciali.

1353 2017 1375 2050 y
1425 2008 1451 2038 R
1487 2003 1542 2039 De
1564 2004 1602 2039 in
1625 2003 1723 2038 litem
1745 2002 1908 2038 iurando.

1355 2048 1377 2084 δ
1423 2053 1450 2084 R
1485 2049 1540 2085 De
1563 2049 1788 2085 condictione
1812 2058 1924 2084 causa
1947 2048 2032 2083 data
2056 2057 2167 2083 causa
2189 2057 2261 2083 non
2283 2050 2416 2083 secuta.

1356 2110 1372 2129 ε
1423 2099 1450 2130 R
1485 2094 1541 2130 De
1555 2094 1780 2130 condictione
1795 2094 1841 2129 ob
1857 2097 1998 2139 turpem
2012 2093 2067 2129 vel
2079 2093 2247 2129 iniustam
2261 2103 2416 2129 causam.

1354 2154 1369 2176 ς
1422 2145 1448 2175 Β
1483 2140 1539 2176 De
1562 2139 1787 2176 condictione
1809 2139 1968 2175 indebiti.

1357 2187 1376 2227 ζ
1421 2191 1447 2221 Β
1482 2186 1538 2221 1)6
1562 2185 1788 2222 condictione
1812 2184 1890 2221 sine
1912 2194 2035 2220 causa.

1335 2245 1521 2300 Explicit
1570 2257 1624 2287 ex
1667 2243 1816 2287 ordine
1858 2243 2117 2297 digestorum
2168 2242 2277 2285 liber
2320 2241 2418 2285 duo-

1482 2300 1683 2355 decimus,
1716 2300 1771 2344 de
1800 2300 1926 2343 rebus
1954 2299 2065 2342 liber
2094 2299 2268 2354 primus.

1337 2415 1490 2471 Incipit
1519 2428 1573 2458 ex
1601 2413 1750 2457 ordine
1779 2413 1928 2456 tertius
1957 2411 2168 2467 decimus,
2208 2412 2263 2456 de
2292 2411 2419 2455 rebus
2489 2400 2497 2413 ¹

1663 2469 1873 2514 secundus
1903 2469 2093 2513 feliciter.

1357 2564 1380 2583 α
1426 2554 1452 2585 Β
1487 2549 1543 2585 1)6
1566 2548 1793 2585 condictione
1814 2548 1959 2584 furtiva.

1354 2598 1381 2640 β
1425 2599 1451 2630 Β
1487 2595 1542 2630 De
1567 2594 1792 2631 condictione
1815 2604 1860 2629 ex
1882 2594 1970 2638 lege.

1355 2654 1378 2688 y
1427 2645 1453 2676 Β
1487 2640 1543 2675 De
1567 2639 1791 2676 condictione
1813 2638 2036 2675 triticiaria³.

1356 2686 1379 2721 ὃ
1423 2690 1450 2721 Β
1485 2686 1540 2721 1)6
1564 2696 1618 2728 60,
1642 2685 1740 2730 quod
1764 2687 1863 2720 certo
1886 2684 1966 2720 loco
1989 2682 2069 2719 dari
2091 2685 2246 2729 oportet.

1358 2746 1375 2766 a
1426 2736 1451 2767 R
1486 2731 1542 2767 De
1565 2731 1718 2776 pecunia
1743 2730 1946 2766 constituta.

1356 2789 1373 2813 c
1425 2782 1451 2813 R
1487 2776 1710 2812 Commodati
1732 2775 1788 2811 vel
1806 2778 1941 2811 contra.

1359 2823 1379 2864 ζ
1424 2827 1452 2858 Β
1487 2823 1542 2858 De
1564 2821 1799 2868 pignoraticia
1821 2820 1963 2856 actione
1985 2819 2040 2855 vel
2064 2822 2202 2855 contra.

1337 2880 1576 2936 Explicitus
1612 2883 1678 2923 est
1712 2879 1823 2922 liber
1860 2891 1914 2922 ex
1951 2877 2101 2920 ordine
2129 2877 2279 2920 tertius
2309 2876 2425 2920 deci·.

1502 2949 1609 2990 mus,
1648 2935 1702 2979 de
1731 2935 1859 2978 rebus
1887 2934 1997 2977 liber
2026 2932 2251 2977 secundus.

1337 3050 1491 3106 Incipit
1519 3049 1629 3092 liber
1658 3062 1712 3092 ex
1741 3047 1891 3091 ordine
1920 3051 2094 3102 quartus
2123 3046 2323 3100 decimus,
2365 3044 2419 3088 de

1708 3105 1857 3149 rebus⁴
1885 3105 2046 3148 tertius.

1359 3198 1383 3218 α
1428 3187 1456 3219 Β
1491 3183 1547 3218 1)6
1570 3182 1782 3219 exercitoria
1804 3182 1958 3219 actione.

1357 3233 1384 3274 β
1430 3232 1456 3264 Β
1491 3229 1547 3264 1)6
1569 3228 1646 3274 lege
1669 3228 1812 3265 Rhodia
1835 3228 1880 3264 de
1901 3228 2012 3264 iactu.

1357 3288 1380 3323 y
1429 3279 1455 3310 Β
1490 3274 1546 3310 De
1568 3274 1746 3310 institoria
1769 3274 1923 3310 actione.

2109 3344 2409 3351 ..qffl———n—

1785 3389 1829 3431 (4)
1852 3386 1938 3421 liber
1957 3387 2016 3421 im.
2030 3384 2085 3419 Γ*

1381 3390 1424 3432 (a)
1449 3387 1648 3422 trictioiaria
1666 3389 1701 3422 F

1337 3531 1411 3558 ante
1437 3525 1458 3559 l.
1479 3524 1543 3559 XI
1562 3523 1699 3568 explicit
1717 3522 1775 3556 lib.
1795 3533 1826 3556 x.
1851 3521 1973 3565 incipit
1991 3519 2051 3554 lib.
2073 3519 2120 3553 xi.
2140 3518 2285 3553 feliciter
2303 3518 2341 3553 Io*
2485 3535 2489 3537 -

1336 3577 1411 3604 ante
1436 3569 1457 3603 L
1481 3569 1566 3604 XII
1593 3564 1740 3610 εὐτυχῶς
1767 3567 1821 3612 τῷ
1852 3563 2036 3620 {privant
2065 3564 2172 3598 τοῦτο
2202 3561 2246 3598 τὸ
2274 3559 2420 3608 βιβλίον

1379 3613 1524 3648 feliciter
1545 3615 1591 3648 F.-
1613 3614 1737 3657 incipit
1755 3612 1813 3647 lib.
1833 3612 1883 3646 xii
1902 3612 1981 3646 add.
2002 3610 2053 3645 F²
2475 3615 2479 3618 ⁴

1336 3667 1411 3694 ante
1435 3660 1455 3693 l.
1475 3660 1578 3694 XIII
1598 3659 1720 3702 incipit
1739 3656 1798 3692 lib.
1819 3657 1882 3691 nii
1902 3657 1939 3691 F

1336 3712 1411 3739 ante
1435 3705 1457 3739 l.
1478 3705 1601 3739 XIIII
1620 3704 1705 3748 expl.
1722 3703 1782 3737 lib.
1800 3702 1862 3736 xiii
1885 3701 2008 3745 incipit
2026 3699 2084 3734 lib.
2105 3700 2163 3734 xiv
2182 3699 2217 3734 F
