2528 3918
96 93 156 123 DE
185 91 419 124 DIVISIONE
448 91 602 122 RERUM

93 211 168 236 non
188 201 375 237 revertitur
393 204 617 247 potestatem.
657 209 723 234 nec
747 199 777 234 is
802 209 912 251 nepos
935 199 973 234 in
1023 198 1109 233 atris
1129 209 1183 233 re-

95 246 245 282 vertitur
270 250 505 298 potestatem,
561 254 642 280 uem
674 253 761 279 avus
792 244 979 280 rennuerit
1042 243 1073 279 ὀ
1099 245 1183 278 dato

94 291 134 327 in
158 291 225 327 ado
252 294 395 334 tionem,
419 299 523 336 quem
573 299 664 324 enuo
688 288 948 333 redadoptavit.

141 334 195 373 42
243 345 327 371 mm
345 336 435 372 libro
453 335 577 381 primo
602 333 870 381 pandectarum
915 334 1037 370 Etiam
1066 333 1184 369 infan-

94 385 167 417 tem
189 381 227 416 in
250 380 478 426 adoptionem
502 379 812 425 darepossumus.

141 424 194 464 43
218 425 449 461 Poupoms
464 425 557 461 libro
577 424 768 460 vicensimo
781 423 831 459 ad
841 423 1012 467 Quintum
1025 423 1186 460 Mucium

94 470 320 516 Adoptiones
340 480 414 506 non
434 470 549 506 solum
566 469 731 512 filiorum,
755 468 819 504 sed
840 472 875 505 et
918 469 998 505 uasi
1016 471 1187 514 nepotum

94 516 203 558 fiunt,
234 519 276 551 ut
308 516 434 561 aliquis
466 525 577 560 nepos
608 518 730 550 noster
754 524 832 550 esse
855 514 888 549 vi
915 518 1016 550 eatur
1038 514 1187 560 perinde

93 560 197 607 quasi
220 571 264 597 ex
286 561 358 597 filio
382 560 438 597 vel
460 561 598 596 incerto
621 563 730 595 natus
755 559 810 595 sit.

139 604 194 643 44
217 605 428 642 Ριῐοσυισε
447 605 538 642 libro
562 608 687 641 octavo
711 604 951 651 epistularum
997 604 1036 640 Si
1058 605 1101 648 is,
1126 604 1187 650 qui

92 654 259 696 nepotem
283 661 328 687 ex
349 651 422 687 fflio
441 650 561 693 habet,
584 650 622 685 in
643 650 784 695 nepotis
803 650 883 685 loco
903 650 1056 695 aliquem
1076 649 1187 695 adop-

92 696 193 738 tavit,
212 706 286 732 non
303 700 390 742 puto
410 699 550 732 mortuo
572 705 637 730 avo
657 695 736 730 iura
756 695 1074 739 consanguinitatis
1095 695 1188 730 inter

94 744 243 787 nepotes
266 741 391 777 futura
414 751 503 777 esse.
551 740 613 776 sed
637 740 667 776 si
690 740 742 775 sic
773 739 974 785 adoptavit,
1009 743 1051 775 ut
1081 740 1187 776 etiam

93 786 171 822 iure
204 786 291 832 legis
327 796 439 832 nepos
474 796 561 821 suus
593 788 707 828 esset,
743 785 868 830 quasi¹
894 795 938 820 ex
960 785 1074 821 Lucio
1098 789 1188 831 puta

94 831 166 867 filio
192 841 258 868 suo
283 835 318 867 et
342 842 386 867 ex
408 835 522 867 matre
544 830 698 866 familias
723 830 799 866 eius
823 833 930 866 natus
955 833 1068 873 esset,
1101 841 1186 866 con-

93 880 151 911 tra
200 880 274 913 uto.

139 920 166 958 4
218 921 379 958 PAULvs
395 920 487 957 libro
508 921 615 956 tertio
635 920 686 956 ad
703 920 816 967 leqem
829 919 964 955 Iuliam
985 923 1020 955 et
1030 919 1187 967 Papiam

93 966 214 1002 Onera
237 966 331 1010 eius,
356 966 419 1012 qui
440 966 477 1001 in
501 965 729 1011 adoptionem
753 965 859 1000 datus
885 969 957 1008 est,
982 965 1028 1001 ad
1050 969 1188 1011 patrem

92 1011 162 1048 ado
190 1012 301 1047 tivum
323 1010 598 1047 transferuntur.

141 1056 167 1094 4
227 1056 422 1093 Uzmws
442 1056 533 1092 libro
557 1059 688 1101 quarto
709 1055 760 1091 ad
775 1055 888 1102 leqem
908 1055 1042 1091 Iuliam
1062 1058 1097 1091 et
1116 1054 1189 1091 Pa-

87 1102 192 1149 piam
238 1103 281 1137 In
305 1102 474 1137 servitute
496 1111 576 1136 mea
599 1100 781 1146 quaesitus
814 1100 900 1136 mihi
931 1101 1024 1137 filius
1056 1100 1094 1136 in
1123 1111 1188 1146 po-

94 1150 260 1183 testatem
278 1157 394 1182 meam
412 1146 522 1191 redigi
539 1145 714 1182 beneficio
733 1146 904 1192 principis
925 1149 1062 1192 potest:
1082 1145 1188 1181 liber-

94 1193 211 1228 tinum
234 1196 355 1228 tamen
379 1202 459 1227 eum
482 1201 626 1226 manere
649 1201 722 1227 non
746 1191 942 1226 dubitatur.

569 1283 704 1324 V1112.

195 1352 257 1384 DE
281 1351 518 1384 DIVISIONE
543 1350 707 1383 RERUM
730 1350 790 1383 ΕΤ
814 1350 1086 1387 QUALITATE.

144 1416 164 1455 1
178 1418 194 1439 ³
219 1416 343 1454 GAIUS
352 1417 443 1453 libro
464 1416 623 1453 secundo
645 1416 908 1453 institutionum
944 1415 1113 1451 Summa⁴
1133 1427 1189 1451 re-

95 1473 175 1499 rum
199 1462 322 1515 divisio
335 1462 384 1515 ,in
415 1462 506 1497 duos
538 1461 709 1497 articulos
744 1460 949 1513 deducitur:
982 1471 1066 1496 nam
1100 1461 1192 1497 aliae

95 1553 148 1589 uti
170 1563 229 1588 res
252 1562 376 1588 sacrae
400 1555 436 1587 et
457 1552 653 1598 religiosae.
690 1554 837 1587 sanctae
860 1561 1003 1603 quoque
1025 1561 1094 1594 res,
1118 1551 1190 1587 vel-

95 1598 150 1634 uti
179 1597 273 1633 muri
303 1601 339 1633 et
418 1600 515 1640 rtae,
550 1596 809 1643 quodammodo
842 1595 952 1631 dlvinl
981 1596 1069 1632 iuris
1093 1600 1189 1632 sunt.

119 1643 192 1678 uod
215 1645 334 1678 autem
394 1642 466 1677 vini
488 1641 575 1678 iuris
599 1645 671 1684 est,
706 1641 744 1677 id
774 1641 906 1677 nullius
928 1641 967 1676 in
989 1641 1093 1677 bonis
1117 1645 1189 1677 est:

95 1689 108 1724 i
155 1698 259 1731 vero,
295 1687 392 1733 quod
413 1687 562 1723 humani
584 1687 672 1722 iuris
697 1690 771 1730 est,
830 1686 944 1722 lerum
969 1697 1015 1722 ue
1039 1686 1189 1722 alicuius

94 1733 259 1772 inbonis
295 1736 369 1776 est,
404 1735 524 1778 potest
547 1735 667 1767 autem
691 1735 727 1767 et
749 1743 797 1766 nu
827 1732 880 1767 ‘us
903 1731 941 1766 in
990 1731 1067 1767 onis
1091 1741 1188 1768 esse:

96 1789 180 1814 nam
202 1788 259 1814 res
281 1777 527 1819 hereditariae,
553 1781 745 1823 antequam
768 1776 896 1822 aliquis
918 1776 1023 1812 heres
1047 1776 1189 1819 existat,

96 1823 227 1858 nullius
250 1823 288 1858 in
311 1822 415 1859 bonis
439 1825 534 1858 sunt.
582 1822 651 1858 hae
674 1825 794 1858 autem
816 1832 893 1864 res,
926 1831 1020 1867 quae
1042 1821 1189 1857 humani

95 1868 184 1904 iuris
207 1871 303 1911 sunt,
328 1870 393 1903 aut
414 1867 580 1913 publicae
603 1870 688 1903 sunt
711 1870 776 1902 aut
796 1866 969 1912 privatae.
1007 1877 1099 1912 quae
1121 1878 1188 1912 pu-

96 1914 213 1949 blicae
245 1917 350 1956 sunt,
380 1912 513 1948 nullius
537 1912 574 1947 in
597 1912 700 1948 bonis
725 1921 803 1948 esse
827 1911 1041 1955 creduntur,
1076 1912 1189 1957 ipsius

94 1958 190 1994 enim
224 1957 464 1994 universitatis
500 1967 579 1993 esse
614 1957 828 1994 creduntur:
872 1956 1034 2001 privatae
1069 1960 1189 1993 autem

99 2007 114 2040 1
164 2007 258 2047 sunt,
284 2013 376 2049 quae
398 2002 618 2047 singulorum
648 2006 742 2038 sunt.
791 2000 973 2046 Quaedam
1004 2006 1190 2048 praeterea

95 2058 152 2084 res
177 2048 382 2094 corporales
406 2051 500 2090 sunt,
526 2047 701 2094 quaedam
723 2046 978 2092 incorporales.
1019 2057 1188 2092 corpora-

95 2094 147 2130 les
170 2094 239 2129 hae
262 2096 357 2136 sunt,
381 2103 474 2139 quae
496 2093 593 2138 tangi
615 2095 777 2138 possunt,
802 2091 908 2127 veluti
927 2091 1061 2128 fundus
1082 2093 1188 2128 homo

96 2138 203 2175 vestis
227 2148 355 2174 aurum
378 2141 563 2183 argentum
587 2141 622 2172 et
645 2137 798 2183 denique
822 2137 912 2172 aliae
934 2147 993 2172 res
1026 2137 1188 2173 innume-

95 2183 247 2220 rabiles:
281 2182 525 2229 incorporales
549 2185 652 2226 sunt,
684 2192 777 2228 quae
809 2181 907 2227 tangi
929 2193 1002 2217 non
1025 2186 1188 2227 possunt,

121 2228 217 2264 ualia
240 2231 325 2264 sunt
348 2238 409 2271 ea,
435 2238 527 2273 quae
549 2227 587 2263 in
610 2227 687 2263 iure
710 2226 932 2270 consistunt,
968 2227 1064 2262 sicut
1086 2227 1188 2263 here-

122 2274 209 2316 'tas‚
240 2284 328 2309 usus
351 2273 513 2315 fructus,
546 2272 780 2325 obligationes
803 2282 946 2351 guoque
971 2272 1077 2308 modo
1103 2283 1188 2308 con-

95 2322 244 2354 tractae.
280 2328 348 2354 nec
371 2318 419 2353 ad
441 2328 517 2353 rem
539 2321 705 2363 pertinet,
730 2327 800 2362 quo
848 2317 886 2352 in
909 2317 1108 2353 hereditate
1130 2328 1188 2354 res

95 2363 302 2410 corporales
323 2363 569 2399 continentur:
593 2372 677 2398 nam
701 2365 736 2397 et
754 2361 907 2404 fructus,
931 2362 992 2407 qui
1011 2372 1056 2398 ex
1074 2362 1187 2399 fundo

97 2408 362 2454 percipiuntur,
395 2407 599 2454 corporales
623 2410 726 2450 sunt,
762 2410 798 2442 et
819 2406 858 2442 id
881 2406 978 2452 quod
1001 2417 1046 2443 ex
1069 2408 1189 2454 aliqua

95 2453 313 2499 obligatione
347 2453 451 2489 nobis
482 2452 632 2488 debetur
661 2452 870 2498 plerumque
903 2453 1090 2505 corporale
1107 2455 1188 2497 est,

98 2499 206 2535 veluti
227 2498 361 2534 fundus
384 2498 490 2534 homo
514 2497 685 2543 pecunia:
717 2507 801 2532 nam
823 2497 942 2542 ipsum
963 2508 1020 2533 ius
1044 2508 1189 2534 succes-

97 2544 208 2580 sionis
233 2547 268 2580 et
289 2544 406 2589 ipsum
428 2543 484 2578 ius
507 2542 631 2578 utendi
653 2541 798 2578 fruendi
820 2545 857 2577 et
878 2542 997 2587 ipsum
1019 2542 1075 2578 ius
1099 2543 1188 2579 obli-

95 2588 248 2635 gationis
271 2588 353 2624 inco
399 2588 498 2624 orale
522 2591 586 2623 est.
623 2587 748 2623 eodem
770 2597 917 2623 numero
942 2591 1028 2623 sunt
1052 2591 1088 2624 et
1110 2588 1190 2624 iura

99 2633 325 2679 praediorum
336 2645 380 2669 ur
405 2643 555 2669 anorum
575 2636 610 2668 et
628 2633 852 2675 rusticorum,
878 2642 969 2678 quae
990 2633 1096 2668 etiam
1115 2644 1188 2669 ser·

100 2679 229 2715 vitutes
253 2682 437 2714 vocantur.

145 2721 195 2761 2⁵
218 2723 456 2759 Manomws
486 2722 578 2759 libro
614 2723 720 2758 tertio
754 2722 1018 2757 institutionum
1073 2722 1189 2767 Quae-

98 2768 181 2804 dam
203 2768 359 2804 naturali
380 2769 458 2804 iure
482 2767 682 2804 communia
706 2770 791 2802 sunt
813 2766 990 2809 omnium,
1014 2768 1190 2812 quaedam

100 2813 358 2857 universitatis,
382 2813 557 2859 quaedam
579 2812 732 2855 nullius,
767 2811 937 2858 pleraque
960 2812 1189 2857 singulorum,

105 2861 120 2894 1
169 2869 260 2905 quae
270 2859 378 2895 variis
391 2869 434 2894 ex
447 2858 566 2894 causis
578 2858 706 2903 cuique
718 2857 964 2903 adquiruntur.
989 2857 1040 2892 Et
1050 2858 1191 2903 quidem

102 2904 257 2939 naturali
278 2904 357 2939 iure
380 2903 536 2939 omnium
560 2903 762 2939 communia
785 2906 869 2938 sunt
890 2902 971 2937 illa:
997 2912 1070 2946 aer,
1095 2913 1191 2949 aqua

101 2949 291 2995 profluens,
318 2952 354 2984 et
375 2959 485 2992 mare,
510 2951 547 2984 et
568 2959 633 2994 per
655 2948 726 2984 hoc
748 2947 854 2983 litora
876 2947 996 2983 maris.

146 2990 197 3031 3⁶
219 2994 496 3030 onafflvrmvs
523 2993 785 3029 institutionum
822 2992 914 3028 libro
947 2995 1055 3028 sexto
1101 2993 1191 3029 Item

101 3037 229 3084 lapilli,
259 3048 417 3085 gemmae
441 3042 650 3084 ceteraque,
684 3048 776 3084 quae
797 3038 835 3073 in
857 3037 961 3073 litore
983 3037 1190 3082 invenimus,

101 3083 178 3119 iure
200 3084 357 3119 naturali
380 3087 504 3119 nostra
527 3083 648 3119 statim
670 3083 772 3118 fiunt.

148 3127 198 3166 4⁷
220 3128 554 3165 Manomwscibro
567 3129 672 3163 tertio
684 3129 947 3164 institutionum
993 3127 1107 3164 Nemo
1126 3128 1190 3174 igi-

102 3173 219 3209 turad
236 3174 320 3209 litus
339 3174 448 3209 maris
468 3173 643 3209 accedere
654 3173 865 3216 prohibetur
882 3173 1047 3219 piscandi
1067 3183 1190 3216 causa,

103 3216 188 3253 dum
221 3221 340 3254 tamen
370 3219 461 3254 villis
494 3222 529 3254 et
559 3218 729 3253 aedificiis
761 3222 797 3254 et
819 3218 1055 3254 monumentis
1079 3218 1190 3254 absti-

102 3266 248 3307 neatur,
283 3263 368 3310 quia
397 3274 469 3299 non
500 3267 585 3299 sunt
606 3263 693 3298 iuris
715 3263 874 3309 gentium
896 3263 991 3299 sicut
1015 3267 1050 3299 et
1073 3274 1188 3299 mare:

102 3375 149 3462 (11)
168 3375 311 3453 ἒὲὶηιαω
324 3376 398 3409 iure
409 3375 484 3418 lege
496 3386 600 3419 nepos
612 3387 692 3409 suus
705 3378 792 3409 esset
809 3386 909 3419 quam
922 3377 952 3409 si
961 3377 1170 3411 Vintimillius
1180 3389 1192 3410 .·

106 3430 125 3451 c
143 3444 151 3452 .
201 3432 217 3454 e
244 3444 251 3451 ·
266 3422 352 3461 5,1o,
365 3429 383 3455 9

151 3464 194 3505 (2)
219 3464 389 3500 Sab.1...o.
400 3473 416 3500 s
427 3476 435 3505 ;
448 3466 515 3499 Ed.
528 3473 554 3500 τ.
569 3473 721 3500 9...11.—
732 3466 818 3500 Bas.
832 3467 886 3506 46,
896 3473 923 3500 3.
937 3485 982 3490 —
999 3466 1133 3510 Cstlnst.
1145 3466 1191 3505 2,1

105 3507 151 3550 (8)
174 3525 219 3538 ==
234 3509 310 3544 Gai.
325 3511 356 3550 2,
371 3518 397 3544 2.
408 3517 434 3544 3.
447 3518 531 3545 8...14
540 3511 706 3554 plerisque
718 3511 793 3544 ltine
804 3512 958 3544 restitutis
1058 3512 1101 3552 (⁴)
1126 3510 1196 3542 ita--

105 3561 170 3601 que
182 3554 243 3587 ine.
260 3554 366 3588 Gaius
443 3558 484 3595 (5)
508 3572 554 3584 -—=
566 3555 647 3589 Inst.
662 3556 693 3596 2,
704 3563 728 3595 1,
739 3562 816 3599 pini
887 3556 931 3597 (6)
955 3571 1001 3584 =
1011 3555 1190 3595 Inst.2‚1‚18

105 3597 150 3637 (7)
163 3613 208 3626 =
219 3597 301 3633 Inst.
314 3600 346 3639 2,
360 3607 384 3639 ¹,
396 3606 421 3633 1.
436 3606 453 3633 2
500 3601 544 3641 (8)
558 3599 740 3643 Capenatis
753 3601 849 3633 etiam
866 3600 1007 3633 Graeci.-
1020 3599 1190 3632 caietanis

107 3641 279 3676 Burmann
290 3643 493 3677 adsuetonii
504 3645 615 3678 Tisaeo
664 3643 1006 3688 (9)=Inst.2‚i,»1‹;fi5
1054 3645 1114 3685 (ιο)
1124 3644 1189 3686 pli-

110 3696 170 3718 cus
194 3687 226 3719 F
275 3688 328 3727 (11)
353 3689 400 3721 sic
411 3688 520 3721 Fcum
533 3689 579 3730 B,
593 3688 765 3731 applicare
778 3688 808 3722 S
818 3701 857 3722 ez·
870 3689 948 3721 Inst.
1031 3690 1090 3727 (12)
1104 3689 1189 3720 retia

1206 75 1251 122 11
2222 76 2243 117 I
2274 76 2352 118 7.8

1251 198 1363 245 idque
1386 202 1422 235 et
1445 198 1548 235 divus
1572 198 1659 234 Pius
1682 199 1924 245 piscatoribus
1949 197 2156 235 Formianis
2181 200 2216 233 et
2240 197 2354 243 Cape-

1259 250 1274 282 1
1325 244 1442 280 natis⁸
1476 243 1671 289 rescripsit.
1720 244 1791 280 Sed
1826 244 1974 280 flumina
2013 253 2130 291 paene
2166 242 2286 278 omnia
2320 247 2355 278 et

1255 295 1383 336 portus
1432 289 1553 324 ublica
1577 292 1671 324 sunt.

1302 334 1354 372 5⁹
1410 344 1505 369 ΑΜΕ
1533 334 1623 369 libro
1646 334 1805 370 secundo
1828 346 1950 370 rerum
1974 334 2257 370 cottidianarum
2279 335 2354 370 sive

1256 390 1452 415 aureorum
1498 379 1674 424 Riparum
1693 389 1781 416 usus
1799 380 1965 425 publicus
1978 381 2007 400 ¹⁰
2027 383 2083 415 est
2101 379 2179 415 iure
2197 380 2354 426 gentium

1257 425 1349 460 sicut
1359 424 1472 470 ipsius
1493 423 1661 460 fluminis.
1686 424 1808 469 itaque
1819 435 1945 460 navem
1969 424 2016 460 ad
2040 435 2102 461 eas
2121 425 2301 478 appellere
2314 426 2353 468 ¹¹,

1256 470 1361 506 funes
1386 480 1430 506 ex
1453 468 1642 505 arboribus
1666 469 1716 504 ibi
1740 469 1834 505 natis
1858 470 2018 514 religare,
2043 470 2134 506 retia
2157 480 2295 506 slccare
2319 474 2355 506 et

1254 525 1302 551 ex
1313 525 1410 551 mare
1421 515 1592 550 reducere
1604 514 1643 558 ¹²,
1669 525 1760 550 onus
1785 514 1919 560 aliquid
1941 515 1979 549 in
2002 515 2056 551 his
2081 525 2253 561 reponere
2278 516 2354 551 cui-

1258 561 1344 596 libet
1366 560 1517 596 liberum
1550 563 1623 603 est,
1659 559 1765 595 sicuti
1789 569 1854 605 per
1876 559 1993 605 ipsum
2015 560 2147 596 flumen
2171 561 2351 606 navigare.

1257 606 1321 642 sed
1344 605 1545 651 proprietas
1567 604 1709 640 illorum
1733 608 1804 647 est,
1830 615 1982 650 quorum
2005 606 2159 650 praediis
2183 607 2350 642 haerent:

1258 661 1329 696 qua
1353 650 1397 686 de
1421 660 1532 686 causa
1554 650 1702 686 arbores
1727 660 1868 702 quoque
1891 650 1929 684 in
1952 650 2007 685 his
2031 654 2138 685 natae
2161 651 2354 688 eorundem

1261 699 1275 730 1
1326 699 1421 731 sunt.
1469 696 1512 730 In
1543 705 1641 730 mare
1671 695 1896 740 piscantibus
1919 694 2070 730 liberum
2095 699 2149 731 est
2174 707 2295 732 casam
2317 696 2355 732 in

1258 741 1362 776 litore
1385 751 1531 786 ponere,
1554 740 1592 776 in
1604 741 1632 762 ¹³
1680 750 1728 775 ua
1751 750 1791 776 se
1813 739 2000 785 recipiant,

1305 783 1330 823 6
1345 786 1372 807 ¹⁴
1396 787 1635 822 MARGJANUS
1668 786 1747 822 thro
1772 786 1877 820 tertio
1903 785 2167 821 institutionum
2213 784 2250 820 in
2273 788 2354 820 tan-

1258 835 1357 874 tum,
1390 834 1431 866 ut
1462 834 1497 866 et
1528 830 1595 866 soli
1628 830 1761 866 domini
1785 830 2052 866 constituantur
2075 830 2137 876 qui
2158 829 2208 865 ibi
2232 830 2354 865 aedifi-

1260 881 1362 919 cant,
1395 876 1460 911 sed
1484 875 1655 921 quamdiu
1678 875 1880 911 aedificium
1902 879 2042 911 manet:
2075 875 2234 920 alioquin
2257 875 2354 911 aedi-

1259 922 1339 957 ficio
1365 921 1502 966 dilapso
1528 921 1631 966 quasi
1652 921 1730 956 iure
1752 920 1960 966 postliminii
1982 920 2171 956 revertitur
2193 919 2294 955 locus
2318 920 2357 956 in

1259 967 1446 1012 pristinam
1466 977 1624 1009 causam,
1649 970 1686 1001 et
1708 965 1739 1002 si
1762 966 1854 1001 alius
1877 966 1915 1001 in
1940 965 2064 1001 eodem
2086 965 2166 1001 loco
2187 965 2355 1000 aedifica-

1263 1015 1276 1047 1
1326 1012 1427 1054 verit,
1452 1012 1528 1047 eius
1551 1011 1623 1047 fiet.
1671 1010 1920 1047 Universitatis
1956 1014 2059 1054 sunt,
2094 1021 2168 1046 non
2199 1010 2355 1055 singulo-

1259 1068 1339 1093 rum
1361 1056 1469 1092 veluti
1493 1067 1586 1102 quae
1608 1057 1646 1092 in
1670 1056 1874 1092 civitatibus
1897 1059 1983 1092 sunt
2005 1056 2148 1091 theatra
2172 1058 2207 1091 et
2238 1055 2356 1091 stadia

1261 1107 1296 1138 et
1327 1102 1453 1138 similia
1477 1106 1514 1138 et
1537 1102 1567 1137 si
1591 1112 1663 1147 qua
1695 1101 1766 1137 alia
1796 1105 1882 1137 sunt
1914 1101 2116 1137 communia
2148 1100 2354 1136 civitatium.

1259 1147 1411 1193 ideoque
1434 1158 1501 1183 nec
1521 1157 1644 1183 servus
1666 1147 1862 1182 communis
1876 1146 2029 1182 civitatis
2050 1146 2269 1191 singulorum
2289 1156 2355 1191 pro

1260 1197 1363 1238 parte
1385 1192 1619 1237 intellegitur,
1656 1192 1720 1228 sed
1742 1192 1984 1228 universitatis
2010 1195 2045 1227 et
2067 1191 2146 1227 ideo
2171 1195 2245 1226 tam
2270 1202 2356 1226 con-

1259 1242 1317 1273 tra
1348 1238 1460 1274 civem
1492 1248 1599 1283 quam
1629 1247 1696 1283 pro
1730 1247 1771 1273 eo
1806 1247 1914 1282 posse
1937 1247 2079 1273 servum
2102 1235 2256 1272 civitatis
2280 1240 2355 1271 tor-

1261 1283 1361 1329 queri
1384 1283 1454 1318 divi
1477 1282 1607 1318 fratres
1630 1283 1902 1328 rescripserunt.
1937 1281 2018 1317 ideo
2044 1285 2080 1317 et
2102 1281 2251 1317 libertus
2271 1281 2354 1316 civi-

1260 1328 1346 1364 tatis
1369 1339 1440 1364 non
1464 1328 1574 1364 habet
1591 1338 1737 1363 necesse
1756 1327 1896 1363 veniam
1916 1327 2024 1363 edicti
2043 1330 2176 1372 petere,
2202 1326 2232 1362 si
2252 1331 2358 1364 vocet

1261 1376 1282 1409 2
1329 1374 1365 1409 in
1388 1373 1444 1409 ius
1468 1373 1621 1419 aliquem
1645 1383 1690 1409 ex
1714 1372 1860 1408 civibus.
1909 1372 2042 1407 Sacrae
2074 1382 2132 1408 res
2157 1375 2193 1407 et
2214 1371 2354 1417 religio-

1262 1422 1281 1454 3
1329 1428 1391 1454 sae
1415 1422 1451 1454 et
1473 1422 1622 1454 sanctae
1644 1418 1681 1453 in
1705 1418 1837 1454 nullius
1860 1418 1965 1453 bonis
1989 1421 2084 1453 sunt.
2133 1417 2267 1452 Sacrae
2290 1427 2355 1452 au·

1259 1468 1331 1501 tem
1355 1474 1412 1499 res
1444 1467 1530 1499 sunt
1560 1463 1649 1506 hae,
1686 1473 1779 1508 quae
1813 1463 1956 1508 publice
1991 1466 2224 1498 consecratae
2259 1466 2355 1506 sunt,

1259 1520 1333 1545 non
1364 1509 1519 1554 private:
1556 1509 1587 1543 si
1610 1509 1689 1554 quis
1714 1519 1795 1553 ergo
1820 1508 1985 1553 privatim
2010 1507 2079 1543 sibi
2102 1518 2245 1543 sacrum
2270 1518 2354 1543 con-

1260 1554 1426 1596 stituerit,
1451 1564 1594 1589 sacrum
1617 1564 1690 1589 non
1715 1559 1788 1596 est,
1813 1553 1878 1589 sed
1925 1553 2103 1588 refanum.
2151 1552 2260 1588 semel
2291 1563 2353 1588 au-

1261 1603 1332 1635 tem
1367 1598 1455 1634 aede
1489 1608 1594 1634 sacra
1627 1598 1727 1634 facta
1762 1598 1868 1634 etiam
1927 1598 2019 1634 iruto
2056 1597 2219 1633 aedificio
2254 1597 2356 1634 locus

1259 1647 1282 1679 4
1328 1654 1432 1679 sacer
1460 1647 1592 1678 manet.
1639 1643 1856 1688 Religiosum
1880 1647 2000 1679 autem
2023 1643 2142 1678 locum
2165 1642 2355 1688 unusquis-

1260 1699 1329 1735 que
1352 1699 1419 1724 sua
1441 1689 1626 1724 voluntate
1648 1688 1757 1731 facit,
1792 1689 1877 1724 dum
1908 1692 2088 1724 mortuum
2110 1687 2219 1723 infert
2241 1688 2279 1723 in
2301 1688 2355 1723 lo·

1260 1745 1343 1769 cum
1378 1744 1494 1769 suum.
1541 1733 1579 1768 in
1613 1744 1802 1769 commune
1833 1737 1953 1769 autem
1988 1733 2218 1778 sepulchrum
2249 1732 2353 1769 etiam

1258 1778 1378 1814 invitis
1402 1778 1529 1814 ceteris
1553 1778 1638 1813 licet
1659 1778 1803 1814 inferre.
1851 1778 1916 1814 sed
1940 1781 1976 1813 et
1998 1778 2036 1813 in
2059 1778 2214 1813 alienum
2237 1778 2353 1814 locum

1260 1823 1479 1860 concedente
1503 1822 1646 1859 domino
1670 1823 1755 1859 licet
1776 1822 1930 1859 inferre:
1964 1827 2000 1858 et
2029 1823 2116 1858 licet
2147 1826 2275 1868 postea
2297 1833 2354 1858 ra-

1259 1873 1336 1904 tum
1348 1870 1376 1890 ¹⁵
1399 1869 1566 1904 habuerit
1589 1879 1697 1914 quam
1719 1868 1840 1904 illatus
1865 1872 1919 1904 est
1953 1871 2134 1911 mortuus,
2169 1867 2356 1913 religiosus

1259 1918 1278 1949 5
1326 1914 1428 1950 locus
1458 1914 1510 1949 fit.
1559 1912 1818 1959 Cenotaphium
1849 1924 1992 1959 quoque
2025 1913 2137 1958 magis
2160 1913 2280 1958 placet
2302 1913 2356 1948 lo·
2423 1952 2426 1955 Δ

1260 1970 1342 2039 ethin
1365 1969 1442 2026 ‘iisse
1464 1958 1686 2004 religiosum,
1719 1959 1814 1995 sicut
1846 1959 1948 1995 testis
1978 1958 2017 1994 in
2052 1968 2095 1994 ea
2123 1968 2165 1993 re
2189 1962 2244 1994 est
2266 1958 2354 1994 Ver-

1282 2017 1292 2039 1
1320 2015 1363 2040 us
1406 2031 1414 2040 .

1258 2017 1281 2050 g
1307 2047 1330 2085 7
1345 2050 1373 2071 ¹⁷
1403 2048 1599 2086 meum
1619 2048 1711 2085 libro
1734 2049 1926 2084 vicensimo
1958 2049 2085 2095 quinto
2120 2048 2171 2084 acl
2200 2048 2354 2085 edictum

1259 2095 1330 2130 Sed
1354 2094 1425 2130 divi
1449 2093 1581 2130 fratres
1605 2097 1733 2129 contra
1755 2094 2026 2139 rescripserunt.

1306 2137 1330 2178 8
1355 2139 1592 2175 Mmomvvs
1622 2139 1714 2175 libro
1749 2142 1881 2185 quarto
1914 2150 1956 2174 re
1982 2139 2126 2174 ularum
2185 2137 2356 2174 Sanctum

1260 2190 1325 2227 est,
1350 2184 1448 2230 quod
1471 2184 1517 2220 ab
1541 2183 1673 2220 iniuria
1693 2184 1877 2219 hominum
1901 2182 1945 2219 de
1963 2194 2088 2219 ensum
2111 2187 2220 2229 atque
2239 2184 2354 2218 muni-

1264 2234 1275 2264 1
1327 2235 1403 2265 tum
1427 2233 1491 2265 est.
1539 2229 1712 2264 Sanctum
1743 2232 1863 2264 autem
1896 2228 2031 2264 dictum
2065 2232 2120 2264 est
2143 2239 2165 2263 a
2188 2229 2355 2273 sagmini-

1258 2275 1348 2311 bus:
1395 2278 1480 2311 sunt
1514 2279 1635 2310 autem
1670 2274 1830 2319 sagmina
1865 2274 2042 2319 quaedam
2076 2274 2228 2316 herbae,
2265 2284 2354 2319 quas

1257 2320 1364 2366 legati
1392 2320 1518 2366 populi
1551 2319 1706 2355 Romani
1736 2319 1831 2355 ferre
1862 2319 1989 2361 solent,
2022 2329 2068 2354 ne
2092 2318 2170 2364 quis
2196 2329 2257 2354 eos
2281 2319 2355 2354 vio-

1258 2366 1360 2407 laret,
1381 2364 1479 2404 sicut
1498 2364 1606 2409 legati
1628 2364 1847 2400 Graecorum
1866 2364 1988 2399 ferunt
2007 2374 2051 2399 ea
2071 2374 2163 2408 quae
2181 2366 2356 2399 vocantur

1265 2409 1285 2442 2
1333 2409 1487 2453 cerycia.
1526 2409 1570 2444 In
1585 2407 1792 2452 municipiis
1810 2417 1951 2452 quoque
1967 2417 2088 2442 muros
2106 2417 2185 2442 esse
2205 2408 2350 2442 sanctos

1259 2455 1431 2491 Sabinum
1453 2458 1551 2490 recte
1574 2453 1800 2499 respondisse
1825 2452 1968 2487 Cassius
1992 2451 2121 2494 refert,
2154 2452 2353 2497 prohiberi-

1259 2511 1328 2546 que
1352 2511 1372 2536 o
1402 2503 1519 2544 ortere
1541 2509 1587 2534 ne
1634 2498 1696 2533 uid
1718 2498 1756 2533 in
1778 2498 1834 2533 his
1857 2497 2116 2532 immitteretur.

1256 2562 1263 2577 0
1305 2543 1330 2582 9
1390 2553 1559 2580 amanus
1583 2543 1613 2579 li
1634 2554 1677 2578 ro
1700 2543 1953 2588 sexaqensimo
1977 2545 2104 2578 octavo
2129 2541 2179 2578 ad
2200 2542 2351 2579 edictum

1260 2590 1373 2626 Sacra
1394 2589 1475 2625 loca
1499 2599 1541 2624 ea
1565 2591 1660 2631 sunt,
1685 2597 1777 2633 quae
1798 2587 1941 2632 publice
1963 2590 2050 2622 sunt
2073 2586 2256 2630 dedicata,
2281 2588 2354 2624 sive

1264 2639 1277 2671 l
1327 2636 1364 2670 in
1389 2634 1531 2679 civitate
1554 2633 1626 2669 sint
1649 2633 1722 2668 sive
1745 2632 1783 2667 in
1808 2643 1904 2677 agro.
1951 2631 2142 2668 Sciendum
2162 2636 2217 2668 est
2236 2632 2353 2669 locum

1261 2681 1441 2726 publicum
1457 2680 1484 2700 ¹⁸
1506 2682 1593 2714 tunc
1622 2688 1766 2714 sacrum
1798 2676 1875 2712 fieri
1906 2688 2031 2723 posse,
2068 2688 2150 2713 cum
2185 2677 2353 2724 princeps

1261 2730 1280 2761 2
1329 2736 1408 2761 eum
1421 2723 1599 2759 dedicavit
1610 2723 1665 2759 vel
1678 2722 1866 2758 dedicandi
1879 2721 1976 2758 dedit
1987 2726 2213 2768 potestatem.
2260 2723 2352 2758 Illud

1261 2770 1457 2806 notandum
1481 2772 1536 2804 est
1559 2768 1657 2803 aliud
1681 2778 1759 2803 esse
1782 2778 1927 2803 sacrum
1949 2767 2079 2811 locum,
2104 2768 2204 2803 aliud
2227 2778 2351 2804 sacra-

1260 2815 1363 2850 rium.
1412 2824 1515 2849 sacer
1536 2813 1638 2849 locus
1663 2816 1718 2848 est
1740 2813 1841 2848 locus
1866 2817 2120 2856 consecratus,
2155 2814 2351 2849 sacrarium

1261 2864 1315 2895 est
1337 2860 1458 2901 locus,
1489 2858 1527 2894 in
1551 2869 1620 2903 quo
1646 2868 1751 2893 sacra
1773 2862 2014 2904 reponuntur,
2048 2858 2145 2904 quod
2177 2858 2285 2894 etiam
2314 2858 2351 2893 in

1261 2904 1423 2940 aedificio
1436 2903 1575 2949 privato
1590 2913 1667 2939 esse
1678 2906 1808 2948 potest,
1823 2906 1859 2939 et
1870 2903 1996 2946 solent,
2017 2904 2078 2949 qui
2097 2903 2250 2939 liberare
2271 2914 2353 2939 eum

1262 2954 1281 2985 3
1329 2950 1447 2985 locum
1471 2948 1638 2993 religione
1660 2948 1795 2991 volunt,
1820 2959 1925 2984 sacra
1947 2948 2031 2984 inde
2055 2959 2214 2984 evocare.
2262 2949 2353 2984 Pro-

1262 2995 1337 3040 prie
1355 2994 1504 3029 dicimus
1524 2997 1661 3036 sancta,
1686 3003 1778 3039 quae
1800 3003 1915 3039 neque
1938 3003 2043 3029 sacra
2065 3003 2180 3039 neque
2200 2993 2353 3039 profana

1261 3044 1367 3082 sunt,
1402 3038 1465 3075 sed
1499 3038 1685 3074 sanctione
1719 3038 1874 3084 quadam
1909 3038 2139 3074 confirmata:
2183 3042 2225 3073 ut
2257 3038 2351 3084 leges

1261 3088 1409 3121 sanctae
1432 3086 1534 3126 sunt,
1558 3083 1742 3119 sanctione
1764 3083 1857 3119 enim
1880 3084 2034 3129 quadam
2057 3086 2142 3119 sunt
2165 3083 2351 3119 subnixae.

1262 3130 1357 3175 quod
1369 3129 1461 3165 enim
1473 3129 1659 3164 sanctione
1671 3128 1823 3174 quadam
1836 3129 2027 3164 subnixum
2046 3131 2110 3171 est,
2131 3128 2168 3163 id
2186 3132 2352 3164 sanctum

1262 3180 1326 3217 est,
1359 3173 1426 3210 etsi
1450 3173 1516 3210 deo
1548 3184 1621 3209 non
1651 3174 1698 3209 sit
1730 3178 1996 3209 consecratum:
2034 3177 2069 3209 et
2102 3173 2280 3209 interdum
2313 3175 2353 3209 in

1262 3218 1506 3255 sanctionibus
1530 3218 1693 3261 adicitur,
1717 3222 1759 3254 ut
1777 3219 1838 3264 qui
1857 3219 1907 3255 ibi
1926 3219 2059 3264 aliquid
2079 3218 2264 3260 commisit,
2290 3228 2350 3253 ca-

1261 3268 1283 3300 4
1329 3265 1403 3310 pite
1425 3263 1606 3309 puniatur.
1653 3263 1780 3300 Muros
1803 3267 1924 3300 autem
1946 3264 2180 3309 municipales
2204 3273 2270 3298 nec
2293 3273 2350 3297 re-

1264 3377 1390 3408 siccare
1403 3379 1437 3409 et
1455 3387 1495 3409 ex
1514 3387 1605 3410 mare
1624 3376 1784 3410 reducere
1804 3377 1987 3417 (maredere
1999 3377 2075 3417 F¹):
2101 3378 2182 3410 idem
2204 3376 2348 3419 leqerunt

1267 3421 1390 3455 Graeci
1396 3434 1407 3455 .·
1420 3423 1484 3466 fuit
1495 3422 1581 3454 retia
1592 3433 1631 3455 ex
1639 3422 1725 3455 mari
1737 3422 1897 3455 reducere
1910 3425 1943 3454 et
1951 3422 2078 3454 siccare
2114 3423 2171 3461 (13)
2186 3421 2221 3452 in
2231 3433 2288 3453 om.
2302 3420 2336 3452 F
2338 3419 2350 3439 ²

1263 3467 1320 3507 (14)
1348 3470 1442 3505 §im
1452 3466 1634 3509 Imt.2,1‚c;
1650 3472 1686 3506 §4
1698 3483 1744 3496 =
1755 3468 1835 3501 Inst.
1850 3468 1882 3506 2,
1896 3474 1919 3507 1,
1935 3474 1952 3500 9
2011 3467 2069 3508 (15)
2084 3476 2151 3498 non
2165 3466 2224 3498 ins.
2238 3465 2267 3498 S
2279 3477 2349 3498 cum

1261 3511 1342 3544 Inst.
1357 3512 1397 3544 lib
1405 3512 1449 3545 ris
1457 3512 1624 3556 plerisque
1635 3519 1749 3546 contra
1760 3513 1796 3545 F
1802 3519 1832 3545 et
1849 3511 1994 3546 Graecos
2063 3512 2122 3551 (16)
2137 3510 2218 3543 Aen.
2229 3510 2260 3550 3,
2271 3516 2326 3544 303
2338 3523 2346 3543 ε

1260 3554 1387 3588 libabat
1413 3556 1521 3589 cineri
1539 3556 1772 3589 Andromache
1791 3566 1970 3597 manesque
1989 3553 2131 3587 vocabat
2141 3555 2349 3587 Hectoreum

1261 3600 1300 3633 ad
1323 3600 1497 3642 tumulum,
1510 3601 1613 3634 viridi
1631 3612 1729 3643 quem
1742 3601 1888 3644 caespite
1901 3601 2035 3632 inanem
2048 3602 2081 3632 et
2092 3600 2253 3641 geminas,
2267 3610 2350 3632 cau-

1262 3645 1351 3678 saml
1373 3646 1499 3685 crimis,
1510 3648 1700 3679 sacraverat
1708 3656 1794 3678 aras.
1825 3646 2012 3689 Csib.6,505
2085 3646 2143 3687 (17)
2168 3661 2213 3674 =
2232 3645 2279 3678 D.
2292 3646 2344 3687 11,

1260 3697 1287 3728 Ἰ,
1302 3697 1331 3726 6.
1427 3693 1486 3730 (18)
1512 3691 1672 3733 pubicum
1686 3692 1720 3723 F

2025 3746 2073 3777 2*
