<?xml version="1.0" encoding="UTF-8"?>
<!DOCTYPE html PUBLIC "-//W3C//DTD XHTML 1.0 Transitional//EN"
    "http://www.w3.org/TR/xhtml1/DTD/xhtml1-transitional.dtd">
<html xmlns="http://www.w3.org/1999/xhtml" xml:lang="en" lang="en">
 <head>
  <title>
</title>
<meta http-equiv="Content-Type" content="text/html;charset=utf-8" />
  <meta name='ocr-system' content='tesseract 3.04.00' />
  <meta name='ocr-capabilities' content='ocr_page ocr_carea ocr_par ocr_line ocrx_word'/>
</head>
<body>
  <div class='ocr_page' id='page_1' title='image "./corpusjuriscivil01krueuoft_0879.png"; bbox 0 0 2528 3918; ppageno 0'>
   <div class='ocr_carea' id='block_1_1' title="bbox 87 146 613 178">
    <p class='ocr_par' dir='ltr' id='par_1_1' title="bbox 87 146 613 178">
     <span class='ocr_line' id='line_1_1' title="bbox 87 146 613 178; baseline -0.002 0"><span class='ocrx_word' id='word_1_1' title='bbox 87 149 145 178; x_wconf 76' lang='lat' dir='ltr'>DE</span> <span class='ocrx_word' id='word_1_2' title='bbox 175 146 377 178; x_wconf 77' lang='lat' dir='ltr'>PRIVATIS</span> <span class='ocrx_word' id='word_1_3' title='bbox 408 146 613 178; x_wconf 79' lang='lat' dir='ltr'>DELICTIS</span> 
     </span>
    </p>
   </div>
   <div class='ocr_carea' id='block_1_2' title="bbox 85 253 1180 2073">
    <p class='ocr_par' dir='ltr' id='par_1_2' title="bbox 85 253 1178 1847">
     <span class='ocr_line' id='line_1_2' title="bbox 86 253 1169 300; baseline -0.006 -5"><span class='ocrx_word' id='word_1_4' title='bbox 86 264 198 296; x_wconf 87' lang='lat' dir='ltr'>ratam</span> <span class='ocrx_word' id='word_1_5' title='bbox 222 270 297 294; x_wconf 89' lang='lat' dir='ltr'>rem</span> <span class='ocrx_word' id='word_1_6' title='bbox 321 269 393 294; x_wconf 89' lang='lat' dir='ltr'>non</span> <span class='ocrx_word' id='word_1_7' title='bbox 415 256 591 300; x_wconf 87' lang='lat' dir='ltr'>habuerit,</span> <span class='ocrx_word' id='word_1_8' title='bbox 616 255 680 292; x_wconf 89' lang='lat' dir='ltr'>sed</span> <span class='ocrx_word' id='word_1_9' title='bbox 702 255 764 291; x_wconf 88' lang='lat' dir='ltr'>lite</span> <span class='ocrx_word' id='word_1_10' title='bbox 787 258 884 290; x_wconf 86' lang='lat' dir='ltr'>mota</span> <span class='ocrx_word' id='word_1_11' title='bbox 907 266 981 290; x_wconf 88' lang='lat' dir='ltr'>rem</span> <span class='ocrx_word' id='word_1_12' title='bbox 1002 253 1169 296; x_wconf 87' lang='lat' dir='ltr'>amiserit,</span> 
     </span>
     <span class='ocr_line' id='line_1_3' title="bbox 86 300 1171 354; baseline -0.006 -14"><span class='ocrx_word' id='word_1_13' title='bbox 86 306 171 341; x_wconf 86' lang='lat' dir='ltr'>nihil</span> <span class='ocrx_word' id='word_1_14' title='bbox 195 309 336 350; x_wconf 86' lang='lat' dir='ltr'>praeter</span> <span class='ocrx_word' id='word_1_15' title='bbox 360 304 406 339; x_wconf 91' lang='lat' dir='ltr'>im</span> <span class='ocrx_word' id='word_1_16' title='bbox 434 303 538 339; x_wconf 86' lang='lat' dir='ltr'>endia</span> <span class='ocrx_word' id='word_1_17' title='bbox 567 302 605 337; x_wconf 88' lang='lat' dir='ltr'>in</span> <span class='ocrx_word' id='word_1_18' title='bbox 632 300 919 354; x_wconf 84' lang='lat' dir='ltr'>stipulationem¹</span> <span class='ocrx_word' id='word_1_19' title='bbox 953 305 1068 336; x_wconf 79' lang='lat' dir='ltr'>ratam</span> <span class='ocrx_word' id='word_1_20' title='bbox 1096 310 1171 335; x_wconf 90' lang='lat' dir='ltr'>rem</span> 
     </span>
     <span class='ocr_line' id='line_1_4' title="bbox 86 344 1172 391; baseline -0.004 -5"><span class='ocrx_word' id='word_1_21' title='bbox 86 355 106 387; x_wconf 87' lang='grc'><strong>6</strong></span> <span class='ocrx_word' id='word_1_22' title='bbox 153 350 350 386; x_wconf 82' lang='lat' dir='ltr'><strong>deducitur.</strong></span> <span class='ocrx_word' id='word_1_23' title='bbox 427 348 621 384; x_wconf 73' lang='lat' dir='ltr'>UMANUS2.</span> <span class='ocrx_word' id='word_1_24' title='bbox 659 346 698 381; x_wconf 84' lang='lat' dir='ltr'>Si</span> <span class='ocrx_word' id='word_1_25' title='bbox 725 347 952 391; x_wconf 81' lang='lat' dir='ltr'>procuratori</span> <span class='ocrx_word' id='word_1_26' title='bbox 983 346 1077 389; x_wconf 88' lang='lat' dir='ltr'>eius,</span> <span class='ocrx_word' id='word_1_27' title='bbox 1111 344 1172 389; x_wconf 76' lang='lat' dir='ltr'>qui</span> 
     </span>
     <span class='ocr_line' id='line_1_5' title="bbox 85 390 1170 438; baseline -0.006 -6"><span class='ocrx_word' id='word_1_28' title='bbox 85 400 247 432; x_wconf 87' lang='lat' dir='ltr'>mortuus</span> <span class='ocrx_word' id='word_1_29' title='bbox 271 399 363 438; x_wconf 89' lang='lat' dir='ltr'>erat,</span> <span class='ocrx_word' id='word_1_30' title='bbox 397 394 473 430; x_wconf 90' lang='lat' dir='ltr'>sine</span> <span class='ocrx_word' id='word_1_31' title='bbox 495 392 613 427; x_wconf 89' lang='lat' dir='ltr'>iudice</span> <span class='ocrx_word' id='word_1_32' title='bbox 637 392 756 427; x_wconf 88' lang='lat' dir='ltr'>soluta</span> <span class='ocrx_word' id='word_1_33' title='bbox 779 391 914 426; x_wconf 87' lang='lat' dir='ltr'>fuerint</span> <span class='ocrx_word' id='word_1_34' title='bbox 937 392 1074 436; x_wconf 86' lang='lat' dir='ltr'>legata,</span> <span class='ocrx_word' id='word_1_35' title='bbox 1106 390 1170 425; x_wconf 88' lang='lat' dir='ltr'>sti-</span> 
     </span>
     <span class='ocr_line' id='line_1_6' title="bbox 85 435 1171 488; baseline -0.007 -11"><span class='ocrx_word' id='word_1_36' title='bbox 85 441 219 488; x_wconf 87' lang='lat' dir='ltr'>pulatio</span> <span class='ocrx_word' id='word_1_37' title='bbox 245 440 503 481; x_wconf 86' lang='lat' dir='ltr'>committetur,</span> <span class='ocrx_word' id='word_1_38' title='bbox 535 437 604 472; x_wconf 91' lang='lat' dir='ltr'>nisi</span> <span class='ocrx_word' id='word_1_39' title='bbox 627 437 730 472; x_wconf 90' lang='lat' dir='ltr'>heres</span> <span class='ocrx_word' id='word_1_40' title='bbox 754 441 870 471; x_wconf 89' lang='lat' dir='ltr'>ratum</span> <span class='ocrx_word' id='word_1_41' title='bbox 894 436 1075 479; x_wconf 81' lang='lat' dir='ltr'>habuerit,</span> <span class='ocrx_word' id='word_1_42' title='bbox 1100 435 1171 470; x_wconf 90' lang='lat' dir='ltr'>uti-</span> 
     </span>
     <span class='ocr_line' id='line_1_7' title="bbox 86 482 1172 532; baseline -0.007 -10"><span class='ocrx_word' id='word_1_43' title='bbox 86 497 154 532; x_wconf 85' lang='lat' dir='ltr'>que</span> <span class='ocrx_word' id='word_1_44' title='bbox 177 487 208 522; x_wconf 91' lang='lat' dir='ltr'>si</span> <span class='ocrx_word' id='word_1_45' title='bbox 232 486 351 521; x_wconf 88' lang='lat' dir='ltr'>debita</span> <span class='ocrx_word' id='word_1_46' title='bbox 374 484 523 519; x_wconf 84' lang='lat' dir='ltr'>fuerint:</span> <span class='ocrx_word' id='word_1_47' title='bbox 557 488 644 517; x_wconf 89' lang='lat' dir='ltr'>tunc</span> <span class='ocrx_word' id='word_1_48' title='bbox 675 482 769 518; x_wconf 92' lang='lat' dir='ltr'>enim</span> <span class='ocrx_word' id='word_1_49' title='bbox 799 493 871 517; x_wconf 92' lang='lat' dir='ltr'>non</span> <span class='ocrx_word' id='word_1_50' title='bbox 897 482 1001 518; x_wconf 91' lang='lat' dir='ltr'>dubie</span> <span class='ocrx_word' id='word_1_51' title='bbox 1025 482 1172 516; x_wconf 88' lang='lat' dir='ltr'>interest</span> 
     </span>
     <span class='ocr_line' id='line_1_8' title="bbox 85 527 1172 577; baseline -0.006 -10"><span class='ocrx_word' id='word_1_52' title='bbox 85 532 306 577; x_wconf 87' lang='lat' dir='ltr'>stipulatoris</span> <span class='ocrx_word' id='word_1_53' title='bbox 335 534 450 565; x_wconf 90' lang='lat' dir='ltr'>ratam</span> <span class='ocrx_word' id='word_1_54' title='bbox 482 529 695 563; x_wconf 88' lang='lat' dir='ltr'>solutionem</span> <span class='ocrx_word' id='word_1_55' title='bbox 725 528 771 563; x_wconf 89' lang='lat' dir='ltr'>ab</span> <span class='ocrx_word' id='word_1_56' title='bbox 800 527 931 563; x_wconf 84' lang='lat' dir='ltr'>herede</span> <span class='ocrx_word' id='word_1_57' title='bbox 954 527 1096 568; x_wconf 86' lang='lat' dir='ltr'>haberi,</span> <span class='ocrx_word' id='word_1_58' title='bbox 1126 535 1172 561; x_wconf 89' lang='lat' dir='ltr'>ne</span> 
     </span>
     <span class='ocr_line' id='line_1_9' title="bbox 86 573 1173 620; baseline -0.006 -8"><span class='ocrx_word' id='word_1_59' title='bbox 86 582 103 612; x_wconf 87' lang='lat'>7</span> <span class='ocrx_word' id='word_1_60' title='bbox 154 577 208 612; x_wconf 88' lang='lat' dir='ltr'>bis</span> <span class='ocrx_word' id='word_1_61' title='bbox 241 576 365 611; x_wconf 87' lang='lat' dir='ltr'>eadem</span> <span class='ocrx_word' id='word_1_62' title='bbox 394 578 565 620; x_wconf 88' lang='lat' dir='ltr'>praestet.</span> <span class='ocrx_word' id='word_1_63' title='bbox 619 573 657 608; x_wconf 87' lang='lat' dir='ltr'>Si</span> <span class='ocrx_word' id='word_1_64' title='bbox 692 573 729 607; x_wconf 90' lang='lat' dir='ltr'>in</span> <span class='ocrx_word' id='word_1_65' title='bbox 761 573 1026 618; x_wconf 81' lang='lat' dir='ltr'>stipulationem</span> <span class='ocrx_word' id='word_1_66' title='bbox 1057 575 1173 606; x_wconf 87' lang='lat' dir='ltr'>ratam</span> 
     </span>
     <span class='ocr_line' id='line_1_10' title="bbox 86 617 1173 664; baseline -0.006 -7"><span class='ocrx_word' id='word_1_67' title='bbox 86 633 159 657; x_wconf 80' lang='lat' dir='ltr'>reni</span> <span class='ocrx_word' id='word_1_68' title='bbox 190 621 314 657; x_wconf 89' lang='lat' dir='ltr'>haberi</span> <span class='ocrx_word' id='word_1_69' title='bbox 345 621 519 655; x_wconf 88' lang='lat' dir='ltr'>hactenus</span> <span class='ocrx_word' id='word_1_70' title='bbox 553 619 849 664; x_wconf 90' lang='lat' dir='ltr'>comprehensum</span> <span class='ocrx_word' id='word_1_71' title='bbox 876 618 986 654; x_wconf 87' lang='lat' dir='ltr'>fuerit</span> <span class='ocrx_word' id='word_1_72' title='bbox 1010 617 1173 652; x_wconf 89' lang='lat' dir='ltr'>‘Lucium</span> 
     </span>
     <span class='ocr_line' id='line_1_11' title="bbox 86 664 1172 707; baseline -0.006 -4"><span class='ocrx_word' id='word_1_73' title='bbox 86 668 231 703; x_wconf 78' lang='lat' dir='ltr'>‘Titium</span> <span class='ocrx_word' id='word_1_74' title='bbox 255 671 372 701; x_wconf 89' lang='lat' dir='ltr'>ratum</span> <span class='ocrx_word' id='word_1_75' title='bbox 395 664 641 707; x_wconf 77' lang='lat' dir='ltr'>habiturum?’,</span> <span class='ocrx_word' id='word_1_76' title='bbox 674 675 754 699; x_wconf 93' lang='lat' dir='ltr'>cum</span> <span class='ocrx_word' id='word_1_77' title='bbox 783 664 820 698; x_wconf 88' lang='lat' dir='ltr'>id</span> <span class='ocrx_word' id='word_1_78' title='bbox 849 674 870 698; x_wconf 87' lang='lat' dir='ltr'>a</span> <span class='ocrx_word' id='word_1_79' title='bbox 898 668 971 698; x_wconf 90' lang='lat' dir='ltr'>erte</span> <span class='ocrx_word' id='word_1_80' title='bbox 996 666 1172 707; x_wconf 84' lang='lat' dir='ltr'>ageretur,</span> 
     </span>
     <span class='ocr_line' id='line_1_12' title="bbox 86 675 1173 754; baseline -0.006 -6"><span class='ocrx_word' id='word_1_81' title='bbox 86 718 125 748; x_wconf 88' lang='lat' dir='ltr'>ut</span> <span class='ocrx_word' id='word_1_82' title='bbox 150 712 289 748; x_wconf 88' lang='lat' dir='ltr'>heredis</span> <span class='ocrx_word' id='word_1_83' title='bbox 321 715 590 754; x_wconf 89' lang='lat' dir='ltr'>ceterorumque</span> <span class='ocrx_word' id='word_1_84' title='bbox 620 719 811 754; x_wconf 80' lang='lat' dir='ltr'>personae,</span> <span class='ocrx_word' id='word_1_85' title='bbox 842 675 893 744; x_wconf 58' lang='lat' dir='ltr'>ad,</span> <span class='ocrx_word' id='word_1_86' title='bbox 919 719 1009 753; x_wconf 87' lang='lat' dir='ltr'>quos</span> <span class='ocrx_word' id='word_1_87' title='bbox 1041 718 1085 743; x_wconf 88' lang='lat' dir='ltr'>ea</span> <span class='ocrx_word' id='word_1_88' title='bbox 1114 717 1173 741; x_wconf 88' lang='lat' dir='ltr'>res</span> 
     </span>
     <span class='ocr_line' id='line_1_13' title="bbox 86 752 1174 804; baseline -0.006 -11"><span class='ocrx_word' id='word_1_89' title='bbox 86 759 295 804; x_wconf 86' lang='lat' dir='ltr'>pertineret,</span> <span class='ocrx_word' id='word_1_90' title='bbox 321 756 585 798; x_wconf 88' lang='lat' dir='ltr'>omitterentur,</span> <span class='ocrx_word' id='word_1_91' title='bbox 613 755 780 790; x_wconf 86' lang='lat' dir='ltr'>³difficile</span> <span class='ocrx_word' id='word_1_92' title='bbox 805 759 860 789; x_wconf 91' lang='lat' dir='ltr'>est</span> <span class='ocrx_word' id='word_1_93' title='bbox 883 753 1077 789; x_wconf 84' lang='lat' dir='ltr'>existimari</span> <span class='ocrx_word' id='word_1_94' title='bbox 1103 752 1174 787; x_wconf 91' lang='lat' dir='ltr'>doli</span> 
     </span>
     <span class='ocr_line' id='line_1_14' title="bbox 87 798 1173 844; baseline -0.006 -5"><span class='ocrx_word' id='word_1_95' title='bbox 87 803 284 839; x_wconf 82' lang='lat' dir='ltr'>clausulam</span> <span class='ocrx_word' id='word_1_96' title='bbox 320 801 500 838; x_wconf 85' lang='lat' dir='ltr'>committi.</span> <span class='ocrx_word' id='word_1_97' title='bbox 558 811 643 836; x_wconf 85' lang='lat' dir='ltr'>sane</span> <span class='ocrx_word' id='word_1_98' title='bbox 682 811 762 835; x_wconf 89' lang='lat' dir='ltr'>cum</span> <span class='ocrx_word' id='word_1_99' title='bbox 797 810 862 844; x_wconf 91' lang='lat' dir='ltr'>per</span> <span class='ocrx_word' id='word_1_100' title='bbox 898 798 1173 843; x_wconf 81' lang='lat' dir='ltr'>imprudentiam</span> 
     </span>
     <span class='ocr_line' id='line_1_15' title="bbox 86 844 1171 893; baseline -0.006 -9"><span class='ocrx_word' id='word_1_101' title='bbox 86 850 153 884; x_wconf 90' lang='lat' dir='ltr'>hae</span> <span class='ocrx_word' id='word_1_102' title='bbox 175 857 352 893; x_wconf 81' lang='lat' dir='ltr'>personae</span> <span class='ocrx_word' id='word_1_103' title='bbox 376 846 594 889; x_wconf 90' lang='lat' dir='ltr'>omittantur,</span> <span class='ocrx_word' id='word_1_104' title='bbox 620 845 713 880; x_wconf 88' lang='lat' dir='ltr'>actio</span> <span class='ocrx_word' id='word_1_105' title='bbox 739 856 782 880; x_wconf 84' lang='lat' dir='ltr'>ex</span> <span class='ocrx_word' id='word_1_106' title='bbox 803 845 875 880; x_wconf 91' lang='lat' dir='ltr'>doli</span> <span class='ocrx_word' id='word_1_107' title='bbox 894 844 1055 880; x_wconf 83' lang='lat' dir='ltr'>clausula</span> <span class='ocrx_word' id='word_1_108' title='bbox 1076 853 1171 878; x_wconf 91' lang='lat' dir='ltr'>com-</span> 
     </span>
     <span class='ocr_line' id='line_1_16' title="bbox 87 888 1172 939; baseline -0.006 -10"><span class='ocrx_word' id='word_1_109' title='bbox 87 898 106 929; x_wconf 81' lang='grc'>8</span> <span class='ocrx_word' id='word_1_110' title='bbox 151 894 253 939; x_wconf 84' lang='lat' dir='ltr'>petit.</span> <span class='ocrx_word' id='word_1_111' title='bbox 301 892 338 928; x_wconf 91' lang='lat' dir='ltr'>Si</span> <span class='ocrx_word' id='word_1_112' title='bbox 368 896 584 937; x_wconf 90' lang='lat' dir='ltr'>procurator</span> <span class='ocrx_word' id='word_1_113' title='bbox 613 890 783 926; x_wconf 90' lang='lat' dir='ltr'>iudicium</span> <span class='ocrx_word' id='word_1_114' title='bbox 812 890 855 925; x_wconf 90' lang='lat' dir='ltr'>de</span> <span class='ocrx_word' id='word_1_115' title='bbox 879 889 1075 924; x_wconf 88' lang='lat' dir='ltr'>hereditate</span> <span class='ocrx_word' id='word_1_116' title='bbox 1100 888 1172 923; x_wconf 87' lang='lat' dir='ltr'>edi-</span> 
     </span>
     <span class='ocr_line' id='line_1_17' title="bbox 86 935 1173 982; baseline -0.005 -8"><span class='ocrx_word' id='word_1_117' title='bbox 86 940 194 982; x_wconf 88' lang='lat' dir='ltr'>derit,</span> <span class='ocrx_word' id='word_1_118' title='bbox 229 938 356 973; x_wconf 89' lang='lat' dir='ltr'>deinde</span> <span class='ocrx_word' id='word_1_119' title='bbox 387 937 550 972; x_wconf 91' lang='lat' dir='ltr'>dominus</span> <span class='ocrx_word' id='word_1_120' title='bbox 582 936 730 971; x_wconf 84' lang='lat' dir='ltr'>fundum</span> <span class='ocrx_word' id='word_1_121' title='bbox 754 946 798 970; x_wconf 84' lang='lat' dir='ltr'>ex</span> <span class='ocrx_word' id='word_1_122' title='bbox 823 945 864 970; x_wconf 88' lang='lat' dir='ltr'>ea</span> <span class='ocrx_word' id='word_1_123' title='bbox 889 935 1087 970; x_wconf 87' lang='lat' dir='ltr'>hereditate</span> <span class='ocrx_word' id='word_1_124' title='bbox 1110 944 1173 979; x_wconf 89' lang='lat' dir='ltr'>pe-</span> 
     </span>
     <span class='ocr_line' id='line_1_18' title="bbox 86 979 1173 1028; baseline -0.006 -9"><span class='ocrx_word' id='word_1_125' title='bbox 86 985 193 1026; x_wconf 89' lang='lat' dir='ltr'>tierit,</span> <span class='ocrx_word' id='word_1_126' title='bbox 219 983 400 1028; x_wconf 85' lang='lat' dir='ltr'>stipulatio</span> <span class='ocrx_word' id='word_1_127' title='bbox 426 986 541 1017; x_wconf 87' lang='lat' dir='ltr'>ratam</span> <span class='ocrx_word' id='word_1_128' title='bbox 561 992 635 1017; x_wconf 89' lang='lat' dir='ltr'>rem</span> <span class='ocrx_word' id='word_1_129' title='bbox 654 981 780 1016; x_wconf 90' lang='lat' dir='ltr'>haberi</span> <span class='ocrx_word' id='word_1_130' title='bbox 798 981 1051 1023; x_wconf 87' lang='lat' dir='ltr'>committetur,</span> <span class='ocrx_word' id='word_1_131' title='bbox 1077 979 1173 1025; x_wconf 88' lang='lat' dir='ltr'>quia,</span> 
     </span>
     <span class='ocr_line' id='line_1_19' title="bbox 86 1025 1174 1074; baseline -0.006 -9"><span class='ocrx_word' id='word_1_132' title='bbox 86 1031 116 1066; x_wconf 92' lang='lat' dir='ltr'>si</span> <span class='ocrx_word' id='word_1_133' title='bbox 139 1040 243 1065; x_wconf 86' lang='lat' dir='ltr'>verus</span> <span class='ocrx_word' id='word_1_134' title='bbox 275 1032 489 1074; x_wconf 89' lang='lat' dir='ltr'>procurator</span> <span class='ocrx_word' id='word_1_135' title='bbox 520 1027 666 1068; x_wconf 87' lang='lat' dir='ltr'>fuisset,</span> <span class='ocrx_word' id='word_1_136' title='bbox 708 1026 870 1071; x_wconf 85' lang='lat' dir='ltr'>exceptio</span> <span class='ocrx_word' id='word_1_137' title='bbox 908 1026 960 1061; x_wconf 89' lang='lat' dir='ltr'>rei</span> <span class='ocrx_word' id='word_1_138' title='bbox 994 1025 1174 1060; x_wconf 89' lang='lat' dir='ltr'>iudicatae</span> 
     </span>
     <span class='ocr_line' id='line_1_20' title="bbox 86 1070 1172 1117; baseline -0.006 -7"><span class='ocrx_word' id='word_1_139' title='bbox 86 1075 267 1111; x_wconf 86' lang='lat' dir='ltr'>dominum</span> <span class='ocrx_word' id='word_1_140' title='bbox 298 1076 543 1110; x_wconf 90' lang='lat' dir='ltr'>summoveret.</span> <span class='ocrx_word' id='word_1_141' title='bbox 596 1073 805 1117; x_wconf 88' lang='lat' dir='ltr'>plerumque</span> <span class='ocrx_word' id='word_1_142' title='bbox 837 1075 955 1106; x_wconf 89' lang='lat' dir='ltr'>autem</span> <span class='ocrx_word' id='word_1_143' title='bbox 986 1070 1172 1116; x_wconf 84' lang='lat' dir='ltr'>stipulatio</span> 
     </span>
     <span class='ocr_line' id='line_1_21' title="bbox 85 1117 1173 1161; baseline -0.006 -5"><span class='ocrx_word' id='word_1_144' title='bbox 85 1126 201 1156; x_wconf 86' lang='lat' dir='ltr'>ratam</span> <span class='ocrx_word' id='word_1_145' title='bbox 230 1130 303 1155; x_wconf 90' lang='lat' dir='ltr'>rem</span> <span class='ocrx_word' id='word_1_146' title='bbox 336 1119 460 1154; x_wconf 89' lang='lat' dir='ltr'>haberi</span> <span class='ocrx_word' id='word_1_147' title='bbox 490 1117 546 1153; x_wconf 88' lang='lat' dir='ltr'>his</span> <span class='ocrx_word' id='word_1_148' title='bbox 573 1118 716 1153; x_wconf 88' lang='lat' dir='ltr'>casibus</span> <span class='ocrx_word' id='word_1_149' title='bbox 741 1118 1001 1157; x_wconf 82' lang='lat' dir='ltr'>committetur,</span> <span class='ocrx_word' id='word_1_150' title='bbox 1034 1117 1173 1161; x_wconf 90' lang='lat' dir='ltr'>quibus,</span> 
     </span>
     <span class='ocr_line' id='line_1_22' title="bbox 86 1162 1174 1209; baseline -0.006 -7"><span class='ocrx_word' id='word_1_151' title='bbox 86 1167 118 1202; x_wconf 92' lang='lat' dir='ltr'>si</span> <span class='ocrx_word' id='word_1_152' title='bbox 148 1176 252 1201; x_wconf 88' lang='lat' dir='ltr'>verus</span> <span class='ocrx_word' id='word_1_153' title='bbox 284 1167 497 1209; x_wconf 89' lang='lat' dir='ltr'>procurator</span> <span class='ocrx_word' id='word_1_154' title='bbox 529 1163 674 1208; x_wconf 85' lang='lat' dir='ltr'>egisset,</span> <span class='ocrx_word' id='word_1_155' title='bbox 713 1162 855 1198; x_wconf 90' lang='lat' dir='ltr'>domino</span> <span class='ocrx_word' id='word_1_156' title='bbox 893 1166 957 1196; x_wconf 90' lang='lat' dir='ltr'>aut</span> <span class='ocrx_word' id='word_1_157' title='bbox 986 1162 1065 1206; x_wconf 90' lang='lat' dir='ltr'>ipso</span> <span class='ocrx_word' id='word_1_158' title='bbox 1097 1162 1174 1196; x_wconf 91' lang='lat' dir='ltr'>iure</span> 
     </span>
     <span class='ocr_line' id='line_1_23' title="bbox 86 1206 1174 1255; baseline -0.006 -9"><span class='ocrx_word' id='word_1_159' title='bbox 86 1216 106 1246; x_wconf 76' lang='grc'><strong>9</strong></span> <span class='ocrx_word' id='word_1_160' title='bbox 154 1216 217 1246; x_wconf 90' lang='lat' dir='ltr'>aut</span> <span class='ocrx_word' id='word_1_161' title='bbox 240 1214 390 1255; x_wconf 89' lang='lat' dir='ltr'>propter</span> <span class='ocrx_word' id='word_1_162' title='bbox 413 1209 654 1253; x_wconf 82' lang='lat' dir='ltr'>exceptionem</span> <span class='ocrx_word' id='word_1_163' title='bbox 679 1208 772 1242; x_wconf 91' lang='lat' dir='ltr'>actio</span> <span class='ocrx_word' id='word_1_164' title='bbox 797 1207 933 1242; x_wconf 89' lang='lat' dir='ltr'>inutilis</span> <span class='ocrx_word' id='word_1_165' title='bbox 957 1210 1063 1243; x_wconf 91' lang='lat' dir='ltr'>esset.</span> <span class='ocrx_word' id='word_1_166' title='bbox 1106 1206 1174 1250; x_wconf 77' lang='lat' dir='ltr'>Qui</span> 
     </span>
     <span class='ocr_line' id='line_1_24' title="bbox 112 1252 1175 1298; baseline -0.005 -7"><span class='ocrx_word' id='word_1_167' title='bbox 112 1257 198 1292; x_wconf 89' lang='lat' dir='ltr'>atris</span> <span class='ocrx_word' id='word_1_168' title='bbox 238 1256 381 1290; x_wconf 89' lang='lat' dir='ltr'>nomine</span> <span class='ocrx_word' id='word_1_169' title='bbox 411 1255 622 1289; x_wconf 89' lang='lat' dir='ltr'>iniuriarum</span> <span class='ocrx_word' id='word_1_170' title='bbox 653 1254 726 1298; x_wconf 87' lang='lat' dir='ltr'>agit</span> <span class='ocrx_word' id='word_1_171' title='bbox 757 1254 802 1288; x_wconf 92' lang='lat' dir='ltr'>ob</span> <span class='ocrx_word' id='word_1_172' title='bbox 836 1263 913 1288; x_wconf 90' lang='lat' dir='ltr'>eam</span> <span class='ocrx_word' id='word_1_173' title='bbox 945 1263 1038 1296; x_wconf 91' lang='lat' dir='ltr'>rem,</span> <span class='ocrx_word' id='word_1_174' title='bbox 1080 1252 1175 1296; x_wconf 86' lang='lat' dir='ltr'>quod</span> 
     </span>
     <span class='ocr_line' id='line_1_25' title="bbox 113 1297 1175 1343; baseline -0.006 -6"><span class='ocrx_word' id='word_1_175' title='bbox 113 1303 179 1337; x_wconf 91' lang='lat' dir='ltr'>lius</span> <span class='ocrx_word' id='word_1_176' title='bbox 211 1302 288 1336; x_wconf 89' lang='lat' dir='ltr'>eius</span> <span class='ocrx_word' id='word_1_177' title='bbox 315 1300 524 1335; x_wconf 88' lang='lat' dir='ltr'>verberatus</span> <span class='ocrx_word' id='word_1_178' title='bbox 548 1299 757 1343; x_wconf 86' lang='lat' dir='ltr'>pulsatusve</span> <span class='ocrx_word' id='word_1_179' title='bbox 781 1299 845 1340; x_wconf 87' lang='lat' dir='ltr'>sit,</span> <span class='ocrx_word' id='word_1_180' title='bbox 878 1299 915 1333; x_wconf 90' lang='lat' dir='ltr'>in</span> <span class='ocrx_word' id='word_1_181' title='bbox 947 1297 1175 1342; x_wconf 85' lang='lat' dir='ltr'>stipulatione</span> 
     </span>
     <span class='ocr_line' id='line_1_26' title="bbox 87 1343 1174 1392; baseline -0.006 -9"><span class='ocrx_word' id='word_1_182' title='bbox 87 1346 264 1392; x_wconf 87' lang='lat' dir='ltr'>cogendus</span> <span class='ocrx_word' id='word_1_183' title='bbox 295 1350 350 1381; x_wconf 91' lang='lat' dir='ltr'>est</span> <span class='ocrx_word' id='word_1_184' title='bbox 378 1345 442 1380; x_wconf 88' lang='lat' dir='ltr'>filii</span> <span class='ocrx_word' id='word_1_185' title='bbox 474 1355 615 1389; x_wconf 91' lang='lat' dir='ltr'>quoque</span> <span class='ocrx_word' id='word_1_186' title='bbox 648 1355 838 1390; x_wconf 87' lang='lat' dir='ltr'>personam</span> <span class='ocrx_word' id='word_1_187' title='bbox 863 1343 1174 1388; x_wconf 84' lang='lat' dir='ltr'>comprehendere,</span> 
     </span>
     <span class='ocr_line' id='line_1_27' title="bbox 87 1388 1175 1439; baseline -0.006 -11"><span class='ocrx_word' id='word_1_188' title='bbox 87 1391 295 1439; x_wconf 88' lang='lat' dir='ltr'>praesertim</span> <span class='ocrx_word' id='word_1_189' title='bbox 321 1401 401 1426; x_wconf 89' lang='lat' dir='ltr'>cum</span> <span class='ocrx_word' id='word_1_190' title='bbox 424 1390 503 1425; x_wconf 87' lang='lat' dir='ltr'>fieri</span> <span class='ocrx_word' id='word_1_191' title='bbox 531 1390 661 1435; x_wconf 89' lang='lat' dir='ltr'>possit,</span> <span class='ocrx_word' id='word_1_192' title='bbox 693 1394 734 1424; x_wconf 91' lang='lat' dir='ltr'>ut</span> <span class='ocrx_word' id='word_1_193' title='bbox 764 1394 867 1434; x_wconf 89' lang='lat' dir='ltr'>pater</span> <span class='ocrx_word' id='word_1_194' title='bbox 898 1395 982 1424; x_wconf 87' lang='lat' dir='ltr'>ante</span> <span class='ocrx_word' id='word_1_195' title='bbox 1013 1388 1175 1430; x_wconf 86' lang='lat' dir='ltr'>decedat,</span> 
     </span>
     <span class='ocr_line' id='line_1_28' title="bbox 87 1433 1175 1484; baseline -0.006 -10"><span class='ocrx_word' id='word_1_196' title='bbox 87 1449 192 1484; x_wconf 89' lang='lat' dir='ltr'>quam</span> <span class='ocrx_word' id='word_1_197' title='bbox 217 1437 325 1473; x_wconf 89' lang='lat' dir='ltr'>sciret</span> <span class='ocrx_word' id='word_1_198' title='bbox 347 1440 620 1482; x_wconf 88' lang='lat' dir='ltr'>procuratorem</span> <span class='ocrx_word' id='word_1_199' title='bbox 644 1446 748 1470; x_wconf 88' lang='lat' dir='ltr'>suum</span> <span class='ocrx_word' id='word_1_200' title='bbox 774 1435 902 1479; x_wconf 88' lang='lat' dir='ltr'>egisse,</span> <span class='ocrx_word' id='word_1_201' title='bbox 937 1439 972 1469; x_wconf 91' lang='lat' dir='ltr'>et</span> <span class='ocrx_word' id='word_1_202' title='bbox 1000 1434 1051 1469; x_wconf 89' lang='lat' dir='ltr'>ita</span> <span class='ocrx_word' id='word_1_203' title='bbox 1082 1433 1175 1468; x_wconf 89' lang='lat' dir='ltr'>iniu-</span> 
     </span>
     <span class='ocr_line' id='line_1_29' title="bbox 92 1479 1177 1524; baseline -0.006 -5"><span class='ocrx_word' id='word_1_204' title='bbox 92 1489 130 1519; x_wconf 77' lang='lat' dir='ltr'>io</span> <span class='ocrx_word' id='word_1_205' title='bbox 178 1483 312 1518; x_wconf 91' lang='lat' dir='ltr'>riarum</span> <span class='ocrx_word' id='word_1_206' title='bbox 336 1481 431 1516; x_wconf 91' lang='lat' dir='ltr'>actio</span> <span class='ocrx_word' id='word_1_207' title='bbox 454 1481 580 1516; x_wconf 87' lang='lat' dir='ltr'>redeat</span> <span class='ocrx_word' id='word_1_208' title='bbox 604 1480 650 1515; x_wconf 90' lang='lat' dir='ltr'>ad</span> <span class='ocrx_word' id='word_1_209' title='bbox 673 1480 796 1515; x_wconf 89' lang='lat' dir='ltr'>filium.</span> <span class='ocrx_word' id='word_1_210' title='bbox 845 1480 915 1515; x_wconf 87' lang='lat' dir='ltr'>Sed</span> <span class='ocrx_word' id='word_1_211' title='bbox 941 1483 975 1515; x_wconf 89' lang='lat' dir='ltr'>et</span> <span class='ocrx_word' id='word_1_212' title='bbox 999 1480 1029 1514; x_wconf 92' lang='lat' dir='ltr'>si</span> <span class='ocrx_word' id='word_1_213' title='bbox 1054 1479 1177 1524; x_wconf 88' lang='lat' dir='ltr'>nepoti</span> 
     </span>
     <span class='ocr_line' id='line_1_30' title="bbox 87 1525 1176 1571; baseline -0.005 -7"><span class='ocrx_word' id='word_1_214' title='bbox 87 1529 216 1565; x_wconf 88' lang='lat' dir='ltr'>iniuria</span> <span class='ocrx_word' id='word_1_215' title='bbox 247 1529 344 1563; x_wconf 83' lang='lat' dir='ltr'>facta</span> <span class='ocrx_word' id='word_1_216' title='bbox 373 1527 483 1562; x_wconf 82' lang='lat' dir='ltr'>fuerit</span> <span class='ocrx_word' id='word_1_217' title='bbox 514 1530 549 1561; x_wconf 90' lang='lat' dir='ltr'>et</span> <span class='ocrx_word' id='word_1_218' title='bbox 578 1529 794 1571; x_wconf 88' lang='lat' dir='ltr'>procurator</span> <span class='ocrx_word' id='word_1_219' title='bbox 823 1526 880 1560; x_wconf 90' lang='lat' dir='ltr'>avi</span> <span class='ocrx_word' id='word_1_220' title='bbox 912 1529 1059 1570; x_wconf 90' lang='lat' dir='ltr'>propter</span> <span class='ocrx_word' id='word_1_221' title='bbox 1082 1525 1176 1559; x_wconf 89' lang='lat' dir='ltr'>hanc</span> 
     </span>
     <span class='ocr_line' id='line_1_31' title="bbox 89 1570 1176 1616; baseline -0.006 -5"><span class='ocrx_word' id='word_1_222' title='bbox 89 1585 233 1611; x_wconf 88' lang='lat' dir='ltr'>causam</span> <span class='ocrx_word' id='word_1_223' title='bbox 256 1572 467 1608; x_wconf 87' lang='lat' dir='ltr'>iniuriarum</span> <span class='ocrx_word' id='word_1_224' title='bbox 491 1575 589 1616; x_wconf 88' lang='lat' dir='ltr'>aget,</span> <span class='ocrx_word' id='word_1_225' title='bbox 623 1582 695 1606; x_wconf 89' lang='lat' dir='ltr'>non</span> <span class='ocrx_word' id='word_1_226' title='bbox 724 1571 839 1606; x_wconf 85' lang='lat' dir='ltr'>solum</span> <span class='ocrx_word' id='word_1_227' title='bbox 868 1571 948 1614; x_wconf 89' lang='lat' dir='ltr'>filii,</span> <span class='ocrx_word' id='word_1_228' title='bbox 981 1570 1045 1606; x_wconf 89' lang='lat' dir='ltr'>sed</span> <span class='ocrx_word' id='word_1_229' title='bbox 1070 1570 1176 1605; x_wconf 89' lang='lat' dir='ltr'>etiam</span> 
     </span>
     <span class='ocr_line' id='line_1_32' title="bbox 88 1616 1175 1673; baseline -0.006 -16"><span class='ocrx_word' id='word_1_230' title='bbox 88 1620 226 1673; x_wconf 80' lang='lat' dir='ltr'>nepotis</span> <span class='ocrx_word' id='word_1_231' title='bbox 250 1628 404 1664; x_wconf 87' lang='lat' dir='ltr'>persona</span> <span class='ocrx_word' id='word_1_232' title='bbox 425 1616 760 1662; x_wconf 85' lang='lat' dir='ltr'>comprehendenda</span> <span class='ocrx_word' id='word_1_233' title='bbox 781 1617 848 1652; x_wconf 89' lang='lat' dir='ltr'>erit</span> <span class='ocrx_word' id='word_1_234' title='bbox 867 1617 904 1652; x_wconf 90' lang='lat' dir='ltr'>in</span> <span class='ocrx_word' id='word_1_235' title='bbox 926 1616 1175 1662; x_wconf 86' lang='lat' dir='ltr'>stipulatione:</span> 
     </span>
     <span class='ocr_line' id='line_1_33' title="bbox 89 1662 1177 1711; baseline -0.006 -10"><span class='ocrx_word' id='word_1_236' title='bbox 89 1666 174 1711; x_wconf 82' lang='lat' dir='ltr'>quid</span> <span class='ocrx_word' id='word_1_237' title='bbox 207 1665 299 1700; x_wconf 90' lang='lat' dir='ltr'>enim</span> <span class='ocrx_word' id='word_1_238' title='bbox 327 1663 496 1709; x_wconf 88' lang='lat' dir='ltr'>prohibet</span> <span class='ocrx_word' id='word_1_239' title='bbox 528 1666 564 1697; x_wconf 87' lang='lat' dir='ltr'>et</span> <span class='ocrx_word' id='word_1_240' title='bbox 591 1666 730 1707; x_wconf 91' lang='lat' dir='ltr'>patrem</span> <span class='ocrx_word' id='word_1_241' title='bbox 761 1666 796 1697; x_wconf 90' lang='lat' dir='ltr'>et</span> <span class='ocrx_word' id='word_1_242' title='bbox 818 1662 952 1703; x_wconf 91' lang='lat' dir='ltr'>filium,</span> <span class='ocrx_word' id='word_1_243' title='bbox 985 1666 1177 1706; x_wconf 89' lang='lat' dir='ltr'>antequam</span> 
     </span>
     <span class='ocr_line' id='line_1_34' title="bbox 88 1707 1178 1756; baseline -0.006 -9"><span class='ocrx_word' id='word_1_244' title='bbox 88 1711 220 1747; x_wconf 86' lang='lat' dir='ltr'>scirent</span> <span class='ocrx_word' id='word_1_245' title='bbox 255 1713 524 1756; x_wconf 84' lang='lat' dir='ltr'>procuratorem</span> <span class='ocrx_word' id='word_1_246' title='bbox 561 1709 674 1752; x_wconf 89' lang='lat' dir='ltr'>egisse</span> <span class='ocrx_word' id='word_1_247' title='bbox 685 1709 708 1751; x_wconf 73' lang='lat'>⁴,</span> <span class='ocrx_word' id='word_1_248' title='bbox 746 1707 942 1743; x_wconf 81' lang='lat' dir='ltr'>decedere?</span> <span class='ocrx_word' id='word_1_249' title='bbox 982 1718 1052 1752; x_wconf 91' lang='lat' dir='ltr'>quo</span> <span class='ocrx_word' id='word_1_250' title='bbox 1091 1717 1178 1741; x_wconf 89' lang='lat' dir='ltr'>casu</span> 
     </span>
     <span class='ocr_line' id='line_1_35' title="bbox 86 1752 1177 1802; baseline -0.005 -10"><span class='ocrx_word' id='word_1_251' title='bbox 86 1757 246 1802; x_wconf 88' lang='lat' dir='ltr'>iniquum</span> <span class='ocrx_word' id='word_1_252' title='bbox 275 1759 330 1791; x_wconf 89' lang='lat' dir='ltr'>est</span> <span class='ocrx_word' id='word_1_253' title='bbox 357 1754 586 1789; x_wconf 88' lang='lat' dir='ltr'>fideiussores</span> <span class='ocrx_word' id='word_1_254' title='bbox 617 1764 688 1789; x_wconf 91' lang='lat' dir='ltr'>non</span> <span class='ocrx_word' id='word_1_255' title='bbox 718 1753 832 1789; x_wconf 89' lang='lat' dir='ltr'>teneri</span> <span class='ocrx_word' id='word_1_256' title='bbox 866 1756 995 1798; x_wconf 85' lang='lat' dir='ltr'>nepote</span> <span class='ocrx_word' id='word_1_257' title='bbox 1030 1752 1177 1787; x_wconf 91' lang='lat' dir='ltr'>iniuria-</span> 
     </span>
     <span class='ocr_line' id='line_1_36' title="bbox 89 1804 328 1847; baseline -0.013 -9"><span class='ocrx_word' id='word_1_258' title='bbox 89 1813 166 1838; x_wconf 86' lang='lat' dir='ltr'>rum</span> <span class='ocrx_word' id='word_1_259' title='bbox 191 1804 328 1847; x_wconf 82' lang='lat' dir='ltr'>agente.</span> 
     </span>
    </p>

    <p class='ocr_par' dir='ltr' id='par_1_3' title="bbox 88 1843 1180 2073">
     <span class='ocr_line' id='line_1_37' title="bbox 135 1843 1179 1891; baseline -0.006 -8"><span class='ocrx_word' id='word_1_260' title='bbox 135 1844 187 1885; x_wconf 83' lang='lat'>23</span> <span class='ocrx_word' id='word_1_261' title='bbox 220 1847 328 1882; x_wconf 76' lang='lat' dir='ltr'>IDEM</span> <span class='ocrx_word' id='word_1_262' title='bbox 365 1846 456 1881; x_wconf 79' lang='lat' dir='ltr'>libro</span> <span class='ocrx_word' id='word_1_263' title='bbox 495 1846 621 1891; x_wconf 69' lang='lat' dir='ltr'>quinto</span> <span class='ocrx_word' id='word_1_264' title='bbox 661 1855 711 1880; x_wconf 74' lang='lat' dir='ltr'>ea:</span> <span class='ocrx_word' id='word_1_265' title='bbox 749 1843 899 1879; x_wconf 76' lang='lat' dir='ltr'>Minicio</span> <span class='ocrx_word' id='word_1_266' title='bbox 960 1843 1179 1878; x_wconf 86' lang='lat' dir='ltr'>Procurator</span> 
     </span>
     <span class='ocr_line' id='line_1_38' title="bbox 89 1889 1177 1938; baseline -0.004 -10"><span class='ocrx_word' id='word_1_267' title='bbox 89 1904 169 1928; x_wconf 91' lang='lat' dir='ltr'>cum</span> <span class='ocrx_word' id='word_1_268' title='bbox 193 1894 331 1938; x_wconf 89' lang='lat' dir='ltr'>peteret</span> <span class='ocrx_word' id='word_1_269' title='bbox 354 1891 559 1937; x_wconf 90' lang='lat' dir='ltr'>pecuniam,</span> <span class='ocrx_word' id='word_1_270' title='bbox 593 1889 779 1926; x_wconf 89' lang='lat' dir='ltr'>satisdedit</span> <span class='ocrx_word' id='word_1_271' title='bbox 802 1890 955 1934; x_wconf 90' lang='lat' dir='ltr'>amplius</span> <span class='ocrx_word' id='word_1_272' title='bbox 979 1900 1052 1924; x_wconf 90' lang='lat' dir='ltr'>non</span> <span class='ocrx_word' id='word_1_273' title='bbox 1084 1889 1177 1933; x_wconf 79' lang='lat' dir='ltr'>peti:</span> 
     </span>
     <span class='ocr_line' id='line_1_39' title="bbox 88 1935 1178 1983; baseline -0.005 -10"><span class='ocrx_word' id='word_1_274' title='bbox 88 1943 171 1983; x_wconf 90' lang='lat' dir='ltr'>post</span> <span class='ocrx_word' id='word_1_275' title='bbox 194 1937 364 1973; x_wconf 89' lang='lat' dir='ltr'>iudicium</span> <span class='ocrx_word' id='word_1_276' title='bbox 388 1940 576 1981; x_wconf 89' lang='lat' dir='ltr'>acceptum</span> <span class='ocrx_word' id='word_1_277' title='bbox 599 1936 735 1978; x_wconf 84' lang='lat' dir='ltr'>extitit,</span> <span class='ocrx_word' id='word_1_278' title='bbox 760 1935 820 1980; x_wconf 90' lang='lat' dir='ltr'>qui</span> <span class='ocrx_word' id='word_1_279' title='bbox 845 1939 880 1969; x_wconf 89' lang='lat' dir='ltr'>et</span> <span class='ocrx_word' id='word_1_280' title='bbox 902 1935 981 1980; x_wconf 89' lang='lat' dir='ltr'>ipse</span> <span class='ocrx_word' id='word_1_281' title='bbox 1005 1944 1178 1979; x_wconf 90' lang='lat' dir='ltr'>procura-</span> 
     </span>
     <span class='ocr_line' id='line_1_40' title="bbox 88 1980 1179 2026; baseline -0.004 -8"><span class='ocrx_word' id='word_1_282' title='bbox 88 1984 180 2019; x_wconf 87' lang='lat' dir='ltr'>torio</span> <span class='ocrx_word' id='word_1_283' title='bbox 211 1983 354 2018; x_wconf 91' lang='lat' dir='ltr'>nomine</span> <span class='ocrx_word' id='word_1_284' title='bbox 386 1982 534 2017; x_wconf 88' lang='lat' dir='ltr'>eandem</span> <span class='ocrx_word' id='word_1_285' title='bbox 564 1981 753 2026; x_wconf 88' lang='lat' dir='ltr'>pecuniam</span> <span class='ocrx_word' id='word_1_286' title='bbox 784 1983 939 2025; x_wconf 89' lang='lat' dir='ltr'>peteret:</span> <span class='ocrx_word' id='word_1_287' title='bbox 979 1980 1179 2025; x_wconf 88' lang='lat' dir='ltr'>quaesitum</span> 
     </span>
     <span class='ocr_line' id='line_1_41' title="bbox 89 2027 1180 2073; baseline -0.004 -9"><span class='ocrx_word' id='word_1_288' title='bbox 89 2033 153 2073; x_wconf 86' lang='lat' dir='ltr'>est,</span> <span class='ocrx_word' id='word_1_289' title='bbox 178 2039 260 2065; x_wconf 90' lang='lat' dir='ltr'>cum</span> <span class='ocrx_word' id='word_1_290' title='bbox 277 2027 320 2071; x_wconf 90' lang='lat' dir='ltr'>is,</span> <span class='ocrx_word' id='word_1_291' title='bbox 346 2027 407 2073; x_wconf 87' lang='lat' dir='ltr'>qui</span> <span class='ocrx_word' id='word_1_292' title='bbox 428 2031 557 2073; x_wconf 86' lang='lat' dir='ltr'>postea</span> <span class='ocrx_word' id='word_1_293' title='bbox 579 2029 729 2072; x_wconf 85' lang='lat' dir='ltr'>peteret,</span> <span class='ocrx_word' id='word_1_294' title='bbox 753 2029 969 2071; x_wconf 87' lang='lat' dir='ltr'>procurator</span> <span class='ocrx_word' id='word_1_295' title='bbox 988 2036 1062 2061; x_wconf 87' lang='lat' dir='ltr'>non</span> <span class='ocrx_word' id='word_1_296' title='bbox 1085 2028 1180 2061; x_wconf 90' lang='lat' dir='ltr'>esset</span> 
     </span>
    </p>
   </div>
   <div class='ocr_carea' id='block_1_3' title="bbox 1156 126 1244 174">
    <p class='ocr_par' dir='ltr' id='par_1_4' title="bbox 1156 126 1244 174">
     <span class='ocr_line' id='line_1_42' title="bbox 1156 126 1244 174; baseline 0 0"><span class='ocrx_word' id='word_1_297' title='bbox 1156 127 1184 174; x_wconf 82' lang='lat'>7</span> <span class='ocrx_word' id='word_1_298' title='bbox 1188 126 1244 174; x_wconf 82' lang='lat'>63</span> 
     </span>
    </p>
   </div>
   <div class='ocr_carea' id='block_1_4' title="bbox 2020 133 2321 175">
    <p class='ocr_par' dir='ltr' id='par_1_5' title="bbox 2020 133 2321 175">
     <span class='ocr_line' id='line_1_43' title="bbox 2020 133 2321 175; baseline -0.003 0"><span class='ocrx_word' id='word_1_299' title='bbox 2020 133 2269 175; x_wconf 81' lang='lat' dir='ltr'>XXXXVH</span> <span class='ocrx_word' id='word_1_300' title='bbox 2310 141 2321 174; x_wconf 92' lang='lat'>1</span> 
     </span>
    </p>
   </div>
   <div class='ocr_carea' id='block_1_5' title="bbox 1238 253 2344 2069">
    <p class='ocr_par' dir='ltr' id='par_1_6' title="bbox 1238 253 2331 615">
     <span class='ocr_line' id='line_1_44' title="bbox 1238 253 2331 300; baseline 0.004 -12"><span class='ocrx_word' id='word_1_301' title='bbox 1238 256 1275 288; x_wconf 90' lang='lat' dir='ltr'>et</span> <span class='ocrx_word' id='word_1_302' title='bbox 1304 256 1453 298; x_wconf 88' lang='lat' dir='ltr'>propter</span> <span class='ocrx_word' id='word_1_303' title='bbox 1486 253 1556 287; x_wconf 91' lang='lat' dir='ltr'>hoc</span> <span class='ocrx_word' id='word_1_304' title='bbox 1589 254 1857 298; x_wconf 83' lang='lat' dir='ltr'>exceptionibus</span> <span class='ocrx_word' id='word_1_305' title='bbox 1898 257 2156 300; x_wconf 87' lang='lat' dir='ltr'>procuratoriis</span> <span class='ocrx_word' id='word_1_306' title='bbox 2190 257 2331 292; x_wconf 82' lang='lat' dir='ltr'>excludi</span> 
     </span>
     <span class='ocr_line' id='line_1_45' title="bbox 1239 297 2329 346; baseline 0.005 -14"><span class='ocrx_word' id='word_1_307' title='bbox 1239 302 1380 343; x_wconf 89' lang='lat' dir='ltr'>posset,</span> <span class='ocrx_word' id='word_1_308' title='bbox 1417 309 1503 333; x_wconf 90' lang='lat' dir='ltr'>num</span> <span class='ocrx_word' id='word_1_309' title='bbox 1534 297 1762 335; x_wconf 84' lang='lat' dir='ltr'>fideiussores</span> <span class='ocrx_word' id='word_1_310' title='bbox 1796 302 1922 344; x_wconf 88' lang='lat' dir='ltr'>prioris</span> <span class='ocrx_word' id='word_1_311' title='bbox 1955 303 2198 346; x_wconf 85' lang='lat' dir='ltr'>procuratoris</span> <span class='ocrx_word' id='word_1_312' title='bbox 2231 308 2329 337; x_wconf 89' lang='lat' dir='ltr'>tene-</span> 
     </span>
     <span class='ocr_line' id='line_1_46' title="bbox 1239 344 2331 391; baseline 0.004 -13"><span class='ocrx_word' id='word_1_313' title='bbox 1239 347 1373 378; x_wconf 84' lang='lat' dir='ltr'>rentur.</span> <span class='ocrx_word' id='word_1_314' title='bbox 1423 344 1608 379; x_wconf 81' lang='lat' dir='ltr'>Iulianus⁵</span> <span class='ocrx_word' id='word_1_315' title='bbox 1631 346 1833 388; x_wconf 87' lang='lat' dir='ltr'>respondit:</span> <span class='ocrx_word' id='word_1_316' title='bbox 1865 347 1980 381; x_wconf 85' lang='lat' dir='ltr'>verius</span> <span class='ocrx_word' id='word_1_317' title='bbox 2005 352 2060 382; x_wconf 90' lang='lat' dir='ltr'>est</span> <span class='ocrx_word' id='word_1_318' title='bbox 2084 359 2155 382; x_wconf 92' lang='lat' dir='ltr'>non</span> <span class='ocrx_word' id='word_1_319' title='bbox 2181 348 2331 391; x_wconf 85' lang='lat' dir='ltr'>obligari</span> 
     </span>
     <span class='ocr_line' id='line_1_47' title="bbox 1240 388 2330 437; baseline 0.004 -14"><span class='ocrx_word' id='word_1_320' title='bbox 1240 388 1485 424; x_wconf 84' lang='lat' dir='ltr'>fideiussores:</span> <span class='ocrx_word' id='word_1_321' title='bbox 1511 399 1595 423; x_wconf 91' lang='lat' dir='ltr'>nam</span> <span class='ocrx_word' id='word_1_322' title='bbox 1619 388 1656 422; x_wconf 89' lang='lat' dir='ltr'>in</span> <span class='ocrx_word' id='word_1_323' title='bbox 1681 390 1910 434; x_wconf 87' lang='lat' dir='ltr'>stipulatione</span> <span class='ocrx_word' id='word_1_324' title='bbox 1935 397 2079 427; x_wconf 89' lang='lat' dir='ltr'>cavetur</span> <span class='ocrx_word' id='word_1_325' title='bbox 2103 404 2174 427; x_wconf 89' lang='lat' dir='ltr'>non</span> <span class='ocrx_word' id='word_1_326' title='bbox 2199 394 2330 437; x_wconf 86' lang='lat' dir='ltr'>petitu-</span> 
     </span>
     <span class='ocr_line' id='line_1_48' title="bbox 1240 433 2330 482; baseline 0.005 -14"><span class='ocrx_word' id='word_1_327' title='bbox 1240 445 1319 468; x_wconf 90' lang='lat' dir='ltr'>rum</span> <span class='ocrx_word' id='word_1_328' title='bbox 1343 444 1435 477; x_wconf 90' lang='lat' dir='ltr'>eum,</span> <span class='ocrx_word' id='word_1_329' title='bbox 1461 434 1564 470; x_wconf 89' lang='lat' dir='ltr'>cuius</span> <span class='ocrx_word' id='word_1_330' title='bbox 1589 433 1633 469; x_wconf 91' lang='lat' dir='ltr'>de</span> <span class='ocrx_word' id='word_1_331' title='bbox 1657 445 1699 469; x_wconf 87' lang='lat' dir='ltr'>ea</span> <span class='ocrx_word' id='word_1_332' title='bbox 1724 444 1761 469; x_wconf 91' lang='lat' dir='ltr'>re</span> <span class='ocrx_word' id='word_1_333' title='bbox 1785 438 1878 471; x_wconf 88' lang='lat' dir='ltr'>actio</span> <span class='ocrx_word' id='word_1_334' title='bbox 1903 438 2025 481; x_wconf 88' lang='lat' dir='ltr'>petitio</span> <span class='ocrx_word' id='word_1_335' title='bbox 2048 439 2247 482; x_wconf 85' lang='lat' dir='ltr'>persecutio</span> <span class='ocrx_word' id='word_1_336' title='bbox 2274 440 2330 481; x_wconf 77' lang='lat' dir='ltr'>sit,</span> 
     </span>
     <span class='ocr_line' id='line_1_49' title="bbox 1240 480 2330 528; baseline 0.005 -15"><span class='ocrx_word' id='word_1_337' title='bbox 1240 484 1276 514; x_wconf 90' lang='lat' dir='ltr'>et</span> <span class='ocrx_word' id='word_1_338' title='bbox 1299 484 1417 514; x_wconf 83' lang='lat' dir='ltr'>ratum</span> <span class='ocrx_word' id='word_1_339' title='bbox 1441 480 1628 515; x_wconf 89' lang='lat' dir='ltr'>habituros</span> <span class='ocrx_word' id='word_1_340' title='bbox 1655 490 1796 522; x_wconf 89' lang='lat' dir='ltr'>omnes,</span> <span class='ocrx_word' id='word_1_341' title='bbox 1836 482 1881 515; x_wconf 83' lang='lat' dir='ltr'>ad</span> <span class='ocrx_word' id='word_1_342' title='bbox 1907 494 1994 526; x_wconf 90' lang='lat' dir='ltr'>quos</span> <span class='ocrx_word' id='word_1_343' title='bbox 2020 494 2061 517; x_wconf 89' lang='lat' dir='ltr'>ea</span> <span class='ocrx_word' id='word_1_344' title='bbox 2085 494 2142 518; x_wconf 91' lang='lat' dir='ltr'>res</span> <span class='ocrx_word' id='word_1_345' title='bbox 2175 484 2330 528; x_wconf 88' lang='lat' dir='ltr'>pertine-</span> 
     </span>
     <span class='ocr_line' id='line_1_50' title="bbox 1241 524 2331 570; baseline 0.004 -11"><span class='ocrx_word' id='word_1_346' title='bbox 1241 525 1308 559; x_wconf 86' lang='lat' dir='ltr'>bit:</span> <span class='ocrx_word' id='word_1_347' title='bbox 1334 525 1393 560; x_wconf 91' lang='lat' dir='ltr'>hic</span> <span class='ocrx_word' id='word_1_348' title='bbox 1416 530 1545 569; x_wconf 88' lang='lat' dir='ltr'>autem,</span> <span class='ocrx_word' id='word_1_349' title='bbox 1571 524 1633 570; x_wconf 90' lang='lat' dir='ltr'>qui</span> <span class='ocrx_word' id='word_1_350' title='bbox 1652 530 1866 569; x_wconf 89' lang='lat' dir='ltr'>procurator</span> <span class='ocrx_word' id='word_1_351' title='bbox 1889 538 1961 561; x_wconf 86' lang='lat' dir='ltr'>non</span> <span class='ocrx_word' id='word_1_352' title='bbox 1980 532 2043 569; x_wconf 90' lang='lat' dir='ltr'>est,</span> <span class='ocrx_word' id='word_1_353' title='bbox 2068 539 2133 563; x_wconf 89' lang='lat' dir='ltr'>nec</span> <span class='ocrx_word' id='word_1_354' title='bbox 2156 529 2331 563; x_wconf 86' lang='lat' dir='ltr'>actionem</span> 
     </span>
     <span class='ocr_line' id='line_1_51' title="bbox 1241 570 2066 615; baseline 0.004 -11"><span class='ocrx_word' id='word_1_355' title='bbox 1241 580 1307 604; x_wconf 91' lang='lat' dir='ltr'>nec</span> <span class='ocrx_word' id='word_1_356' title='bbox 1357 571 1537 606; x_wconf 89' lang='lat' dir='ltr'>etitionem</span> <span class='ocrx_word' id='word_1_357' title='bbox 1561 570 1695 605; x_wconf 89' lang='lat' dir='ltr'>habere</span> <span class='ocrx_word' id='word_1_358' title='bbox 1718 570 1976 615; x_wconf 89' lang='lat' dir='ltr'>intellegendus</span> <span class='ocrx_word' id='word_1_359' title='bbox 2002 578 2066 607; x_wconf 88' lang='lat' dir='ltr'>est.</span> 
     </span>
    </p>

    <p class='ocr_par' dir='ltr' id='par_1_7' title="bbox 1241 613 2337 1205">
     <span class='ocr_line' id='line_1_52' title="bbox 1288 613 2332 661; baseline 0.002 -10"><span class='ocrx_word' id='word_1_360' title='bbox 1288 613 1312 652; x_wconf 79' lang='lat'><strong>2</strong></span> <span class='ocrx_word' id='word_1_361' title='bbox 1362 616 1590 651; x_wconf 73' lang='lat' dir='ltr'><em>AFRICANUS</em></span> <span class='ocrx_word' id='word_1_362' title='bbox 1611 616 1704 650; x_wconf 81' lang='lat' dir='ltr'>libro</span> <span class='ocrx_word' id='word_1_363' title='bbox 1723 616 1848 660; x_wconf 78' lang='lat' dir='ltr'>quinto</span> <span class='ocrx_word' id='word_1_364' title='bbox 1868 619 2114 661; x_wconf 76' lang='lat' dir='ltr'>quaescc&#39;ouwn</span> <span class='ocrx_word' id='word_1_365' title='bbox 2151 619 2332 653; x_wconf 81' lang='lat' dir='ltr'>Bonorum</span> 
     </span>
     <span class='ocr_line' id='line_1_53' title="bbox 1241 660 2331 709; baseline 0.003 -13"><span class='ocrx_word' id='word_1_366' title='bbox 1241 661 1505 705; x_wconf 89' lang='lat' dir='ltr'>possessionem</span> <span class='ocrx_word' id='word_1_367' title='bbox 1534 661 1581 696; x_wconf 88' lang='lat' dir='ltr'>ab</span> <span class='ocrx_word' id='word_1_368' title='bbox 1613 660 1681 695; x_wconf 90' lang='lat' dir='ltr'>alio</span> <span class='ocrx_word' id='word_1_369' title='bbox 1719 660 1900 705; x_wconf 81' lang='lat' dir='ltr'>adgnitam</span> <span class='ocrx_word' id='word_1_370' title='bbox 1932 666 2045 696; x_wconf 85' lang='lat' dir='ltr'>ratam</span> <span class='ocrx_word' id='word_1_371' title='bbox 2076 664 2201 699; x_wconf 85' lang='lat' dir='ltr'>haberi</span> <span class='ocrx_word' id='word_1_372' title='bbox 2227 675 2331 709; x_wconf 88' lang='lat' dir='ltr'>opor-</span> 
     </span>
     <span class='ocr_line' id='line_1_54' title="bbox 1242 705 2333 754; baseline 0.002 -13"><span class='ocrx_word' id='word_1_373' title='bbox 1242 711 1318 741; x_wconf 89' lang='lat' dir='ltr'>tere</span> <span class='ocrx_word' id='word_1_374' title='bbox 1341 716 1383 741; x_wconf 92' lang='lat' dir='ltr'>eo</span> <span class='ocrx_word' id='word_1_375' title='bbox 1408 711 1587 751; x_wconf 90' lang='lat' dir='ltr'>tempore,</span> <span class='ocrx_word' id='word_1_376' title='bbox 1613 716 1683 751; x_wconf 86' lang='lat' dir='ltr'>quo</span> <span class='ocrx_word' id='word_1_377' title='bbox 1709 705 1829 741; x_wconf 89' lang='lat' dir='ltr'>adhuc</span> <span class='ocrx_word' id='word_1_378' title='bbox 1852 706 1889 740; x_wconf 93' lang='lat' dir='ltr'>in</span> <span class='ocrx_word' id='word_1_379' title='bbox 1915 717 1956 741; x_wconf 89' lang='lat' dir='ltr'>ea</span> <span class='ocrx_word' id='word_1_380' title='bbox 1981 718 2090 743; x_wconf 88' lang='lat' dir='ltr'>causa</span> <span class='ocrx_word' id='word_1_381' title='bbox 2114 710 2169 751; x_wconf 91' lang='lat' dir='ltr'>sit,</span> <span class='ocrx_word' id='word_1_382' title='bbox 2196 714 2235 743; x_wconf 92' lang='lat' dir='ltr'>ut</span> <span class='ocrx_word' id='word_1_383' title='bbox 2258 710 2333 754; x_wconf 89' lang='lat' dir='ltr'>peti</span> 
     </span>
     <span class='ocr_line' id='line_1_55' title="bbox 1241 751 2334 796; baseline 0.003 -10"><span class='ocrx_word' id='word_1_384' title='bbox 1241 751 1375 796; x_wconf 89' lang='lat' dir='ltr'>possit:</span> <span class='ocrx_word' id='word_1_385' title='bbox 1416 752 1537 796; x_wconf 90' lang='lat' dir='ltr'>itaque</span> <span class='ocrx_word' id='word_1_386' title='bbox 1568 755 1651 796; x_wconf 91' lang='lat' dir='ltr'>post</span> <span class='ocrx_word' id='word_1_387' title='bbox 1682 751 1938 786; x_wconf 90' lang='lat' dir='ltr'>centensimum</span> <span class='ocrx_word' id='word_1_388' title='bbox 1977 752 2068 787; x_wconf 89' lang='lat' dir='ltr'>diem</span> <span class='ocrx_word' id='word_1_389' title='bbox 2100 759 2178 788; x_wconf 87' lang='lat' dir='ltr'>rata</span> <span class='ocrx_word' id='word_1_390' title='bbox 2210 755 2334 789; x_wconf 88' lang='lat' dir='ltr'>haberi</span> 
     </span>
     <span class='ocr_line' id='line_1_56' title="bbox 1246 797 2334 844; baseline 0.002 -13"><span class='ocrx_word' id='word_1_391' title='bbox 1246 801 1259 831; x_wconf 91' lang='lat'>1</span> <span class='ocrx_word' id='word_1_392' title='bbox 1310 807 1383 832; x_wconf 93' lang='lat' dir='ltr'>non</span> <span class='ocrx_word' id='word_1_393' title='bbox 1405 801 1537 842; x_wconf 91' lang='lat' dir='ltr'>potest.</span> <span class='ocrx_word' id='word_1_394' title='bbox 1585 798 1644 831; x_wconf 88' lang='lat' dir='ltr'>An</span> <span class='ocrx_word' id='word_1_395' title='bbox 1668 801 1788 831; x_wconf 90' lang='lat' dir='ltr'>autem</span> <span class='ocrx_word' id='word_1_396' title='bbox 1820 800 1856 831; x_wconf 92' lang='lat' dir='ltr'>et</span> <span class='ocrx_word' id='word_1_397' title='bbox 1881 797 1911 832; x_wconf 94' lang='lat' dir='ltr'>si</span> <span class='ocrx_word' id='word_1_398' title='bbox 1935 802 2093 832; x_wconf 89' lang='lat' dir='ltr'>mortuus</span> <span class='ocrx_word' id='word_1_399' title='bbox 2124 799 2250 834; x_wconf 85' lang='lat' dir='ltr'>fuisset</span> <span class='ocrx_word' id='word_1_400' title='bbox 2274 800 2334 844; x_wconf 85' lang='lat' dir='ltr'>qui</span> 
     </span>
     <span class='ocr_line' id='line_1_57' title="bbox 1242 842 2332 888; baseline 0.002 -12"><span class='ocrx_word' id='word_1_401' title='bbox 1242 842 1392 887; x_wconf 86' lang='lat' dir='ltr'>petisset</span> <span class='ocrx_word' id='word_1_402' title='bbox 1415 843 1470 878; x_wconf 90' lang='lat' dir='ltr'>vel</span> <span class='ocrx_word' id='word_1_403' title='bbox 1494 842 1613 877; x_wconf 87' lang='lat' dir='ltr'>furere</span> <span class='ocrx_word' id='word_1_404' title='bbox 1638 842 1812 887; x_wconf 88' lang='lat' dir='ltr'>coeperit,</span> <span class='ocrx_word' id='word_1_405' title='bbox 1837 846 1956 876; x_wconf 89' lang='lat' dir='ltr'>ratum</span> <span class='ocrx_word' id='word_1_406' title='bbox 1980 843 2104 878; x_wconf 83' lang='lat' dir='ltr'>haberi</span> <span class='ocrx_word' id='word_1_407' title='bbox 2128 845 2257 888; x_wconf 86' lang='lat' dir='ltr'>possit,</span> <span class='ocrx_word' id='word_1_408' title='bbox 2283 845 2332 879; x_wconf 86' lang='lat' dir='ltr'>vi-</span> 
     </span>
     <span class='ocr_line' id='line_1_58' title="bbox 1243 887 2331 933; baseline 0.002 -11"><span class='ocrx_word' id='word_1_409' title='bbox 1243 888 1407 923; x_wconf 88' lang='lat' dir='ltr'>deamus:</span> <span class='ocrx_word' id='word_1_410' title='bbox 1443 898 1525 923; x_wconf 88' lang='lat' dir='ltr'>nam</span> <span class='ocrx_word' id='word_1_411' title='bbox 1549 888 1580 923; x_wconf 92' lang='lat' dir='ltr'>si</span> <span class='ocrx_word' id='word_1_412' title='bbox 1603 888 1640 922; x_wconf 89' lang='lat' dir='ltr'>in</span> <span class='ocrx_word' id='word_1_413' title='bbox 1664 888 1868 922; x_wconf 88' lang='lat' dir='ltr'>universum</span> <span class='ocrx_word' id='word_1_414' title='bbox 1898 887 2043 933; x_wconf 83' lang='lat' dir='ltr'>perinde</span> <span class='ocrx_word' id='word_1_415' title='bbox 2068 889 2191 923; x_wconf 85' lang='lat' dir='ltr'>haberi</span> <span class='ocrx_word' id='word_1_416' title='bbox 2217 890 2331 931; x_wconf 89' lang='lat' dir='ltr'>debet,</span> 
     </span>
     <span class='ocr_line' id='line_1_59' title="bbox 1243 932 2331 977; baseline 0 -9"><span class='ocrx_word' id='word_1_417' title='bbox 1243 943 1286 968; x_wconf 89' lang='lat' dir='ltr'>ac</span> <span class='ocrx_word' id='word_1_418' title='bbox 1319 933 1350 968; x_wconf 90' lang='lat' dir='ltr'>si</span> <span class='ocrx_word' id='word_1_419' title='bbox 1381 937 1486 975; x_wconf 89' lang='lat' dir='ltr'>tunc,</span> <span class='ocrx_word' id='word_1_420' title='bbox 1522 944 1603 968; x_wconf 89' lang='lat' dir='ltr'>cum</span> <span class='ocrx_word' id='word_1_421' title='bbox 1628 936 1746 967; x_wconf 89' lang='lat' dir='ltr'>ratum</span> <span class='ocrx_word' id='word_1_422' title='bbox 1777 932 1927 975; x_wconf 88' lang='lat' dir='ltr'>habeat,</span> <span class='ocrx_word' id='word_1_423' title='bbox 1968 943 2031 977; x_wconf 89' lang='lat' dir='ltr'>per</span> <span class='ocrx_word' id='word_1_424' title='bbox 2056 944 2135 968; x_wconf 89' lang='lat' dir='ltr'>eum</span> <span class='ocrx_word' id='word_1_425' title='bbox 2160 935 2331 968; x_wconf 86' lang='lat' dir='ltr'>bonorum</span> 
     </span>
     <span class='ocr_line' id='line_1_60' title="bbox 1242 978 2333 1023; baseline -0.001 -9"><span class='ocrx_word' id='word_1_426' title='bbox 1242 979 1506 1023; x_wconf 89' lang='lat' dir='ltr'>possessionem</span> <span class='ocrx_word' id='word_1_427' title='bbox 1530 982 1641 1023; x_wconf 86' lang='lat' dir='ltr'>petat,</span> <span class='ocrx_word' id='word_1_428' title='bbox 1674 978 1810 1013; x_wconf 84' lang='lat' dir='ltr'>frustra</span> <span class='ocrx_word' id='word_1_429' title='bbox 1834 978 1890 1012; x_wconf 91' lang='lat' dir='ltr'>his</span> <span class='ocrx_word' id='word_1_430' title='bbox 1916 979 2058 1013; x_wconf 87' lang='lat' dir='ltr'>casibus</span> <span class='ocrx_word' id='word_1_431' title='bbox 2083 983 2200 1013; x_wconf 86' lang='lat' dir='ltr'>ratum</span> <span class='ocrx_word' id='word_1_432' title='bbox 2225 981 2333 1014; x_wconf 78' lang='lat' dir='ltr'>habe-</span> 
     </span>
     <span class='ocr_line' id='line_1_61' title="bbox 1243 1024 2333 1068; baseline 0 -10"><span class='ocrx_word' id='word_1_433' title='bbox 1243 1029 1312 1058; x_wconf 90' lang='lat' dir='ltr'>tur.</span> <span class='ocrx_word' id='word_1_434' title='bbox 1362 1024 1426 1059; x_wconf 90' lang='lat' dir='ltr'>sed</span> <span class='ocrx_word' id='word_1_435' title='bbox 1457 1024 1545 1058; x_wconf 91' lang='lat' dir='ltr'>illud</span> <span class='ocrx_word' id='word_1_436' title='bbox 1576 1034 1797 1068; x_wconf 88' lang='lat' dir='ltr'>consequens</span> <span class='ocrx_word' id='word_1_437' title='bbox 1830 1024 1992 1058; x_wconf 82' lang='lat' dir='ltr'>futurum</span> <span class='ocrx_word' id='word_1_438' title='bbox 2016 1024 2123 1058; x_wconf 89' lang='lat' dir='ltr'>etiam</span> <span class='ocrx_word' id='word_1_439' title='bbox 2154 1025 2182 1058; x_wconf 88' lang='lat' dir='ltr'>si</span> <span class='ocrx_word' id='word_1_440' title='bbox 2213 1026 2333 1068; x_wconf 85' lang='lat' dir='ltr'>paeni-</span> 
     </span>
     <span class='ocr_line' id='line_1_62' title="bbox 1243 1069 2335 1114; baseline 0.001 -11"><span class='ocrx_word' id='word_1_441' title='bbox 1243 1072 1318 1104; x_wconf 87' lang='lat' dir='ltr'>teat</span> <span class='ocrx_word' id='word_1_442' title='bbox 1348 1070 1448 1104; x_wconf 88' lang='lat' dir='ltr'>illum</span> <span class='ocrx_word' id='word_1_443' title='bbox 1481 1070 1631 1114; x_wconf 88' lang='lat' dir='ltr'>petisse,</span> <span class='ocrx_word' id='word_1_444' title='bbox 1673 1071 1791 1103; x_wconf 83' lang='lat' dir='ltr'>ratuni</span> <span class='ocrx_word' id='word_1_445' title='bbox 1824 1069 1950 1103; x_wconf 87' lang='lat' dir='ltr'>haberi</span> <span class='ocrx_word' id='word_1_446' title='bbox 1983 1079 2055 1103; x_wconf 90' lang='lat' dir='ltr'>non</span> <span class='ocrx_word' id='word_1_447' title='bbox 2086 1080 2208 1113; x_wconf 87' lang='lat' dir='ltr'>posse,</span> <span class='ocrx_word' id='word_1_448' title='bbox 2242 1071 2335 1114; x_wconf 85' lang='lat' dir='ltr'>qnod</span> 
     </span>
     <span class='ocr_line' id='line_1_63' title="bbox 1244 1114 2337 1159; baseline -0.001 -10"><span class='ocrx_word' id='word_1_449' title='bbox 1244 1115 1367 1159; x_wconf 86' lang='lat' dir='ltr'>utique</span> <span class='ocrx_word' id='word_1_450' title='bbox 1391 1115 1438 1150; x_wconf 93' lang='lat' dir='ltr'>sit</span> <span class='ocrx_word' id='word_1_451' title='bbox 1462 1115 1668 1150; x_wconf 87' lang='lat' dir='ltr'>absurdum.</span> <span class='ocrx_word' id='word_1_452' title='bbox 1718 1114 1852 1149; x_wconf 86' lang='lat' dir='ltr'>rectius</span> <span class='ocrx_word' id='word_1_453' title='bbox 1877 1115 1997 1158; x_wconf 82' lang='lat' dir='ltr'>itaque</span> <span class='ocrx_word' id='word_1_454' title='bbox 2022 1114 2151 1148; x_wconf 88' lang='lat' dir='ltr'>dicitur</span> <span class='ocrx_word' id='word_1_455' title='bbox 2174 1121 2337 1149; x_wconf 81' lang='lat' dir='ltr'>neutram</span> 
     </span>
     <span class='ocr_line' id='line_1_64' title="bbox 1244 1160 2080 1205; baseline 0 -11"><span class='ocrx_word' id='word_1_456' title='bbox 1244 1161 1390 1195; x_wconf 78' lang='lat' dir='ltr'>eorum⁶</span> <span class='ocrx_word' id='word_1_457' title='bbox 1414 1171 1561 1196; x_wconf 88' lang='lat' dir='ltr'>causam</span> <span class='ocrx_word' id='word_1_458' title='bbox 1584 1160 1756 1205; x_wconf 89' lang='lat' dir='ltr'>impedire</span> <span class='ocrx_word' id='word_1_459' title='bbox 1780 1160 2080 1195; x_wconf 86' lang='lat' dir='ltr'>ratihabitionem.</span> 
     </span>
    </p>

    <p class='ocr_par' dir='ltr' id='par_1_8' title="bbox 1244 1203 2343 1887">
     <span class='ocr_line' id='line_1_65' title="bbox 1292 1203 2339 1250; baseline -0.002 -9"><span class='ocrx_word' id='word_1_460' title='bbox 1292 1203 1344 1242; x_wconf 76' lang='lat'>25</span> <span class='ocrx_word' id='word_1_461' title='bbox 1371 1205 1477 1240; x_wconf 80' lang='lat' dir='ltr'>IDEM</span> <span class='ocrx_word' id='word_1_462' title='bbox 1498 1206 1589 1241; x_wconf 79' lang='lat' dir='ltr'>libro</span> <span class='ocrx_word' id='word_1_463' title='bbox 1614 1210 1719 1240; x_wconf 76' lang='lat' dir='ltr'>sexto</span> <span class='ocrx_word' id='word_1_464' title='bbox 1745 1206 1994 1250; x_wconf 75' lang='lat' dir='ltr'>quaestionum</span> <span class='ocrx_word' id='word_1_465' title='bbox 2044 1205 2152 1239; x_wconf 87' lang='lat' dir='ltr'>Pater</span> <span class='ocrx_word' id='word_1_466' title='bbox 2176 1204 2292 1240; x_wconf 87' lang='lat' dir='ltr'>dotem</span> <span class='ocrx_word' id='word_1_467' title='bbox 2318 1216 2339 1239; x_wconf 85' lang='lat' dir='ltr'>a</span> 
     </span>
     <span class='ocr_line' id='line_1_66' title="bbox 1246 1250 2336 1295; baseline -0.002 -9"><span class='ocrx_word' id='word_1_468' title='bbox 1246 1262 1284 1286; x_wconf 89' lang='lat' dir='ltr'>se</span> <span class='ocrx_word' id='word_1_469' title='bbox 1309 1251 1430 1286; x_wconf 88' lang='lat' dir='ltr'>datam</span> <span class='ocrx_word' id='word_1_470' title='bbox 1454 1252 1602 1286; x_wconf 89' lang='lat' dir='ltr'>absente</span> <span class='ocrx_word' id='word_1_471' title='bbox 1625 1251 1700 1285; x_wconf 86' lang='lat' dir='ltr'>filia</span> <span class='ocrx_word' id='word_1_472' title='bbox 1724 1251 1814 1295; x_wconf 89' lang='lat' dir='ltr'>petit</span> <span class='ocrx_word' id='word_1_473' title='bbox 1837 1254 1873 1285; x_wconf 90' lang='lat' dir='ltr'>et</span> <span class='ocrx_word' id='word_1_474' title='bbox 1896 1255 2012 1285; x_wconf 87' lang='lat' dir='ltr'>ratam</span> <span class='ocrx_word' id='word_1_475' title='bbox 2036 1261 2109 1284; x_wconf 87' lang='lat' dir='ltr'>rem</span> <span class='ocrx_word' id='word_1_476' title='bbox 2134 1250 2336 1284; x_wconf 87' lang='lat' dir='ltr'>habituram</span> 
     </span>
     <span class='ocr_line' id='line_1_67' title="bbox 1246 1297 2338 1341; baseline -0.002 -10"><span class='ocrx_word' id='word_1_477' title='bbox 1246 1307 1324 1332; x_wconf 87' lang='lat' dir='ltr'>eam</span> <span class='ocrx_word' id='word_1_478' title='bbox 1356 1297 1465 1331; x_wconf 87' lang='lat' dir='ltr'>cavit:</span> <span class='ocrx_word' id='word_1_479' title='bbox 1500 1307 1544 1331; x_wconf 88' lang='lat' dir='ltr'>ea</span> <span class='ocrx_word' id='word_1_480' title='bbox 1573 1297 1672 1341; x_wconf 89' lang='lat' dir='ltr'>prius</span> <span class='ocrx_word' id='word_1_481' title='bbox 1706 1306 1814 1340; x_wconf 86' lang='lat' dir='ltr'>quam</span> <span class='ocrx_word' id='word_1_482' title='bbox 1846 1301 1966 1330; x_wconf 88' lang='lat' dir='ltr'>ratum</span> <span class='ocrx_word' id='word_1_483' title='bbox 1998 1297 2165 1337; x_wconf 88' lang='lat' dir='ltr'>haberet,</span> <span class='ocrx_word' id='word_1_484' title='bbox 2199 1300 2338 1330; x_wconf 87' lang='lat' dir='ltr'>mortua</span> 
     </span>
     <span class='ocr_line' id='line_1_68' title="bbox 1246 1341 2338 1386; baseline -0.004 -9"><span class='ocrx_word' id='word_1_485' title='bbox 1246 1346 1309 1377; x_wconf 89' lang='lat' dir='ltr'>est.</span> <span class='ocrx_word' id='word_1_486' title='bbox 1343 1343 1485 1386; x_wconf 88' lang='lat' dir='ltr'>negavit</span> <span class='ocrx_word' id='word_1_487' title='bbox 1506 1342 1678 1377; x_wconf 90' lang='lat' dir='ltr'>committi</span> <span class='ocrx_word' id='word_1_488' title='bbox 1699 1341 1979 1386; x_wconf 85' lang='lat' dir='ltr'>stipulationem,</span> <span class='ocrx_word' id='word_1_489' title='bbox 2006 1341 2089 1386; x_wconf 87' lang='lat' dir='ltr'>quia</span> <span class='ocrx_word' id='word_1_490' title='bbox 2110 1346 2144 1375; x_wconf 89' lang='lat' dir='ltr'>et</span> <span class='ocrx_word' id='word_1_491' title='bbox 2169 1341 2198 1376; x_wconf 92' lang='lat' dir='ltr'>si</span> <span class='ocrx_word' id='word_1_492' title='bbox 2218 1351 2338 1375; x_wconf 81' lang='lat' dir='ltr'>verum</span> 
     </span>
     <span class='ocr_line' id='line_1_69' title="bbox 1245 1387 2340 1429; baseline -0.004 -6"><span class='ocrx_word' id='word_1_493' title='bbox 1245 1388 1293 1423; x_wconf 91' lang='lat' dir='ltr'>sit</span> <span class='ocrx_word' id='word_1_494' title='bbox 1328 1392 1446 1422; x_wconf 88' lang='lat' dir='ltr'>ratum</span> <span class='ocrx_word' id='word_1_495' title='bbox 1483 1398 1560 1422; x_wconf 89' lang='lat' dir='ltr'>eam</span> <span class='ocrx_word' id='word_1_496' title='bbox 1596 1398 1668 1423; x_wconf 90' lang='lat' dir='ltr'>non</span> <span class='ocrx_word' id='word_1_497' title='bbox 1713 1387 1900 1429; x_wconf 89' lang='lat' dir='ltr'>habuisse,</span> <span class='ocrx_word' id='word_1_498' title='bbox 1946 1387 2034 1421; x_wconf 92' lang='lat' dir='ltr'>nihil</span> <span class='ocrx_word' id='word_1_499' title='bbox 2069 1390 2187 1420; x_wconf 87' lang='lat' dir='ltr'>tamen</span> <span class='ocrx_word' id='word_1_500' title='bbox 2222 1387 2340 1420; x_wconf 88' lang='lat' dir='ltr'>mariti</span> 
     </span>
     <span class='ocr_line' id='line_1_70' title="bbox 1244 1431 2340 1474; baseline -0.003 -6"><span class='ocrx_word' id='word_1_501' title='bbox 1244 1433 1386 1468; x_wconf 87' lang='lat' dir='ltr'>intersit</span> <span class='ocrx_word' id='word_1_502' title='bbox 1410 1433 1529 1468; x_wconf 87' lang='lat' dir='ltr'>dotem</span> <span class='ocrx_word' id='word_1_503' title='bbox 1552 1433 1711 1474; x_wconf 90' lang='lat' dir='ltr'>restitui,</span> <span class='ocrx_word' id='word_1_504' title='bbox 1746 1443 1826 1467; x_wconf 89' lang='lat' dir='ltr'>cum</span> <span class='ocrx_word' id='word_1_505' title='bbox 1876 1432 1946 1467; x_wconf 87' lang='lat' dir='ltr'>atri</span> <span class='ocrx_word' id='word_1_506' title='bbox 1970 1432 2076 1467; x_wconf 89' lang='lat' dir='ltr'>etiam</span> <span class='ocrx_word' id='word_1_507' title='bbox 2100 1435 2241 1467; x_wconf 87' lang='lat' dir='ltr'>mortua</span> <span class='ocrx_word' id='word_1_508' title='bbox 2265 1431 2340 1465; x_wconf 87' lang='lat' dir='ltr'>filia</span> 
     </span>
     <span class='ocr_line' id='line_1_71' title="bbox 1250 1477 2339 1514; baseline -0.001 -2"><span class='ocrx_word' id='word_1_509' title='bbox 1250 1482 1263 1512; x_wconf 90' lang='lat'>1</span> <span class='ocrx_word' id='word_1_510' title='bbox 1314 1478 1414 1514; x_wconf 84' lang='lat' dir='ltr'>salva</span> <span class='ocrx_word' id='word_1_511' title='bbox 1442 1489 1522 1514; x_wconf 90' lang='lat' dir='ltr'>esse</span> <span class='ocrx_word' id='word_1_512' title='bbox 1555 1479 1619 1514; x_wconf 89' lang='lat' dir='ltr'>dos</span> <span class='ocrx_word' id='word_1_513' title='bbox 1658 1478 1798 1513; x_wconf 87' lang='lat' dir='ltr'>debeat.</span> <span class='ocrx_word' id='word_1_514' title='bbox 1884 1481 2073 1513; x_wconf 87' lang='lat' dir='ltr'>rocurator</span> <span class='ocrx_word' id='word_1_515' title='bbox 2105 1487 2186 1511; x_wconf 91' lang='lat' dir='ltr'>cum</span> <span class='ocrx_word' id='word_1_516' title='bbox 2221 1477 2265 1511; x_wconf 89' lang='lat' dir='ltr'>ab</span> <span class='ocrx_word' id='word_1_517' title='bbox 2299 1487 2339 1511; x_wconf 89' lang='lat' dir='ltr'>eo</span> 
     </span>
     <span class='ocr_line' id='line_1_72' title="bbox 1247 1523 2340 1568; baseline -0.003 -10"><span class='ocrx_word' id='word_1_518' title='bbox 1247 1534 1307 1559; x_wconf 88' lang='lat' dir='ltr'>aes</span> <span class='ocrx_word' id='word_1_519' title='bbox 1333 1524 1487 1559; x_wconf 89' lang='lat' dir='ltr'>alienum</span> <span class='ocrx_word' id='word_1_520' title='bbox 1513 1529 1688 1568; x_wconf 85' lang='lat' dir='ltr'>exegerat,</span> <span class='ocrx_word' id='word_1_521' title='bbox 1715 1524 1776 1568; x_wconf 88' lang='lat' dir='ltr'>qui</span> <span class='ocrx_word' id='word_1_522' title='bbox 1799 1527 1958 1568; x_wconf 89' lang='lat' dir='ltr'>tempore</span> <span class='ocrx_word' id='word_1_523' title='bbox 1978 1523 2201 1564; x_wconf 87' lang='lat' dir='ltr'>liberaretur,</span> <span class='ocrx_word' id='word_1_524' title='bbox 2226 1526 2340 1556; x_wconf 89' lang='lat' dir='ltr'>ratam</span> 
     </span>
     <span class='ocr_line' id='line_1_73' title="bbox 1246 1568 2341 1613; baseline -0.002 -9"><span class='ocrx_word' id='word_1_525' title='bbox 1246 1580 1320 1604; x_wconf 89' lang='lat' dir='ltr'>rem</span> <span class='ocrx_word' id='word_1_526' title='bbox 1345 1569 1528 1604; x_wconf 91' lang='lat' dir='ltr'>dominum</span> <span class='ocrx_word' id='word_1_527' title='bbox 1551 1569 1759 1605; x_wconf 87' lang='lat' dir='ltr'>habiturum</span> <span class='ocrx_word' id='word_1_528' title='bbox 1785 1569 1894 1604; x_wconf 86' lang='lat' dir='ltr'>cavit:</span> <span class='ocrx_word' id='word_1_529' title='bbox 1928 1568 2055 1603; x_wconf 88' lang='lat' dir='ltr'>deinde</span> <span class='ocrx_word' id='word_1_530' title='bbox 2087 1572 2170 1613; x_wconf 89' lang='lat' dir='ltr'>post</span> <span class='ocrx_word' id='word_1_531' title='bbox 2202 1572 2341 1613; x_wconf 79' lang='lat' dir='ltr'>tempus</span> 
     </span>
     <span class='ocr_line' id='line_1_74' title="bbox 1246 1613 2339 1650; baseline -0.004 0"><span class='ocrx_word' id='word_1_532' title='bbox 1246 1615 1397 1650; x_wconf 87' lang='lat' dir='ltr'>liberato</span> <span class='ocrx_word' id='word_1_533' title='bbox 1437 1615 1510 1650; x_wconf 88' lang='lat' dir='ltr'>iam</span> <span class='ocrx_word' id='word_1_534' title='bbox 1547 1615 1707 1650; x_wconf 86' lang='lat' dir='ltr'>debitore</span> <span class='ocrx_word' id='word_1_535' title='bbox 1745 1614 1908 1649; x_wconf 89' lang='lat' dir='ltr'>dominus</span> <span class='ocrx_word' id='word_1_536' title='bbox 1952 1618 2068 1648; x_wconf 89' lang='lat' dir='ltr'>ratam</span> <span class='ocrx_word' id='word_1_537' title='bbox 2107 1624 2179 1647; x_wconf 91' lang='lat' dir='ltr'>rem</span> <span class='ocrx_word' id='word_1_538' title='bbox 2220 1613 2339 1647; x_wconf 87' lang='lat' dir='ltr'>habet.</span> 
     </span>
     <span class='ocr_line' id='line_1_75' title="bbox 1246 1659 2341 1705; baseline -0.004 -9"><span class='ocrx_word' id='word_1_539' title='bbox 1246 1671 1355 1705; x_wconf 89' lang='lat' dir='ltr'>posse</span> <span class='ocrx_word' id='word_1_540' title='bbox 1386 1660 1583 1696; x_wconf 89' lang='lat' dir='ltr'>debitorem</span> <span class='ocrx_word' id='word_1_541' title='bbox 1613 1670 1718 1705; x_wconf 88' lang='lat' dir='ltr'>agere</span> <span class='ocrx_word' id='word_1_542' title='bbox 1745 1670 1825 1694; x_wconf 91' lang='lat' dir='ltr'>cum</span> <span class='ocrx_word' id='word_1_543' title='bbox 1858 1664 2091 1705; x_wconf 88' lang='lat' dir='ltr'>procuratore</span> <span class='ocrx_word' id='word_1_544' title='bbox 2117 1659 2341 1699; x_wconf 87' lang='lat' dir='ltr'>existimavit,</span> 
     </span>
     <span class='ocr_line' id='line_1_76' title="bbox 1249 1704 2341 1749; baseline -0.004 -8"><span class='ocrx_word' id='word_1_545' title='bbox 1249 1717 1330 1741; x_wconf 89' lang='lat' dir='ltr'>cum</span> <span class='ocrx_word' id='word_1_546' title='bbox 1365 1707 1437 1741; x_wconf 86' lang='lat' dir='ltr'>iam</span> <span class='ocrx_word' id='word_1_547' title='bbox 1472 1705 1635 1741; x_wconf 85' lang='lat' dir='ltr'>debitor7</span> <span class='ocrx_word' id='word_1_548' title='bbox 1679 1706 1851 1740; x_wconf 88' lang='lat' dir='ltr'>liberatus</span> <span class='ocrx_word' id='word_1_549' title='bbox 1887 1704 1950 1740; x_wconf 83' lang='lat' dir='ltr'>sit:</span> <span class='ocrx_word' id='word_1_550' title='bbox 1995 1708 2242 1749; x_wconf 89' lang='lat' dir='ltr'>argumentum</span> <span class='ocrx_word' id='word_1_551' title='bbox 2278 1704 2341 1745; x_wconf 88' lang='lat' dir='ltr'>rei,</span> 
     </span>
     <span class='ocr_line' id='line_1_77' title="bbox 1249 1749 2341 1796; baseline -0.003 -10"><span class='ocrx_word' id='word_1_552' title='bbox 1249 1751 1354 1796; x_wconf 88' lang='lat' dir='ltr'>quod,</span> <span class='ocrx_word' id='word_1_553' title='bbox 1381 1752 1411 1786; x_wconf 92' lang='lat' dir='ltr'>si</span> <span class='ocrx_word' id='word_1_554' title='bbox 1434 1752 1534 1786; x_wconf 92' lang='lat' dir='ltr'>nulla</span> <span class='ocrx_word' id='word_1_555' title='bbox 1557 1751 1742 1796; x_wconf 85' lang='lat' dir='ltr'>stipulatio</span> <span class='ocrx_word' id='word_1_556' title='bbox 1765 1751 1860 1785; x_wconf 90' lang='lat' dir='ltr'>inter</span> <span class='ocrx_word' id='word_1_557' title='bbox 1888 1750 1980 1786; x_wconf 88' lang='lat' dir='ltr'>osita</span> <span class='ocrx_word' id='word_1_558' title='bbox 2005 1751 2060 1793; x_wconf 90' lang='lat' dir='ltr'>sit,</span> <span class='ocrx_word' id='word_1_559' title='bbox 2087 1749 2264 1785; x_wconf 89' lang='lat' dir='ltr'>condictio</span> <span class='ocrx_word' id='word_1_560' title='bbox 2289 1749 2341 1784; x_wconf 90' lang='lat' dir='ltr'>lo-</span> 
     </span>
     <span class='ocr_line' id='line_1_78' title="bbox 1248 1795 2343 1841; baseline -0.003 -9"><span class='ocrx_word' id='word_1_561' title='bbox 1248 1808 1328 1832; x_wconf 91' lang='lat' dir='ltr'>cum</span> <span class='ocrx_word' id='word_1_562' title='bbox 1360 1797 1529 1832; x_wconf 88' lang='lat' dir='ltr'>adversus</span> <span class='ocrx_word' id='word_1_563' title='bbox 1561 1799 1834 1841; x_wconf 88' lang='lat' dir='ltr'>procuratorem</span> <span class='ocrx_word' id='word_1_564' title='bbox 1892 1796 2036 1831; x_wconf 90' lang='lat' dir='ltr'>abitura</span> <span class='ocrx_word' id='word_1_565' title='bbox 2065 1795 2127 1831; x_wconf 82' lang='lat' dir='ltr'>sit:</span> <span class='ocrx_word' id='word_1_566' title='bbox 2165 1795 2343 1829; x_wconf 90' lang='lat' dir='ltr'>inlocum</span> 
     </span>
     <span class='ocr_line' id='line_1_79' title="bbox 1249 1841 2139 1887; baseline -0.002 -10"><span class='ocrx_word' id='word_1_567' title='bbox 1249 1846 1368 1877; x_wconf 89' lang='lat' dir='ltr'>autem</span> <span class='ocrx_word' id='word_1_568' title='bbox 1395 1842 1632 1878; x_wconf 85' lang='lat' dir='ltr'>condictionis</span> <span class='ocrx_word' id='word_1_569' title='bbox 1657 1842 1837 1886; x_wconf 89' lang='lat' dir='ltr'>interponi</span> <span class='ocrx_word' id='word_1_570' title='bbox 1861 1841 2139 1887; x_wconf 87' lang='lat' dir='ltr'>stipulationem.</span> 
     </span>
    </p>

    <p class='ocr_par' dir='ltr' id='par_1_9' title="bbox 1249 1886 2344 2069">
     <span class='ocr_line' id='line_1_80' title="bbox 1295 1886 2342 1930; baseline -0.004 -6"><span class='ocrx_word' id='word_1_571' title='bbox 1295 1886 1374 1925; x_wconf 79' lang='lat'>26⁸</span> <span class='ocrx_word' id='word_1_572' title='bbox 1408 1913 1922 1923; x_wconf 85' lang='lat'>......................</span> <span class='ocrx_word' id='word_1_573' title='bbox 1948 1886 2014 1922; x_wconf 85' lang='lat' dir='ltr'>*Si</span> <span class='ocrx_word' id='word_1_574' title='bbox 2037 1886 2235 1921; x_wconf 54' lang='lat' dir='ltr'>indebitum</span> <span class='ocrx_word' id='word_1_575' title='bbox 2259 1896 2342 1930; x_wconf 87' lang='lat' dir='ltr'>pro-</span> 
     </span>
     <span class='ocr_line' id='line_1_81' title="bbox 1249 1931 2344 1978; baseline -0.002 -10"><span class='ocrx_word' id='word_1_576' title='bbox 1249 1935 1422 1968; x_wconf 85' lang='lat' dir='ltr'>*curator</span> <span class='ocrx_word' id='word_1_577' title='bbox 1452 1933 1543 1978; x_wconf 90' lang='lat' dir='ltr'>petit</span> <span class='ocrx_word' id='word_1_578' title='bbox 1574 1933 1823 1978; x_wconf 87' lang='lat' dir='ltr'>litigatumque</span> <span class='ocrx_word' id='word_1_579' title='bbox 1853 1932 1897 1968; x_wconf 92' lang='lat' dir='ltr'>de</span> <span class='ocrx_word' id='word_1_580' title='bbox 1928 1942 1968 1968; x_wconf 93' lang='lat' dir='ltr'>eo</span> <span class='ocrx_word' id='word_1_581' title='bbox 2004 1936 2057 1967; x_wconf 90' lang='lat' dir='ltr'>est</span> <span class='ocrx_word' id='word_1_582' title='bbox 2086 1936 2267 1976; x_wconf 88' lang='lat' dir='ltr'>tamquam</span> <span class='ocrx_word' id='word_1_583' title='bbox 2300 1931 2344 1966; x_wconf 90' lang='lat' dir='ltr'>de</span> 
     </span>
     <span class='ocr_line' id='line_1_82' title="bbox 1249 1978 2342 2024; baseline -0.003 -10"><span class='ocrx_word' id='word_1_584' title='bbox 1249 1979 1416 2021; x_wconf 84' lang='lat' dir='ltr'>*debit0‚</span> <span class='ocrx_word' id='word_1_585' title='bbox 1443 1979 1629 2024; x_wconf 87' lang='lat' dir='ltr'>stipulatio</span> <span class='ocrx_word' id='word_1_586' title='bbox 1650 1978 1862 2024; x_wconf 85' lang='lat' dir='ltr'>interposita</span> <span class='ocrx_word' id='word_1_587' title='bbox 1883 1978 2127 2020; x_wconf 87' lang='lat' dir='ltr'>committitur,</span> <span class='ocrx_word' id='word_1_588' title='bbox 2157 1988 2237 2012; x_wconf 90' lang='lat' dir='ltr'>cum</span> <span class='ocrx_word' id='word_1_589' title='bbox 2258 1988 2342 2021; x_wconf 90' lang='lat' dir='ltr'>pos-</span> 
     </span>
     <span class='ocr_line' id='line_1_83' title="bbox 1249 2022 2343 2069; baseline -0.003 -10"><span class='ocrx_word' id='word_1_590' title='bbox 1249 2026 1335 2060; x_wconf 88' lang='lat' dir='ltr'>*tea</span> <span class='ocrx_word' id='word_1_591' title='bbox 1357 2025 1406 2066; x_wconf 90' lang='lat' dir='ltr'>is,</span> <span class='ocrx_word' id='word_1_592' title='bbox 1443 2025 1545 2060; x_wconf 89' lang='lat' dir='ltr'>cuius</span> <span class='ocrx_word' id='word_1_593' title='bbox 1570 2024 1712 2060; x_wconf 88' lang='lat' dir='ltr'>nomine</span> <span class='ocrx_word' id='word_1_594' title='bbox 1742 2027 1959 2069; x_wconf 87' lang='lat' dir='ltr'>procurator</span> <span class='ocrx_word' id='word_1_595' title='bbox 1983 2024 2068 2067; x_wconf 89' lang='lat' dir='ltr'>egit,</span> <span class='ocrx_word' id='word_1_596' title='bbox 2100 2023 2135 2057; x_wconf 91' lang='lat' dir='ltr'>id</span> <span class='ocrx_word' id='word_1_597' title='bbox 2160 2022 2343 2067; x_wconf 62' lang='lat' dir='ltr'>petierit*</span> 
     </span>
    </p>
   </div>
   <div class='ocr_carea' id='block_1_6' title="bbox 692 2626 1741 2687">
    <p class='ocr_par' dir='ltr' id='par_1_10' title="bbox 692 2626 1741 2687">
     <span class='ocr_line' id='line_1_84' title="bbox 692 2626 1741 2687; baseline -0.001 -10"><span class='ocrx_word' id='word_1_598' title='bbox 692 2627 879 2678; x_wconf 85' lang='lat' dir='ltr'>LIBER</span> <span class='ocrx_word' id='word_1_599' title='bbox 910 2626 1404 2687; x_wconf 73' lang='lat' dir='ltr'><strong>QUADRAGESIMUS</strong></span> <span class='ocrx_word' id='word_1_600' title='bbox 1436 2626 1741 2677; x_wconf 83' lang='lat' dir='ltr'>SEPTIMUS.</span> 
     </span>
    </p>
   </div>
   <div class='ocr_carea' id='block_1_7' title="bbox 366 2757 910 2856">
    <p class='ocr_par' dir='ltr' id='par_1_11' title="bbox 366 2757 910 2856">
     <span class='ocr_line' id='line_1_85' title="bbox 608 2757 662 2796; baseline -0.019 0"><span class='ocrx_word' id='word_1_601' title='bbox 608 2757 662 2796; x_wconf 79' lang='lat'>1⁹.</span> 
     </span>
     <span class='ocr_line' id='line_1_86' title="bbox 366 2822 910 2856; baseline -0.002 0"><span class='ocrx_word' id='word_1_602' title='bbox 366 2824 428 2856; x_wconf 87' lang='lat' dir='ltr'>DE</span> <span class='ocrx_word' id='word_1_603' title='bbox 452 2823 662 2856; x_wconf 83' lang='lat' dir='ltr'><strong>PRIVATIS</strong></span> <span class='ocrx_word' id='word_1_604' title='bbox 686 2822 910 2856; x_wconf 83' lang='lat' dir='ltr'>DELICTIS.</span> 
     </span>
    </p>
   </div>
   <div class='ocr_carea' id='block_1_8' title="bbox 93 2889 1186 3614">
    <p class='ocr_par' dir='ltr' id='par_1_12' title="bbox 93 2889 1186 3614">
     <span class='ocr_line' id='line_1_87' title="bbox 144 2889 1183 2936; baseline 0 -10"><span class='ocrx_word' id='word_1_605' title='bbox 144 2890 160 2927; x_wconf 94' lang='lat'>1</span> <span class='ocrx_word' id='word_1_606' title='bbox 197 2890 392 2926; x_wconf 53' lang='lat' dir='ltr'>dammas</span> <span class='ocrx_word' id='word_1_607' title='bbox 417 2890 507 2926; x_wconf 82' lang='lat' dir='ltr'>libro</span> <span class='ocrx_word' id='word_1_608' title='bbox 533 2890 835 2936; x_wconf 61' lang='lat' dir='ltr'>quadragensimo</span> <span class='ocrx_word' id='word_1_609' title='bbox 859 2891 983 2936; x_wconf 76' lang='lat' dir='ltr'>primo</span> <span class='ocrx_word' id='word_1_610' title='bbox 1008 2890 1058 2925; x_wconf 75' lang='lat' dir='ltr'>acl</span> <span class='ocrx_word' id='word_1_611' title='bbox 1079 2889 1183 2926; x_wconf 76' lang='lat' dir='ltr'>Sabi-</span> 
     </span>
     <span class='ocr_line' id='line_1_88' title="bbox 94 2935 1183 2981; baseline 0 -10"><span class='ocrx_word' id='word_1_612' title='bbox 94 2948 178 2971; x_wconf 82' lang='lat' dir='ltr'>num</span> <span class='ocrx_word' id='word_1_613' title='bbox 233 2935 351 2971; x_wconf 88' lang='lat' dir='ltr'>Civilis</span> <span class='ocrx_word' id='word_1_614' title='bbox 392 2935 598 2971; x_wconf 89' lang='lat' dir='ltr'>constitutio</span> <span class='ocrx_word' id='word_1_615' title='bbox 638 2940 693 2970; x_wconf 91' lang='lat' dir='ltr'>est</span> <span class='ocrx_word' id='word_1_616' title='bbox 728 2936 939 2981; x_wconf 89' lang='lat' dir='ltr'>poenalibus</span> <span class='ocrx_word' id='word_1_617' title='bbox 979 2935 1183 2971; x_wconf 89' lang='lat' dir='ltr'>actionibus</span> 
     </span>
     <span class='ocr_line' id='line_1_89' title="bbox 93 2980 1179 3026; baseline -0.001 -9"><span class='ocrx_word' id='word_1_618' title='bbox 93 2981 242 3017; x_wconf 89' lang='lat' dir='ltr'>heredes</span> <span class='ocrx_word' id='word_1_619' title='bbox 272 2991 343 3016; x_wconf 90' lang='lat' dir='ltr'>non</span> <span class='ocrx_word' id='word_1_620' title='bbox 374 2980 489 3016; x_wconf 88' lang='lat' dir='ltr'>teneri</span> <span class='ocrx_word' id='word_1_621' title='bbox 510 2991 576 3015; x_wconf 90' lang='lat' dir='ltr'>nec</span> <span class='ocrx_word' id='word_1_622' title='bbox 601 2985 739 3017; x_wconf 90' lang='lat' dir='ltr'>ceteros</span> <span class='ocrx_word' id='word_1_623' title='bbox 769 2981 910 3026; x_wconf 89' lang='lat' dir='ltr'>quidem</span> <span class='ocrx_word' id='word_1_624' title='bbox 933 2991 1179 3016; x_wconf 86' lang='lat' dir='ltr'>successores:</span> 
     </span>
     <span class='ocr_line' id='line_1_90' title="bbox 93 3025 1183 3071; baseline 0 -9"><span class='ocrx_word' id='word_1_625' title='bbox 93 3027 225 3062; x_wconf 90' lang='lat' dir='ltr'>idcirco</span> <span class='ocrx_word' id='word_1_626' title='bbox 263 3037 329 3061; x_wconf 91' lang='lat' dir='ltr'>nec</span> <span class='ocrx_word' id='word_1_627' title='bbox 366 3025 454 3060; x_wconf 88' lang='lat' dir='ltr'>furti</span> <span class='ocrx_word' id='word_1_628' title='bbox 486 3026 664 3061; x_wconf 90' lang='lat' dir='ltr'>conveniri</span> <span class='ocrx_word' id='word_1_629' title='bbox 701 3031 863 3071; x_wconf 89' lang='lat' dir='ltr'>possunt.</span> <span class='ocrx_word' id='word_1_630' title='bbox 919 3027 982 3062; x_wconf 89' lang='lat' dir='ltr'>sed</span> <span class='ocrx_word' id='word_1_631' title='bbox 1019 3027 1183 3071; x_wconf 89' lang='lat' dir='ltr'>quamvis</span> 
     </span>
     <span class='ocr_line' id='line_1_91' title="bbox 95 3071 1184 3115; baseline -0.001 -8"><span class='ocrx_word' id='word_1_632' title='bbox 95 3072 183 3108; x_wconf 87' lang='lat' dir='ltr'>furti</span> <span class='ocrx_word' id='word_1_633' title='bbox 206 3072 348 3107; x_wconf 88' lang='lat' dir='ltr'>actione</span> <span class='ocrx_word' id='word_1_634' title='bbox 372 3082 445 3107; x_wconf 89' lang='lat' dir='ltr'>non</span> <span class='ocrx_word' id='word_1_635' title='bbox 467 3075 666 3115; x_wconf 84' lang='lat' dir='ltr'>teneantur,</span> <span class='ocrx_word' id='word_1_636' title='bbox 692 3076 850 3107; x_wconf 87' lang='lat' dir='ltr'>attamen</span> <span class='ocrx_word' id='word_1_637' title='bbox 874 3072 920 3107; x_wconf 90' lang='lat' dir='ltr'>ad</span> <span class='ocrx_word' id='word_1_638' title='bbox 945 3071 1184 3107; x_wconf 85' lang='lat' dir='ltr'>exhibendum</span> 
     </span>
     <span class='ocr_line' id='line_1_92' title="bbox 95 3117 1183 3162; baseline -0.002 -9"><span class='ocrx_word' id='word_1_639' title='bbox 95 3117 236 3153; x_wconf 88' lang='lat' dir='ltr'>actione</span> <span class='ocrx_word' id='word_1_640' title='bbox 272 3117 387 3152; x_wconf 91' lang='lat' dir='ltr'>teneri</span> <span class='ocrx_word' id='word_1_641' title='bbox 419 3126 480 3152; x_wconf 91' lang='lat' dir='ltr'>eos</span> <span class='ocrx_word' id='word_1_642' title='bbox 513 3121 671 3160; x_wconf 88' lang='lat' dir='ltr'>oportet,</span> <span class='ocrx_word' id='word_1_643' title='bbox 710 3117 741 3152; x_wconf 91' lang='lat' dir='ltr'>si</span> <span class='ocrx_word' id='word_1_644' title='bbox 772 3117 981 3162; x_wconf 88' lang='lat' dir='ltr'>possideant</span> <span class='ocrx_word' id='word_1_645' title='bbox 1005 3121 1068 3152; x_wconf 91' lang='lat' dir='ltr'>aut</span> <span class='ocrx_word' id='word_1_646' title='bbox 1101 3117 1183 3152; x_wconf 92' lang='lat' dir='ltr'>dolo</span> 
     </span>
     <span class='ocr_line' id='line_1_93' title="bbox 95 3161 1182 3207; baseline -0.001 -9"><span class='ocrx_word' id='word_1_647' title='bbox 95 3163 247 3198; x_wconf 85' lang='lat' dir='ltr'>fecerint</span> <span class='ocrx_word' id='word_1_648' title='bbox 270 3173 340 3207; x_wconf 91' lang='lat' dir='ltr'>quo</span> <span class='ocrx_word' id='word_1_649' title='bbox 366 3162 481 3196; x_wconf 89' lang='lat' dir='ltr'>minus</span> <span class='ocrx_word' id='word_1_650' title='bbox 505 3161 729 3206; x_wconf 86' lang='lat' dir='ltr'>possideant:</span> <span class='ocrx_word' id='word_1_651' title='bbox 761 3163 824 3198; x_wconf 91' lang='lat' dir='ltr'>sed</span> <span class='ocrx_word' id='word_1_652' title='bbox 849 3163 942 3198; x_wconf 90' lang='lat' dir='ltr'>enim</span> <span class='ocrx_word' id='word_1_653' title='bbox 966 3166 1001 3198; x_wconf 92' lang='lat' dir='ltr'>et</span> <span class='ocrx_word' id='word_1_654' title='bbox 1024 3162 1182 3198; x_wconf 89' lang='lat' dir='ltr'>vindica-</span> 
     </span>
     <span class='ocr_line' id='line_1_94' title="bbox 95 3206 1184 3244; baseline 0 -1"><span class='ocrx_word' id='word_1_655' title='bbox 95 3209 192 3243; x_wconf 89' lang='lat' dir='ltr'>tione</span> <span class='ocrx_word' id='word_1_656' title='bbox 211 3207 427 3243; x_wconf 89' lang='lat' dir='ltr'>tenebuntur</span> <span class='ocrx_word' id='word_1_657' title='bbox 446 3217 486 3242; x_wconf 90' lang='lat' dir='ltr'>re</span> <span class='ocrx_word' id='word_1_658' title='bbox 504 3206 675 3242; x_wconf 87' lang='lat' dir='ltr'>exhibita.</span> <span class='ocrx_word' id='word_1_659' title='bbox 709 3208 794 3242; x_wconf 89' lang='lat' dir='ltr'>item</span> <span class='ocrx_word' id='word_1_660' title='bbox 815 3208 992 3244; x_wconf 87' lang='lat' dir='ltr'>condictio</span> <span class='ocrx_word' id='word_1_661' title='bbox 1014 3208 1184 3243; x_wconf 89' lang='lat' dir='ltr'>adversus</span> 
     </span>
     <span class='ocr_line' id='line_1_95' title="bbox 99 3252 1184 3298; baseline 0 -10"><span class='ocrx_word' id='word_1_662' title='bbox 99 3258 113 3288; x_wconf 94' lang='lat'>1</span> <span class='ocrx_word' id='word_1_663' title='bbox 163 3263 224 3288; x_wconf 90' lang='lat' dir='ltr'>eos</span> <span class='ocrx_word' id='word_1_664' title='bbox 250 3253 430 3297; x_wconf 90' lang='lat' dir='ltr'>competit.</span> <span class='ocrx_word' id='word_1_665' title='bbox 478 3252 653 3287; x_wconf 89' lang='lat' dir='ltr'>Heredem</span> <span class='ocrx_word' id='word_1_666' title='bbox 683 3257 803 3288; x_wconf 91' lang='lat' dir='ltr'>autem</span> <span class='ocrx_word' id='word_1_667' title='bbox 830 3253 919 3289; x_wconf 89' lang='lat' dir='ltr'>furti</span> <span class='ocrx_word' id='word_1_668' title='bbox 944 3263 1048 3298; x_wconf 87' lang='lat' dir='ltr'>agere</span> <span class='ocrx_word' id='word_1_669' title='bbox 1077 3263 1184 3298; x_wconf 88' lang='lat' dir='ltr'>posse</span> 
     </span>
     <span class='ocr_line' id='line_1_96' title="bbox 96 3297 1184 3343; baseline -0.001 -9"><span class='ocrx_word' id='word_1_670' title='bbox 96 3308 209 3343; x_wconf 86' lang='lat' dir='ltr'>aeque</span> <span class='ocrx_word' id='word_1_671' title='bbox 230 3301 387 3333; x_wconf 83' lang='lat' dir='ltr'>constat:</span> <span class='ocrx_word' id='word_1_672' title='bbox 414 3297 597 3333; x_wconf 86' lang='lat' dir='ltr'>exsecutio</span> <span class='ocrx_word' id='word_1_673' title='bbox 618 3297 711 3332; x_wconf 89' lang='lat' dir='ltr'>enim</span> <span class='ocrx_word' id='word_1_674' title='bbox 731 3299 954 3343; x_wconf 88' lang='lat' dir='ltr'>quorundam</span> <span class='ocrx_word' id='word_1_675' title='bbox 974 3298 1184 3334; x_wconf 88' lang='lat' dir='ltr'>delictorum</span> 
     </span>
     <span class='ocr_line' id='line_1_97' title="bbox 96 3342 1184 3388; baseline -0.001 -9"><span class='ocrx_word' id='word_1_676' title='bbox 96 3343 286 3379; x_wconf 89' lang='lat' dir='ltr'>heredibus</span> <span class='ocrx_word' id='word_1_677' title='bbox 318 3342 403 3377; x_wconf 89' lang='lat' dir='ltr'>data</span> <span class='ocrx_word' id='word_1_678' title='bbox 434 3347 506 3378; x_wconf 89' lang='lat' dir='ltr'>est:</span> <span class='ocrx_word' id='word_1_679' title='bbox 545 3343 598 3377; x_wconf 88' lang='lat' dir='ltr'>ita</span> <span class='ocrx_word' id='word_1_680' title='bbox 630 3346 666 3378; x_wconf 91' lang='lat' dir='ltr'>et</span> <span class='ocrx_word' id='word_1_681' title='bbox 694 3343 781 3387; x_wconf 90' lang='lat' dir='ltr'>legis</span> <span class='ocrx_word' id='word_1_682' title='bbox 811 3344 975 3388; x_wconf 91' lang='lat' dir='ltr'>Aquiliae</span> <span class='ocrx_word' id='word_1_683' title='bbox 1007 3343 1184 3379; x_wconf 89' lang='lat' dir='ltr'>actionem</span> 
     </span>
     <span class='ocr_line' id='line_1_98' title="bbox 96 3388 1184 3424; baseline 0.001 -1"><span class='ocrx_word' id='word_1_684' title='bbox 96 3389 199 3424; x_wconf 88' lang='lat' dir='ltr'>heres</span> <span class='ocrx_word' id='word_1_685' title='bbox 224 3388 343 3423; x_wconf 89' lang='lat' dir='ltr'>habet.</span> <span class='ocrx_word' id='word_1_686' title='bbox 391 3388 455 3423; x_wconf 90' lang='lat' dir='ltr'>sed</span> <span class='ocrx_word' id='word_1_687' title='bbox 485 3388 695 3422; x_wconf 87' lang='lat' dir='ltr'>iniuriarum</span> <span class='ocrx_word' id='word_1_688' title='bbox 719 3388 812 3423; x_wconf 89' lang='lat' dir='ltr'>actio</span> <span class='ocrx_word' id='word_1_689' title='bbox 844 3388 967 3424; x_wconf 89' lang='lat' dir='ltr'>heredi</span> <span class='ocrx_word' id='word_1_690' title='bbox 989 3400 1061 3424; x_wconf 92' lang='lat' dir='ltr'>non</span> <span class='ocrx_word' id='word_1_691' title='bbox 1087 3399 1184 3424; x_wconf 91' lang='lat' dir='ltr'>com-</span> 
     </span>
     <span class='ocr_line' id='line_1_99' title="bbox 97 3432 1184 3479; baseline 0.001 -11"><span class='ocrx_word' id='word_1_692' title='bbox 97 3437 116 3468; x_wconf 84' lang='lat'>2</span> <span class='ocrx_word' id='word_1_693' title='bbox 164 3433 265 3479; x_wconf 87' lang='lat' dir='ltr'>petit.</span> <span class='ocrx_word' id='word_1_694' title='bbox 321 3432 404 3468; x_wconf 87' lang='lat' dir='ltr'>Non</span> <span class='ocrx_word' id='word_1_695' title='bbox 438 3437 578 3468; x_wconf 91' lang='lat' dir='ltr'>tantum</span> <span class='ocrx_word' id='word_1_696' title='bbox 613 3433 650 3468; x_wconf 89' lang='lat' dir='ltr'>in</span> <span class='ocrx_word' id='word_1_697' title='bbox 685 3433 791 3476; x_wconf 86' lang='lat' dir='ltr'>furti,</span> <span class='ocrx_word' id='word_1_698' title='bbox 827 3444 950 3469; x_wconf 85' lang='lat' dir='ltr'>verum</span> <span class='ocrx_word' id='word_1_699' title='bbox 984 3434 1021 3469; x_wconf 92' lang='lat' dir='ltr'>in</span> <span class='ocrx_word' id='word_1_700' title='bbox 1058 3434 1184 3469; x_wconf 83' lang='lat' dir='ltr'>ceteris</span> 
     </span>
     <span class='ocr_line' id='line_1_100' title="bbox 97 3478 1185 3523; baseline 0 -9"><span class='ocrx_word' id='word_1_701' title='bbox 97 3488 239 3523; x_wconf 89' lang='lat' dir='ltr'>quoque</span> <span class='ocrx_word' id='word_1_702' title='bbox 272 3478 492 3522; x_wconf 87' lang='lat' dir='ltr'>actionibus,</span> <span class='ocrx_word' id='word_1_703' title='bbox 528 3489 620 3523; x_wconf 89' lang='lat' dir='ltr'>quae</span> <span class='ocrx_word' id='word_1_704' title='bbox 649 3489 694 3514; x_wconf 83' lang='lat' dir='ltr'>ex</span> <span class='ocrx_word' id='word_1_705' title='bbox 726 3478 863 3514; x_wconf 86' lang='lat' dir='ltr'>delictis</span> <span class='ocrx_word' id='word_1_706' title='bbox 895 3479 1075 3522; x_wconf 89' lang='lat' dir='ltr'>oriuntur,</span> <span class='ocrx_word' id='word_1_707' title='bbox 1113 3479 1185 3514; x_wconf 90' lang='lat' dir='ltr'>sive</span> 
     </span>
     <span class='ocr_line' id='line_1_101' title="bbox 98 3523 1186 3570; baseline -0.001 -11"><span class='ocrx_word' id='word_1_708' title='bbox 98 3524 216 3559; x_wconf 89' lang='lat' dir='ltr'>civiles</span> <span class='ocrx_word' id='word_1_709' title='bbox 241 3526 325 3559; x_wconf 85' lang='lat' dir='ltr'>sunt</span> <span class='ocrx_word' id='word_1_710' title='bbox 345 3523 419 3559; x_wconf 88' lang='lat' dir='ltr'>sive</span> <span class='ocrx_word' id='word_1_711' title='bbox 437 3524 662 3566; x_wconf 88' lang='lat' dir='ltr'>honorariae,</span> <span class='ocrx_word' id='word_1_712' title='bbox 686 3523 724 3559; x_wconf 91' lang='lat' dir='ltr'>id</span> <span class='ocrx_word' id='word_1_713' title='bbox 747 3524 877 3568; x_wconf 90' lang='lat' dir='ltr'>placet,</span> <span class='ocrx_word' id='word_1_714' title='bbox 905 3528 943 3559; x_wconf 92' lang='lat' dir='ltr'>ut</span> <span class='ocrx_word' id='word_1_715' title='bbox 961 3535 1057 3560; x_wconf 86' lang='lat' dir='ltr'>noxa</span> <span class='ocrx_word' id='word_1_716' title='bbox 1076 3527 1186 3570; x_wconf 90' lang='lat' dir='ltr'>caput</span> 
     </span>
     <span class='ocr_line' id='line_1_102' title="bbox 97 3572 280 3614; baseline 0 -9"><span class='ocrx_word' id='word_1_717' title='bbox 97 3572 280 3614; x_wconf 81' lang='lat' dir='ltr'>sequatur.</span> 
     </span>
    </p>
   </div>
   <div class='ocr_carea' id='block_1_9' title="bbox 1252 2752 2344 3614">
    <p class='ocr_par' dir='ltr' id='par_1_13' title="bbox 1252 2752 2344 3614">
     <span class='ocr_line' id='line_1_103' title="bbox 1300 2752 1584 2791; baseline -0.007 0"><span class='ocrx_word' id='word_1_718' title='bbox 1300 2752 1325 2791; x_wconf 81' lang='lat'><strong>2</strong></span> <span class='ocrx_word' id='word_1_719' title='bbox 1350 2753 1458 2789; x_wconf 81' lang='lat' dir='ltr'>IDEM</span> <span class='ocrx_word' id='word_1_720' title='bbox 1492 2754 1584 2789; x_wconf 80' lang='lat' dir='ltr'>libro</span> 
     </span>
     <span class='ocr_line' id='line_1_104' title="bbox 1253 2795 2344 2845; baseline -0.006 -10"><span class='ocrx_word' id='word_1_721' title='bbox 1253 2799 1457 2845; x_wconf 88' lang='lat' dir='ltr'>Numquam</span> <span class='ocrx_word' id='word_1_722' title='bbox 1475 2799 1582 2844; x_wconf 90' lang='lat' dir='ltr'>plura</span> <span class='ocrx_word' id='word_1_723' title='bbox 1624 2799 1729 2835; x_wconf 89' lang='lat' dir='ltr'>elicta</span> <span class='ocrx_word' id='word_1_724' title='bbox 1743 2799 1995 2834; x_wconf 86' lang='lat' dir='ltr'>concurrentia</span> <span class='ocrx_word' id='word_1_725' title='bbox 2007 2797 2156 2839; x_wconf 86' lang='lat' dir='ltr'>faciunt,</span> <span class='ocrx_word' id='word_1_726' title='bbox 2177 2800 2218 2831; x_wconf 90' lang='lat' dir='ltr'>ut</span> <span class='ocrx_word' id='word_1_727' title='bbox 2237 2795 2344 2829; x_wconf 91' lang='lat' dir='ltr'>ullius</span> 
     </span>
     <span class='ocr_line' id='line_1_105' title="bbox 1252 2840 2342 2890; baseline -0.006 -10"><span class='ocrx_word' id='word_1_728' title='bbox 1252 2845 1446 2890; x_wconf 88' lang='lat' dir='ltr'>impunitas</span> <span class='ocrx_word' id='word_1_729' title='bbox 1472 2845 1595 2880; x_wconf 86' lang='lat' dir='ltr'>detur:</span> <span class='ocrx_word' id='word_1_730' title='bbox 1630 2855 1746 2890; x_wconf 88' lang='lat' dir='ltr'>neque</span> <span class='ocrx_word' id='word_1_731' title='bbox 1772 2845 1864 2879; x_wconf 91' lang='lat' dir='ltr'>enim</span> <span class='ocrx_word' id='word_1_732' title='bbox 1896 2844 2065 2879; x_wconf 90' lang='lat' dir='ltr'>delictum</span> <span class='ocrx_word' id='word_1_733' title='bbox 2090 2843 2135 2877; x_wconf 93' lang='lat' dir='ltr'>ob</span> <span class='ocrx_word' id='word_1_734' title='bbox 2162 2840 2259 2875; x_wconf 90' lang='lat' dir='ltr'>aliud</span> <span class='ocrx_word' id='word_1_735' title='bbox 2283 2840 2342 2874; x_wconf 90' lang='lat' dir='ltr'>de-</span> 
     </span>
     <span class='ocr_line' id='line_1_106' title="bbox 1257 2886 2337 2937; baseline -0.007 -11"><span class='ocrx_word' id='word_1_736' title='bbox 1257 2895 1271 2926; x_wconf 94' lang='lat'>1</span> <span class='ocrx_word' id='word_1_737' title='bbox 1321 2891 1445 2926; x_wconf 89' lang='lat' dir='ltr'>lictum</span> <span class='ocrx_word' id='word_1_738' title='bbox 1470 2890 1597 2934; x_wconf 77' lang='lat' dir='ltr'>minuit</span> <span class='ocrx_word' id='word_1_739' title='bbox 1619 2900 1782 2936; x_wconf 90' lang='lat' dir='ltr'>poenam.</span> <span class='ocrx_word' id='word_1_740' title='bbox 1830 2890 1899 2934; x_wconf 77' lang='lat' dir='ltr'>Qui</span> <span class='ocrx_word' id='word_1_741' title='bbox 1921 2890 2029 2934; x_wconf 90' lang='lat' dir='ltr'>igitur</span> <span class='ocrx_word' id='word_1_742' title='bbox 2058 2887 2234 2923; x_wconf 89' lang='lat' dir='ltr'>hominem</span> <span class='ocrx_word' id='word_1_743' title='bbox 2259 2886 2337 2937; x_wconf 76' lang='lat' dir='ltr'>sub-</span> 
     </span>
     <span class='ocr_line' id='line_1_107' title="bbox 1253 2930 2341 2980; baseline -0.006 -10"><span class='ocrx_word' id='word_1_744' title='bbox 1253 2936 1374 2980; x_wconf 88' lang='lat' dir='ltr'>ripuit,</span> <span class='ocrx_word' id='word_1_745' title='bbox 1401 2940 1435 2971; x_wconf 91' lang='lat' dir='ltr'>et</span> <span class='ocrx_word' id='word_1_746' title='bbox 1460 2935 1609 2980; x_wconf 84' lang='lat' dir='ltr'>occidit,</span> <span class='ocrx_word' id='word_1_747' title='bbox 1634 2936 1719 2980; x_wconf 89' lang='lat' dir='ltr'>quia</span> <span class='ocrx_word' id='word_1_748' title='bbox 1743 2935 1939 2980; x_wconf 90' lang='lat' dir='ltr'>subripuit,</span> <span class='ocrx_word' id='word_1_749' title='bbox 1965 2934 2068 2975; x_wconf 84' lang='lat' dir='ltr'>furti,</span> <span class='ocrx_word' id='word_1_750' title='bbox 2094 2933 2178 2977; x_wconf 88' lang='lat' dir='ltr'>quia</span> <span class='ocrx_word' id='word_1_751' title='bbox 2202 2930 2341 2972; x_wconf 83' lang='lat' dir='ltr'>occidit,</span> 
     </span>
     <span class='ocr_line' id='line_1_108' title="bbox 1253 2975 2342 3026; baseline -0.007 -10"><span class='ocrx_word' id='word_1_752' title='bbox 1253 2981 1397 3026; x_wconf 87' lang='lat' dir='ltr'>Aquilia</span> <span class='ocrx_word' id='word_1_753' title='bbox 1420 2984 1580 3024; x_wconf 89' lang='lat' dir='ltr'>tenetur,</span> <span class='ocrx_word' id='word_1_754' title='bbox 1614 2991 1729 3026; x_wconf 85' lang='lat' dir='ltr'>neque</span> <span class='ocrx_word' id='word_1_755' title='bbox 1753 2981 1866 3015; x_wconf 89' lang='lat' dir='ltr'>altera</span> <span class='ocrx_word' id='word_1_756' title='bbox 1897 2981 2025 3015; x_wconf 89' lang='lat' dir='ltr'>harum</span> <span class='ocrx_word' id='word_1_757' title='bbox 2050 2978 2230 3013; x_wconf 90' lang='lat' dir='ltr'>actionum</span> <span class='ocrx_word' id='word_1_758' title='bbox 2254 2975 2342 3026; x_wconf 80' lang='lat' dir='ltr'>alte-</span> 
     </span>
     <span class='ocr_line' id='line_1_109' title="bbox 1255 3022 2338 3072; baseline -0.007 -11"><span class='ocrx_word' id='word_1_759' title='bbox 1255 3030 1274 3061; x_wconf 86' lang='lat'>2</span> <span class='ocrx_word' id='word_1_760' title='bbox 1300 3037 1376 3061; x_wconf 87' lang='lat' dir='ltr'>ram</span> <span class='ocrx_word' id='word_1_761' title='bbox 1400 3026 1588 3062; x_wconf 89' lang='lat' dir='ltr'>consumit.</span> <span class='ocrx_word' id='word_1_762' title='bbox 1635 3026 1735 3062; x_wconf 89' lang='lat' dir='ltr'>Idem</span> <span class='ocrx_word' id='word_1_763' title='bbox 1759 3025 1966 3067; x_wconf 89' lang='lat' dir='ltr'>dicendum,</span> <span class='ocrx_word' id='word_1_764' title='bbox 1991 3024 2022 3059; x_wconf 92' lang='lat' dir='ltr'>si</span> <span class='ocrx_word' id='word_1_765' title='bbox 2045 3022 2166 3072; x_wconf 82' lang='lat' dir='ltr'>rapuit</span> <span class='ocrx_word' id='word_1_766' title='bbox 2188 3025 2224 3056; x_wconf 90' lang='lat' dir='ltr'>et</span> <span class='ocrx_word' id='word_1_767' title='bbox 2247 3030 2338 3071; x_wconf 69' lang='lat' dir='ltr'>oeci-</span> 
     </span>
     <span class='ocr_line' id='line_1_110' title="bbox 1254 3065 2341 3116; baseline -0.008 -9"><span class='ocrx_word' id='word_1_768' title='bbox 1254 3072 1322 3107; x_wconf 78' lang='lat' dir='ltr'>dit:</span> <span class='ocrx_word' id='word_1_769' title='bbox 1348 3082 1431 3107; x_wconf 88' lang='lat' dir='ltr'>nam</span> <span class='ocrx_word' id='word_1_770' title='bbox 1455 3075 1492 3106; x_wconf 92' lang='lat' dir='ltr'>et</span> <span class='ocrx_word' id='word_1_771' title='bbox 1513 3071 1548 3106; x_wconf 78' lang='lat' dir='ltr'>vi</span> <span class='ocrx_word' id='word_1_772' title='bbox 1571 3072 1748 3107; x_wconf 89' lang='lat' dir='ltr'>bonorum</span> <span class='ocrx_word' id='word_1_773' title='bbox 1771 3075 1957 3116; x_wconf 85' lang='lat' dir='ltr'>raptorum</span> <span class='ocrx_word' id='word_1_774' title='bbox 1982 3074 2017 3105; x_wconf 91' lang='lat' dir='ltr'>et</span> <span class='ocrx_word' id='word_1_775' title='bbox 2040 3068 2183 3112; x_wconf 82' lang='lat' dir='ltr'>Aquilia</span> <span class='ocrx_word' id='word_1_776' title='bbox 2206 3065 2341 3100; x_wconf 81' lang='lat' dir='ltr'>tenebi-</span> 
     </span>
     <span class='ocr_line' id='line_1_111' title="bbox 1255 3113 2343 3161; baseline -0.009 -9"><span class='ocrx_word' id='word_1_777' title='bbox 1255 3121 1273 3153; x_wconf 89' lang='lat'><strong>3</strong></span> <span class='ocrx_word' id='word_1_778' title='bbox 1321 3121 1392 3152; x_wconf 93' lang='lat' dir='ltr'>tur.</span> <span class='ocrx_word' id='word_1_779' title='bbox 1441 3117 1648 3161; x_wconf 81' lang='lat' dir='ltr'>Quaesitum</span> <span class='ocrx_word' id='word_1_780' title='bbox 1672 3121 1743 3159; x_wconf 89' lang='lat' dir='ltr'>est,</span> <span class='ocrx_word' id='word_1_781' title='bbox 1769 3117 1800 3152; x_wconf 87' lang='lat' dir='ltr'>si</span> <span class='ocrx_word' id='word_1_782' title='bbox 1824 3116 2009 3152; x_wconf 87' lang='lat' dir='ltr'>condictus</span> <span class='ocrx_word' id='word_1_783' title='bbox 2034 3113 2142 3148; x_wconf 74' lang='lat' dir='ltr'>fuerit</span> <span class='ocrx_word' id='word_1_784' title='bbox 2165 3122 2209 3145; x_wconf 86' lang='lat' dir='ltr'>ex</span> <span class='ocrx_word' id='word_1_785' title='bbox 2224 3120 2343 3161; x_wconf 37' lang='lat' dir='ltr'>&#39;causa</span> 
     </span>
     <span class='ocr_line' id='line_1_112' title="bbox 1253 3158 2342 3206; baseline -0.009 -9"><span class='ocrx_word' id='word_1_786' title='bbox 1253 3162 1400 3204; x_wconf 84' lang='lat' dir='ltr'>furtiva,</span> <span class='ocrx_word' id='word_1_787' title='bbox 1433 3172 1482 3196; x_wconf 87' lang='lat' dir='ltr'>an</span> <span class='ocrx_word' id='word_1_788' title='bbox 1505 3162 1614 3198; x_wconf 86' lang='lat' dir='ltr'>nihilo</span> <span class='ocrx_word' id='word_1_789' title='bbox 1640 3162 1755 3197; x_wconf 91' lang='lat' dir='ltr'>minus</span> <span class='ocrx_word' id='word_1_790' title='bbox 1778 3163 1855 3206; x_wconf 88' lang='lat' dir='ltr'>lege</span> <span class='ocrx_word' id='word_1_791' title='bbox 1879 3160 2022 3205; x_wconf 87' lang='lat' dir='ltr'>Aquilia</span> <span class='ocrx_word' id='word_1_792' title='bbox 2047 3159 2103 3202; x_wconf 87' lang='lat' dir='ltr'>agi</span> <span class='ocrx_word' id='word_1_793' title='bbox 2136 3159 2262 3205; x_wconf 39' lang='lat' dir='ltr'>possit..</span> <span class='ocrx_word' id='word_1_794' title='bbox 2308 3158 2342 3188; x_wconf 86' lang='lat' dir='ltr'>et</span> 
     </span>
     <span class='ocr_line' id='line_1_113' title="bbox 1253 3203 2340 3253; baseline -0.02 2"><span class='ocrx_word' id='word_1_795' title='bbox 1253 3208 1396 3252; x_wconf 61' lang='lat' dir='ltr'>SCYiPSit</span> <span class='ocrx_word' id='word_1_796' title='bbox 1419 3207 1639 3252; x_wconf 79' lang='lat' dir='ltr'>Pomponius</span> <span class='ocrx_word' id='word_1_797' title='bbox 1665 3208 1721 3252; x_wconf 82' lang='lat' dir='ltr'>agi</span> <span class='ocrx_word' id='word_1_798' title='bbox 1744 3218 1870 3253; x_wconf 90' lang='lat' dir='ltr'>posse,</span> <span class='ocrx_word' id='word_1_799' title='bbox 1897 3205 1980 3251; x_wconf 88' lang='lat' dir='ltr'>quia</span> <span class='ocrx_word' id='word_1_800' title='bbox 2004 3203 2150 3238; x_wconf 84' lang='lat' dir='ltr'>alterius</span> <span class='ocrx_word' id='word_1_801' title='bbox 2176 3204 2340 3252; x_wconf 69' lang='lat' dir='ltr'>aestima-</span> 
     </span>
     <span class='ocr_line' id='line_1_114' title="bbox 1253 3245 2343 3298; baseline -0.008 -11"><span class='ocrx_word' id='word_1_802' title='bbox 1253 3253 1358 3288; x_wconf 92' lang='lat' dir='ltr'>tionis</span> <span class='ocrx_word' id='word_1_803' title='bbox 1383 3256 1438 3288; x_wconf 89' lang='lat' dir='ltr'>est</span> <span class='ocrx_word' id='word_1_804' title='bbox 1467 3252 1555 3297; x_wconf 89' lang='lat' dir='ltr'>legis</span> <span class='ocrx_word' id='word_1_805' title='bbox 1579 3253 1745 3298; x_wconf 86' lang='lat' dir='ltr'>Aquiliae</span> <span class='ocrx_word' id='word_1_806' title='bbox 1775 3253 1886 3294; x_wconf 87' lang='lat' dir='ltr'>actio,</span> <span class='ocrx_word' id='word_1_807' title='bbox 1919 3249 2065 3286; x_wconf 88' lang='lat' dir='ltr'>alterius</span> <span class='ocrx_word' id='word_1_808' title='bbox 2098 3245 2274 3298; x_wconf 77' lang='lat' dir='ltr'>condictio</span> <span class='ocrx_word' id='word_1_809' title='bbox 2298 3254 2343 3278; x_wconf 84' lang='lat' dir='ltr'>ex</span> 
     </span>
     <span class='ocr_line' id='line_1_115' title="bbox 1253 3295 2342 3343; baseline -0.009 -11"><span class='ocrx_word' id='word_1_810' title='bbox 1253 3308 1365 3333; x_wconf 88' lang='lat' dir='ltr'>causa</span> <span class='ocrx_word' id='word_1_811' title='bbox 1395 3297 1544 3332; x_wconf 81' lang='lat' dir='ltr'>furtiva:</span> <span class='ocrx_word' id='word_1_812' title='bbox 1586 3308 1740 3343; x_wconf 88' lang='lat' dir='ltr'>namque</span> <span class='ocrx_word' id='word_1_813' title='bbox 1771 3297 1916 3343; x_wconf 87' lang='lat' dir='ltr'>Aquilia</span> <span class='ocrx_word' id='word_1_814' title='bbox 1953 3305 2030 3330; x_wconf 88' lang='lat' dir='ltr'>eam</span> <span class='ocrx_word' id='word_1_815' title='bbox 2062 3295 2342 3342; x_wconf 78' lang='lat' dir='ltr'>aestimatmnem</span> 
     </span>
     <span class='ocr_line' id='line_1_116' title="bbox 1254 3335 2341 3388; baseline -0.011 -9"><span class='ocrx_word' id='word_1_816' title='bbox 1254 3343 1519 3388; x_wconf 88' lang='lat' dir='ltr'>complectitur,</span> <span class='ocrx_word' id='word_1_817' title='bbox 1553 3344 1678 3388; x_wconf 83' lang='lat' dir='ltr'>quanti</span> <span class='ocrx_word' id='word_1_818' title='bbox 1701 3354 1744 3379; x_wconf 90' lang='lat' dir='ltr'>eo</span> <span class='ocrx_word' id='word_1_819' title='bbox 1769 3353 1861 3378; x_wconf 89' lang='lat' dir='ltr'>anno</span> <span class='ocrx_word' id='word_1_820' title='bbox 1887 3339 2030 3385; x_wconf 92' lang='lat' dir='ltr'>plurimi</span> <span class='ocrx_word' id='word_1_821' title='bbox 2052 3337 2139 3378; x_wconf 85' lang='lat' dir='ltr'>fuit,</span> <span class='ocrx_word' id='word_1_822' title='bbox 2165 3335 2341 3386; x_wconf 75' lang='lat' dir='ltr'>condictio</span> 
     </span>
     <span class='ocr_line' id='line_1_117' title="bbox 1254 3385 2341 3434; baseline -0.01 -11"><span class='ocrx_word' id='word_1_823' title='bbox 1254 3392 1374 3423; x_wconf 90' lang='lat' dir='ltr'>autem</span> <span class='ocrx_word' id='word_1_824' title='bbox 1398 3398 1442 3424; x_wconf 86' lang='lat' dir='ltr'>ex</span> <span class='ocrx_word' id='word_1_825' title='bbox 1475 3398 1585 3423; x_wconf 86' lang='lat' dir='ltr'>causa</span> <span class='ocrx_word' id='word_1_826' title='bbox 1607 3388 1741 3423; x_wconf 88' lang='lat' dir='ltr'>furtiva</span> <span class='ocrx_word' id='word_1_827' title='bbox 1765 3399 1837 3423; x_wconf 89' lang='lat' dir='ltr'>non</span> <span class='ocrx_word' id='word_1_828' title='bbox 1869 3385 2046 3430; x_wconf 87' lang='lat' dir='ltr'>egreditur</span> <span class='ocrx_word' id='word_1_829' title='bbox 2069 3386 2263 3434; x_wconf 76' lang='lat' dir='ltr'>retrorsum</span> <span class='ocrx_word' id='word_1_830' title='bbox 2288 3390 2341 3413; x_wconf 84' lang='lat' dir='ltr'>iu-</span> 
     </span>
     <span class='ocr_line' id='line_1_118' title="bbox 1254 3425 2342 3478; baseline -0.011 -9"><span class='ocrx_word' id='word_1_831' title='bbox 1254 3433 1336 3469; x_wconf 89' lang='lat' dir='ltr'>dicii</span> <span class='ocrx_word' id='word_1_832' title='bbox 1359 3433 1558 3478; x_wconf 86' lang='lat' dir='ltr'>accipiendi</span> <span class='ocrx_word' id='word_1_833' title='bbox 1571 3435 1600 3455; x_wconf 88' lang='lat'>¹⁰</span> <span class='ocrx_word' id='word_1_834' title='bbox 1623 3438 1774 3478; x_wconf 89' lang='lat' dir='ltr'>tempus.</span> <span class='ocrx_word' id='word_1_835' title='bbox 1811 3432 1875 3467; x_wconf 89' lang='lat' dir='ltr'>sed</span> <span class='ocrx_word' id='word_1_836' title='bbox 1895 3431 1926 3466; x_wconf 90' lang='lat' dir='ltr'>si</span> <span class='ocrx_word' id='word_1_837' title='bbox 1948 3439 2068 3464; x_wconf 91' lang='lat' dir='ltr'>servus</span> <span class='ocrx_word' id='word_1_838' title='bbox 2090 3432 2147 3477; x_wconf 74' lang='lat' dir='ltr'>s1t,</span> <span class='ocrx_word' id='word_1_839' title='bbox 2172 3436 2233 3470; x_wconf 82' lang='lat' dir='ltr'>qui</span> <span class='ocrx_word' id='word_1_840' title='bbox 2253 3425 2342 3476; x_wconf 74' lang='lat' dir='ltr'>haec</span> 
     </span>
     <span class='ocr_line' id='line_1_119' title="bbox 1253 3470 2341 3524; baseline -0.01 -11"><span class='ocrx_word' id='word_1_841' title='bbox 1253 3478 1413 3522; x_wconf 88' lang='lat' dir='ltr'>admisit,</span> <span class='ocrx_word' id='word_1_842' title='bbox 1439 3488 1484 3514; x_wconf 86' lang='lat' dir='ltr'>ex</span> <span class='ocrx_word' id='word_1_843' title='bbox 1508 3489 1731 3524; x_wconf 87' lang='lat' dir='ltr'>quacumque</span> <span class='ocrx_word' id='word_1_844' title='bbox 1756 3478 1896 3512; x_wconf 87' lang='lat' dir='ltr'>actione</span> <span class='ocrx_word' id='word_1_845' title='bbox 1919 3484 2034 3509; x_wconf 88' lang='lat' dir='ltr'>noxae</span> <span class='ocrx_word' id='word_1_846' title='bbox 2059 3472 2167 3524; x_wconf 66' lang='lat' dir='ltr'>fuerit</span> <span class='ocrx_word' id='word_1_847' title='bbox 2191 3470 2341 3510; x_wconf 83' lang='lat' dir='ltr'>deditus,</span> 
     </span>
     <span class='ocr_line' id='line_1_120' title="bbox 1254 3516 2342 3568; baseline -0.009 -9"><span class='ocrx_word' id='word_1_848' title='bbox 1254 3527 1275 3558; x_wconf 89' lang='grc'>4</span> <span class='ocrx_word' id='word_1_849' title='bbox 1322 3534 1442 3568; x_wconf 88' lang='lat' dir='ltr'>perem</span> <span class='ocrx_word' id='word_1_850' title='bbox 1469 3528 1507 3559; x_wconf 87' lang='lat' dir='ltr'>ta</span> <span class='ocrx_word' id='word_1_851' title='bbox 1536 3528 1591 3559; x_wconf 89' lang='lat' dir='ltr'>est</span> <span class='ocrx_word' id='word_1_852' title='bbox 1622 3525 1737 3559; x_wconf 86' lang='lat' dir='ltr'>altera</span> <span class='ocrx_word' id='word_1_853' title='bbox 1760 3522 1866 3557; x_wconf 80' lang='lat' dir='ltr'>actio.</span> <span class='ocrx_word' id='word_1_854' title='bbox 1913 3520 2003 3554; x_wconf 91' lang='lat' dir='ltr'>Item</span> <span class='ocrx_word' id='word_1_855' title='bbox 2027 3518 2057 3554; x_wconf 88' lang='lat' dir='ltr'>si</span> <span class='ocrx_word' id='word_1_856' title='bbox 2090 3528 2168 3562; x_wconf 82' lang='lat' dir='ltr'>quis</span> <span class='ocrx_word' id='word_1_857' title='bbox 2193 3516 2342 3567; x_wconf 67' lang='lat' dir='ltr'>subrep3</span> 
     </span>
     <span class='ocr_line' id='line_1_121' title="bbox 1253 3561 2341 3614; baseline -0.01 -10"><span class='ocrx_word' id='word_1_858' title='bbox 1253 3572 1330 3604; x_wconf 89' lang='lat' dir='ltr'>tum</span> <span class='ocrx_word' id='word_1_859' title='bbox 1350 3568 1441 3614; x_wconf 83' lang='lat' dir='ltr'>flage</span> <span class='ocrx_word' id='word_1_860' title='bbox 1468 3580 1488 3605; x_wconf 92' lang='lat'>0</span> <span class='ocrx_word' id='word_1_861' title='bbox 1510 3569 1687 3613; x_wconf 89' lang='lat' dir='ltr'>ceciderit,</span> <span class='ocrx_word' id='word_1_862' title='bbox 1714 3568 1852 3603; x_wconf 88' lang='lat' dir='ltr'>duabus</span> <span class='ocrx_word' id='word_1_863' title='bbox 1873 3564 2071 3600; x_wconf 87' lang='lat' dir='ltr'>actionibus</span> <span class='ocrx_word' id='word_1_864' title='bbox 2093 3564 2237 3597; x_wconf 88' lang='lat' dir='ltr'>tenetur</span> <span class='ocrx_word' id='word_1_865' title='bbox 2256 3561 2341 3594; x_wconf 74' lang='lat' dir='ltr'>lurti</span> 
     </span>
    </p>
   </div>
   <div class='ocr_carea' id='block_1_10' title="bbox 1641 2750 2344 2800">
    <p class='ocr_par' dir='ltr' id='par_1_14' title="bbox 1641 2750 2344 2800">
     <span class='ocr_line' id='line_1_122' title="bbox 1641 2750 2344 2800; baseline -0.01 -11"><span class='ocrx_word' id='word_1_866' title='bbox 1641 2753 1922 2800; x_wconf 73' lang='lat' dir='ltr'>uadraqensz&#39;mo</span> <span class='ocrx_word' id='word_1_867' title='bbox 1956 2753 2058 2788; x_wconf 80' lang='lat' dir='ltr'>tercio</span> <span class='ocrx_word' id='word_1_868' title='bbox 2092 2751 2141 2787; x_wconf 86' lang='lat' dir='ltr'>ad</span> <span class='ocrx_word' id='word_1_869' title='bbox 2171 2750 2344 2786; x_wconf 72' lang='lat' dir='ltr'>Sabinum</span> 
     </span>
    </p>
   </div>
   <div class='ocr_carea' id='block_1_11' title="bbox 106 3636 2333 3654">
    <p class='ocr_par' dir='ltr' id='par_1_15' title="bbox 106 3636 2333 3654">
     <span class='ocr_line' id='line_1_123' title="bbox 106 3636 2333 3654; baseline -0.002 -8"><span class='ocrx_word' id='word_1_870' title='bbox 106 3636 2333 3654; x_wconf 54' lang='lat' dir='ltr'>M</span> 
     </span>
    </p>
   </div>
   <div class='ocr_carea' id='block_1_12' title="bbox 98 3685 945 3819">
    <p class='ocr_par' dir='ltr' id='par_1_16' title="bbox 98 3685 945 3819">
     <span class='ocr_line' id='line_1_124' title="bbox 98 3685 875 3729; baseline -0.001 -9"><span class='ocrx_word' id='word_1_871' title='bbox 98 3687 140 3728; x_wconf 87' lang='lat'>(1)</span> <span class='ocrx_word' id='word_1_872' title='bbox 164 3685 380 3729; x_wconf 86' lang='lat' dir='ltr'>stipulatione</span> <span class='ocrx_word' id='word_1_873' title='bbox 393 3687 427 3719; x_wconf 78' lang='lat' dir='ltr'><em>F</em></span> <span class='ocrx_word' id='word_1_874' title='bbox 512 3689 553 3727; x_wconf 85' lang='lat'>(2)</span> <span class='ocrx_word' id='word_1_875' title='bbox 579 3685 734 3719; x_wconf 85' lang='lat' dir='ltr'>Iulianus</span> <span class='ocrx_word' id='word_1_876' title='bbox 748 3686 810 3720; x_wconf 84' lang='lat' dir='ltr'>del.</span> <span class='ocrx_word' id='word_1_877' title='bbox 825 3686 875 3719; x_wconf 54' lang='grc' dir='ltr'>Ι(Ἴ2</span> 
     </span>
     <span class='ocr_line' id='line_1_125' title="bbox 98 3730 911 3773; baseline 0.001 -10"><span class='ocrx_word' id='word_1_878' title='bbox 98 3731 174 3773; x_wconf 83' lang='lat' dir='ltr'>quis</span> <span class='ocrx_word' id='word_1_879' title='bbox 193 3734 271 3773; x_wconf 85' lang='lat' dir='ltr'>agat</span> <span class='ocrx_word' id='word_1_880' title='bbox 290 3732 449 3765; x_wconf 77' lang='lat' dir='ltr'>similiave</span> <span class='ocrx_word' id='word_1_881' title='bbox 472 3733 531 3764; x_wconf 81' lang='lat' dir='ltr'>ins.</span> <span class='ocrx_word' id='word_1_882' title='bbox 633 3733 677 3773; x_wconf 80' lang='lat'>(4)</span> <span class='ocrx_word' id='word_1_883' title='bbox 704 3731 847 3773; x_wconf 82' lang='lat' dir='ltr'>egissent</span> <span class='ocrx_word' id='word_1_884' title='bbox 862 3730 911 3764; x_wconf 77' lang='lat' dir='ltr'>F&#39;2</span> 
     </span>
     <span class='ocr_line' id='line_1_126' title="bbox 101 3776 945 3819; baseline -0.001 -10"><span class='ocrx_word' id='word_1_885' title='bbox 101 3786 161 3809; x_wconf 79' lang='lat' dir='ltr'>nus</span> <span class='ocrx_word' id='word_1_886' title='bbox 180 3777 242 3810; x_wconf 82' lang='lat' dir='ltr'>del.</span> <span class='ocrx_word' id='word_1_887' title='bbox 335 3778 379 3817; x_wconf 81' lang='grc'>(6)</span> <span class='ocrx_word' id='word_1_888' title='bbox 404 3786 518 3810; x_wconf 86' lang='lat' dir='ltr'>eorum</span> <span class='ocrx_word' id='word_1_889' title='bbox 537 3777 599 3811; x_wconf 79' lang='lat' dir='ltr'>del.</span> <span class='ocrx_word' id='word_1_890' title='bbox 692 3778 735 3819; x_wconf 81' lang='lat'>(7)</span> <span class='ocrx_word' id='word_1_891' title='bbox 759 3776 871 3810; x_wconf 85' lang='lat' dir='ltr'>debito</span> <span class='ocrx_word' id='word_1_892' title='bbox 883 3788 945 3810; x_wconf 75' lang='lat' dir='ltr'>scr.</span> 
     </span>
    </p>
   </div>
   <div class='ocr_carea' id='block_1_13' title="bbox 961 3687 1187 3819">
    <p class='ocr_par' dir='ltr' id='par_1_17' title="bbox 961 3687 1187 3819">
     <span class='ocr_line' id='line_1_127' title="bbox 961 3687 1186 3728; baseline 0 -8"><span class='ocrx_word' id='word_1_893' title='bbox 961 3688 1005 3728; x_wconf 85' lang='grc'>(3)</span> <span class='ocrx_word' id='word_1_894' title='bbox 1029 3687 1186 3720; x_wconf 72' lang='lat' dir='ltr'>nieorum</span> 
     </span>
     <span class='ocr_line' id='line_1_128' title="bbox 1012 3731 1187 3774; baseline -0.011 -8"><span class='ocrx_word' id='word_1_895' title='bbox 1012 3734 1055 3774; x_wconf 70' lang='grc' dir='ltr'>(ὅ)</span> <span class='ocrx_word' id='word_1_896' title='bbox 1081 3731 1187 3765; x_wconf 78' lang='lat' dir='ltr'>Iulia—</span> 
     </span>
     <span class='ocr_line' id='line_1_129' title="bbox 1041 3778 1184 3819; baseline 0 -8"><span class='ocrx_word' id='word_1_897' title='bbox 1041 3778 1085 3819; x_wconf 84' lang='lat' dir='ltr'>(s)</span> <span class='ocrx_word' id='word_1_898' title='bbox 1112 3778 1132 3811; x_wconf 85' lang='lat' dir='ltr'>l.</span> <span class='ocrx_word' id='word_1_899' title='bbox 1148 3784 1184 3811; x_wconf 80' lang='lat'>26</span> 
     </span>
    </p>
   </div>
   <div class='ocr_carea' id='block_1_14' title="bbox 1255 3685 1726 3819">
    <p class='ocr_par' dir='ltr' id='par_1_18' title="bbox 1255 3685 1726 3819">
     <span class='ocr_line' id='line_1_130' title="bbox 1255 3685 1723 3727; baseline -0.004 -10"><span class='ocrx_word' id='word_1_900' title='bbox 1255 3699 1313 3718; x_wconf 86' lang='lat' dir='ltr'>om.</span> <span class='ocrx_word' id='word_1_901' title='bbox 1330 3686 1366 3727; x_wconf 78' lang='lat' dir='ltr'>F,</span> <span class='ocrx_word' id='word_1_902' title='bbox 1387 3687 1536 3719; x_wconf 82' lang='lat' dir='ltr'>restituta</span> <span class='ocrx_word' id='word_1_903' title='bbox 1558 3693 1605 3719; x_wconf 78' lang='lat' dir='ltr'>est</span> <span class='ocrx_word' id='word_1_904' title='bbox 1625 3686 1671 3717; x_wconf 83' lang='lat' dir='ltr'>ad</span> <span class='ocrx_word' id='word_1_905' title='bbox 1689 3685 1723 3715; x_wconf 91' lang='grc' dir='ltr'><em>Β</em></span> 
     </span>
     <span class='ocr_line' id='line_1_131' title="bbox 1302 3731 1726 3772; baseline -0.002 -8"><span class='ocrx_word' id='word_1_906' title='bbox 1302 3736 1344 3772; x_wconf 70' lang='lat' dir='ltr'>(a)</span> <span class='ocrx_word' id='word_1_907' title='bbox 1372 3731 1454 3764; x_wconf 83' lang='lat' dir='ltr'>Sab.</span> <span class='ocrx_word' id='word_1_908' title='bbox 1467 3748 1512 3756; x_wconf 92' lang='lat'>--</span> <span class='ocrx_word' id='word_1_909' title='bbox 1530 3732 1616 3765; x_wconf 77' lang='lat' dir='ltr'>Bas.</span> <span class='ocrx_word' id='word_1_910' title='bbox 1631 3731 1686 3771; x_wconf 87' lang='grc'>60,</span> <span class='ocrx_word' id='word_1_911' title='bbox 1698 3737 1726 3763; x_wconf 86' lang='lat'>11</span> 
     </span>
     <span class='ocr_line' id='line_1_132' title="bbox 1255 3777 1392 3819; baseline 0 -10"><span class='ocrx_word' id='word_1_912' title='bbox 1255 3786 1317 3819; x_wconf 78' lang='lat' dir='ltr'>pus</span> <span class='ocrx_word' id='word_1_913' title='bbox 1330 3777 1392 3810; x_wconf 83' lang='lat' dir='ltr'>del.</span> 
     </span>
    </p>
   </div>
   <div class='ocr_carea' id='block_1_15' title="bbox 1832 3723 2329 3769">
    <p class='ocr_par' dir='ltr' id='par_1_19' title="bbox 1832 3723 2329 3769">
     <span class='ocr_line' id='line_1_133' title="bbox 1832 3723 2329 3769; baseline -0.014 -9"><span class='ocrx_word' id='word_1_914' title='bbox 1832 3728 1892 3769; x_wconf 81' lang='lat' dir='ltr'>(lo)</span> <span class='ocrx_word' id='word_1_915' title='bbox 1916 3724 2036 3759; x_wconf 83' lang='lat' dir='ltr'>iudicii</span> <span class='ocrx_word' id='word_1_916' title='bbox 2056 3723 2243 3766; x_wconf 85' lang='lat' dir='ltr'>accipiendi</span> <span class='ocrx_word' id='word_1_917' title='bbox 2263 3723 2329 3754; x_wconf 83' lang='lat' dir='ltr'>tem</span> 
     </span>
    </p>
   </div>
   <div class='ocr_carea' id='block_1_16' title="bbox 2009 3827 2072 3859">
    <p class='ocr_par' dir='ltr' id='par_1_20' title="bbox 2009 3827 2072 3859">
     <span class='ocr_line' id='line_1_134' title="bbox 2009 3827 2072 3859; baseline 0.016 -1"><span class='ocrx_word' id='word_1_918' title='bbox 2009 3827 2072 3859; x_wconf 71' lang='lat'>90*</span> 
     </span>
    </p>
   </div>
  </div>
 </body>
</html>
