2528 3918
113 110 175 142 DE
203 107 519 141 STATULIBERIS

109 221 308 264 difficilem,
332 221 438 256 immo
489 228 576 254 aene
606 217 849 262 inpossibilem
871 215 1115 251 condicionem
1135 214 1198 267 ad-

110 267 248 310 iecerit,
281 271 322 301 ut
352 266 450 301 aliun
476 275 495 300 e
527 274 570 299 ea
595 263 743 298 libertas
769 261 952 306 optingere
976 271 1048 296 non
1072 263 1197 306 possit,

109 313 216 349 veluti
241 313 271 348 si
294 311 416 347 heredi
440 309 573 345 11111188ι
607 308 762 343 dedisset
791 310 855 342 aut
884 317 965 341 cum
989 310 1197 348 moreretur,

111 358 259 393 liberum
293 367 370 393 esse
401 355 580 390 iussisset:
621 353 672 388 sic
711 352 804 388 enim
842 352 991 387 libertas
1025 351 1200 386 inutiliter

111 404 235 445 datur,
262 406 297 438 et
319 402 370 436 ita
393 400 554 435 Iulianus
578 398 721 440 scribit,
748 398 832 443 quia
855 407 921 433 nec
946 397 1085 432 animus
1110 396 1198 431 dan-

111 453 129 483 2
179 448 246 483 dae
273 445 449 483 libertatis
481 448 546 480 est.
603 443 740 479 Servire
770 443 864 478 Titio
905 453 999 478 anno
1039 446 1075 477 et
1108 441 1199 477 liber

112 504 188 529 esse
212 494 329 528 iussus
354 491 447 525 Titio
480 493 621 525 mortuo
654 499 727 524 non
757 489 880 524 statim
910 488 1000 523 liber
1023 487 1102 531 fiet,
1135 486 1198 522 sed

112 550 192 574 cum
216 548 329 573 annus
354 535 556 577 transierit,
588 534 683 579 quod
707 534 846 569 videtur
869 544 943 569 non
967 537 1107 568 tantum
1132 532 1198 568 sub

111 583 329 625 condicione,
354 580 416 616 sed
441 580 546 615 etiam
572 591 615 616 ex
639 583 800 625 tempore
824 579 910 615 data
932 579 1099 614 libertas:
1125 581 1198 613 ete-

110 630 181 664 nim
205 626 400 663 absurdum
425 630 479 661 est
501 625 677 660 maturius
703 636 783 660 eum
813 625 964 661 liberum
993 624 1085 667 fieri,
1118 634 1199 659 811111

110 673 352 710 condicionem
368 682 441 707 non
458 671 592 716 implet,
639 681 721 706 uam
740 671 886 705 futurus
900 672 921 691 ¹·
941 670 1046 712 foret,
1069 669 1100 705 si
1121 679 1200 704 eam

110 724 128 753 3
177 718 346 763 expleret.
384 717 423 752 Si
446 716 587 752 duobus
637 726 733 752 ecem
757 716 850 751 datis
874 716 964 751 liber
984 725 1062 751 esse
1080 715 1199 750 iussus

108 765 156 800 sit
178 768 214 799 et
237 774 328 799 unus
353 763 509 807 quinque
532 761 697 807 accipere
720 761 893 803 noluerit,
919 761 1043 796 melius
1068 764 1123 796 est
1146 759 1198 795 di-

109 820 189 845 cere
220 819 327 853 posse
351 818 431 844 eum
456 808 579 843 eadem
605 807 761 853 quinque
790 807 895 842 alteri
919 806 1135 857 offerentem·
1154 804 1200 840 ad

109 859 129 889 4
176 855 377 889 libertatem
389 853 584 898 pervenire.
611 852 768 889 ‘Stichus
781 853 813 889 si
827 852 920 888 Titio
934 862 1000 897 per
1008 852 1199 887 trienmum

109 899 290 935 ‘servierit'
310 899 366 934 vel
387 899 427 934 ‘si
443 899 494 934 illi
513 902 656 934 centum
673 909 802 944 operas
820 898 968 940 dederit,
990 898 1081 932 liber
1096 896 1197 932 esto'.

110 949 251 981 constat
274 945 344 980 hoc
367 944 473 980 modo
493 944 696 980 libertatem
715 944 850 979 utiliter
870 943 947 979 dari
966 953 1091 988 posse:
1116 952 1200 977 nam

108 994 144 1027 et
174 991 312 1026 alienus
345 1000 469 1026 servus
500 990 631 1026 servire
661 989 766 1026 nobis
790 992 928 1035 potest,
961 988 1068 1024 sicuti
1098 988 1199 1030 liber,

109 1041 143 1071 et
166 1037 277 1071 multo
303 1036 415 1081 magis
440 1045 569 1081 operas
597 1035 703 1071 dare:
735 1035 805 1071 nisi
835 1038 988 1071 testator
1018 1032 1199 1070 servitutis

108 1093 129 1117 a
154 1082 346 1127 pellatione
371 1081 565 1117 dominium
589 1081 700 1126 magis
719 1091 827 1126 quam
847 1091 994 1125 operam
1013 1079 1198 1114 intellexit.

107 1128 119 1163 i
146 1138 258 1172 eoque
281 1127 313 1163 si
336 1127 503 1173 prohibet
525 1128 630 1163 heres
655 1127 749 1162 Titio
780 1126 929 1169 servire,
962 1125 1124 1171 pervenit
1155 1124 1201 1159 ad

108 1177 127 1208 5
175 1173 388 1209 libertatem.
426 1172 583 1208 ‘Stichus
607 1173 637 1208 si
660 1172 782 1208 heredi
805 1182 884 1208 11180
909 1182 1003 1207 811110
1029 1170 1199 1213 881118111,

108 1219 208 1254 ‘liber
231 1219 340 1254 esto':
372 1218 616 1263 quaerendum
639 1222 711 1260 est,
741 1228 858 1253 annus
883 1216 1060 1263 quomodo
1085 1215 1201 1260 accipi

109 1265 253 1306 debeat,
288 1274 335 1299 an
367 1264 428 1309 qui
460 1274 505 1299 ex
535 1263 715 1299 continuis
746 1263 870 1299 diebus
900 1262 1072 1298 trecentis
1096 1271 1199 1297 sexa-

107 1311 207 1355 ginta
231 1309 316 1355 quin
342 1320 387 1345 ue
412 1312 553 1345 constet
576 1320 624 1344 an
648 1309 777 1354 quibus
802 1309 898 1345 libet.
948 1307 1012 1344 sed
1036 1307 1200 1353 superius

108 1355 219 1400 magis
252 1355 325 1390 inte
354 1355 529 1399 egendum
559 1354 779 1400 Pomponius
811 1353 946 1390 scribit.
1001 1353 1065 1389 sed
1100 1357 1135 1388 et
1170 1353 1201 1388 si

108 1400 322 1446 quibusdam
351 1401 477 1436 diebus
507 1404 571 1436 aut
597 1400 764 1436 valetudo
789 1404 853 1435 aut
876 1399 949 1434 alia
971 1399 1068 1434 iusta
1091 1409 1201 1434 causa

107 1446 357 1491 impedimento
389 1446 514 1490 fuerit,
546 1457 615 1491 quo
648 1446 765 1482 minus
797 1445 946 1488 serviat,
979 1448 1016 1481 et
1044 1445 1081 1479 hi
1105 1455 1199 1479 anno

106 1491 306 1536 imputandi
320 1496 421 1527 sunt:
447 1491 580 1527 servire
597 1492 690 1527 enim
706 1492 809 1527 nobis
826 1491 1080 1536 intelleguntur
1094 1491 1200 1525 etiam

107 1537 144 1572 hi
154 1539 179 1580 ²,
205 1548 294 1582 quos
315 1547 482 1573 curamus
500 1547 638 1582 aegros,
658 1537 719 1583 qui
738 1538 922 1582 cupientes
941 1536 1074 1572 servire
1089 1546 1199 1582 prop-

109 1586 128 1618 6
175 1586 231 1618 181·
262 1583 447 1618 adversam
478 1583 717 1618 valetudinem
747 1582 1001 1628 impediuntur.
1049 1582 1139 1617 Item
1170 1581 1201 1617 si

108 1628 230 1663 decem
252 1628 376 1664 heredi
397 1629 482 1664 dare
500 1628 621 1664 iussus
640 1628 760 1670 fuerit,
785 1629 889 1664 heres
909 1628 1016 1664 etiam
1034 1638 1101 1673 per
1116 1637 1200 1672 par-

108 1677 126 1707 7
174 1677 229 1709 tes
263 1674 425 1719 accipere
457 1674 579 1709 favore
607 1674 784 1710 libertatis
818 1673 999 1719 cogendus
1032 1676 1098 1708 est.
1145 1672 1202 1708 Ita

108 1719 197 1754 liber
221 1729 298 1754 esse
321 1719 441 1756 iussus
466 1720 508 1754 ‘si
532 1719 647 1755 Titius
674 1719 889 1765 Capitolium
915 1719 1145 1755 ascenderit’:
1172 1718 1203 1753 si

108 1764 224 1800 Titius
248 1765 338 1800 nolit
360 1765 567 1807 ascendere,
594 1765 808 1810 impedietur
830 1765 990 1801 libertas.
1038 1764 1202 1809 idemque

110 1814 128 1844 8
176 1810 263 1845 iuris
284 1814 339 1846 est
356 1810 395 1845 in
411 1810 587 1846 similibus
607 1811 726 1847 causis
744 1814 781 1846 et
799 1811 1081 1847 condicionibus.
1111 1810 1203 1845 Item

109 1856 254 1892 Cassius
279 1856 331 1891 ait
354 1856 398 1899 ei,
424 1856 486 1901 qui
510 1855 642 1892 servire
659 1856 779 1893 iussus
800 1861 855 1892 est
875 1867 981 1900 anno,
1005 1855 1094 1891 illud
1113 1859 1202 1891 tem-

107 1912 192 1946 pus,
226 1912 297 1946 quo
327 1901 364 1936 in
393 1901 479 1946 fuga
512 1901 559 1937 sit
590 1901 645 1937 vel
675 1902 712 1937 in
737 1902 982 1938 controversia
1005 1912 1070 1947 pro
1095 1901 1202 1937 liber-

107 1950 192 1989 tate,
218 1957 291 1982 non
314 1947 520 1992 procedere.

154 1991 178 2029 5
206 1992 436 2028 POMPONIUS
456 1993 547 2028 libro
573 1996 698 2028 octavo
720 1992 771 2027 ad
788 1991 963 2028 Sabinum
1007 1991 1204 2027 Statuliber

108 2037 284 2073 rationem
307 2037 456 2074 reddere
478 2038 597 2074 iussus
621 2038 796 2083 reliquum
821 2037 918 2082 quod
948 2041 1100 2082 apparet
1130 2037 1202 2073 sol·

108 2083 168 2125 vit,
194 2083 238 2118 de
262 2093 316 2126 eo,
342 2083 437 2128 quod
462 2084 651 2119 obscurius
676 2087 742 2125 est,
766 2083 943 2118 satisdare
966 2086 1114 2128 paratus
1135 2086 1201 2118 est.

108 2128 277 2164 Neratius
315 2133 351 2164 et
383 2129 506 2165 Aristo
538 2133 638 2165 recte
668 2132 801 2174 putant
834 2129 986 2164 liberum
1019 2127 1116 2171 fore,
1157 2139 1204 2164 ne

108 2174 210 2209 multi
244 2174 290 2209 ad
325 2174 527 2210 libertatem
561 2175 746 2220 pervenire
781 2185 853 2210 non
888 2174 1028 2219 possint
1066 2174 1204 2209 incerta

112 2224 125 2254 1
178 2230 290 2255 causa
313 2220 462 2256 rationis
487 2224 522 2255 et
544 2230 673 2265 genere
697 2219 830 2265 negotii
859 2220 1073 2255 huiusmodi.
1122 2219 1203 2255 Sta-

109 2265 250 2308 tuliber,
276 2266 338 2311 qui
361 2276 435 2301 noii
458 2265 616 2301 rationes
640 2265 800 2309 reddere,
829 2265 894 2301 sed
916 2265 1106 2310 pecuniam
1129 2265 1202 2301 ius-

109 2322 171 2391 slus
210 2315 264 2347 est
301 2310 406 2356 dare,
451 2321 640 2347 numerare
680 2311 805 2354 debet,
849 2322 922 2347 non
958 2310 1203 2348 fideiussorem

135 2366 206 2391 are.

156 2399 180 2439 6
213 2401 408 2438 ULPIANUS
433 2402 524 2437 libro
558 2403 750 2438 vicensimo
772 2403 924 2449 septimo
955 2403 1005 2437 ad
1027 2401 1202 2438 Sabinum

110 2446 147 2482 Si
177 2447 391 2483 statulibera
420 2458 523 2483 serva
553 2457 693 2492 poenae
721 2447 821 2483 facta
851 2448 899 2484 sit
931 2452 966 2483 et
997 2451 1081 2493 post
1104 2447 1203 2483 dam-

110 2493 290 2528 nationem
309 2496 467 2528 statutae
485 2493 663 2529 libertatis
683 2493 846 2529 condicio
867 2493 1053 2536 exstiterit,
1079 2503 1202 2538 quam-

109 2538 162 2573 vis
185 2538 255 2583 ipsi
278 2538 512 2574 statuliberae
536 2538 624 2573 nihil
643 2538 820 2583 proficiat,
844 2539 966 2585 partui
983 2542 1102 2574 tamen
1119 2550 1203 2584 pro-

111 2584 218 2619 ficere
247 2587 391 2629 oportet
400 2585 425 2627 3,
456 2587 498 2619 111
529 2584 675 2629 perinde
698 2584 789 2620 liber
812 2588 1001 2627 nascatur,
1033 2588 1141 2629 atque
1173 2585 1204 2620 si

114 2633 128 2664 1
179 2632 294 2664 mater
323 2629 493 2664 damnata
525 2640 599 2665 non
631 2633 735 2665 esset.
792 2629 886 2674 Quid
919 2634 1039 2666 tamen
1070 2630 1101 2665 si
1133 2641 1204 2675 qua

112 2674 318 2728 conceperit
348 2675 386 2709 in
415 2674 602 2715 servitute,
643 2674 771 2711 deinde
810 2675 856 2710 ab
893 2675 1058 2711 hostibus
1097 2679 1204 2720 capta

110 2723 251 2765 peperit
272 2719 323 2755 ibi
345 2724 430 2765 post
454 2720 664 2756 existentem
689 2720 951 2763 condicionem,
982 2731 1030 2756 aii
1052 2720 1204 2756 liberum

111 2765 253 2810 pariat?
292 2768 328 2800 et
357 2764 500 2800 interim
532 2765 674 2810 quidem
707 2765 793 2810 quin
818 2776 940 2801 servus
965 2766 1122 2801 hostium
1146 2766 1203 2809 sit,

112 2820 336 2855 nequaquam
369 2810 518 2845 dubium
549 2814 622 2846 est:
656 2810 719 2846 sed
750 2811 867 2846 verius
901 2814 956 2847 est
986 2812 1203 2856 postliminio

112 2867 193 2892 eum
224 2856 376 2891 liberum
407 2855 503 2898 fieri,
561 2856 638 2899 uia,
670 2856 702 2892 si
731 2860 846 2892 mater
868 2857 905 2892 in
930 2856 1074 2892 civitate
1097 2860 1204 2902 esset,

113 2905 132 2936 2
180 2901 272 2937 liber
294 2905 514 2938 nasceretur.
537 2867 666 2937 quane
691 2901 721 2938 si
745 2902 841 2947 apud
865 2902 987 2938 hostes
1012 2913 1093 2937 eum
1118 2913 1202 2938 con-

114 2946 268 2992 cepisset
307 2950 343 2982 et
378 2950 463 2992 post
500 2947 710 2982 existentem
745 2947 991 2983 condicionem
1021 2947 1203 2992 edidisset,

112 2992 298 3037 benignius
324 2992 463 3028 dicetur
487 2995 690 3037 competere
721 2993 754 3028 ei
775 2993 1032 3038 postliminium
1057 2996 1093 3028 et
1114 2993 1204 3029 libe·

114 3043 133 3071 3
180 3048 258 3073 rum
290 3047 371 3073 eum
400 3047 490 3074 esse.
540 3037 735 3074 Statuliber
755 3038 916 3084 parendo
942 3038 1144 3075 condicioni
1167 3040 1204 3074 111

113 3093 267 3162 gersona
299 3093 353 3118 em
379 3084 469 3119 toris
497 3083 662 3137 pervenit
692 3083 739 3119 ad
769 3084 988 3120 libertatem:
1022 3087 1058 3120 et
1089 3085 1203 3120 scien-

138 3139 197 3163 um
220 3129 290 3164 hoc
313 3138 335 3163 a
384 3128 614 3165 statuliberos
639 3129 751 3165 omnis
776 3140 883 3166 sexus
904 3130 1094 3175 pertinere.
1131 3141 1204 3165 non

115 3172 231 3208 solum
270 3178 389 3209 autem
426 3174 457 3210 si
492 3174 642 3210 venierit
651 3175 676 3217 ⁴,
714 3174 804 3210 haec
842 3175 1005 3211 condicio
1041 3175 1088 3211 ad
1122 3186 1204 3211 eum

115 3218 243 3254 transit
268 3218 328 3264 qui
350 3219 454 3262 emit,
478 3230 599 3255 verum
622 3219 730 3256 etiam
754 3220 800 3255 ad
824 3231 965 3263 omnes,
991 3220 1205 3273 quicumque

115 3274 258 3309 quoquo
282 3264 359 3300 iure
383 3265 576 3301 dominium
594 3265 632 3300 in
651 3265 863 3301 statulibero
881 3266 978 3302 nacti
999 3270 1094 3302 sunt.
1131 3276 1203 3302 8118

115 3309 222 3353 igitur
252 3309 390 3354 legatus
421 3311 469 3346 sit
498 3310 565 3346 tibi
594 3311 641 3346 ab
670 3311 801 3346 herede
831 3312 1019 3347 statuliber
1043 3311 1116 3347 sive
1140 3311 1201 3347 ad-

115 3353 294 3390 iudicatus
318 3355 390 3391 sive
413 3359 610 3401 usucaptus
635 3366 657 3391 a
680 3360 716 3392 te
740 3357 814 3391 sive
833 3357 987 3392 traditus
1006 3357 1062 3393 vel
1082 3357 1203 3402 aliquo

115 3399 193 3435 11118
216 3403 300 3436 111118
324 3399 458 3443 factus,
491 3401 569 3437 sine
600 3401 709 3437 dubio
742 3402 899 3437 dicemus
928 3412 1056 3447 parere
1080 3403 1202 3438 condi-

117 3444 212 3481 cioni
230 3445 267 3480 in
310 3455 440 3482 ersona
460 3450 524 3482 tua
568 3457 659 3482 osse.
696 3446 760 3483 sed
780 3450 817 3482 et
833 3447 870 3482 in
888 3447 1042 3483 herede⁵
1065 3451 1202 3497 empto-

116 3493 137 3525 4
184 3490 234 3526 ris
256 3490 269 3525 i
296 3501 350 3526 em
370 3491 510 3527 dicitur.
572 3492 584 3527 i
605 3491 701 3528 filius
725 3492 878 3528 familias
901 3492 1005 3529 heres
1029 3492 1078 3529 sit
1099 3492 1202 3529 insti-

115 3538 214 3572 tutus
238 3539 274 3572 et
296 3536 485 3573 statuliber
506 3537 580 3573 filio
605 3537 691 3573 dare
713 3537 834 3574 iussus
858 3540 913 3573 881
940 3540 978 3573 81
998 3537 1089 3575 liber
1112 3548 1203 3582 esse,

119 3648 157 3690 (1)
182 3648 322 3682 milesF
387 3652 437 3692 (ι’)
461 3650 639 3684 futurosF
708 3652 751 3693 (2)
777 3651 829 3683 his
844 3651 878 3684 F
944 3653 987 3693 (3)
1013 3652 1212 3695 oporteatF

118 3693 161 3732 (4)
187 3694 348 3728 evenierit
367 3696 439 3736 (sic)
461 3695 511 3727 F²
612 3697 655 3737 (5)
680 3696 832 3729 heredem
853 3697 886 3728 F
981 3699 1024 3738 (e)
1050 3699 1083 3730 et
1103 3710 1160 3730 om.
1177 3697 1207 3729 F'

119 3739 176 3780 (θ’)
200 3738 429 3773 adscribantur
442 3740 475 3772 F
563 3741 606 3781 (7)
630 3741 722 3783 81111]
736 3744 769 3773 81
781 3741 858 3773 exin
874 3754 936 3774 scr.
1030 3743 1076 3784 (8)
1101 3743 1203 3775 ratio-

1188 86 1270 136 631

2132 93 2305 138 XXXX
2336 98 2360 136 7

1268 214 1342 250 sive
1373 213 1447 249 filio
1479 213 1552 249 sive
1587 214 1684 258 patri
1723 214 1839 249 dando
1877 215 2038 260 pervenit
2072 214 2118 250 ad
2148 214 2360 256 libertatem,

1269 259 1353 305 quia
1377 263 1414 295 et
1437 259 1484 294 ad
1507 262 1647 303 patrem
1668 259 1875 295 hereditatis
1897 260 2172 296 emolumentum
2190 260 2360 306 pervenit.

1268 305 1333 341 sed
1358 308 1392 339 et
1416 306 1447 340 si
1470 307 1554 349 post
1578 308 1727 339 mortem
1751 305 1814 339 filii
1838 306 1934 350 patri
1964 305 2100 341 dederit
2129 306 2231 351 quasi
2261 305 2362 341 here-

1269 350 1324 386 dis
1347 350 1490 394 heredi,
1522 349 1613 385 liber
1637 349 1723 384 erit:
1757 360 1839 384 nam
1864 355 1899 386 et
1923 351 1953 386 si
1978 352 2056 396 quis
2080 355 2251 387 extraneo
2277 350 2363 386 dare

1268 396 1388 431 iussus
1414 395 1463 430 sit
1486 398 1523 431 et
1545 395 1636 430 liber
1659 405 1749 438 esse,
1775 395 1900 431 deinde
1924 397 1982 431 hic
2014 397 2135 432 heredi
2167 398 2271 432 118188
2303 407 2363 431 ex-

1267 441 1398 484 titerit,
1432 451 1506 476 non
1529 440 1633 485 quasi
1656 441 1693 475 in
1717 442 1878 476 extranei
1901 452 2074 486 persona,
2107 442 2171 477 sed
2201 442 2304 487 quasi
2326 441 2364 476 in

1269 490 1288 521 5
1337 486 1481 522 118181118
1508 485 1708 521 condicioni
1730 487 1883 531 parebit.
1922 487 2117 522 Statuliber
2137 488 2260 523 decem
2279 487 2364 522 dare

1268 532 1389 568 iussus
1414 535 1451 567 et
1473 531 1565 567 liber
1589 541 1685 574 esse,
1719 532 1750 567 si
1782 532 1939 576 quinque
1969 532 2061 568 datis
2086 532 2281 568 distractus
2305 532 2363 575 sit,

1270 580 1290 613 6
1337 577 1483 612 residua
1519 577 1675 622 quinque
1708 577 1862 621 emptori
1894 577 2004 612 dabit.
2057 577 2094 612 Si
2126 588 2248 614 servus
2280 582 2363 613 tuus

1269 623 1522 659 statuliberum
1546 623 1681 665 emerit,
1705 622 1771 658 tibi
1796 622 1913 664 datur,
1944 622 2040 667 quod
2063 624 2254 659 heredibus
2279 624 2365 659 dare

1268 669 1387 704 iussus
1413 672 1478 704 est.
1528 668 1591 704 sed
1622 673 1659 703 et
1690 668 1721 703 si
1750 671 1812 703 tuo
1837 678 1940 703 servo
1965 667 2119 711 dederit,
2151 669 2182 704 si
2205 669 2309 705 modo
2334 669 2365 703 is

1270 724 1350 749 eum
1389 713 1567 758 peculiari
1603 714 1746 749 nomine
1787 713 1872 748 emit
1905 724 2020 758 neque
2052 714 2084 748 ei
2114 718 2155 749 tu
2185 714 2365 759 peculium

1270 759 1444 802 ademisti,
1469 763 1558 804 puto
1582 759 1735 795 liberum
1759 758 1855 802 fore,
1880 759 2018 795 scilicet
2041 763 2081 793 ut
2105 770 2146 794 eo
2171 760 2275 795 modo
2300 759 2365 794 tibi

1270 804 1412 841 dedisse
1435 805 1682 849 intellegatur,
1715 804 1863 850 perinde
1895 808 2003 885 813118
2035 805 2065 839 81
2093 808 2156 839 1118
2179 805 2365 840 voluntate

1270 853 1288 884 7
1339 851 1451 886 cuivis
1475 851 1535 885 alii
1559 854 1702 886 tuorum
1727 861 1911 886 servorum
1956 849 2099 885 edisset.
2137 850 2175 885 Si
2195 851 2273 895 quis
2294 862 2366 886 11011

1269 896 1356 932 11818
1385 896 1508 931 decem
1538 897 1597 931 et⁶
1628 896 1719 931 liber
1751 906 1849 938 esse,
1890 895 1953 931 sed
1984 895 2184 931 rationibus
2217 895 2366 931 redditis

1267 942 1358 978 liber
1381 951 1460 978 esse
1483 941 1602 977 iussus
1627 942 1693 985 sit,
1724 952 1771 977 an
1795 941 1843 977 ad
1865 944 2063 986 emptorem
2087 941 2178 976 haec
2203 941 2366 976 condicio

1267 991 1451 1030 transeat,
1483 987 1678 1022 videamus.
1727 991 1764 1023 81
1795 987 1884 1023 81188
1916 986 2101 1023 8818111111111
2134 990 2189 1021 881
2219 997 2280 1022 888
2304 987 2366 1021 118-

1269 1043 1366 1068 mum
1395 1032 1626 1069 condiciones
1656 1032 1703 1068 ad
1733 1036 1928 1079 emptorem
1952 1032 2125 1075 transire,
2160 1042 2253 1077 quae
2284 1036 2368 1067 sunt

1269 1079 1306 1114 in
1330 1078 1468 1114 dando:
1503 1082 1660 1114 ceterum
1682 1079 1770 1121 hae,
1800 1089 1892 1124 quae
1917 1082 2001 1113 sunt
2023 1078 2060 1112 in
2084 1077 2266 1120 faciendo,
2296 1088 2368 1113 non

1269 1128 1476 1168 transeunt,
1508 1127 1549 1159 ut
1577 1128 1668 1169 puta
1698 1124 1729 1160 si
1759 1123 1872 1159 filium
1898 1124 1973 1159 eius
1999 1123 2138 1159 litteras
2164 1123 2367 1158 edocuerit:

1269 1171 1339 1205 hae
1370 1170 1463 1205 enim
1486 1170 1651 1215 personis
1676 1180 1800 1206 eorum
1826 1170 2040 1212 cohaerent,
2074 1169 2203 1214 quibus
2233 1168 2367 1204 adscri-

1269 1216 1451 1251 1111111111θὶ
1505 1215 1685 1251 rationum
1724 1220 1845 1252 autem
1887 1215 2152 1250 reddendarum
2193 1214 2367 1256 condicio,

1270 1260 1367 1306 quod
1398 1260 1446 1296 ad
1476 1261 1614 1306 reliqua
1644 1261 1787 1307 quidem
1816 1261 1961 1305 attinet,
1993 1260 2031 1296 in
2065 1260 2184 1295 danda
2215 1260 2370 1305 pecunia

1271 1307 1452 1350 consistit,
1490 1307 1587 1352 quod
1624 1311 1744 1343 autem
1783 1307 1830 1342 ad
1864 1306 1946 1352 ipsa
1977 1306 2160 1341 volumina
2190 1305 2369 1341 rationum

1269 1352 1446 1388 tradenda
1466 1353 1802 1399 percontandasque
1823 1355 1860 1388 et
1882 1351 2137 1387 examinandas
2155 1352 2314 1386 rationes
2336 1355 2369 1386 et

1269 1398 1332 1433 in⁷
1363 1398 1629 1443 dispungendas
1660 1402 1769 1444 atque
1800 1397 2050 1442 excutiendas,
2082 1397 2218 1432 factum
2249 1397 2359 1432 habet

1270 1455 1356 1479 num
1379 1443 1466 1489 quid
1490 1454 1574 1489 ergo
1598 1444 1737 1489 reliqua
1761 1444 1905 1490 quidem
1929 1447 1965 1479 et
1983 1443 2135 1489 emptori
2153 1442 2277 1479 11811110ι
2288 1453 2369 1487 per—

1270 1489 1390 1525 veniat
1414 1489 1461 1524 ad
1483 1489 1704 1534 libertatem,
1734 1494 1854 1526 cetera
1878 1490 1915 1525 in
1938 1499 2094 1535 persona
2116 1488 2258 1524 heredis
2283 1499 2368 1524 con-

1271 1535 1427 1571 sistant?
1461 1539 1551 1581 puto
1575 1536 1708 1581 igitur⁸
1733 1539 1769 1572 et
1788 1536 1836 1571 ad
1855 1537 2053 1581 emptorem
2071 1534 2290 1579 reliquorum
2310 1544 2367 1569 so-

1270 1581 1441 1617 lutionem
1464 1582 1679 1617 transmitti:
1711 1582 1788 1617 sic⁹
1811 1581 1891 1624 fiet,
1917 1585 1959 1616 ut
1982 1580 2161 1616 dividatur
2185 1579 2368 1616 condicio:

1271 1630 1308 1662 et
1330 1626 1382 1662 ita
1404 1627 1626 1672 Pomponius
1648 1627 1741 1664 libro
1768 1630 1894 1663 octavo
1921 1637 1964 1663 ex
1989 1626 2121 1662 Sabino
2147 1625 2302 1671 scripsit.

1319 1669 1342 1708 7
1369 1672 1426 1708 ΡΑ
1435 1682 1477 1707 UL
1485 1683 1529 1708 Us
1551 1673 1642 1709 libro
1667 1675 1793 1720 quinto
1819 1673 1868 1708 ad
1884 1671 2060 1708 Sabinum
2108 1671 2203 1707 Usus
2226 1671 2367 1706 fructus

1272 1717 1441 1753 alienatio
1467 1718 1713 1754 condicionem
1737 1718 1940 1754 statuliberi
1964 1728 2086 1754 88811111
2109 1728 2182 1753 11011
2205 1716 2327 1752 1181111.

1320 1760 1344 1801 8
1371 1763 1602 1800 POMPONIUS
1622 1764 1714 1800 libro
1739 1769 1865 1800 octavo
1890 1764 1940 1799 ad
1963 1763 2138 1799 Sabinum
2190 1763 2247 1797 Ita
2278 1762 2369 1798 liber

1271 1818 1352 1845 esse
1375 1809 1496 1845 iussus
1523 1810 1565 1845 ‘si
1589 1809 1712 1846 decem
1736 1810 1884 1853 dederit,
1909 1809 2001 1845 liber
2025 1809 2113 1844 esto'
2138 1808 2262 1844 heredi
2284 1808 2370 1843 dare

1273 1854 1395 1890 debet:
1421 1865 1504 1890 nam
1527 1855 1589 1901 qui
1613 1866 1687 1892 11011
1709 1856 1831 1897 habet,
1857 1855 1916 1891 cui
1936 1855 2006 1898 det,
2031 1854 2155 1890 heredi
2179 1853 2297 1889 dando
2323 1853 2368 1888 ad

1275 1904 1290 1934 1
1340 1900 1542 1936 libertatem
1565 1901 1739 1946 pervenit.
1787 1901 1826 1937 Si
1854 1904 1977 1946 partes
2009 1910 2093 1935 suas
2126 1900 2276 1945 quisque
2306 1899 2368 1934 he-

1271 1945 1398 1981 redum
1422 1946 1571 1982 diversis
1597 1947 1797 1983 ementibus
1822 1946 2038 1988 vendiderit,
2070 1956 2161 1990 quas
2185 1945 2370 1991 portiones

1271 1991 1464 2027 heredibus
1489 1992 1575 2028 dare
1599 1992 1789 2028 statuliber
1813 1992 1954 2035 debuit,
1979 1990 2124 2027 easdem
2149 1990 2249 2026 dabit
2273 2000 2370 2035 emp-

1271 2037 1423 2072 toribus.
1472 2037 1596 2073 Labeo
1623 2042 1744 2073 autem
1768 2038 1836 2080 ait,
1871 2037 1901 2073 si
1925 2036 2071 2072 nomina
2095 2036 2284 2072 dumtaxat
2307 2036 2369 2071 he-

1271 2082 1397 2118 redum
1429 2083 1467 2118 in
1497 2086 1714 2119 testamento
1745 2084 1866 2129 posita
1897 2082 1986 2125 sint,
2020 2082 2140 2118 viriles
2169 2086 2292 2127 partes
2320 2082 2371 2117 eis

1272 2127 1429 2164 dandas:
1455 2128 1486 2163 si
1509 2139 1593 2164 vero
1618 2129 1670 2164 ita
1694 2128 1736 2165 ‘si
1760 2128 1954 2165 heredibus
1980 2128 2100 2173 dedita
2124 2127 2370 2163 hereditarias.

1320 2171 1344 2211 9
1383 2173 1579 2209 ULPJANUS
1607 2175 1699 2210 libro
1732 2175 1924 2210 vicensimo
1957 2177 2083 2210 octavo
2116 2173 2167 2209 ad
2195 2172 2370 2208 Sabinum

1273 2218 1533 2255 Statuliberum
1545 2219 1660 2255 medio
1681 2223 1843 2265 tempore
1859 2230 2000 2256 servum
2015 2219 2157 2255 heredis
2174 2229 2253 2255 esse
2266 2229 2370 2254 nemo

1274 2269 1329 2300 est
1352 2265 1411 2310 qui
1435 2265 1601 2310 ignorare
1626 2266 1774 2302 debeat:
1806 2269 2000 2311 eapropter
2022 2275 2139 2301 noxae
2164 2263 2244 2300 dedi
2267 2268 2369 2309 pote-

1272 2311 1329 2346 rit.
1381 2310 1445 2346 sed
1458 2312 1486 2332 ¹⁰
1516 2311 1656 2347 deditus
1680 2321 1826 2356 sperare
1850 2311 1970 2347 adhuc
1994 2311 2197 2347 libertatem
2220 2309 2369 2355 poterit:

1277 2360 1291 2390 1
1342 2366 1409 2392 nec
1441 2355 1534 2391 enim
1565 2356 1698 2392 deditio
1731 2367 1832 2402 spem
1863 2356 1916 2392 illi
1947 2356 2072 2391 adimit
2094 2355 2284 2392 libertatis.
2332 2355 2370 2390 Si

1273 2401 1525 2437 statuliberum
1563 2413 1636 2438 non
1673 2402 1797 2438 eadem
1838 2402 2047 2438 condicione
2085 2402 2190 2437 heres
2227 2400 2368 2444 vendat,

1275 2457 1387 2483 causa
1410 2447 1486 2482 eius
1510 2447 1742 2484 immutabilis
1768 2451 1822 2483 est
1846 2451 1882 2483 et
1912 2448 2011 2483 luere
2042 2457 2081 2483 se
2111 2447 2157 2482 ab
2191 2457 2232 2482 eo
2246 2448 2272 2468 ¹¹
2304 2457 2369 2492 po-

1273 2496 1346 2529 test
1369 2492 1475 2528 simili
1498 2493 1604 2529 modo
1629 2497 1671 2528 ut
1693 2494 1740 2529 ab
1765 2493 1907 2529 herede.
1946 2493 1976 2529 si
1995 2496 2115 2528 tamen
2131 2503 2175 2528 su
2201 2492 2371 2537 presserit

1275 2538 1522 2574 condicionem
1546 2538 1747 2575 statuliberi
1761 2539 1815 2574 ¹2?
1839 2542 1875 2574 et
1897 2548 1943 2574 ex
1967 2542 2085 2584 empto
2107 2538 2169 2584 qui
2195 2548 2251 2573 em
2270 2541 2369 2573 18118-

1273 2588 1350 2619 tur:
1388 2584 1570 2629 graviores
1602 2589 1723 2620 autem
1754 2585 1862 2620 etiam
1894 2584 2119 2620 stellionatus
2150 2583 2285 2619 crimen
2315 2584 2369 2618 in-

1274 2634 1422 2675 portant
1446 2629 1488 2672 ei,
1515 2630 1576 2675 qui
1599 2631 1717 2666 sciens
1742 2630 1964 2665 dissimulata
1982 2629 2193 2671 condicione
2212 2632 2370 2665 statutae

1275 2679 1294 2710 2
1343 2675 1519 2711 libertatis
1551 2675 1760 2721 simpliciter
1789 2686 1870 2711 eum
1899 2675 2108 2711 vendiderit.
2154 2674 2250 2710 Illud
2273 2678 2369 2710 trac-

1273 2724 1389 2756 tatum
1413 2724 1479 2765 est,
1504 2731 1552 2756 an
1574 2721 1739 2757 liberatio
1765 2721 1951 2766 contingat
1973 2721 2006 2757 ei
2048 2721 2086 2756 ui
2101 2730 2218 2756 noxae
2235 2720 2371 2756 dederit

1274 2767 1536 2803 statuliberum.
1573 2770 1610 2802 et
1627 2766 1830 2803 Octavenus
1880 2767 2009 2803 utabat
2048 2766 2192 2802 'berariz
2218 2770 2255 2801 et
2277 2765 2370 2801 idem

1274 2812 1417 2847 dicebat
1449 2816 1485 2847 81
1516 2812 1547 2848 si
1578 2822 1622 2847 ex
1655 2812 1831 2857 stipulatu
1882 2812 2018 2848 tichum
2049 2812 2196 2848 deberet
2218 2821 2370 2856 eumque

1274 2858 1524 2893 statuliberum
1549 2857 1732 2893 solvisset:
1762 2868 1847 2893 nam
1859 2859 1887 2879 ²³
1919 2862 1956 2894 et
1987 2858 2019 2894 si
2050 2861 2134 2893 ante
2157 2857 2369 2893 solutionem

1274 2903 1320 2938 ad
1351 2903 1554 2938 libertatem
1585 2903 1808 2955 pervenisset
1820 2904 1859 2946 ¹⁴,
1898 2904 2167 2949 extingueretur
2198 2902 2366 2947 obligatio

1273 2953 1368 2983 tota:
1401 2958 1444 2983 ea
1468 2949 1561 2983 enim
1584 2960 1622 2983 in
1647 2948 1863 2993 obligatione
1889 2949 2103 2992 consistere,
2137 2959 2228 2993 quae
2257 2958 2366 2992 pecu-

1273 2994 1333 3028 nia
1356 2993 1406 3028 lui
1430 2994 1678 3039 praestarique
1702 2998 1872 3040 possunt,
1896 2995 2046 3031 libertas
2070 2997 2189 3030 autem
2213 2993 2367 3038 pecunia

1272 3039 1323 3074 lui
1355 3049 1428 3073 non
1458 3043 1579 3084 potest
1610 3049 1677 3075 nec
1709 3050 1748 3075 re
1776 3041 1872 3075 arari
1895 3044 2027 3086 potest.
2075 3050 2167 3085 quae
2191 3037 2367 3074 sententia

1274 3087 1293 3119 3
1342 3084 1428 3119 mihi
1443 3084 1583 3119 videtur
1599 3095 1693 3120 vera.
1757 3086 1942 3121 tatuliberi
1966 3085 2129 3121 condicio
2153 3085 2203 3118 ita
2227 3083 2365 3118 demum

1272 3129 1502 3165 immutabilis
1533 3133 1605 3172 est,
1644 3130 1674 3165 si
1706 3130 1805 3165 adita
1834 3131 2014 3166 hereditas
2044 3129 2170 3165 fuerit:
2208 3132 2365 3163 ceterum

1273 3179 1357 3210 ante
1381 3174 1514 3209 aditam
1537 3175 1772 3211 hereditatem
1794 3176 1831 3211 in
1855 3177 2039 3229 propriam
2061 3174 2273 3226 usucapitur
2292 3183 2364 3207 881-

1272 3221 1419 3256 1111118111
1439 3220 1687 3274 libertatisque
1700 3231 1782 3267 spes
1794 3221 2018 3266 infringitur:
2044 3220 2106 3256 sed
2125 3219 2222 3254 adita
2239 3221 2366 3263 postea

1273 3265 1472 3301 hereditate
1500 3276 1583 3311 spes
1613 3266 1789 3303 libertatis
1822 3266 1945 3302 favore
1975 3266 2030 3301 sui
2052 3263 2363 3316 redintegrabitur.

1323 3309 1372 3348 10
1399 3310 1561 3346 Psaros
1587 3311 1679 3347 libro
1712 3313 1838 3358 quinto
1871 3312 1922 3347 ad
1944 3310 2118 3347 Sabinum
2174 3308 2211 3360 Si
2243 3308 2365 3360 decem

1273 3356 1359 3391 dare
1382 3355 1520 3391 iussum
1543 3356 1647 3392 heres
1672 3357 1870 3393 vendiderit
1893 3360 1929 3392 81
1951 3354 2138 3391 tradiderit
2168 3353 2366 3398 dixeritque

1272 3401 1492 3445 adscriptum
1511 3401 1680 3446 libertati,
1706 3402 1736 3438 si
1761 3402 1881 3447 viginti
1906 3401 2071 3442 dedisset,
2096 3410 2140 3435 ex
2158 3401 2277 3443 empto
2298 3398 2366 3433 erit

1273 3448 1366 3482 actio
1394 3458 1473 3481 cum
1499 3447 1699 3490 venditore,
1724 3453 1804 3488 aut,
1831 3448 1860 3482 si
1885 3446 1994 3491 dupla
2016 3445 2195 3490 promissa
2217 3447 2292 3486 est,
2317 3444 2363 3478 ob

1275 3492 1483 3527 evictionem
1506 3491 1693 3528 dumtaxat
1717 3492 1846 3537 duplae
1870 3491 2033 3535 repetitio
2058 3490 2142 3531 erit,
2174 3499 2217 3523 ex
2242 3492 2362 3533 empto

1274 3538 1319 3572 ob
1345 3536 1578 3573 mendacium.

1273 3661 1353 3683 num
1374 3651 1580 3684 exactionem
1598 3651 1687 3693 apud
1706 3650 1858 3682 heredem
1878 3659 2046 3681 remanere
2067 3650 2126 3681 ins.
2227 3652 2270 3687 (8)
2295 3648 2322 3679 81
2336 3648 2368 3680 F

1273 3698 1333 3736 (10)
1358 3706 1391 3728 se
1405 3696 1439 3729 F
1515 3699 1570 3738 (11)
1596 3696 1645 3737 80]
1660 3698 1805 3737 emptore
1817 3707 1878 3727 scr.
1967 3696 2024 3733 (12)
2051 3693 2132 3734 quid
2146 3692 2201 3725 fiet
2214 3694 2265 3725 vel
2276 3694 2363 3726 simi-

1274 3742 1320 3774 lia
1332 3741 1393 3775 ins.
1487 3743 1546 3782 (13)
1573 3743 1631 3773 1181
1644 3740 1675 3772 F
1678 3743 1706 3781 ¹²,
1728 3740 1788 3773 del.
1806 3737 1856 3772 F⁹
1948 3740 2005 3777 (14)
2030 3738 2217 3780 pervenisse
2229 3738 2262 3770 F
