2528 3918
188 112 268 155 Vll
299 114 380 155 2.3

188 235 319 270 amissa
349 241 434 278 pars
464 241 551 266 usus
583 230 722 266 fructus
746 229 793 266 ad
815 230 1024 275 legatarium
1049 229 1271 274 eundemque

188 278 462 326 proprietarium
485 275 625 310 redibit.

234 321 283 361 3¹
315 322 509 358 ULPIANUS
544 321 635 355 libro
666 321 818 366 septimo
849 320 985 356 decimo
1017 319 1067 355 ad
1096 317 1271 354 Sabinum

189 368 308 403 1dem2
331 366 499 402 Neratius
530 369 634 410 putat
666 375 807 401 cessare
829 365 885 400 ius
919 363 1150 400 adcresccndi
1181 363 1271 398 libro

214 413 300 448 rimo
333 421 604 456 responsorum:
645 410 728 445 cui³
759 410 957 446 sententiae
988 409 1151 454 congruit
1181 408 1271 443 ratio

220 458 282 493 elsi
305 456 452 492 dicentis
476 455 608 491 totiens
630 455 688 490 ius
719 454 950 490 adcrescendi
981 463 1076 496 esse,
1109 453 1273 498 quotiens

187 504 224 538 in
249 502 406 543 duobus,
432 500 493 546 qui
515 500 576 535 in⁴
600 499 752 536 solidum
775 500 995 542 habuerunt,
1021 508 1199 534 concursu
1220 497 1272 532 di-

192 551 206 583 1
255 547 351 582 visus
376 549 441 581 est.
485 544 588 581 Unde
611 544 735 581 Celsus
758 545 848 580 libro
874 548 999 579 octavo
1025 543 1162 578 decimo
1186 542 1273 578 scri-

186 592 241 627 bit
250 594 275 634 5,
307 591 338 626 31
369 591 438 626 duo
469 589 574 625 fundi
605 589 737 625 domini
767 590 921 625 deducto
954 599 1022 624 usu
1045 587 1167 623 fructu
1190 598 1274 633 pro-

211 637 376 672 rietatem
410 635 623 670 tradiderint
632 636 657 677 ⁶,
693 639 774 670 uter
808 645 931 670 eorum
965 633 1134 675 amiserit,
1170 643 1275 668 usum

202 685 345 717 ructum
368 680 414 716 ad
436 680 691 726 proprietatem
714 679 847 721 redire,
872 678 935 714 sed
958 689 1030 714 non
1054 677 1101 712 ad
1124 681 1237 713 totam
1248 678 1274 720 ⁷,

189 726 253 762 sed
277 726 378 762 cuius
405 736 451 761 ue
474 736 577 761 usum
600 725 757 760 fructum
782 724 813 759 ei
835 724 930 769 parti
954 722 1143 765 accedere,
1193 733 1275 757 uam

186 772 264 817 ipse
287 737 516 806 tradiderit&
549 770 595 805 ad
627 780 704 805 eam
736 770 827 804 enim
884 773 996 803 artem
1019 767 1134 803 redire
1181 766 1274 809 ebet,

188 819 208 851 2
255 826 278 851 a
301 826 374 861 qua
395 815 497 851 initio
530 815 665 851 divisus
698 815 786 850 est⁹.
870 824 917 849 on
948 813 1065 848 solum
1096 815 1216 848 autem
1246 813 1277 848 si

188 860 328 897 duobus
341 862 370 882 ¹⁰
392 871 479 896 usus
502 860 643 896 fructus
667 860 813 904 legetur,
839 863 892 894 est
906 859 931 880 ¹¹
955 858 1011 893 ius
1031 857 1275 899 adcrescendi,

186 915 310 941 verum
334 910 370 941 et
393 905 423 941 si
447 906 549 941 alteri
573 916 659 940 usus
682 905 833 946 fructus,
858 903 960 938 alteri
982 902 1118 938 fundus
1137 903 1276 948 legatus

189 954 244 986 est
257 951 303 986 ¹²:
337 961 420 986 nam
444 950 627 986 amittente
652 960 755 985 usum
777 949 935 984 fructum
959 948 1091 990 altero,
1117 948 1176 983 cui
1200 951 1278 982 erat

186 996 344 1041 legatus,
376 996 488 1041 magis
516 996 594 1031 iure
625 993 855 1030 adcrescendi
878 993 925 1028 ad
948 993 1100 1028 alterum
1123 993 1278 1038 pertinet

213 1051 296 1076 uam
319 1041 411 1076 redit
434 1040 480 1076 ad
503 1040 768 1086 proprietatem.
806 1049 873 1074 nec
897 1049 1046 1074 novum:
1080 1048 1163 1073 nam
1187 1042 1224 1073 et
1246 1038 1277 1074 si

188 1052 330 1122 3001103
354 1096 441 1121 usus
464 1085 605 1121 fructus
625 1085 761 1129 legetur
778 1088 813 1119 et
832 1083 929 1129 apud
951 1083 1104 1118 alterum
1123 1083 1171 1119 sit
1191 1093 1276 1119 con·

188 1130 374 1173 solidatus,
398 1131 454 1166 ius
478 1129 709 1166 adcrescendi
728 1140 800 1165 non
819 1129 913 1174 perit
933 1139 1048 1174 neque
1062 1129 1089 1150 ¹³
1112 1128 1156 1170 ei,
1181 1138 1203 1163 a
1230 1128 1277 1163 ud

191 1185 298 1222 quem
322 1176 565 1211 consolidatus
590 1178 662 1217 est,
693 1185 738 1210 ne
764 1184 809 1210 ue
832 1174 878 1209 ab
903 1184 963 1216 eo,
989 1177 1025 1208 et
1046 1173 1124 1220 ipse
1147 1184 1208 1219 qui
1236 1183 1277 1209 us

187 1221 300 1256 modis
325 1221 502 1255 amitteret
525 1224 609 1255 ante
632 1230 740 1255 conso
769 1219 959 1261 dationem,
982 1218 1096 1254 isdem
1120 1222 1155 1253 et
1179 1229 1277 1254 nunc

188 1266 328 1300 amittet
340 1266 377 1300 ¹⁴.
415 1269 451 1301 et
473 1266 524 1300 ita
547 1270 582 1300 et
596 1267 622 1286 ¹⁵
645 1264 792 1300 Neratio
819 1268 854 1299 et
876 1264 1038 1299 Aristoni
1068 1263 1208 1299 videtur
1241 1268 1277 1299 et

187 1310 407 1355 Pomponius
431 1311 562 1355 probat
576 1311 612 1344 ¹⁰.

234 1354 260 1392 4
284 1355 476 1391 IULIANUS
496 1355 587 1390 libro
607 1355 815 1401 triqensimo
835 1355 961 1400 quinto
983 1354 1204 1401 diyestorum
1240 1354 1278 1389 Si

187 1400 253 1435 tibi
269 1400 468 1445 proprietas
488 1399 591 1434 fundi
610 1400 726 1444 legata
743 1399 863 1442 fuerit,
887 1399 974 1434 mihi
992 1403 1113 1434 autem
1132 1403 1168 1434 et
1177 1399 1277 1435 Mae-

187 1445 243 1480 vio
275 1449 311 1480 et
340 1445 407 1480 tibi
438 1445 594 1480 eiusdem
624 1444 727 1479 fundi
758 1454 845 1480 usus
875 1444 1037 1487 fructus,
1069 1444 1278 1480 habebimus

188 1500 251 1535 ego
275 1493 313 1525 et
334 1490 495 1525 Maevius
519 1490 666 1524 trientes
699 1489 735 1524 in
766 1500 836 1524 usu
865 1488 1008 1532 fructu,
1041 1500 1135 1525 unus
1166 1490 1278 1525 triens

186 1535 406 1580 proprietate
421 1535 447 1556 ¹⁷
471 1534 689 1570 miscebitur.
727 1535 800 1570 sive
831 1538 952 1569 autem
985 1545 1049 1580 ego
1081 1534 1154 1570 sive
1176 1534 1277 1569 Mae-

187 1579 264 1614 vius
290 1579 408 1624 capite
430 1579 557 1614 minuti
579 1579 772 1622 fuerimus,
804 1579 915 1615 triens
938 1579 1032 1615 inter
1053 1582 1090 1615 te
1113 1583 1149 1614 et
1172 1580 1277 1614 alter-

187 1630 306 1659 utrum
319 1629 480 1660 nostrum
493 1624 678 1666 dividetur,
699 1625 750 1659 ita
769 1628 810 1659 ut
829 1625 1009 1660 semissem
1027 1625 1065 1659 in
1077 1635 1145 1660 usu
1156 1624 1280 1660 fructu

186 1669 320 1704 habeat
334 1669 375 1711 is,
401 1669 463 1715 qui
483 1679 526 1704 ex
545 1669 648 1705 nobis
673 1670 791 1714 capite
814 1669 972 1705 minutus
990 1680 1063 1705 non
1077 1669 1207 1713 fuerat,
1233 1669 1280 1705 ad

186 1718 223 1749 te
234 1715 434 1795 prcgirietas
448 1725 529 1749 cum
539 1718 642 1759 parte
655 1714 799 1750 dimidia
817 1725 905 1750 usus
920 1714 1062 1750 fructus
1081 1715 1277 1760 pertineat:

234 1770 258 1796 o
316 1769 410 1794 Aws
431 1759 521 1795 libro
545 1761 696 1806 septimo
721 1760 771 1795 ad
794 1759 948 1796 edictum
968 1760 1197 1806 provinciale
1243 1763 1279 1795 et

187 1805 216 1839 si
241 1804 430 1840 tradideris
456 1804 563 1839 alicui
586 1815 650 1850 pro
679 1805 843 1840 rietatem
867 1804 1020 1840 deducto
1047 1815 1115 1840 usu
1145 1804 1278 1847 fructu,

187 1849 296 1884 nihilo
330 1850 445 1884 minus
477 1854 582 1894 putat
612 1850 654 1884 Iu
671 1850 773 1885 'anus
805 1849 1035 1892 adcrescere,
1071 1860 1138 1886 nec
1168 1850 1278 1885 videri

190 1905 319 1929 novum
343 1894 408 1929 tibi
432 1895 571 1940 adquiri
594 1905 700 1930 usum
722 1895 891 1930 fructum.

233 1937 258 1976 6
278 1938 472 1975 ULPIANUS
489 1940 579 1975 libro
598 1940 750 1986 septimo
762 1940 900 1975 decimo
912 1939 962 1975 ad
972 1939 1145 1975 Sabinum
1181 1939 1279 1975 Idem

188 1988 224 2019 et
248 1984 278 2020 si
301 1984 399 2029 apud
431 1996 541 2020 unum
573 1995 617 2020 ex
647 1985 764 2020 tribus
795 1985 1003 2020 fructuariis
1036 1985 1278 2020 consolidatus

190 2032 205 2064 1
257 2029 304 2064 sit
328 2040 415 2065 usus
439 2029 590 2065 fructus.
640 2029 712 2065 Sed
744 2029 774 2064 si
808 2030 866 2065 cui
897 2029 1099 2075 proprietas
1124 2029 1277 2065 deducto

190 2084 258 2109 030
280 2073 402 2109 fructu
427 2074 543 2119 legata
567 2075 614 2110 sit
639 2078 674 2110 et
696 2075 781 2109 mihi
805 2085 889 2120 pars
912 2085 1001 2110 usus
1032 2074 1193 2117 fructus,
1227 2075 1277 2110 vi-

189 2119 341 2154 dendum
365 2119 443 2162 erit,
469 2130 515 2154 an
538 2120 631 2155 inter
652 2131 707 2155 me
731 2125 766 2155 et
785 2119 952 2155 heredem
969 2120 1026 2155 ius
1049 2119 1279 2155 adcrescendi

187 2168 366 2216 versetur:
394 2168 429 2199 et
448 2175 570 2200 verum
590 2169 655 2207 est,
679 2169 732 2208 ut,
757 2165 917 2244 quiffiis
936 2165 1103 2207 amiserit,
1129 2164 1176 2200 ad
1195 2175 1278 2210 pro-

189 2212 208 2244 2
257 2213 442 2254 prietatem
453 2211 700 2245 reverteturffl.
749 2210 787 2245 Si
879 2210 887 2217 '
909 2220 997 2245 usus
1017 2209 1158 2245 fructus
1177 2209 1280 2245 fundi

188 2264 294 2298 pure,
320 2254 386 2289 tibi
409 2254 476 2290 sub
503 2255 712 2290 condicione
735 2255 873 2299 legatus
898 2255 964 2297 sit,
988 2258 1107 2300 potest
1131 2254 1200 2290 dici
1222 2258 1278 2290 to-

188 2300 259 2334 tius
282 2299 384 2334 fundi
408 2309 513 2335 usum
535 2299 694 2335 fructum
718 2300 764 2335 ad
787 2310 842 2335 me
861 2300 1040 2345 pertinere
1062 2300 1204 2335 interim
1229 2303 1277 2341 et,

188 2344 218 2379 si
242 2344 360 2389 capite
382 2344 539 2380 minutus
563 2345 679 2387 fuero,
703 2348 819 2380 totum
832 2345 860 2366 ¹⁹
880 2344 1059 2379 amittere:
1084 2344 1148 2380 sed
1167 2345 1198 2380 si
1217 2355 1278 2380 ex-

187 2389 298 2424 titerit
322 2389 496 2432 condicio,
520 2394 637 2425 totum
659 2400 765 2425 usum
786 2389 946 2425 fructum
968 2389 1016 2424 ad
1034 2393 1070 2424 te
1089 2389 1278 2435 pertinere,

189 2434 219 2468 si
245 2434 337 2469 forte
363 2435 480 2479 eapite
504 2434 707 2470 deminutus
731 2445 828 2477 sum,
854 2438 1012 2470 ceterum
1037 2445 1118 2470 cum
1140 2435 1178 2470 in
1201 2445 1278 2469 meo

188 2483 285 2514 statu
309 2490 448 2521 maneo,
474 2480 810 2515 communicandum
833 2490 938 2515 usum
961 2479 1130 2515 fructum.

237 2521 260 2559 7
285 2523 342 2559 ΡΑ
350 2534 445 2560 (fuss
472 2524 563 2560 libro
588 2526 693 2560 tertio
718 2524 769 2560 ad
790 2523 966 2560 Sabinum
1013 2523 1052 2559 Si
1076 2525 1155 2570 quis
1178 2525 1278 2559 Attio

190 2572 225 2602 et
247 2569 436 2604 heredibus
460 2570 534 2605 suis
559 2581 663 2605 usum
687 2569 846 2605 fructum
876 2569 1066 2614 legaverit,
1099 2569 1279 2605 dimidiam

190 2614 320 2655 Attius,
344 2614 522 2649 dimidiam
540 2615 689 2650 heredes
702 2615 905 2650 habebunt:
927 2614 1023 2659 quod
1043 2615 1074 2650 si
1093 2615 1144 2649 ita
1164 2615 1278 2659 scrip-

191 2663 264 2692 tum
286 2659 332 2693 sit
345 2659 454 2694 ‘Attio
468 2664 503 2694 et
516 2659 596 2695 Seio
620 2671 702 2695 cum
720 2659 912 2695 heredibus
931 2660 1042 2702 meis',
1066 2664 1138 2695 tres
1158 2664 1278 2705 partes

191 2771 231 2811 (ι)
257 2770 276 2802 l.
291 2778 308 2804 3
321 2787 365 2799 =
381 2772 511 2815 Vat.sr.
528 2778 542 2811 §
557 2781 603 2806 79.
618 2780 671 2807 80.
685 2780 721 2807 83
769 2777 812 2812 (2)
826 2773 914 2805 idem
925 2785 984 2806 om.
994 2773 1067 2806 Vat-
1126 2774 1167 2814 (3)
1183 2773 1279 2805 001113
1310 2774 1313 2782 ‘

202 2815 271 2848 Vat.
354 2817 396 2857 (4)
421 2817 458 2848 111
471 2830 528 2850 om.
543 2818 612 2851 Vat.
701 2819 743 2859 (5)
769 2817 891 2851 scribit
903 2831 962 2851 om.
972 2819 1046 2852 Vae.
1140 2818 1183 2860 (6)
1210 2823 1277 2850 tra-

191 2858 354 2904 diderint]
371 2862 639 2904 mancipaverint
656 2863 729 2896 Vat.
871 2865 913 2905 (7)
939 2866 1043 2895 totam
1061 2864 1134 2897 Voet.
1150 2875 1218 2896 cum
1234 2864 1278 2903 B,

192 2907 299 2937 totum
310 2904 369 2938 FS
460 2909 504 2947 (8)
529 2907 720 2949 tradiderit]
733 2907 943 2951 mancipavit
961 2909 1032 2942 Vat.
1127 2909 1172 2950 (9)
1198 2920 1279 2941 com·

188 2950 290 2993 plura
313 2950 352 2982 de
376 2951 482 2983 eodem
507 2960 693 2995 arqumento
715 2954 748 2986 in
771 2954 905 2997 diyestis
926 2955 1046 2987 omissa
1060 2954 1186 2987 addunt
1204 2953 1276 2987 Vat.

191 2998 251 3031 (10)
276 2994 318 3026 110
330 2994 406 3036 lego
419 2996 562 3029 ins.Vat.
656 3001 710 3037 (11)
735 2999 798 3039 031]
813 2998 880 3030 0111
896 2999 968 3031 Vat.
1070 2999 1129 3040 (12)
1154 2997 1278 3030 fundus

190 3038 323 3081 legatus
334 3040 398 3080 est]
410 3041 598 3083 proprietas
617 3042 689 3075 Vat.
773 3044 830 3084 (13)
855 3053 916 3075 nec
934 3043 1008 3076 Vat.
1096 3044 1154 3084 (14)
1180 3043 1278 3075 amit·

190 3085 252 3125 tet]
265 3084 340 3127 ipso
352 3084 486 3126 quidem
498 3085 569 3117 iure
579 3096 646 3118 non
658 3087 800 3126 amittet,
814 3087 870 3120 sed
883 3091 1017 3131 praetor
1027 3091 1161 3121 secutus
1171 3098 1277 3120 exem-

191 3128 285 3172 plum
314 3129 400 3161 iuris
420 3129 532 3162 civilis
554 3131 670 3163 utilem
693 3133 859 3164 actionem
880 3133 975 3165 dabit
995 3132 1182 3165 fructuario
1203 3133 1277 3166 Vat.

192 3174 250 3214 (15)
275 3176 310 3206 et
323 3186 381 3207 om.
393 3174 464 3207 Vae.
588 3178 647 3216 (16)
672 3186 871 3219 quamquam
886 3178 1040 3210 Iulianus
1049 3177 1138 3211 libro
1150 3177 1279 3210 XXXV

191 3219 399 3261 digestorum
408 3218 535 3251 scribat
546 3220 611 3262 ipsi
623 3221 757 3261 quidem
770 3222 822 3254 ius
836 3222 1052 3255 adcrescendi
1065 3224 1278 3266 [competere‚

192 3274 260 3296 non
269 3273 346 3296 vero
354 3263 542 3296 fluctuatio
551 3264 592 3296 ab
603 3266 735 3305 eoladd.
745 3267 817 3299 Vat.
823 3292 831 3308 ,
842 3269 900 3300 ubi
906 3280 991 3310 quae
997 3270 1216 3311 sequebantur
1224 3280 1278 3301 cx·

192 3309 343 3342 ciderunt
396 3309 454 3350 (17)
479 3310 681 3352 proprietati
694 3309 724 3343 S
779 3312 838 3351 (18)
852 3315 1040 3344 revertatur
1052 3313 1124 3346 edd.
1137 3325 1149 3345 .·
1162 3313 1278 3346 deinde

193 3354 536 3443 ἰΜὶᾶἑῖῧῒ-Ὑζὶαῗὲ
546 3352 891 3440 αρῐέἶῖθῗυῖἶᾷἶη,
901 3358 959 3434 (ἓ)
973 3368 1025 3435 {¹¹⁶
1039 3357 1276 3444 ‘'”a2‚‘}?'„f;‚⁸

191 3414 236 3427 Β
368 3423 377 3433 .
463 3422 492 3431 ...
538 3422 544 3429 ·
894 3426 900 3434 ·
952 3415 972 3435 a
987 3427 996 3436 n
1262 3419 1276 3426 '

191 3442 270 3476 lieri
282 3467 291 3476 .
301 3467 309 3476 .
319 3467 328 3475 .
338 3443 500 3484 fruentes]
514 3442 702 3476 Novissime
717 3445 805 3485 quod
819 3445 868 3477 ait
883 3445 1038 3490 Sabinus,
1053 3447 1083 3479 si
1096 3447 1191 3479 uxori
1201 3457 1277 3479 cum

192 3486 310 3521 liberis
327 3498 408 3521 113113
427 3487 557 3521 fructus
579 3487 727 3531 legetur,
758 3489 889 3522 amissis
909 3490 1028 3524 liberis
1049 3502 1121 3524 eam
1141 3491 1276 3531 habere,

193 3532 291 3575 quale
307 3533 354 3566 311
365 3532 554 3566 videndum.
582 3537 616 3565 et
635 3533 665 3565 31
683 3533 816 3575 quidem
830 3533 872 3566 do
884 3534 960 3577 lego
979 3535 1120 3578 legetur,
1143 3536 1276 3568 tametsi

193 3578 269 3620 quis
289 3577 376 3611 61103
396 3577 577 3620 legatarios
595 3578 774 3621 acceperit,
793 3578 865 3611 31110
887 3579 989 3612 dubio
1008 3580 1118 3614 locum
1139 3580 1278 3614 habebit

193 3626 332 3666 propter
343 3623 396 3656 1113
407 3622 642 3656 adcrescendi:
657 3622 715 3656 sed
727 3623 757 3655 31
768 3622 926 3664 legatarii
940 3635 1006 3657 uon
1022 3625 1159 3667 fuerint,
1169 3625 1276 3659 multo

192 3668 310 3709 magis,
331 3667 489 3710 quoniam
512 3671 642 3710 partem
663 3667 695 3700 ei
713 3677 781 3700 non
802 3668 972 3708 fecerunt,
989 3671 1122 3703 tametsi
1143 3681 1219 3703 eum
1238 3680 1276 3703 ea

193 3716 378 3745 uterentur.
405 3717 512 3745 matre
525 3716 635 3745 antem
657 3715 798 3749 mortua.
819 3712 848 3745 31
872 3713 1005 3754 quidem
1025 3714 1179 3756 legatarii
1207 3716 1275 3747 sue-

1265 104 1344 152 104

1742 119 1929 159 QUANDO
1960 120 2064 152 DIES
2093 120 2210 153 usus
2228 121 2427 155 Fnuc'rus

1341 228 1438 271 fient,
1463 231 1504 263 ut
1526 239 1635 265 unam
1658 230 1815 265 habeant
1837 229 2004 272 heredes,
2028 230 2170 265 tertiam
2193 231 2332 274 Attius,
2356 236 2427 268 ter-

1342 274 1428 308 tiam
1453 273 1573 310 Seius:
1608 284 1675 310 nec
1707 274 1800 310 enim
1830 275 1978 311 interest
2000 275 2053 310 ita
2076 275 2213 320 legetur
2237 275 2298 312 ‘illi
2321 279 2357 311 et
2378 276 2429 313 illi

1343 329 1424 353 cum
1448 318 1600 354 Maevio’
1625 329 1672 354 an
1695 319 1746 355 ita
1769 320 1831 355 ‘illi
1856 324 1892 355 et
1914 320 1965 355 illi
1988 324 2025 355 et
2048 319 2213 356 Maevio'.

1389 361 1456 400 8²⁰
1487 362 1682 400 vamum
1709 364 1800 401 libro
1831 366 1982 412 oeptimo
2017 364 2154 400 decimo
2185 365 2236 401 ad
2256 364 2429 402 Sabinum

1343 407 1382 460 Si
1393 407 1531 460 mulieri
1544 419 1625 444 cum
1636 409 1755 445 liberis
1768 409 1843 445 suis
1855 420 1942 446 usus
1962 409 2103 445 fructus
2122 409 2268 455 legetur,
2289 410 2428 446 amissis

1342 453 1461 488 liberis
1486 463 1529 488 ea
1552 463 1656 489 usum
1677 454 1835 490 fructum
1858 455 1985 490 habet:
2011 454 2074 490 sed
2097 457 2133 490 et
2155 458 2269 491 matre
2289 456 2431 491 mortua

1343 498 1446 534 liberi
1458 498 1534 534 eius
1553 498 1662 535 nihilo
1682 500 1799 535 minus
1819 510 1921 535 usum
1940 499 2098 535 fructum
2116 499 2253 535 habent
2269 500 2347 535 iure
2366 499 2430 535 ad-

1345 543 1537 579 crescendi.
1551 553 1634 578 nam
1646 547 1682 579 et
1689 544 1847 580 Iulianus
1855 545 1946 580 libro
1955 545 2160 597 trigensimo
2169 545 2199 566 ²¹
2213 544 2431 590 digestorum

1344 588 1396 623 ait
1413 587 1507 624 idem
1525 588 1799 634 intellegendum
1818 590 1855 624 in
1875 599 1928 631 00,
1949 600 2010 635 qm
2027 590 2123 625 solos
2139 589 2270 626 liberos
2282 590 2432 626 heredes

1344 633 1537 678 scripserit,
1557 633 1642 669 licet
1660 645 1733 670 non
1751 637 1793 670 ut
1811 634 2003 679 legatarios
2025 645 2085 670 eos
2105 635 2348 678 nominaverit,
2368 635 2432 671 sed

1344 682 1386 713 ut
1408 678 1611 714 ostenderet
1633 689 1668 714 m
1716 679 1744 715 's
1767 679 1856 715 velle
1880 690 1918 715 se
1940 683 2089 715 matrem
2109 679 2162 715 ita
2177 679 2260 722 frui,
2284 684 2326 715 ut
2345 680 2431 716 libe-

1344 733 1405 759 ros
1418 733 1539 758 secum
1549 723 1684 759 habeat
1709 728 1853 759 ruentes
1864 725 1905 760 ²².
1942 724 2007 760 sed
2027 728 2063 759 et
2080 724 2301 770 Pomponius
2346 735 2430 760 uae-

1344 768 1393 804 rit
1401 768 1450 803 ²³:
1475 768 1562 813 quid
1585 768 1616 804 si
1638 769 1739 805 mixti
1761 769 1895 804 fuerint
1918 769 2021 805 liberi
2045 772 2081 805 et
2089 770 2120 791 ²⁴
2145 770 2307 805 extranei
2355 780 2431 805 ere-

1346 813 1435 849 des?
1470 817 1507 848 et
1539 813 1591 848 ait
1621 812 1714 850 filios
1746 814 1937 859 legatarios
1969 824 2047 850 esse
2078 814 2331 859 intellegendos
2341 815 2373 837 ²⁶
2397 819 2433 850 et

1345 869 1410 904 per
1450 858 1683 902 contrarium,
1719 860 1750 895 si
1779 859 1892 895 voluit
1900 860 1931 881 ²⁶
1963 869 2023 895 eos
2055 859 2185 895 liberos
2216 859 2321 895 simul
2353 870 2432 895 cum

1346 907 1460 938 matre
1482 902 1573 946 frui,
1606 903 1735 940 debere
1759 904 1829 939 dici
1851 908 2001 940 matrem
2030 904 2236 950 legatariam
2269 914 2346 940 esse
2378 905 2431 940 in-

1345 948 1581 1001 tellegendam
1601 953 1638 984 01
1655 959 1721 995 per
1736 949 1853 985 omnia
1873 949 2023 985 similem
2043 959 2123 985 esse
2142 953 2178 985 et
2197 949 2234 984 in
2253 950 2323 985 hoc
2344 960 2432 985 casu

1345 1003 1433 1029 111113
1457 997 1632 1029 eventum.

1393 1036 1418 1075 9
1442 1039 1670 1075 Armanas
1697 1039 1788 1075 libro
1820 1040 1947 1085 quinto
1979 1040 2229 1085 quaestionum
2276 1039 2314 1074 Si
2347 1049 2431 1084 pro-

1345 1083 1478 1129 prietas
1500 1083 1604 1119 fundi
1635 1084 1794 1127 duobus,
1825 1095 1913 1120 usus
1943 1083 2084 1120 1100103
2114 1084 2178 1119 11111
2207 1084 2345 1130 legatus
2376 1084 2434 1127 sit,

1346 1139 1419 1164 non
1441 1129 1590 1165 trientes
1613 1129 1651 1164 in
1670 1139 1738 1164 usu
1757 1129 1878 1164 fructu
1897 1130 2044 1171 habent,
2068 1129 2132 1165 sed
2152 1129 2333 1165 semissem
2346 1129 2430 1171 duo,

1346 1173 1528 1209 semissem
1550 1174 1787 1210 fructuarius:
1820 1175 1904 1210 item
1929 1179 2071 1217 contra,
2096 1175 2127 1211 si
2151 1174 2221 1210 duo
2245 1174 2434 1210 fructuarii

1347 1223 1383 1255 et
1406 1229 1500 1255 unus
1523 1218 1627 1255 fundi
1649 1219 1839 1264 legatarius
1864 1220 1921 1255 sit.

1396 1262 1447 1301 10
1479 1264 1674 1301 Uzpmvs
1713 1265 1804 1301 libro
1840 1266 1990 1311 septimo
2025 1264 2160 1300 decimo
2197 1264 2246 1299 ad
2279 1264 2433 1300 edictum

1346 1309 1530 1344 Interdum
1586 1319 1644 1345 ars
1675 1320 1762 1346 usus
1794 1309 1935 1345 fructus
1969 1313 2005 1345 et
2035 1319 2107 1344 non
2129 1309 2275 1344 habenti
2323 1314 2433 1345 artem

1348 1365 1468 1397 300111,
1501 1321 1584 1390 sedp
1589 1354 1764 1390 amittenti
1787 1355 1982 1390 adcrescit:
2016 1365 2098 1389 nam
2130 1354 2160 1390 si
2183 1365 2270 1390 usus
2309 1358 2433 1390 ructus

1348 1399 1489 1435 duobus
1519 1399 1630 1435 fuerit
1651 1400 1790 1446 legatus
1814 1404 1850 1435 et
1874 1400 1964 1435 alter
1994 1400 2056 1435 lite
2080 1403 2283 1435 contestata
2291 1399 2322 1421 ²⁷
2346 1399 2433 1435 ami-

1348 1445 1434 1480 serit
1457 1455 1562 1480 03001
1586 1444 1762 1487 1100111111,
1787 1455 1869 1480 111011
1893 1449 1930 1480 01
1953 1444 2221 1489 0011ος01οή113,
2255 1444 2315 1490 qui
2337 1444 2434 1479 litem

1349 1493 1572 1525 contestatus
1596 1501 1668 1525 non
1692 1494 1786 1532 erat,
1821 1501 1927 1525 usum
1951 1489 2109 1525 fructum
2134 1490 2269 1531 amisit,
2295 1493 2435 1534 partem

1349 1534 1528 1570 dimidiam
1553 1535 1751 1578 dumtaxat,
1776 1546 1883 1581 quam
1907 1535 2025 1570 amisit
2048 1535 2109 1580 qui
2131 1534 2229 1570 litem
2253 1538 2432 1570 contesta-

1347 1583 1407 1615 tus
1432 1583 1486 1615 est
1508 1580 1679 1616 adversus
1703 1590 1783 1616 eum
1806 1580 1867 1625 qui
1891 1591 1930 1616 se
1949 1580 2003 1615 liti
2022 1579 2162 1625 optulit,
2187 1590 2210 1614 a
2227 1589 2436 1625 possessore

1348 1625 1598 1670 consequitur:
1641 1635 1726 1670 pars
1763 1625 1855 1660 enim
1891 1625 2109 1670 collegatarii
2142 1624 2212 1670 ipsi
2247 1624 2435 1666 adcrescit,

1346 1681 1419 1705 non
1443 1670 1585 1706 domino
1606 1670 1856 1722 proprietatis:
1881 1680 1967 1706 usus
1987 1670 2127 1706 fructus
2147 1670 2239 1705 enim
2259 1679 2435 1715 personae

1348 1715 1526 1751 adcrescit
1550 1719 1616 1751 0131
1638 1715 1748 1751 100111
1771 1715 1934 1751 amissus.

1382 1759 1443 1797 *11
1471 1760 1719 1796 Pamrmws
1747 1760 1838 1796 libro
1869 1760 2026 1796 secundo
2051 1760 2298 1805 definitionum
2346 1759 2435 1793 Cum

1347 1805 1493 1850 singulis
1516 1806 1562 1841 ab
1586 1805 1777 1841 heredibus
1809 1805 1955 1850 singulis
1987 1805 2143 1840 eiusdem
2173 1805 2224 1840 rei
2254 1804 2394 1839 fructus
2404 1803 2437 1824 ²⁸

1346 1850 1496 1896 legatur,
1517 1850 1709 1886 fructuarii
1728 1851 1886 1896 separati
1907 1850 2071 1885 videntur
2090 1860 2163 1886 non
2175 1850 2303 1891 minus,
2328 1859 2434 1894 quam

1348 1896 1379 1931 si
1410 1896 1532 1941 aequis
1556 1895 1779 1941 portionibus
1804 1895 1944 1931 duobus
1969 1895 2125 1931 eiusdem
2146 1895 2198 1930 rei
2220 1894 2360 1930 fructus
2383 1894 2434 1930 le·

1347 1944 1452 1986 gatus
1465 1941 1622 1994 ‘fuissetz
1655 1940 1751 1976 unde
1773 1940 1833 1984 fit,
1858 1946 1898 1975 ut
1921 1941 2013 1976 inter
2037 1950 2098 1976 eos
2121 1940 2178 1976 ius
2202 1939 2435 1976 adcrescendi

1348 1997 1421 2022 non
1445 1996 1475 2021 31

1400 2029 1448 2068 12
1475 1989 1677 2067 tl‘l‘LPJANUS
1704 2031 1795 2067 libro
1825 2032 1977 2077 septimo
2009 2030 2145 2066 decimo
2177 2030 2227 2065 ad
2260 2029 2432 2066 Sabinum

1349 2087 1430 2112 cum
1454 2076 1545 2112 alius
1569 2077 1615 2112 ab
1640 2076 1710 2111 alio
1735 2076 1864 2111 herede
1889 2087 1992 2111 usum
2015 2074 2173 2111 fructum
2197 2075 2363 2110 vindicat.

1835 2170 1893 2207 111
1904 2167 1945 2207 ²⁹.

1348 2233 1534 2270 QUANDO
1558 2235 1664 2267 DIES
1685 2234 1798 2267 USUS
1817 2234 2021 2266 FRUCTUS
2042 2233 2255 2267 LEGAT1³⁰
2275 2234 2431 2266 CEDAT.

1396 2298 1415 2336 1
1430 2300 1460 2321 ³¹
1491 2299 1687 2336 ULPMNUs
1714 2300 1805 2335 libro
1837 2300 1988 2346 septimo
2020 2299 2156 2336 decimo
2187 2299 2238 2335 ad
2260 2298 2432 2335 Sabinum

1348 2344 1571 2390 Quamquam
1581 2345 1612 2366 ³²
1636 2355 1722 2380 usus
1745 2344 1887 2380 fructus
1911 2355 1955 2379 ex
1985 2343 2137 2380 fruendo
2171 2345 2364 2386 consistat,
2397 2344 2434 2379 id

1348 2393 1403 2425 est
1424 2389 1523 2425 facto
1548 2389 1595 2424 ali
1621 2400 1666 2425 uo
1692 2390 1768 2425 eius
1793 2390 1854 2435 qui
1875 2389 2010 2424 fruitur
2042 2393 2078 2425 et
2107 2389 2239 2430 utitur,
2270 2394 2391 2424 tamen
2401 2390 2435 2411 ³³

1348 2435 1456 2470 semel
1479 2434 1573 2470 cedit
1596 2401 1690 2470 dies:
1716 2435 1820 2470 aliter
1843 2438 1950 2480 atque
1974 2434 2005 2469 si
2028 2434 2087 2469 cui
2108 2434 2146 2469 in
2163 2444 2302 2470 menses
2321 2434 2376 2469 vel
2394 2434 2433 2469 in

1348 2479 1422 2515 dies
1444 2479 1500 2514 vel
1522 2479 1559 2514 in
1591 2490 1704 2516 annos
1736 2479 1891 2525 singulos
1923 2479 2008 2524 quid
2037 2479 2192 2524 legetur:
2223 2483 2310 2514 tunc
2342 2479 2434 2514 enim

1348 2535 1413 2569 per
1436 2524 1510 2560 dies
1543 2525 1700 2569 singulos
1731 2525 1786 2560 vel
1817 2534 1956 2559 menses
1986 2524 2041 2559 vel
2073 2534 2187 2560 annos
2219 2524 2294 2560 dies
2326 2524 2433 2569 legati

1349 2569 1453 2605 cedit.
1491 2569 1585 2605 unde
1609 2570 1732 2615 quaeri
1754 2573 1891 2615 potest,
1925 2569 1956 2605 si
1988 2579 2074 2605 usus
2104 2568 2245 2605 fructus
2279 2569 2338 2604 cui
2368 2578 2434 2614 per

1348 2614 1422 2650 dies
1447 2614 1604 2660 singulos
1628 2615 1764 2660 legetur
1786 2615 1841 2650 vel
1864 2614 1900 2649 in
1924 2625 2037 2650 annos
2061 2614 2230 2658 singulos,
2255 2624 2303 2649 an
2326 2613 2435 2649 semel

1349 2659 1470 2695 cedat:
1504 2663 1539 2694 et
1561 2663 1649 2705 puto
1675 2671 1747 2695 non
1772 2659 1898 2695 cedere
1931 2659 2053 2701 simul,
2085 2658 2148 2694 sed
2177 2669 2242 2705 per
2272 2662 2434 2704 tempora

1347 2776 1438 2812 runt,
1460 2772 1522 2805 soli
1537 2771 1709 2805 habebunt
1722 2773 1794 2804 iure
1807 2772 2040 2804 adcrescendi:
2063 2772 2091 2804 si
2105 2771 2252 2811 heredes,
2269 2782 2337 2804 non
2359 2772 2433 2804 iure

1347 2818 1573 2859 adcrescendi,
1596 2817 1654 2850 sed
1674 2817 1748 2850 1010
1769 2817 1922 2857 dominii,
1944 2817 1974 2849 si
1995 2816 2120 2849 fundus
2140 2827 2254 2849 eorum
2267 2819 2327 2859 est,
2349 2815 2433 2860 ipsis

1347 2863 1522 2903 adcrescit,
1535 2863 1589 2895 sin
1603 2862 1726 2902 minus,
1748 2861 1883 2894 domino
1896 2861 2134 2903 proprietatis:
2152 2861 2209 2894 sed
2221 2862 2251 2894 31
2263 2872 2324 2894 1100
2337 2861 2429 2894 here-

1347 2908 1404 2940 des
1425 2908 1563 2941 fuerunt
1577 2918 1639 2940 nec
1658 2906 1824 2949 legatarii,
1845 2906 1934 2939 nihil
1950 2906 2133 2941 habebunt.
2154 2914 2232 2950 post
2252 2907 2322 2940 alia
2336 2907 2377 2940 de
2389 2907 2431 2939 Ie-

1345 2960 1424 2997 9ato
1432 2965 1496 2996 per
1509 2953 1745 2986 damnationem
1753 2965 1765 2985 :
1777 2951 1924 2984 Sabinus
1936 2956 2024 2984 certe
2037 2952 2147 2984 verbis
2157 2952 2232 2984 istis
2242 2962 2309 2984 non
2318 2954 2431 2984 031011-

1346 2998 1408 3038 dit,
1421 3001 1534 3030 utrum
1547 2998 1669 3038 (liberi)
1681 2996 1838 3038 legatarii
1857 2996 1984 3029 fuerint
2000 3006 2115 3029 necne.
2140 2996 2198 3029 sed
2209 2996 2364 3030 Iulianus
2386 2995 2431 3028 li-

1345 3042 1406 3075 bro
1417 3042 1546 3075 XXXV
1559 3042 1765 3083 digestorum
1785 3040 1891 3074 relata
1903 3041 2024 3074 Sabini
2040 3041 2210 3085 scriptura
2227 3041 2278 3074 ait
2295 3040 2430 3074 intelle-

1345 3087 1490 3130 gendum
1501 3097 1587 3126 eum,
1600 3087 1659 3129 qui
1672 3086 1760 3119 solos
1772 3085 1896 3119 liberos
1908 3086 2045 3119 heredes
2056 3086 2185 3126 scribit,
2205 3096 2274 3119 non
2288 3088 2326 3118 ut
2339 3085 2429 3128 lega-

1346 3132 1506 3165 tariorum
1527 3131 1645 3165 fecisse
1658 3131 1871 3171 mentionem,
1893 3131 1950 3163 sed
1973 3134 2010 3163 ut
2029 3131 2220 3164 ostenderet
2232 3131 2340 3173 magis
2360 3141 2430 3163 ma·

1346 3180 1430 3210 trem
1442 3177 1493 3210 ita
1507 3187 1542 3209 30
1555 3176 1639 3209 velle
1651 3176 1730 3216 frui,
1748 3179 1787 3208 nt
1798 3174 1922 3208 liberos
1937 3186 2049 3208 secum
2061 3176 2183 3209 habeat
2201 3176 2287 3215 Vua,
2309 3176 2368 3209 ubi
2379 3187 2428 3209 se·

1346 3229 1487 3266 quantur
1500 3222 1570 3256 alia
1582 3222 1622 3255 de
1634 3222 1742 3255 eodem
1756 3228 1940 3265 argumento
2018 3222 2078 3262 (23)
2104 3220 2161 3253 3011
2174 3223 2207 3252 01
2220 3220 2431 3263 Pomponius

1346 3267 1492 3309 quaerit]
1507 3277 1579 3310 ego,
1591 3267 1706 3309 inquit
1718 3266 1934 3309 Ρο111Ῑ1011103,
1951 3275 2074 3308 quaero
2090 3265 2163 3299 Vae.
2243 3267 2304 3306 (24)
2328 3264 2428 3298 liberi

1346 3313 1392 3353 et]
1405 3311 1523 3344 liberis
1542 3312 1614 3345 Vae.
1708 3312 1771 3353 (25)
1795 3310 1883 3343 filios
1891 3310 2074 3352 legatarios
2086 3320 2157 3343 esse
2169 3309 2429 3352 intellegendos]

1344 3356 1432 3389 filios
1444 3367 1506 3400 pro
1517 3356 1691 3399 legatariis
1703 3355 1873 3389 habendos
1885 3359 1918 3387 et
1930 3355 2052 3388 mortui
2065 3357 2193 3397 partem
2202 3354 2429 3394 interituram,

1343 3401 1534 3434 Aristonem
1547 3404 1658 3433 autem
1671 3401 1829 3434 adnotare
1840 3400 1920 3434 haec
1935 3410 2012 3432 vera
2024 3410 2113 3433 esse:
2129 3403 2163 3433 et
2173 3403 2254 3432 sunt
2266 3409 2344 3432 vera
2353 3399 2430 3432 Vat.

1345 3447 1408 3487 (26)
1433 3445 1637 3479 1101001111νῖ
1771 3447 1832 3486 (27)
1857 3444 2014 3478 adversus
2027 3455 2101 3478 eum
2116 3444 2175 3487 qui
2189 3443 2290 3477 301111
2301 3443 2428 3488 optulit

1346 3492 1406 3525 ins.
1500 3492 1565 3532 (28)
1590 3490 1734 3523 1111011ιὶ3
1746 3490 1780 3523 F

1390 3536 1454 3577 (29)
1478 3536 1559 3569 Sab.
1574 3554 1620 3560 —-
1633 3535 1716 3569 Bas.
1733 3537 1784 3576 16,
1798 3542 1814 3569 3
1885 3535 1948 3576 (3ο)
1972 3534 2076 3578 legati
2089 3544 2168 3567 0303
2180 3533 2309 3566 fruetu-
2321 3533 2387 3566 ιἰιᾰ.
2401 3531 2428 3566 F

1345 3581 1402 3622 (01)
1429 3580 1449 3613 l.
1464 3587 1477 3614 1
1488 3592 1584 3624 μη...
1597 3585 1613 3620 ς
1624 3587 1641 3614 2
1652 3596 1699 3609 ==
1715 3580 1846 3623 Vatsr.
1861 3583 1877 3619 ς
1893 3586 1942 3613 59.
1954 3586 2004 3614 eo.
2143 3579 2206 3620 (32)
2231 3579 2358 3619 veh-um
2376 3579 2430 3610 est

1343 3635 1441 3657 usum
1454 3625 1600 3658 fructum
1615 3624 1715 3658 semel
1729 3625 1874 3666 tentum]
1889 3624 2014 3657 0011010.
2033 3633 2235 3667 quamquam
2245 3623 2334 3655 enim
2351 3622 2423 3655 Vct.

1346 3670 1407 3709 (33)
1432 3669 1462 3702 ei
1472 3671 1531 3702 im.
1542 3670 1615 3702 Vnt.

2522 809 2528 847 ,...
2516 676 2528 786 :affl—‘fl-
2515 570 2528 663 ..A-Zac.
2512 543 2528 558 Τ.
2518 459 2528 531 ιιι-....
2516 436 2528 442 »⁴
