<?xml version="1.0" encoding="UTF-8"?>
<!DOCTYPE html PUBLIC "-//W3C//DTD XHTML 1.0 Transitional//EN"
    "http://www.w3.org/TR/xhtml1/DTD/xhtml1-transitional.dtd">
<html xmlns="http://www.w3.org/1999/xhtml" xml:lang="en" lang="en">
 <head>
  <title>
</title>
<meta http-equiv="Content-Type" content="text/html;charset=utf-8" />
  <meta name='ocr-system' content='tesseract 3.04.00' />
  <meta name='ocr-capabilities' content='ocr_page ocr_carea ocr_par ocr_line ocrx_word'/>
</head>
<body>
  <div class='ocr_page' id='page_1' title='image "./corpusjuriscivil01krueuoft_0080.png"; bbox 0 0 2528 3918; ppageno 0'>
   <div class='ocr_carea' id='block_1_1' title="bbox 168 128 618 183">
    <p class='ocr_par' dir='ltr' id='par_1_1' title="bbox 168 128 618 183">
     <span class='ocr_line' id='line_1_1' title="bbox 168 128 618 183; baseline -0.004 -11"><span class='ocrx_word' id='word_1_1' title='bbox 168 128 314 172; x_wconf 82' lang='lat' dir='ltr'><strong>INST.</strong></span> <span class='ocrx_word' id='word_1_2' title='bbox 346 129 444 183; x_wconf 88' lang='lat'><strong>1111,</strong></span> <span class='ocrx_word' id='word_1_3' title='bbox 480 131 618 171; x_wconf 88' lang='lat'><strong>11.13</strong></span> 
     </span>
    </p>
   </div>
   <div class='ocr_carea' id='block_1_2' title="bbox 157 247 1252 3188">
    <p class='ocr_par' dir='ltr' id='par_1_2' title="bbox 191 247 1248 296">
     <span class='ocr_line' id='line_1_2' title="bbox 191 247 1248 296; baseline -0.003 -10"><span class='ocrx_word' id='word_1_4' title='bbox 191 250 310 286; x_wconf 88' lang='lat' dir='ltr'><strong>ulatur</strong></span> <span class='ocrx_word' id='word_1_5' title='bbox 330 250 419 296; x_wconf 85' lang='lat' dir='ltr'><strong>quis,</strong></span> <span class='ocrx_word' id='word_1_6' title='bbox 442 252 483 285; x_wconf 89' lang='lat' dir='ltr'><strong>ut</strong></span> <span class='ocrx_word' id='word_1_7' title='bbox 501 249 698 285; x_wconf 90' lang='lat' dir='ltr'><strong>solveretur</strong></span> <span class='ocrx_word' id='word_1_8' title='bbox 715 247 785 284; x_wconf 87' lang='lat' dir='ltr'><strong>sibi</strong></span> <span class='ocrx_word' id='word_1_9' title='bbox 803 248 899 295; x_wconf 88' lang='lat' dir='ltr'><strong>quod</strong></span> <span class='ocrx_word' id='word_1_10' title='bbox 917 248 1026 285; x_wconf 88' lang='lat' dir='ltr'><strong>fuerit</strong></span> <span class='ocrx_word' id='word_1_11' title='bbox 1043 248 1248 284; x_wconf 87' lang='lat' dir='ltr'><strong>iudicatum.</strong></span> 
     </span>
    </p>

    <p class='ocr_par' dir='ltr' id='par_1_3' title="bbox 157 293 1252 3188">
     <span class='ocr_line' id='line_1_3' title="bbox 192 293 1249 340; baseline -0.003 -8"><span class='ocrx_word' id='word_1_12' title='bbox 192 296 309 332; x_wconf 78' lang='lat' dir='ltr'><strong>&#39;multo</strong></span> <span class='ocrx_word' id='word_1_13' title='bbox 333 295 444 340; x_wconf 88' lang='lat' dir='ltr'><strong>magis</strong></span> <span class='ocrx_word' id='word_1_14' title='bbox 467 295 517 337; x_wconf 91' lang='lat' dir='ltr'><strong>is,</strong></span> <span class='ocrx_word' id='word_1_15' title='bbox 550 293 611 339; x_wconf 87' lang='lat' dir='ltr'><strong>qui</strong></span> <span class='ocrx_word' id='word_1_16' title='bbox 640 294 678 329; x_wconf 88' lang='lat' dir='ltr'><strong>in</strong></span> <span class='ocrx_word' id='word_1_17' title='bbox 701 303 775 329; x_wconf 88' lang='lat' dir='ltr'><strong>rem</strong></span> <span class='ocrx_word' id='word_1_18' title='bbox 798 294 939 330; x_wconf 89' lang='lat' dir='ltr'><strong>actione</strong></span> <span class='ocrx_word' id='word_1_19' title='bbox 962 294 1249 336; x_wconf 80' lang='lat' dir='ltr'>conveniebatur,</span> 
     </span>
     <span class='ocr_line' id='line_1_4' title="bbox 167 338 1249 384; baseline -0.003 -7"><span class='ocrx_word' id='word_1_20' title='bbox 167 341 352 377; x_wconf 72' lang='lat' dir='ltr'><strong>&#39;satisdare</strong></span> <span class='ocrx_word' id='word_1_21' title='bbox 375 339 579 384; x_wconf 81' lang='lat' dir='ltr'>cogebatur,</span> <span class='ocrx_word' id='word_1_22' title='bbox 603 339 634 374; x_wconf 92' lang='lat' dir='ltr'><strong>si</strong></span> <span class='ocrx_word' id='word_1_23' title='bbox 657 339 772 375; x_wconf 88' lang='lat' dir='ltr'><strong>alieno</strong></span> <span class='ocrx_word' id='word_1_24' title='bbox 797 340 939 376; x_wconf 89' lang='lat' dir='ltr'><strong>nomine</strong></span> <span class='ocrx_word' id='word_1_25' title='bbox 962 339 1131 375; x_wconf 90' lang='lat' dir='ltr'><strong>iudicium</strong></span> <span class='ocrx_word' id='word_1_26' title='bbox 1155 338 1249 374; x_wconf 92' lang='lat' dir='ltr'><strong>acci-</strong></span> 
     </span>
     <span class='ocr_line' id='line_1_5' title="bbox 166 384 1249 464; baseline -0.003 -42"><span class='ocrx_word' id='word_1_27' title='bbox 166 387 308 432; x_wconf 86' lang='lat' dir='ltr'><strong>&#39;piebat.</strong></span> <span class='ocrx_word' id='word_1_28' title='bbox 344 386 421 430; x_wconf 91' lang='lat' dir='ltr'><strong>ipse</strong></span> <span class='ocrx_word' id='word_1_29' title='bbox 444 387 564 419; x_wconf 89' lang='lat' dir='ltr'><strong>autem</strong></span> <span class='ocrx_word' id='word_1_30' title='bbox 585 384 649 464; x_wconf 61' lang='lat' dir='ltr'><strong>gui</strong></span> <span class='ocrx_word' id='word_1_31' title='bbox 671 385 709 419; x_wconf 90' lang='lat' dir='ltr'><strong>in</strong></span> <span class='ocrx_word' id='word_1_32' title='bbox 739 395 813 420; x_wconf 89' lang='lat' dir='ltr'><strong>rem</strong></span> <span class='ocrx_word' id='word_1_33' title='bbox 844 385 991 431; x_wconf 87' lang='lat' dir='ltr'><strong>agebat,</strong></span> <span class='ocrx_word' id='word_1_34' title='bbox 1023 385 1054 420; x_wconf 92' lang='lat' dir='ltr'><strong>si</strong></span> <span class='ocrx_word' id='word_1_35' title='bbox 1088 394 1153 419; x_wconf 91' lang='lat' dir='ltr'><strong>suo</strong></span> <span class='ocrx_word' id='word_1_36' title='bbox 1185 394 1249 419; x_wconf 88' lang='lat' dir='ltr'><strong>no-</strong></span> 
     </span>
     <span class='ocr_line' id='line_1_6' title="bbox 167 429 1252 475; baseline -0.002 -9"><span class='ocrx_word' id='word_1_37' title='bbox 167 432 270 466; x_wconf 81' lang='lat' dir='ltr'><strong>&#39;mine</strong></span> <span class='ocrx_word' id='word_1_38' title='bbox 300 430 464 475; x_wconf 90' lang='lat' dir='ltr'><strong>petebat,</strong></span> <span class='ocrx_word' id='word_1_39' title='bbox 495 429 583 465; x_wconf 81' lang='lat' dir='ltr'><strong>satis</strong></span> <span class='ocrx_word' id='word_1_40' title='bbox 609 439 671 465; x_wconf 90' lang='lat' dir='ltr'><strong>are</strong></span> <span class='ocrx_word' id='word_1_41' title='bbox 700 440 773 465; x_wconf 90' lang='lat' dir='ltr'><strong>non</strong></span> <span class='ocrx_word' id='word_1_42' title='bbox 797 430 1001 475; x_wconf 83' lang='lat' dir='ltr'><strong>cogebatur.</strong></span> <span class='ocrx_word' id='word_1_43' title='bbox 1038 432 1252 475; x_wconf 88' lang='lat' dir='ltr'><strong>procurator</strong></span> 
     </span>
     <span class='ocr_line' id='line_1_7' title="bbox 166 474 1251 527; baseline -0.004 -15"><span class='ocrx_word' id='word_1_44' title='bbox 166 478 257 512; x_wconf 85' lang='lat' dir='ltr'><strong>&#39;vero</strong></span> <span class='ocrx_word' id='word_1_45' title='bbox 290 476 319 510; x_wconf 91' lang='lat' dir='ltr'><strong>si</strong></span> <span class='ocrx_word' id='word_1_46' title='bbox 348 475 385 510; x_wconf 90' lang='lat' dir='ltr'><strong>in</strong></span> <span class='ocrx_word' id='word_1_47' title='bbox 416 485 492 510; x_wconf 91' lang='lat' dir='ltr'><strong>rem</strong></span> <span class='ocrx_word' id='word_1_48' title='bbox 523 474 669 527; x_wconf 82' lang='lat' dir='ltr'><strong>agebat,</strong></span> <span class='ocrx_word' id='word_1_49' title='bbox 704 475 879 511; x_wconf 80' lang='lat' dir='ltr'><strong>satisdare</strong></span> <span class='ocrx_word' id='word_1_50' title='bbox 912 475 1106 510; x_wconf 86' lang='lat' dir='ltr'><strong>iubebatur</strong></span> <span class='ocrx_word' id='word_1_51' title='bbox 1135 477 1251 509; x_wconf 90' lang='lat' dir='ltr'><strong>ratam</strong></span> 
     </span>
     <span class='ocr_line' id='line_1_8' title="bbox 166 519 1251 566; baseline -0.002 -9"><span class='ocrx_word' id='word_1_52' title='bbox 166 522 249 557; x_wconf 75' lang='lat' dir='ltr'><strong>’rem</strong></span> <span class='ocrx_word' id='word_1_53' title='bbox 273 520 452 556; x_wconf 91' lang='lat' dir='ltr'><strong>dominum</strong></span> <span class='ocrx_word' id='word_1_54' title='bbox 474 519 696 556; x_wconf 88' lang='lat' dir='ltr'><strong>habiturum:</strong></span> <span class='ocrx_word' id='word_1_55' title='bbox 728 521 925 566; x_wconf 90' lang='lat' dir='ltr'><strong>periculum</strong></span> <span class='ocrx_word' id='word_1_56' title='bbox 955 520 1048 554; x_wconf 85' lang='lat' dir='ltr'><strong>enim</strong></span> <span class='ocrx_word' id='word_1_57' title='bbox 1079 522 1174 561; x_wconf 89' lang='lat' dir='ltr'><strong>erat,</strong></span> <span class='ocrx_word' id='word_1_58' title='bbox 1206 529 1251 555; x_wconf 88' lang='lat' dir='ltr'><strong>ne</strong></span> 
     </span>
     <span class='ocr_line' id='line_1_9' title="bbox 166 564 1252 610; baseline -0.003 -9"><span class='ocrx_word' id='word_1_59' title='bbox 166 567 301 601; x_wconf 84' lang='lat' dir='ltr'><strong>&#39;iterum</strong></span> <span class='ocrx_word' id='word_1_60' title='bbox 333 565 496 600; x_wconf 88' lang='lat' dir='ltr'><strong>dominus</strong></span> <span class='ocrx_word' id='word_1_61' title='bbox 528 564 572 600; x_wconf 88' lang='lat' dir='ltr'><strong>de</strong></span> <span class='ocrx_word' id='word_1_62' title='bbox 596 564 719 601; x_wconf 89' lang='lat' dir='ltr'><strong>eadem</strong></span> <span class='ocrx_word' id='word_1_63' title='bbox 742 576 780 601; x_wconf 91' lang='lat' dir='ltr'><strong>re</strong></span> <span class='ocrx_word' id='word_1_64' title='bbox 804 565 1018 610; x_wconf 83' lang='lat' dir='ltr'>experiatur.</span> <span class='ocrx_word' id='word_1_65' title='bbox 1054 567 1192 600; x_wconf 87' lang='lat' dir='ltr'><strong>tutores</strong></span> <span class='ocrx_word' id='word_1_66' title='bbox 1216 567 1252 599; x_wconf 92' lang='lat' dir='ltr'><strong>et</strong></span> 
     </span>
     <span class='ocr_line' id='line_1_10' title="bbox 166 609 1251 656; baseline -0.002 -10"><span class='ocrx_word' id='word_1_67' title='bbox 166 613 360 647; x_wconf 77' lang='lat' dir='ltr'><strong>’curatores</strong></span> <span class='ocrx_word' id='word_1_68' title='bbox 385 609 509 646; x_wconf 90' lang='lat' dir='ltr'><strong>eodem</strong></span> <span class='ocrx_word' id='word_1_69' title='bbox 530 609 635 646; x_wconf 92' lang='lat' dir='ltr'><strong>modo</strong></span> <span class='ocrx_word' id='word_1_70' title='bbox 660 621 730 656; x_wconf 89' lang='lat' dir='ltr'><strong>quo</strong></span> <span class='ocrx_word' id='word_1_71' title='bbox 752 615 788 646; x_wconf 89' lang='lat' dir='ltr'><strong>et</strong></span> <span class='ocrx_word' id='word_1_72' title='bbox 832 614 1057 645; x_wconf 91' lang='lat' dir='ltr'><strong>rocuratores</strong></span> <span class='ocrx_word' id='word_1_73' title='bbox 1077 609 1251 645; x_wconf 80' lang='lat' dir='ltr'>satisdare</span> 
     </span>
     <span class='ocr_line' id='line_1_11' title="bbox 167 654 1249 700; baseline -0.002 -9"><span class='ocrx_word' id='word_1_74' title='bbox 167 656 303 692; x_wconf 82' lang='lat' dir='ltr'><strong>&#39;debere</strong></span> <span class='ocrx_word' id='word_1_75' title='bbox 314 655 422 691; x_wconf 88' lang='lat' dir='ltr'><strong>verba</strong></span> <span class='ocrx_word' id='word_1_76' title='bbox 434 654 541 691; x_wconf 89' lang='lat' dir='ltr'><strong>edicti</strong></span> <span class='ocrx_word' id='word_1_77' title='bbox 551 654 742 691; x_wconf 86' lang='lat' dir='ltr'><strong>faciebant.</strong></span> <span class='ocrx_word' id='word_1_78' title='bbox 768 666 805 691; x_wconf 92' lang='lat' dir='ltr'><strong>se</strong></span> <span class='ocrx_word' id='word_1_79' title='bbox 843 654 1034 700; x_wconf 89' lang='lat' dir='ltr'><strong>aliquando</strong></span> <span class='ocrx_word' id='word_1_80' title='bbox 1047 654 1102 689; x_wconf 90' lang='lat' dir='ltr'><strong>his</strong></span> <span class='ocrx_word' id='word_1_81' title='bbox 1115 654 1249 699; x_wconf 86' lang='lat' dir='ltr'><strong>agenti-</strong></span> 
     </span>
     <span class='ocr_line' id='line_1_12' title="bbox 168 699 1249 742; baseline -0.002 -6"><span class='ocrx_word' id='word_1_82' title='bbox 168 705 183 736; x_wconf 89' lang='lat'>1</span> <span class='ocrx_word' id='word_1_83' title='bbox 233 701 309 736; x_wconf 76' lang='lat' dir='ltr'><strong>&#39;bus</strong></span> <span class='ocrx_word' id='word_1_84' title='bbox 334 700 518 736; x_wconf 81' lang='lat' dir='ltr'><strong>satisdatio</strong></span> <span class='ocrx_word' id='word_1_85' title='bbox 548 701 803 736; x_wconf 85' lang='lat' dir='ltr'><strong>remittebatur.</strong></span> <span class='ocrx_word' id='word_1_86' title='bbox 851 700 950 735; x_wconf 89' lang='lat' dir='ltr'><strong>Haec</strong></span> <span class='ocrx_word' id='word_1_87' title='bbox 983 700 1035 735; x_wconf 89' lang='lat' dir='ltr'><strong>ita</strong></span> <span class='ocrx_word' id='word_1_88' title='bbox 1066 703 1185 742; x_wconf 86' lang='lat' dir='ltr'><strong>erant,</strong></span> <span class='ocrx_word' id='word_1_89' title='bbox 1218 699 1249 734; x_wconf 91' lang='lat' dir='ltr'><strong>si</strong></span> 
     </span>
     <span class='ocr_line' id='line_1_13' title="bbox 166 744 1249 791; baseline -0.002 -10"><span class='ocrx_word' id='word_1_90' title='bbox 166 747 212 781; x_wconf 72' lang='lat' dir='ltr'><strong>&#39;in</strong></span> <span class='ocrx_word' id='word_1_91' title='bbox 235 756 308 781; x_wconf 88' lang='lat' dir='ltr'><strong>rem</strong></span> <span class='ocrx_word' id='word_1_92' title='bbox 333 745 515 791; x_wconf 78' lang='lat' dir='ltr'><strong>agebatur.</strong></span> <span class='ocrx_word' id='word_1_93' title='bbox 551 746 607 781; x_wconf 92' lang='lat' dir='ltr'><strong>sin</strong></span> <span class='ocrx_word' id='word_1_94' title='bbox 629 756 711 781; x_wconf 89' lang='lat' dir='ltr'><strong>vero</strong></span> <span class='ocrx_word' id='word_1_95' title='bbox 736 746 773 781; x_wconf 92' lang='lat' dir='ltr'><strong>in</strong></span> <span class='ocrx_word' id='word_1_96' title='bbox 795 755 1006 790; x_wconf 82' lang='lat' dir='ltr'><strong>personam,</strong></span> <span class='ocrx_word' id='word_1_97' title='bbox 1040 744 1085 780; x_wconf 92' lang='lat' dir='ltr'><strong>ab</strong></span> <span class='ocrx_word' id='word_1_98' title='bbox 1117 745 1249 780; x_wconf 86' lang='lat' dir='ltr'><strong>actoris</strong></span> 
     </span>
     <span class='ocr_line' id='line_1_14' title="bbox 164 789 1250 837; baseline -0.002 -11"><span class='ocrx_word' id='word_1_99' title='bbox 164 791 315 837; x_wconf 76' lang='lat' dir='ltr'><strong>&#39;quidem</strong></span> <span class='ocrx_word' id='word_1_100' title='bbox 344 794 447 837; x_wconf 88' lang='lat' dir='ltr'><strong>parte</strong></span> <span class='ocrx_word' id='word_1_101' title='bbox 481 790 604 827; x_wconf 89' lang='lat' dir='ltr'><strong>eadem</strong></span> <span class='ocrx_word' id='word_1_102' title='bbox 640 791 865 836; x_wconf 89' lang='lat' dir='ltr'><strong>optinebant,</strong></span> <span class='ocrx_word' id='word_1_103' title='bbox 901 800 992 835; x_wconf 91' lang='lat' dir='ltr'><strong>quae</strong></span> <span class='ocrx_word' id='word_1_104' title='bbox 1027 790 1178 825; x_wconf 86' lang='lat' dir='ltr'><strong>diximus</strong></span> <span class='ocrx_word' id='word_1_105' title='bbox 1213 789 1250 824; x_wconf 92' lang='lat' dir='ltr'><strong>in</strong></span> 
     </span>
     <span class='ocr_line' id='line_1_15' title="bbox 166 835 1250 881; baseline -0.003 -9"><span class='ocrx_word' id='word_1_106' title='bbox 166 837 318 872; x_wconf 83' lang='lat' dir='ltr'><strong>&#39;actione</strong></span> <span class='ocrx_word' id='word_1_107' title='bbox 341 846 412 881; x_wconf 86' lang='lat' dir='ltr'><strong>qua</strong></span> <span class='ocrx_word' id='word_1_108' title='bbox 433 836 471 871; x_wconf 91' lang='lat' dir='ltr'><strong>in</strong></span> <span class='ocrx_word' id='word_1_109' title='bbox 493 847 569 872; x_wconf 92' lang='lat' dir='ltr'><strong>rem</strong></span> <span class='ocrx_word' id='word_1_110' title='bbox 600 836 726 881; x_wconf 85' lang='lat' dir='ltr'><strong>agitur.</strong></span> <span class='ocrx_word' id='word_1_111' title='bbox 767 835 812 871; x_wconf 89' lang='lat' dir='ltr'><strong>ab</strong></span> <span class='ocrx_word' id='word_1_112' title='bbox 837 835 912 870; x_wconf 87' lang='lat' dir='ltr'><strong>eius</strong></span> <span class='ocrx_word' id='word_1_113' title='bbox 936 845 1019 871; x_wconf 88' lang='lat' dir='ltr'><strong>vero</strong></span> <span class='ocrx_word' id='word_1_114' title='bbox 1043 839 1146 880; x_wconf 84' lang='lat' dir='ltr'><strong>parte</strong></span> <span class='ocrx_word' id='word_1_115' title='bbox 1170 845 1250 870; x_wconf 93' lang='lat' dir='ltr'><strong>cum</strong></span> 
     </span>
     <span class='ocr_line' id='line_1_16' title="bbox 165 880 1249 928; baseline -0.002 -11"><span class='ocrx_word' id='word_1_116' title='bbox 165 883 246 927; x_wconf 79' lang='lat' dir='ltr'><strong>&#39;quo</strong></span> <span class='ocrx_word' id='word_1_117' title='bbox 280 881 397 927; x_wconf 86' lang='lat' dir='ltr'><strong>agitur</strong></span> <span class='ocrx_word' id='word_1_118' title='bbox 427 881 456 917; x_wconf 91' lang='lat' dir='ltr'><strong>si</strong></span> <span class='ocrx_word' id='word_1_119' title='bbox 487 881 627 928; x_wconf 89' lang='lat' dir='ltr'><strong>quidem</strong></span> <span class='ocrx_word' id='word_1_120' title='bbox 658 881 771 917; x_wconf 90' lang='lat' dir='ltr'><strong>alieno</strong></span> <span class='ocrx_word' id='word_1_121' title='bbox 805 880 946 916; x_wconf 89' lang='lat' dir='ltr'><strong>nomine</strong></span> <span class='ocrx_word' id='word_1_122' title='bbox 977 880 1105 926; x_wconf 91' lang='lat' dir='ltr'><strong>aliquis</strong></span> <span class='ocrx_word' id='word_1_123' title='bbox 1140 880 1249 915; x_wconf 85' lang='lat' dir='ltr'><strong>inter-</strong></span> 
     </span>
     <span class='ocr_line' id='line_1_17' title="bbox 165 925 1251 970; baseline -0.002 -7"><span class='ocrx_word' id='word_1_124' title='bbox 165 927 327 969; x_wconf 77' lang='lat' dir='ltr'><strong>‘venerit,</strong></span> <span class='ocrx_word' id='word_1_125' title='bbox 351 926 552 963; x_wconf 90' lang='lat' dir='ltr'><strong>omnimodo</strong></span> <span class='ocrx_word' id='word_1_126' title='bbox 584 926 806 968; x_wconf 84' lang='lat' dir='ltr'><strong>satisdaret2,</strong></span> <span class='ocrx_word' id='word_1_127' title='bbox 838 926 921 970; x_wconf 89' lang='lat' dir='ltr'><strong>quia</strong></span> <span class='ocrx_word' id='word_1_128' title='bbox 951 935 1054 961; x_wconf 91' lang='lat' dir='ltr'><strong>nemo</strong></span> <span class='ocrx_word' id='word_1_129' title='bbox 1086 925 1251 961; x_wconf 87' lang='lat' dir='ltr'><strong>defensor</strong></span> 
     </span>
     <span class='ocr_line' id='line_1_18' title="bbox 165 970 1248 1008; baseline -0.001 -1"><span class='ocrx_word' id='word_1_130' title='bbox 165 972 211 1007; x_wconf 81' lang='lat' dir='ltr'><strong>&#39;in</strong></span> <span class='ocrx_word' id='word_1_131' title='bbox 243 972 360 1007; x_wconf 89' lang='lat' dir='ltr'><strong>aliena</strong></span> <span class='ocrx_word' id='word_1_132' title='bbox 389 981 429 1007; x_wconf 88' lang='lat' dir='ltr'><strong>re</strong></span> <span class='ocrx_word' id='word_1_133' title='bbox 453 972 528 1008; x_wconf 89' lang='lat' dir='ltr'><strong>sine</strong></span> <span class='ocrx_word' id='word_1_134' title='bbox 552 971 783 1007; x_wconf 78' lang='lat' dir='ltr'><strong>satisdatione</strong></span> <span class='ocrx_word' id='word_1_135' title='bbox 806 970 955 1006; x_wconf 90' lang='lat' dir='ltr'><strong>idoneus</strong></span> <span class='ocrx_word' id='word_1_136' title='bbox 980 981 1057 1006; x_wconf 88' lang='lat' dir='ltr'><strong>esse</strong></span> <span class='ocrx_word' id='word_1_137' title='bbox 1081 971 1248 1007; x_wconf 87' lang='lat' dir='ltr'><strong>creditur.</strong></span> 
     </span>
     <span class='ocr_line' id='line_1_19' title="bbox 165 1016 1251 1063; baseline -0.002 -11"><span class='ocrx_word' id='word_1_138' title='bbox 165 1017 270 1063; x_wconf 76' lang='lat' dir='ltr'><strong>&#39;quod</strong></span> <span class='ocrx_word' id='word_1_139' title='bbox 300 1017 331 1052; x_wconf 92' lang='lat' dir='ltr'><strong>si</strong></span> <span class='ocrx_word' id='word_1_140' title='bbox 361 1017 505 1062; x_wconf 92' lang='lat' dir='ltr'><strong>proprio</strong></span> <span class='ocrx_word' id='word_1_141' title='bbox 537 1017 678 1052; x_wconf 91' lang='lat' dir='ltr'><strong>nomine</strong></span> <span class='ocrx_word' id='word_1_142' title='bbox 709 1016 836 1061; x_wconf 90' lang='lat' dir='ltr'><strong>aliquis</strong></span> <span class='ocrx_word' id='word_1_143' title='bbox 860 1016 1028 1052; x_wconf 89' lang='lat' dir='ltr'><strong>iudicium</strong></span> <span class='ocrx_word' id='word_1_144' title='bbox 1052 1016 1251 1062; x_wconf 82' lang='lat' dir='ltr'><strong>accipiebat</strong></span> 
     </span>
     <span class='ocr_line' id='line_1_20' title="bbox 165 1061 1249 1108; baseline -0.002 -10"><span class='ocrx_word' id='word_1_145' title='bbox 165 1063 210 1098; x_wconf 86' lang='lat' dir='ltr'><strong>&#39;in</strong></span> <span class='ocrx_word' id='word_1_146' title='bbox 218 1072 419 1108; x_wconf 86' lang='lat' dir='ltr'><strong>personam,</strong></span> <span class='ocrx_word' id='word_1_147' title='bbox 441 1062 637 1098; x_wconf 90' lang='lat' dir='ltr'><strong>iudicatum</strong></span> <span class='ocrx_word' id='word_1_148' title='bbox 653 1061 740 1097; x_wconf 91' lang='lat' dir='ltr'><strong>solvi</strong></span> <span class='ocrx_word' id='word_1_149' title='bbox 757 1061 932 1096; x_wconf 88' lang='lat' dir='ltr'><strong>satisdare</strong></span> <span class='ocrx_word' id='word_1_150' title='bbox 948 1072 1020 1097; x_wconf 92' lang='lat' dir='ltr'><strong>non</strong></span> <span class='ocrx_word' id='word_1_151' title='bbox 1034 1061 1249 1106; x_wconf 70' lang='lat' dir='ltr'><strong>cogebatur.⁴</strong></span> 
     </span>
     <span class='ocr_line' id='line_1_21' title="bbox 164 1106 1250 1143; baseline -0.002 0"><span class='ocrx_word' id='word_1_152' title='bbox 164 1111 184 1143; x_wconf 84' lang='lat'>2</span> <span class='ocrx_word' id='word_1_153' title='bbox 277 1106 348 1143; x_wconf 88' lang='lat' dir='ltr'><strong>Sed</strong></span> <span class='ocrx_word' id='word_1_154' title='bbox 376 1108 467 1143; x_wconf 87' lang='lat' dir='ltr'><strong>haec</strong></span> <span class='ocrx_word' id='word_1_155' title='bbox 496 1107 601 1143; x_wconf 91' lang='lat' dir='ltr'><strong>hodie</strong></span> <span class='ocrx_word' id='word_1_156' title='bbox 631 1107 734 1141; x_wconf 89' lang='lat' dir='ltr'><strong>aliter</strong></span> <span class='ocrx_word' id='word_1_157' title='bbox 766 1106 1010 1142; x_wconf 86' lang='lat' dir='ltr'><strong>observantur.</strong></span> <span class='ocrx_word' id='word_1_158' title='bbox 1054 1107 1127 1142; x_wconf 89' lang='lat' dir='ltr'><strong>sive</strong></span> <span class='ocrx_word' id='word_1_159' title='bbox 1157 1106 1250 1141; x_wconf 91' lang='lat' dir='ltr'><strong>enim</strong></span> 
     </span>
     <span class='ocr_line' id='line_1_22' title="bbox 164 1151 1248 1199; baseline -0.003 -10"><span class='ocrx_word' id='word_1_160' title='bbox 164 1152 243 1199; x_wconf 89' lang='lat' dir='ltr'><strong>quis</strong></span> <span class='ocrx_word' id='word_1_161' title='bbox 275 1152 313 1188; x_wconf 91' lang='lat' dir='ltr'><strong>in</strong></span> <span class='ocrx_word' id='word_1_162' title='bbox 346 1163 422 1188; x_wconf 90' lang='lat' dir='ltr'><strong>rem</strong></span> <span class='ocrx_word' id='word_1_163' title='bbox 453 1153 594 1188; x_wconf 89' lang='lat' dir='ltr'><strong>actione</strong></span> <span class='ocrx_word' id='word_1_164' title='bbox 625 1151 834 1187; x_wconf 87' lang='lat' dir='ltr'><strong>convenitur</strong></span> <span class='ocrx_word' id='word_1_165' title='bbox 864 1152 937 1187; x_wconf 90' lang='lat' dir='ltr'><strong>sive</strong></span> <span class='ocrx_word' id='word_1_166' title='bbox 971 1151 1152 1197; x_wconf 85' lang='lat' dir='ltr'><strong>personali</strong></span> <span class='ocrx_word' id='word_1_167' title='bbox 1184 1161 1248 1187; x_wconf 92' lang='lat' dir='ltr'><strong>suo</strong></span> 
     </span>
     <span class='ocr_line' id='line_1_23' title="bbox 163 1197 1249 1242; baseline -0.001 -9"><span class='ocrx_word' id='word_1_168' title='bbox 163 1197 322 1240; x_wconf 91' lang='lat' dir='ltr'><strong>nomine,</strong></span> <span class='ocrx_word' id='word_1_169' title='bbox 353 1198 487 1233; x_wconf 90' lang='lat' dir='ltr'><strong>nullam</strong></span> <span class='ocrx_word' id='word_1_170' title='bbox 518 1197 786 1234; x_wconf 86' lang='lat' dir='ltr'><strong>satisdationem</strong></span> <span class='ocrx_word' id='word_1_171' title='bbox 817 1200 966 1242; x_wconf 90' lang='lat' dir='ltr'><strong>propter</strong></span> <span class='ocrx_word' id='word_1_172' title='bbox 988 1197 1059 1232; x_wconf 89' lang='lat' dir='ltr'><strong>litis</strong></span> <span class='ocrx_word' id='word_1_173' title='bbox 1084 1197 1249 1232; x_wconf 88' lang='lat' dir='ltr'><strong>aestima-</strong></span> 
     </span>
     <span class='ocr_line' id='line_1_24' title="bbox 163 1241 1248 1288; baseline -0.003 -9"><span class='ocrx_word' id='word_1_174' title='bbox 163 1243 320 1279; x_wconf 83' lang='lat' dir='ltr'><strong>tionem³</strong></span> <span class='ocrx_word' id='word_1_175' title='bbox 343 1243 428 1278; x_wconf 90' lang='lat' dir='ltr'><strong>dare</strong></span> <span class='ocrx_word' id='word_1_176' title='bbox 452 1242 691 1288; x_wconf 88' lang='lat' dir='ltr'><strong>compellitur,</strong></span> <span class='ocrx_word' id='word_1_177' title='bbox 723 1241 787 1277; x_wconf 87' lang='lat' dir='ltr'><strong>sed</strong></span> <span class='ocrx_word' id='word_1_178' title='bbox 818 1252 884 1287; x_wconf 93' lang='lat' dir='ltr'><strong>pro</strong></span> <span class='ocrx_word' id='word_1_179' title='bbox 916 1252 983 1278; x_wconf 88' lang='lat' dir='ltr'><strong>sua</strong></span> <span class='ocrx_word' id='word_1_180' title='bbox 1005 1245 1145 1277; x_wconf 90' lang='lat' dir='ltr'><strong>tantum</strong></span> <span class='ocrx_word' id='word_1_181' title='bbox 1168 1252 1248 1287; x_wconf 89' lang='lat' dir='ltr'><strong>per-</strong></span> 
     </span>
     <span class='ocr_line' id='line_1_25' title="bbox 163 1287 1250 1369; baseline -0.002 -45"><span class='ocrx_word' id='word_1_182' title='bbox 163 1298 270 1332; x_wconf 88' lang='lat' dir='ltr'><strong>sona,</strong></span> <span class='ocrx_word' id='word_1_183' title='bbox 300 1288 396 1369; x_wconf 54' lang='lat' dir='ltr'><strong>ffuod</strong></span> <span class='ocrx_word' id='word_1_184' title='bbox 426 1288 555 1323; x_wconf 92' lang='lat' dir='ltr'><strong>iudicio</strong></span> <span class='ocrx_word' id='word_1_185' title='bbox 586 1287 816 1332; x_wconf 62' lang='lat' dir='ltr'><strong>permaneat⁴</strong></span> <span class='ocrx_word' id='word_1_186' title='bbox 849 1297 962 1332; x_wconf 89' lang='lat' dir='ltr'><strong>usque</strong></span> <span class='ocrx_word' id='word_1_187' title='bbox 992 1287 1039 1323; x_wconf 88' lang='lat' dir='ltr'><strong>ad</strong></span> <span class='ocrx_word' id='word_1_188' title='bbox 1061 1287 1250 1323; x_wconf 88' lang='lat' dir='ltr'><strong>terminum</strong></span> 
     </span>
     <span class='ocr_line' id='line_1_26' title="bbox 162 1332 1248 1377; baseline -0.003 -7"><span class='ocrx_word' id='word_1_189' title='bbox 162 1334 245 1377; x_wconf 90' lang='lat' dir='ltr'><strong>litis,</strong></span> <span class='ocrx_word' id='word_1_190' title='bbox 266 1343 308 1369; x_wconf 88' lang='lat' dir='ltr'><strong>ve</strong></span> <span class='ocrx_word' id='word_1_191' title='bbox 334 1333 564 1369; x_wconf 86' lang='lat' dir='ltr'><strong>committitur</strong></span> <span class='ocrx_word' id='word_1_192' title='bbox 576 1342 662 1368; x_wconf 90' lang='lat' dir='ltr'><strong>suae</strong></span> <span class='ocrx_word' id='word_1_193' title='bbox 672 1332 897 1377; x_wconf 86' lang='lat' dir='ltr'><strong>promissioni</strong></span> <span class='ocrx_word' id='word_1_194' title='bbox 910 1343 991 1368; x_wconf 90' lang='lat' dir='ltr'><strong>cum</strong></span> <span class='ocrx_word' id='word_1_195' title='bbox 1007 1332 1248 1374; x_wconf 89' lang='lat' dir='ltr'><strong>iureiurando,</strong></span> 
     </span>
     <span class='ocr_line' id='line_1_27' title="bbox 162 1378 1249 1425; baseline -0.002 -10"><span class='ocrx_word' id='word_1_196' title='bbox 162 1390 269 1425; x_wconf 86' lang='lat' dir='ltr'><strong>quam</strong></span> <span class='ocrx_word' id='word_1_197' title='bbox 291 1379 501 1414; x_wconf 87' lang='lat' dir='ltr'><strong>iuratoriam</strong></span> <span class='ocrx_word' id='word_1_198' title='bbox 524 1378 727 1413; x_wconf 85' lang='lat' dir='ltr'><strong>cautionem</strong></span> <span class='ocrx_word' id='word_1_199' title='bbox 749 1381 898 1421; x_wconf 90' lang='lat' dir='ltr'><strong>vocant,</strong></span> <span class='ocrx_word' id='word_1_200' title='bbox 930 1378 987 1413; x_wconf 87' lang='lat' dir='ltr'><strong>vel</strong></span> <span class='ocrx_word' id='word_1_201' title='bbox 1010 1378 1142 1414; x_wconf 90' lang='lat' dir='ltr'><strong>nudam</strong></span> <span class='ocrx_word' id='word_1_202' title='bbox 1165 1388 1249 1423; x_wconf 91' lang='lat' dir='ltr'><strong>pro-</strong></span> 
     </span>
     <span class='ocr_line' id='line_1_28' title="bbox 162 1423 1251 1476; baseline -0.002 -16"><span class='ocrx_word' id='word_1_203' title='bbox 162 1424 364 1460; x_wconf 86' lang='lat' dir='ltr'><strong>missionem</strong></span> <span class='ocrx_word' id='word_1_204' title='bbox 394 1424 450 1460; x_wconf 88' lang='lat' dir='ltr'><strong>vel</strong></span> <span class='ocrx_word' id='word_1_205' title='bbox 480 1423 746 1459; x_wconf 88' lang='lat' dir='ltr'><strong>satisdationem</strong></span> <span class='ocrx_word' id='word_1_206' title='bbox 773 1433 841 1476; x_wconf 82' lang='lat' dir='ltr'><strong>pro</strong></span> <span class='ocrx_word' id='word_1_207' title='bbox 874 1423 1045 1468; x_wconf 90' lang='lat' dir='ltr'><strong>qualitate</strong></span> <span class='ocrx_word' id='word_1_208' title='bbox 1075 1433 1251 1469; x_wconf 84' lang='lat' dir='ltr'><strong>personae</strong></span> 
     </span>
     <span class='ocr_line' id='line_1_29' title="bbox 163 1467 1249 1514; baseline -0.001 -9"><span class='ocrx_word' id='word_1_209' title='bbox 163 1474 183 1505; x_wconf 89' lang='lat'><strong>3</strong></span> <span class='ocrx_word' id='word_1_210' title='bbox 230 1479 318 1505; x_wconf 90' lang='lat' dir='ltr'><strong>suae</strong></span> <span class='ocrx_word' id='word_1_211' title='bbox 348 1469 434 1505; x_wconf 90' lang='lat' dir='ltr'><strong>dare</strong></span> <span class='ocrx_word' id='word_1_212' title='bbox 465 1468 696 1514; x_wconf 89' lang='lat' dir='ltr'><strong>compellitur.</strong></span> <span class='ocrx_word' id='word_1_213' title='bbox 745 1467 808 1503; x_wconf 89' lang='lat' dir='ltr'><strong>Sin</strong></span> <span class='ocrx_word' id='word_1_214' title='bbox 839 1471 959 1504; x_wconf 89' lang='lat' dir='ltr'><strong>autem</strong></span> <span class='ocrx_word' id='word_1_215' title='bbox 989 1479 1055 1514; x_wconf 91' lang='lat' dir='ltr'><strong>per</strong></span> <span class='ocrx_word' id='word_1_216' title='bbox 1076 1479 1249 1514; x_wconf 88' lang='lat' dir='ltr'><strong>procura-</strong></span> 
     </span>
     <span class='ocr_line' id='line_1_30' title="bbox 162 1513 1250 1559; baseline -0.001 -9"><span class='ocrx_word' id='word_1_217' title='bbox 162 1519 276 1550; x_wconf 89' lang='lat' dir='ltr'><strong>torem</strong></span> <span class='ocrx_word' id='word_1_218' title='bbox 298 1515 341 1550; x_wconf 90' lang='lat' dir='ltr'><strong>lis</strong></span> <span class='ocrx_word' id='word_1_219' title='bbox 363 1514 419 1550; x_wconf 87' lang='lat' dir='ltr'><strong>vel</strong></span> <span class='ocrx_word' id='word_1_220' title='bbox 440 1513 592 1549; x_wconf 89' lang='lat' dir='ltr'><strong>infertur</strong></span> <span class='ocrx_word' id='word_1_221' title='bbox 614 1513 670 1549; x_wconf 90' lang='lat' dir='ltr'><strong>vel</strong></span> <span class='ocrx_word' id='word_1_222' title='bbox 700 1513 909 1558; x_wconf 90' lang='lat' dir='ltr'><strong>suscipitur,</strong></span> <span class='ocrx_word' id='word_1_223' title='bbox 941 1513 978 1549; x_wconf 92' lang='lat' dir='ltr'><strong>in</strong></span> <span class='ocrx_word' id='word_1_224' title='bbox 1009 1514 1141 1550; x_wconf 89' lang='lat' dir='ltr'><strong>actoris</strong></span> <span class='ocrx_word' id='word_1_225' title='bbox 1173 1514 1250 1559; x_wconf 90' lang='lat' dir='ltr'><strong>qui-</strong></span> 
     </span>
     <span class='ocr_line' id='line_1_31' title="bbox 163 1558 1251 1605; baseline -0.003 -9"><span class='ocrx_word' id='word_1_226' title='bbox 163 1560 243 1596; x_wconf 90' lang='lat' dir='ltr'><strong>dem</strong></span> <span class='ocrx_word' id='word_1_227' title='bbox 265 1570 438 1605; x_wconf 89' lang='lat' dir='ltr'><strong>persona,</strong></span> <span class='ocrx_word' id='word_1_228' title='bbox 463 1559 493 1594; x_wconf 90' lang='lat' dir='ltr'><strong>si</strong></span> <span class='ocrx_word' id='word_1_229' title='bbox 516 1569 588 1594; x_wconf 88' lang='lat' dir='ltr'><strong>non</strong></span> <span class='ocrx_word' id='word_1_230' title='bbox 611 1558 818 1594; x_wconf 90' lang='lat' dir='ltr'><strong>mandatum</strong></span> <span class='ocrx_word' id='word_1_231' title='bbox 842 1558 932 1594; x_wconf 90' lang='lat' dir='ltr'><strong>actis</strong></span> <span class='ocrx_word' id='word_1_232' title='bbox 955 1559 1172 1595; x_wconf 82' lang='lat' dir='ltr'><strong>insinuatum</strong></span> <span class='ocrx_word' id='word_1_233' title='bbox 1197 1562 1251 1594; x_wconf 85' lang='lat' dir='ltr'><strong>est</strong></span> 
     </span>
     <span class='ocr_line' id='line_1_32' title="bbox 162 1604 1250 1650; baseline -0.001 -10"><span class='ocrx_word' id='word_1_234' title='bbox 162 1605 216 1640; x_wconf 91' lang='lat' dir='ltr'><strong>vel</strong></span> <span class='ocrx_word' id='word_1_235' title='bbox 238 1615 409 1650; x_wconf 87' lang='lat' dir='ltr'><strong>praesens</strong></span> <span class='ocrx_word' id='word_1_236' title='bbox 433 1604 595 1640; x_wconf 91' lang='lat' dir='ltr'><strong>dominus</strong></span> <span class='ocrx_word' id='word_1_237' title='bbox 618 1604 689 1639; x_wconf 92' lang='lat' dir='ltr'><strong>litis</strong></span> <span class='ocrx_word' id='word_1_238' title='bbox 713 1604 750 1639; x_wconf 90' lang='lat' dir='ltr'><strong>in</strong></span> <span class='ocrx_word' id='word_1_239' title='bbox 772 1604 902 1640; x_wconf 92' lang='lat' dir='ltr'><strong>iudicio</strong></span> <span class='ocrx_word' id='word_1_240' title='bbox 926 1604 1169 1650; x_wconf 85' lang='lat' dir='ltr'><strong>procuratoris</strong></span> <span class='ocrx_word' id='word_1_241' title='bbox 1193 1604 1250 1640; x_wconf 92' lang='lat' dir='ltr'><strong>sui</strong></span> 
     </span>
     <span class='ocr_line' id='line_1_33' title="bbox 162 1649 1248 1696; baseline -0.001 -10"><span class='ocrx_word' id='word_1_242' title='bbox 162 1660 351 1696; x_wconf 89' lang='lat' dir='ltr'><strong>personam</strong></span> <span class='ocrx_word' id='word_1_243' title='bbox 375 1649 653 1692; x_wconf 88' lang='lat' dir='ltr'><strong>confirmaverit,</strong></span> <span class='ocrx_word' id='word_1_244' title='bbox 684 1653 800 1685; x_wconf 88' lang='lat' dir='ltr'><strong>ratam</strong></span> <span class='ocrx_word' id='word_1_245' title='bbox 830 1660 905 1685; x_wconf 89' lang='lat' dir='ltr'><strong>rem</strong></span> <span class='ocrx_word' id='word_1_246' title='bbox 937 1649 1119 1685; x_wconf 90' lang='lat' dir='ltr'><strong>dominum</strong></span> <span class='ocrx_word' id='word_1_247' title='bbox 1147 1650 1248 1685; x_wconf 88' lang='lat' dir='ltr'><strong>habi-</strong></span> 
     </span>
     <span class='ocr_line' id='line_1_34' title="bbox 161 1694 1248 1746; baseline -0.001 -15"><span class='ocrx_word' id='word_1_248' title='bbox 161 1702 282 1731; x_wconf 86' lang='lat' dir='ltr'><strong>turum</strong></span> <span class='ocrx_word' id='word_1_249' title='bbox 301 1695 569 1731; x_wconf 86' lang='lat' dir='ltr'><strong>satisdationem</strong></span> <span class='ocrx_word' id='word_1_250' title='bbox 587 1698 802 1746; x_wconf 86' lang='lat' dir='ltr'><strong>procurator</strong></span> <span class='ocrx_word' id='word_1_251' title='bbox 819 1694 906 1730; x_wconf 91' lang='lat' dir='ltr'><strong>dare</strong></span> <span class='ocrx_word' id='word_1_252' title='bbox 926 1695 1167 1741; x_wconf 84' lang='lat' dir='ltr'><strong>compellitur:</strong></span> <span class='ocrx_word' id='word_1_253' title='bbox 1189 1705 1248 1730; x_wconf 90' lang='lat' dir='ltr'><strong>eo-</strong></span> 
     </span>
     <span class='ocr_line' id='line_1_35' title="bbox 162 1739 1249 1777; baseline 0 -1"><span class='ocrx_word' id='word_1_254' title='bbox 162 1741 241 1776; x_wconf 91' lang='lat' dir='ltr'><strong>dem</strong></span> <span class='ocrx_word' id='word_1_255' title='bbox 265 1740 486 1777; x_wconf 90' lang='lat' dir='ltr'><strong>observando</strong></span> <span class='ocrx_word' id='word_1_256' title='bbox 511 1743 547 1775; x_wconf 92' lang='lat' dir='ltr'><strong>et</strong></span> <span class='ocrx_word' id='word_1_257' title='bbox 569 1750 600 1775; x_wconf 88' lang='lat' dir='ltr'><strong>si</strong></span> <span class='ocrx_word' id='word_1_258' title='bbox 622 1743 721 1776; x_wconf 91' lang='lat' dir='ltr'><strong>tutor</strong></span> <span class='ocrx_word' id='word_1_259' title='bbox 738 1739 793 1776; x_wconf 89' lang='lat' dir='ltr'><strong>vel</strong></span> <span class='ocrx_word' id='word_1_260' title='bbox 814 1743 959 1776; x_wconf 90' lang='lat' dir='ltr'><strong>curator</strong></span> <span class='ocrx_word' id='word_1_261' title='bbox 974 1741 1030 1776; x_wconf 91' lang='lat' dir='ltr'><strong>vel</strong></span> <span class='ocrx_word' id='word_1_262' title='bbox 1048 1740 1139 1776; x_wconf 89' lang='lat' dir='ltr'><strong>aliae</strong></span> <span class='ocrx_word' id='word_1_263' title='bbox 1158 1740 1249 1776; x_wconf 89' lang='lat' dir='ltr'><strong>tales</strong></span> 
     </span>
     <span class='ocr_line' id='line_1_36' title="bbox 160 1785 1248 1831; baseline -0.002 -9"><span class='ocrx_word' id='word_1_264' title='bbox 160 1796 355 1831; x_wconf 88' lang='lat' dir='ltr'><strong>personae,</strong></span> <span class='ocrx_word' id='word_1_265' title='bbox 389 1796 481 1831; x_wconf 89' lang='lat' dir='ltr'><strong>quae</strong></span> <span class='ocrx_word' id='word_1_266' title='bbox 512 1785 708 1820; x_wconf 86' lang='lat' dir='ltr'><strong>alienarum</strong></span> <span class='ocrx_word' id='word_1_267' title='bbox 737 1795 857 1821; x_wconf 89' lang='lat' dir='ltr'><strong>rerum</strong></span> <span class='ocrx_word' id='word_1_268' title='bbox 879 1786 1170 1830; x_wconf 88' lang='lat' dir='ltr'><strong>gubernationem</strong></span> <span class='ocrx_word' id='word_1_269' title='bbox 1192 1796 1248 1821; x_wconf 91' lang='lat' dir='ltr'><strong>re-</strong></span> 
     </span>
     <span class='ocr_line' id='line_1_37' title="bbox 161 1830 1247 1884; baseline -0.001 -17"><span class='ocrx_word' id='word_1_270' title='bbox 161 1835 182 1866; x_wconf 86' lang='lat'>4</span> <span class='ocrx_word' id='word_1_271' title='bbox 230 1835 411 1877; x_wconf 89' lang='lat' dir='ltr'><strong>ceperunt,</strong></span> <span class='ocrx_word' id='word_1_272' title='bbox 429 1831 526 1866; x_wconf 87' lang='lat' dir='ltr'><strong>litem</strong></span> <span class='ocrx_word' id='word_1_273' title='bbox 547 1830 759 1884; x_wconf 81' lang='lat' dir='ltr'><strong>quibusdam</strong></span> <span class='ocrx_word' id='word_1_274' title='bbox 773 1840 843 1883; x_wconf 84' lang='lat' dir='ltr'><strong>per</strong></span> <span class='ocrx_word' id='word_1_275' title='bbox 855 1831 963 1866; x_wconf 84' lang='lat' dir='ltr'><strong>alium</strong></span> <span class='ocrx_word' id='word_1_276' title='bbox 979 1831 1147 1867; x_wconf 89' lang='lat' dir='ltr'><strong>inferunt.</strong></span> <span class='ocrx_word' id='word_1_277' title='bbox 1185 1830 1247 1866; x_wconf 91' lang='lat' dir='ltr'><strong>Sin</strong></span> 
     </span>
     <span class='ocr_line' id='line_1_38' title="bbox 161 1876 1247 1929; baseline 0 -18"><span class='ocrx_word' id='word_1_278' title='bbox 161 1886 243 1912; x_wconf 90' lang='lat' dir='ltr'><strong>vero</strong></span> <span class='ocrx_word' id='word_1_279' title='bbox 268 1876 392 1922; x_wconf 87' lang='lat' dir='ltr'><strong>aliquis</strong></span> <span class='ocrx_word' id='word_1_280' title='bbox 417 1880 644 1918; x_wconf 90' lang='lat' dir='ltr'><strong>convenitur,</strong></span> <span class='ocrx_word' id='word_1_281' title='bbox 668 1876 699 1912; x_wconf 91' lang='lat' dir='ltr'><strong>si</strong></span> <span class='ocrx_word' id='word_1_282' title='bbox 722 1876 862 1921; x_wconf 90' lang='lat' dir='ltr'><strong>quidem</strong></span> <span class='ocrx_word' id='word_1_283' title='bbox 885 1886 1053 1921; x_wconf 87' lang='lat' dir='ltr'><strong>praesens</strong></span> <span class='ocrx_word' id='word_1_284' title='bbox 1076 1886 1247 1929; x_wconf 83' lang='lat' dir='ltr'><strong>procura-</strong></span> 
     </span>
     <span class='ocr_line' id='line_1_39' title="bbox 161 1921 1249 1967; baseline 0 -10"><span class='ocrx_word' id='word_1_285' title='bbox 161 1926 274 1957; x_wconf 85' lang='lat' dir='ltr'><strong>torem</strong></span> <span class='ocrx_word' id='word_1_286' title='bbox 298 1921 384 1957; x_wconf 89' lang='lat' dir='ltr'><strong>dare</strong></span> <span class='ocrx_word' id='word_1_287' title='bbox 406 1925 555 1967; x_wconf 90' lang='lat' dir='ltr'><strong>paratus</strong></span> <span class='ocrx_word' id='word_1_288' title='bbox 579 1924 651 1964; x_wconf 90' lang='lat' dir='ltr'><strong>est,</strong></span> <span class='ocrx_word' id='word_1_289' title='bbox 682 1924 802 1966; x_wconf 88' lang='lat' dir='ltr'><strong>potest</strong></span> <span class='ocrx_word' id='word_1_290' title='bbox 829 1921 884 1957; x_wconf 92' lang='lat' dir='ltr'><strong>vel</strong></span> <span class='ocrx_word' id='word_1_291' title='bbox 913 1921 990 1966; x_wconf 90' lang='lat' dir='ltr'><strong>ipse</strong></span> <span class='ocrx_word' id='word_1_292' title='bbox 1019 1922 1058 1957; x_wconf 90' lang='lat' dir='ltr'><strong>in</strong></span> <span class='ocrx_word' id='word_1_293' title='bbox 1079 1921 1249 1957; x_wconf 88' lang='lat' dir='ltr'><strong>iudicium</strong></span> 
     </span>
     <span class='ocr_line' id='line_1_40' title="bbox 161 1966 1247 2012; baseline 0 -10"><span class='ocrx_word' id='word_1_294' title='bbox 161 1967 280 2002; x_wconf 86' lang='lat' dir='ltr'><strong>venire</strong></span> <span class='ocrx_word' id='word_1_295' title='bbox 313 1971 348 2003; x_wconf 90' lang='lat' dir='ltr'><strong>et</strong></span> <span class='ocrx_word' id='word_1_296' title='bbox 378 1967 434 2002; x_wconf 88' lang='lat' dir='ltr'><strong>sui</strong></span> <span class='ocrx_word' id='word_1_297' title='bbox 464 1966 706 2012; x_wconf 88' lang='lat' dir='ltr'><strong>procuratoris</strong></span> <span class='ocrx_word' id='word_1_298' title='bbox 737 1976 925 2011; x_wconf 86' lang='lat' dir='ltr'><strong>personam</strong></span> <span class='ocrx_word' id='word_1_299' title='bbox 958 1977 1023 2012; x_wconf 92' lang='lat' dir='ltr'><strong>per</strong></span> <span class='ocrx_word' id='word_1_300' title='bbox 1052 1967 1247 2002; x_wconf 88' lang='lat' dir='ltr'><strong>iudicatum</strong></span> 
     </span>
     <span class='ocr_line' id='line_1_41' title="bbox 161 2011 1249 2057; baseline 0 -10"><span class='ocrx_word' id='word_1_301' title='bbox 161 2011 249 2047; x_wconf 91' lang='lat' dir='ltr'><strong>solvi</strong></span> <span class='ocrx_word' id='word_1_302' title='bbox 280 2011 521 2047; x_wconf 87' lang='lat' dir='ltr'><strong>satisdationis</strong></span> <span class='ocrx_word' id='word_1_303' title='bbox 545 2011 731 2047; x_wconf 91' lang='lat' dir='ltr'><strong>sollemnes</strong></span> <span class='ocrx_word' id='word_1_304' title='bbox 757 2011 1005 2057; x_wconf 86' lang='lat' dir='ltr'><strong>stipulationes</strong></span> <span class='ocrx_word' id='word_1_305' title='bbox 1029 2012 1171 2047; x_wconf 89' lang='lat' dir='ltr'><strong>firmare</strong></span> <span class='ocrx_word' id='word_1_306' title='bbox 1194 2012 1249 2047; x_wconf 88' lang='lat' dir='ltr'><strong>vel</strong></span> 
     </span>
     <span class='ocr_line' id='line_1_42' title="bbox 161 2056 1248 2103; baseline 0 -11"><span class='ocrx_word' id='word_1_307' title='bbox 161 2061 263 2093; x_wconf 87' lang='lat' dir='ltr'><strong>extra</strong></span> <span class='ocrx_word' id='word_1_308' title='bbox 295 2057 466 2092; x_wconf 90' lang='lat' dir='ltr'><strong>iudicium</strong></span> <span class='ocrx_word' id='word_1_309' title='bbox 501 2056 769 2092; x_wconf 87' lang='lat' dir='ltr'><strong>satisdationem</strong></span> <span class='ocrx_word' id='word_1_310' title='bbox 804 2067 1000 2102; x_wconf 86' lang='lat' dir='ltr'><strong>exponere,</strong></span> <span class='ocrx_word' id='word_1_311' title='bbox 1043 2068 1108 2103; x_wconf 91' lang='lat' dir='ltr'><strong>per</strong></span> <span class='ocrx_word' id='word_1_312' title='bbox 1141 2068 1248 2103; x_wconf 87' lang='lat' dir='ltr'><strong>quam</strong></span> 
     </span>
     <span class='ocr_line' id='line_1_43' title="bbox 160 2101 1247 2148; baseline 0 -10"><span class='ocrx_word' id='word_1_313' title='bbox 160 2103 237 2148; x_wconf 90' lang='lat' dir='ltr'><strong>ipse</strong></span> <span class='ocrx_word' id='word_1_314' title='bbox 268 2103 324 2138; x_wconf 89' lang='lat' dir='ltr'><strong>sui</strong></span> <span class='ocrx_word' id='word_1_315' title='bbox 354 2102 595 2148; x_wconf 87' lang='lat' dir='ltr'><strong>procuratoris</strong></span> <span class='ocrx_word' id='word_1_316' title='bbox 627 2101 814 2137; x_wconf 84' lang='lat' dir='ltr'><strong>fideiussor</strong></span> <span class='ocrx_word' id='word_1_317' title='bbox 845 2102 965 2138; x_wconf 85' lang='lat' dir='ltr'><strong>existit</strong></span> <span class='ocrx_word' id='word_1_318' title='bbox 994 2113 1059 2147; x_wconf 91' lang='lat' dir='ltr'><strong>pro</strong></span> <span class='ocrx_word' id='word_1_319' title='bbox 1084 2103 1247 2139; x_wconf 89' lang='lat' dir='ltr'><strong>omnibus</strong></span> 
     </span>
     <span class='ocr_line' id='line_1_44' title="bbox 160 2147 1246 2194; baseline 0.001 -11"><span class='ocrx_word' id='word_1_320' title='bbox 160 2147 354 2183; x_wconf 90' lang='lat' dir='ltr'><strong>iudicatum</strong></span> <span class='ocrx_word' id='word_1_321' title='bbox 367 2147 455 2183; x_wconf 91' lang='lat' dir='ltr'><strong>solvi</strong></span> <span class='ocrx_word' id='word_1_322' title='bbox 467 2147 709 2183; x_wconf 89' lang='lat' dir='ltr'><strong>satisdationis</strong></span> <span class='ocrx_word' id='word_1_323' title='bbox 723 2147 902 2183; x_wconf 89' lang='lat' dir='ltr'><strong>clausulis.</strong></span> <span class='ocrx_word' id='word_1_324' title='bbox 934 2148 998 2183; x_wconf 93' lang='lat' dir='ltr'><strong>ubi</strong></span> <span class='ocrx_word' id='word_1_325' title='bbox 1017 2152 1052 2183; x_wconf 90' lang='lat' dir='ltr'><strong>et</strong></span> <span class='ocrx_word' id='word_1_326' title='bbox 1071 2148 1116 2183; x_wconf 92' lang='lat' dir='ltr'><strong>de</strong></span> <span class='ocrx_word' id='word_1_327' title='bbox 1134 2149 1246 2194; x_wconf 82' lang='lat' dir='ltr'><strong>hypo-</strong></span> 
     </span>
     <span class='ocr_line' id='line_1_45' title="bbox 161 2192 1248 2238; baseline 0.001 -10"><span class='ocrx_word' id='word_1_328' title='bbox 161 2193 268 2228; x_wconf 85' lang='lat' dir='ltr'><strong>theca</strong></span> <span class='ocrx_word' id='word_1_329' title='bbox 290 2203 436 2228; x_wconf 87' lang='lat' dir='ltr'><strong>suarum</strong></span> <span class='ocrx_word' id='word_1_330' title='bbox 465 2203 585 2228; x_wconf 90' lang='lat' dir='ltr'><strong>rerum</strong></span> <span class='ocrx_word' id='word_1_331' title='bbox 617 2192 804 2228; x_wconf 90' lang='lat' dir='ltr'><strong>convenire</strong></span> <span class='ocrx_word' id='word_1_332' title='bbox 836 2193 1075 2238; x_wconf 88' lang='lat' dir='ltr'><strong>compellitur,</strong></span> <span class='ocrx_word' id='word_1_333' title='bbox 1108 2193 1181 2229; x_wconf 90' lang='lat' dir='ltr'><strong>sive</strong></span> <span class='ocrx_word' id='word_1_334' title='bbox 1211 2193 1248 2228; x_wconf 89' lang='lat' dir='ltr'><strong>in</strong></span> 
     </span>
     <span class='ocr_line' id='line_1_46' title="bbox 160 2237 1247 2284; baseline -0.001 -10"><span class='ocrx_word' id='word_1_335' title='bbox 160 2238 289 2274; x_wconf 89' lang='lat' dir='ltr'><strong>iudicio</strong></span> <span class='ocrx_word' id='word_1_336' title='bbox 312 2238 515 2284; x_wconf 87' lang='lat' dir='ltr'><strong>promiserit</strong></span> <span class='ocrx_word' id='word_1_337' title='bbox 538 2238 610 2274; x_wconf 87' lang='lat' dir='ltr'><strong>sive</strong></span> <span class='ocrx_word' id='word_1_338' title='bbox 634 2242 735 2272; x_wconf 86' lang='lat' dir='ltr'><strong>extra</strong></span> <span class='ocrx_word' id='word_1_339' title='bbox 757 2237 927 2273; x_wconf 91' lang='lat' dir='ltr'><strong>iudicium</strong></span> <span class='ocrx_word' id='word_1_340' title='bbox 946 2239 1090 2281; x_wconf 88' lang='lat' dir='ltr'><strong>caverit,</strong></span> <span class='ocrx_word' id='word_1_341' title='bbox 1115 2242 1155 2274; x_wconf 90' lang='lat' dir='ltr'><strong>ut</strong></span> <span class='ocrx_word' id='word_1_342' title='bbox 1173 2242 1247 2273; x_wconf 91' lang='lat' dir='ltr'><strong>tam</strong></span> 
     </span>
     <span class='ocr_line' id='line_1_47' title="bbox 159 2282 1246 2329; baseline 0 -10"><span class='ocrx_word' id='word_1_343' title='bbox 159 2284 237 2329; x_wconf 90' lang='lat' dir='ltr'><strong>ipse</strong></span> <span class='ocrx_word' id='word_1_344' title='bbox 259 2293 366 2329; x_wconf 89' lang='lat' dir='ltr'><strong>quam</strong></span> <span class='ocrx_word' id='word_1_345' title='bbox 389 2282 536 2318; x_wconf 90' lang='lat' dir='ltr'><strong>heredes</strong></span> <span class='ocrx_word' id='word_1_346' title='bbox 561 2283 636 2318; x_wconf 92' lang='lat' dir='ltr'><strong>eius</strong></span> <span class='ocrx_word' id='word_1_347' title='bbox 660 2283 877 2328; x_wconf 87' lang='lat' dir='ltr'><strong>obligentur:</strong></span> <span class='ocrx_word' id='word_1_348' title='bbox 904 2283 974 2318; x_wconf 90' lang='lat' dir='ltr'><strong>alia</strong></span> <span class='ocrx_word' id='word_1_349' title='bbox 996 2283 1143 2329; x_wconf 90' lang='lat' dir='ltr'><strong>insuper</strong></span> <span class='ocrx_word' id='word_1_350' title='bbox 1162 2294 1246 2319; x_wconf 90' lang='lat' dir='ltr'><strong>cau-</strong></span> 
     </span>
     <span class='ocr_line' id='line_1_48' title="bbox 159 2328 1246 2381; baseline 0.001 -18"><span class='ocrx_word' id='word_1_351' title='bbox 159 2328 232 2363; x_wconf 90' lang='lat' dir='ltr'><strong>tela</strong></span> <span class='ocrx_word' id='word_1_352' title='bbox 262 2328 319 2364; x_wconf 88' lang='lat' dir='ltr'><strong>vel</strong></span> <span class='ocrx_word' id='word_1_353' title='bbox 349 2328 582 2364; x_wconf 85' lang='lat' dir='ltr'><strong>satisdatione</strong></span> <span class='ocrx_word' id='word_1_354' title='bbox 611 2332 760 2374; x_wconf 91' lang='lat' dir='ltr'><strong>propter</strong></span> <span class='ocrx_word' id='word_1_355' title='bbox 789 2338 979 2373; x_wconf 89' lang='lat' dir='ltr'><strong>personam</strong></span> <span class='ocrx_word' id='word_1_356' title='bbox 1001 2329 1112 2374; x_wconf 89' lang='lat' dir='ltr'><strong>ipsius</strong></span> <span class='ocrx_word' id='word_1_357' title='bbox 1137 2339 1246 2381; x_wconf 83' lang='lat' dir='ltr'><strong>expo-</strong></span> 
     </span>
     <span class='ocr_line' id='line_1_49' title="bbox 159 2373 1246 2419; baseline 0 -10"><span class='ocrx_word' id='word_1_358' title='bbox 159 2373 287 2417; x_wconf 89' lang='lat' dir='ltr'><strong>nenda,</strong></span> <span class='ocrx_word' id='word_1_359' title='bbox 311 2373 408 2419; x_wconf 88' lang='lat' dir='ltr'><strong>quod</strong></span> <span class='ocrx_word' id='word_1_360' title='bbox 431 2377 591 2419; x_wconf 91' lang='lat' dir='ltr'><strong>tempore</strong></span> <span class='ocrx_word' id='word_1_361' title='bbox 615 2373 811 2409; x_wconf 86' lang='lat' dir='ltr'><strong>sententiae</strong></span> <span class='ocrx_word' id='word_1_362' title='bbox 834 2373 1039 2409; x_wconf 87' lang='lat' dir='ltr'><strong>recitandae</strong></span> <span class='ocrx_word' id='word_1_363' title='bbox 1058 2374 1096 2409; x_wconf 93' lang='lat' dir='ltr'><strong>in</strong></span> <span class='ocrx_word' id='word_1_364' title='bbox 1115 2374 1246 2410; x_wconf 90' lang='lat' dir='ltr'><strong>iudicio</strong></span> 
     </span>
     <span class='ocr_line' id='line_1_50' title="bbox 158 2419 1246 2462; baseline 0.001 -8"><span class='ocrx_word' id='word_1_365' title='bbox 158 2419 356 2455; x_wconf 87' lang='lat' dir='ltr'><strong>invenietur</strong></span> <span class='ocrx_word' id='word_1_366' title='bbox 366 2420 390 2462; x_wconf 88' lang='lat'><strong>⁵,</strong></span> <span class='ocrx_word' id='word_1_367' title='bbox 423 2419 479 2454; x_wconf 85' lang='lat' dir='ltr'><strong>vel</strong></span> <span class='ocrx_word' id='word_1_368' title='bbox 502 2419 532 2454; x_wconf 90' lang='lat' dir='ltr'><strong>si</strong></span> <span class='ocrx_word' id='word_1_369' title='bbox 555 2429 628 2454; x_wconf 91' lang='lat' dir='ltr'><strong>non</strong></span> <span class='ocrx_word' id='word_1_370' title='bbox 651 2419 804 2461; x_wconf 89' lang='lat' dir='ltr'><strong>venerit,</strong></span> <span class='ocrx_word' id='word_1_371' title='bbox 837 2419 956 2454; x_wconf 88' lang='lat' dir='ltr'><strong>omnia</strong></span> <span class='ocrx_word' id='word_1_372' title='bbox 979 2419 1080 2454; x_wconf 87' lang='lat' dir='ltr'><strong>dabit</strong></span> <span class='ocrx_word' id='word_1_373' title='bbox 1101 2419 1246 2455; x_wconf 89' lang='lat' dir='ltr'><strong>fideius-</strong></span> 
     </span>
     <span class='ocr_line' id='line_1_51' title="bbox 159 2464 1246 2510; baseline -0.001 -10"><span class='ocrx_word' id='word_1_374' title='bbox 159 2475 230 2507; x_wconf 90' lang='lat' dir='ltr'><strong>sor,</strong></span> <span class='ocrx_word' id='word_1_375' title='bbox 255 2474 346 2510; x_wconf 89' lang='lat' dir='ltr'><strong>quae</strong></span> <span class='ocrx_word' id='word_1_376' title='bbox 370 2464 655 2500; x_wconf 90' lang='lat' dir='ltr'><strong>condemnationi</strong></span> <span class='ocrx_word' id='word_1_377' title='bbox 679 2464 918 2507; x_wconf 91' lang='lat' dir='ltr'><strong>continentur,</strong></span> <span class='ocrx_word' id='word_1_378' title='bbox 942 2464 1011 2500; x_wconf 90' lang='lat' dir='ltr'><strong>nisi</strong></span> <span class='ocrx_word' id='word_1_379' title='bbox 1033 2464 1142 2500; x_wconf 89' lang='lat' dir='ltr'><strong>fuerit</strong></span> <span class='ocrx_word' id='word_1_380' title='bbox 1163 2475 1246 2510; x_wconf 91' lang='lat' dir='ltr'><strong>pro-</strong></span> 
     </span>
     <span class='ocr_line' id='line_1_52' title="bbox 160 2509 1248 2555; baseline 0 -10"><span class='ocrx_word' id='word_1_381' title='bbox 160 2513 180 2544; x_wconf 88' lang='lat'>5</span> <span class='ocrx_word' id='word_1_382' title='bbox 227 2512 405 2545; x_wconf 86' lang='lat' dir='ltr'><strong>vocatum.</strong></span> <span class='ocrx_word' id='word_1_383' title='bbox 461 2509 498 2545; x_wconf 90' lang='lat' dir='ltr'><strong>Si</strong></span> <span class='ocrx_word' id='word_1_384' title='bbox 532 2519 615 2545; x_wconf 91' lang='lat' dir='ltr'><strong>vero</strong></span> <span class='ocrx_word' id='word_1_385' title='bbox 650 2519 733 2545; x_wconf 89' lang='lat' dir='ltr'><strong>reus</strong></span> <span class='ocrx_word' id='word_1_386' title='bbox 793 2513 911 2545; x_wconf 88' lang='lat' dir='ltr'><strong>raesto</strong></span> <span class='ocrx_word' id='word_1_387' title='bbox 947 2520 991 2545; x_wconf 85' lang='lat' dir='ltr'><strong>ex</strong></span> <span class='ocrx_word' id='word_1_388' title='bbox 1025 2520 1248 2555; x_wconf 88' lang='lat' dir='ltr'><strong>quacumque</strong></span> 
     </span>
     <span class='ocr_line' id='line_1_53' title="bbox 161 2554 1245 2598; baseline 0 -8"><span class='ocrx_word' id='word_1_389' title='bbox 161 2564 272 2590; x_wconf 88' lang='lat' dir='ltr'><strong>causa</strong></span> <span class='ocrx_word' id='word_1_390' title='bbox 301 2565 375 2591; x_wconf 91' lang='lat' dir='ltr'><strong>non</strong></span> <span class='ocrx_word' id='word_1_391' title='bbox 404 2554 514 2590; x_wconf 86' lang='lat' dir='ltr'><strong>fuerit</strong></span> <span class='ocrx_word' id='word_1_392' title='bbox 544 2558 580 2589; x_wconf 92' lang='lat' dir='ltr'><strong>et</strong></span> <span class='ocrx_word' id='word_1_393' title='bbox 611 2554 701 2590; x_wconf 86' lang='lat' dir='ltr'><strong>alius</strong></span> <span class='ocrx_word' id='word_1_394' title='bbox 732 2565 775 2590; x_wconf 88' lang='lat' dir='ltr'><strong>ve</strong></span> <span class='ocrx_word' id='word_1_395' title='bbox 791 2554 818 2589; x_wconf 87' lang='lat' dir='ltr'><strong>‘t</strong></span> <span class='ocrx_word' id='word_1_396' title='bbox 848 2554 1090 2591; x_wconf 86' lang='lat' dir='ltr'><strong>defensionem</strong></span> <span class='ocrx_word' id='word_1_397' title='bbox 1114 2555 1245 2598; x_wconf 88' lang='lat' dir='ltr'><strong>subire,</strong></span> 
     </span>
     <span class='ocr_line' id='line_1_54' title="bbox 159 2599 1247 2646; baseline 0.001 -11"><span class='ocrx_word' id='word_1_398' title='bbox 159 2599 258 2635; x_wconf 89' lang='lat' dir='ltr'><strong>nulla</strong></span> <span class='ocrx_word' id='word_1_399' title='bbox 289 2599 487 2636; x_wconf 83' lang='lat' dir='ltr'><strong>differentia</strong></span> <span class='ocrx_word' id='word_1_400' title='bbox 508 2600 601 2635; x_wconf 90' lang='lat' dir='ltr'><strong>inter</strong></span> <span class='ocrx_word' id='word_1_401' title='bbox 625 2600 783 2635; x_wconf 90' lang='lat' dir='ltr'><strong>actiones</strong></span> <span class='ocrx_word' id='word_1_402' title='bbox 806 2600 844 2635; x_wconf 92' lang='lat' dir='ltr'><strong>in</strong></span> <span class='ocrx_word' id='word_1_403' title='bbox 866 2610 942 2635; x_wconf 91' lang='lat' dir='ltr'><strong>rem</strong></span> <span class='ocrx_word' id='word_1_404' title='bbox 964 2600 1019 2636; x_wconf 89' lang='lat' dir='ltr'><strong>vel</strong></span> <span class='ocrx_word' id='word_1_405' title='bbox 1042 2601 1247 2646; x_wconf 88' lang='lat' dir='ltr'><strong>personales</strong></span> 
     </span>
     <span class='ocr_line' id='line_1_55' title="bbox 157 2644 1247 2698; baseline 0.001 -18"><span class='ocrx_word' id='word_1_406' title='bbox 157 2644 419 2681; x_wconf 89' lang='lat' dir='ltr'><strong>introducenda</strong></span> <span class='ocrx_word' id='word_1_407' title='bbox 436 2648 560 2698; x_wconf 83' lang='lat' dir='ltr'><strong>potest</strong></span> <span class='ocrx_word' id='word_1_408' title='bbox 582 2645 651 2680; x_wconf 91' lang='lat' dir='ltr'><strong>hoc</strong></span> <span class='ocrx_word' id='word_1_409' title='bbox 674 2645 812 2688; x_wconf 86' lang='lat' dir='ltr'><strong>facere,</strong></span> <span class='ocrx_word' id='word_1_410' title='bbox 843 2645 895 2680; x_wconf 88' lang='lat' dir='ltr'><strong>ita</strong></span> <span class='ocrx_word' id='word_1_411' title='bbox 925 2650 1045 2681; x_wconf 92' lang='lat' dir='ltr'><strong>tamen</strong></span> <span class='ocrx_word' id='word_1_412' title='bbox 1077 2650 1118 2681; x_wconf 91' lang='lat' dir='ltr'><strong>ut</strong></span> <span class='ocrx_word' id='word_1_413' title='bbox 1141 2645 1247 2681; x_wconf 89' lang='lat' dir='ltr'><strong>satis-</strong></span> 
     </span>
     <span class='ocr_line' id='line_1_56' title="bbox 162 2690 1246 2736; baseline 0.001 -11"><span class='ocrx_word' id='word_1_414' title='bbox 162 2690 341 2726; x_wconf 88' lang='lat' dir='ltr'><strong>dationem</strong></span> <span class='ocrx_word' id='word_1_415' title='bbox 371 2690 568 2726; x_wconf 86' lang='lat' dir='ltr'><strong>iudicatnm</strong></span> <span class='ocrx_word' id='word_1_416' title='bbox 599 2690 687 2726; x_wconf 92' lang='lat' dir='ltr'><strong>solvi</strong></span> <span class='ocrx_word' id='word_1_417' title='bbox 716 2701 781 2736; x_wconf 90' lang='lat' dir='ltr'><strong>pro</strong></span> <span class='ocrx_word' id='word_1_418' title='bbox 804 2690 876 2726; x_wconf 91' lang='lat' dir='ltr'><strong>litis</strong></span> <span class='ocrx_word' id='word_1_419' title='bbox 899 2694 1059 2736; x_wconf 89' lang='lat' dir='ltr'><strong>praestet</strong></span> <span class='ocrx_word' id='word_1_420' title='bbox 1082 2691 1246 2726; x_wconf 89' lang='lat' dir='ltr'><strong>aestima-</strong></span> 
     </span>
     <span class='ocr_line' id='line_1_57' title="bbox 158 2735 1247 2781; baseline 0.001 -11"><span class='ocrx_word' id='word_1_421' title='bbox 158 2735 266 2771; x_wconf 90' lang='lat' dir='ltr'><strong>tione.</strong></span> <span class='ocrx_word' id='word_1_422' title='bbox 303 2745 406 2771; x_wconf 92' lang='lat' dir='ltr'><strong>nemo</strong></span> <span class='ocrx_word' id='word_1_423' title='bbox 427 2735 519 2770; x_wconf 84' lang='lat' dir='ltr'><strong>enim</strong></span> <span class='ocrx_word' id='word_1_424' title='bbox 539 2735 733 2771; x_wconf 87' lang='lat' dir='ltr'><strong>secundum</strong></span> <span class='ocrx_word' id='word_1_425' title='bbox 750 2739 904 2771; x_wconf 87' lang='lat' dir='ltr'><strong>veterem</strong></span> <span class='ocrx_word' id='word_1_426' title='bbox 922 2736 1090 2781; x_wconf 88' lang='lat' dir='ltr'><strong>regulam,</strong></span> <span class='ocrx_word' id='word_1_427' title='bbox 1114 2739 1156 2771; x_wconf 92' lang='lat' dir='ltr'><strong>ut</strong></span> <span class='ocrx_word' id='word_1_428' title='bbox 1176 2736 1247 2771; x_wconf 89' lang='lat' dir='ltr'><strong>iam</strong></span> 
     </span>
     <span class='ocr_line' id='line_1_58' title="bbox 159 2780 1246 2823; baseline 0 -7"><span class='ocrx_word' id='word_1_429' title='bbox 159 2780 294 2816; x_wconf 90' lang='lat' dir='ltr'><strong>dictum</strong></span> <span class='ocrx_word' id='word_1_430' title='bbox 316 2783 382 2823; x_wconf 91' lang='lat' dir='ltr'><strong>est,</strong></span> <span class='ocrx_word' id='word_1_431' title='bbox 407 2780 543 2815; x_wconf 89' lang='lat' dir='ltr'><strong>alienae</strong></span> <span class='ocrx_word' id='word_1_432' title='bbox 565 2781 617 2816; x_wconf 93' lang='lat' dir='ltr'><strong>rei</strong></span> <span class='ocrx_word' id='word_1_433' title='bbox 637 2781 713 2816; x_wconf 88' lang='lat' dir='ltr'><strong>sine</strong></span> <span class='ocrx_word' id='word_1_434' title='bbox 732 2780 965 2817; x_wconf 89' lang='lat' dir='ltr'><strong>satisdatione</strong></span> <span class='ocrx_word' id='word_1_435' title='bbox 984 2781 1151 2817; x_wconf 89' lang='lat' dir='ltr'><strong>defensor</strong></span> <span class='ocrx_word' id='word_1_436' title='bbox 1169 2781 1246 2817; x_wconf 91' lang='lat' dir='ltr'><strong>ido-</strong></span> 
     </span>
     <span class='ocr_line' id='line_1_59' title="bbox 159 2825 1246 2872; baseline 0.001 -11"><span class='ocrx_word' id='word_1_437' title='bbox 159 2828 180 2861; x_wconf 87' lang='grc'>6</span> <span class='ocrx_word' id='word_1_438' title='bbox 227 2835 314 2861; x_wconf 90' lang='lat' dir='ltr'><strong>neus</strong></span> <span class='ocrx_word' id='word_1_439' title='bbox 344 2825 568 2870; x_wconf 87' lang='lat' dir='ltr'><strong>intellegitur.</strong></span> <span class='ocrx_word' id='word_1_440' title='bbox 616 2825 716 2870; x_wconf 78' lang='lat' dir='ltr'><strong>Quae</strong></span> <span class='ocrx_word' id='word_1_441' title='bbox 750 2826 869 2861; x_wconf 89' lang='lat' dir='ltr'><strong>omnia</strong></span> <span class='ocrx_word' id='word_1_442' title='bbox 903 2826 1062 2872; x_wconf 85' lang='lat' dir='ltr'><strong>apertius</strong></span> <span class='ocrx_word' id='word_1_443' title='bbox 1097 2830 1132 2862; x_wconf 92' lang='lat' dir='ltr'><strong>et</strong></span> <span class='ocrx_word' id='word_1_444' title='bbox 1165 2837 1246 2872; x_wconf 91' lang='lat' dir='ltr'><strong>per-</strong></span> 
     </span>
     <span class='ocr_line' id='line_1_60' title="bbox 158 2870 1247 2917; baseline 0.001 -11"><span class='ocrx_word' id='word_1_445' title='bbox 158 2870 350 2906; x_wconf 87' lang='lat' dir='ltr'><strong>fectissime</strong></span> <span class='ocrx_word' id='word_1_446' title='bbox 373 2881 395 2906; x_wconf 88' lang='lat' dir='ltr'><strong>a</strong></span> <span class='ocrx_word' id='word_1_447' title='bbox 419 2870 611 2906; x_wconf 89' lang='lat' dir='ltr'><strong>cottidiano</strong></span> <span class='ocrx_word' id='word_1_448' title='bbox 634 2871 845 2907; x_wconf 87' lang='lat' dir='ltr'><strong>iudiciorum</strong></span> <span class='ocrx_word' id='word_1_449' title='bbox 867 2881 936 2907; x_wconf 91' lang='lat' dir='ltr'><strong>usu</strong></span> <span class='ocrx_word' id='word_1_450' title='bbox 958 2872 996 2907; x_wconf 94' lang='lat' dir='ltr'><strong>in</strong></span> <span class='ocrx_word' id='word_1_451' title='bbox 1017 2872 1105 2917; x_wconf 88' lang='lat' dir='ltr'><strong>ipsis</strong></span> <span class='ocrx_word' id='word_1_452' title='bbox 1128 2882 1247 2907; x_wconf 88' lang='lat' dir='ltr'><strong>rerum</strong></span> 
     </span>
     <span class='ocr_line' id='line_1_61' title="bbox 159 2915 1246 2961; baseline 0.003 -11"><span class='ocrx_word' id='word_1_453' title='bbox 159 2919 178 2950; x_wconf 87' lang='grc'><strong>’1</strong></span> <span class='ocrx_word' id='word_1_454' title='bbox 227 2915 448 2951; x_wconf 87' lang='lat' dir='ltr'><strong>documentis</strong></span> <span class='ocrx_word' id='word_1_455' title='bbox 473 2919 657 2961; x_wconf 89' lang='lat' dir='ltr'><strong>apparent.</strong></span> <span class='ocrx_word' id='word_1_456' title='bbox 706 2916 820 2961; x_wconf 76' lang='lat' dir='ltr'><strong>Quam</strong></span> <span class='ocrx_word' id='word_1_457' title='bbox 848 2915 1001 2952; x_wconf 86' lang='lat' dir='ltr'><strong>formam</strong></span> <span class='ocrx_word' id='word_1_458' title='bbox 1031 2927 1104 2953; x_wconf 91' lang='lat' dir='ltr'><strong>non</strong></span> <span class='ocrx_word' id='word_1_459' title='bbox 1132 2917 1246 2953; x_wconf 92' lang='lat' dir='ltr'><strong>solum</strong></span> 
     </span>
     <span class='ocr_line' id='line_1_62' title="bbox 159 2960 1244 3008; baseline 0.003 -12"><span class='ocrx_word' id='word_1_460' title='bbox 159 2961 195 2996; x_wconf 91' lang='lat' dir='ltr'><strong>in</strong></span> <span class='ocrx_word' id='word_1_461' title='bbox 218 2961 289 2996; x_wconf 89' lang='lat' dir='ltr'><strong>hac</strong></span> <span class='ocrx_word' id='word_1_462' title='bbox 311 2960 408 3006; x_wconf 82' lang='lat' dir='ltr'><strong>regia</strong></span> <span class='ocrx_word' id='word_1_463' title='bbox 431 2961 530 3004; x_wconf 88' lang='lat' dir='ltr'><strong>urbe,</strong></span> <span class='ocrx_word' id='word_1_464' title='bbox 555 2961 618 2996; x_wconf 89' lang='lat' dir='ltr'><strong>sed</strong></span> <span class='ocrx_word' id='word_1_465' title='bbox 642 2964 677 2996; x_wconf 89' lang='lat' dir='ltr'><strong>et</strong></span> <span class='ocrx_word' id='word_1_466' title='bbox 699 2961 735 2996; x_wconf 91' lang='lat' dir='ltr'><strong>in</strong></span> <span class='ocrx_word' id='word_1_467' title='bbox 760 2962 924 2997; x_wconf 92' lang='lat' dir='ltr'><strong>omnibus</strong></span> <span class='ocrx_word' id='word_1_468' title='bbox 949 2962 1080 2998; x_wconf 88' lang='lat' dir='ltr'><strong>nostris</strong></span> <span class='ocrx_word' id='word_1_469' title='bbox 1103 2962 1244 3008; x_wconf 87' lang='lat' dir='ltr'><strong>provin-</strong></span> 
     </span>
     <span class='ocr_line' id='line_1_63' title="bbox 160 3006 1244 3051; baseline 0.001 -9"><span class='ocrx_word' id='word_1_470' title='bbox 160 3006 245 3049; x_wconf 87' lang='lat' dir='ltr'><strong>ciis,</strong></span> <span class='ocrx_word' id='word_1_471' title='bbox 278 3006 344 3041; x_wconf 90' lang='lat' dir='ltr'><strong>etsi</strong></span> <span class='ocrx_word' id='word_1_472' title='bbox 366 3009 514 3051; x_wconf 89' lang='lat' dir='ltr'><strong>propter</strong></span> <span class='ocrx_word' id='word_1_473' title='bbox 535 3006 747 3051; x_wconf 87' lang='lat' dir='ltr'><strong>imperitiam</strong></span> <span class='ocrx_word' id='word_1_474' title='bbox 771 3007 875 3042; x_wconf 87' lang='lat' dir='ltr'><strong>aliter</strong></span> <span class='ocrx_word' id='word_1_475' title='bbox 897 3007 990 3043; x_wconf 88' lang='lat' dir='ltr'><strong>forte</strong></span> <span class='ocrx_word' id='word_1_476' title='bbox 1013 3007 1244 3043; x_wconf 88' lang='lat' dir='ltr'><strong>celebraban-</strong></span> 
     </span>
     <span class='ocr_line' id='line_1_64' title="bbox 160 3051 1245 3099; baseline 0.001 -12"><span class='ocrx_word' id='word_1_477' title='bbox 160 3056 230 3094; x_wconf 88' lang='lat' dir='ltr'><strong>tur,</strong></span> <span class='ocrx_word' id='word_1_478' title='bbox 254 3051 415 3096; x_wconf 90' lang='lat' dir='ltr'><strong>optinere</strong></span> <span class='ocrx_word' id='word_1_479' title='bbox 439 3061 640 3094; x_wconf 88' lang='lat' dir='ltr'><strong>censemus,</strong></span> <span class='ocrx_word' id='word_1_480' title='bbox 666 3062 747 3087; x_wconf 91' lang='lat' dir='ltr'><strong>cum</strong></span> <span class='ocrx_word' id='word_1_481' title='bbox 770 3062 916 3088; x_wconf 87' lang='lat' dir='ltr'><strong>necesse</strong></span> <span class='ocrx_word' id='word_1_482' title='bbox 939 3056 995 3088; x_wconf 90' lang='lat' dir='ltr'><strong>est</strong></span> <span class='ocrx_word' id='word_1_483' title='bbox 1018 3063 1139 3088; x_wconf 88' lang='lat' dir='ltr'><strong>omnes</strong></span> <span class='ocrx_word' id='word_1_484' title='bbox 1161 3063 1245 3099; x_wconf 92' lang='lat' dir='ltr'><strong>pro-</strong></span> 
     </span>
     <span class='ocr_line' id='line_1_65' title="bbox 159 3096 1246 3141; baseline 0.002 -10"><span class='ocrx_word' id='word_1_485' title='bbox 159 3096 292 3132; x_wconf 88' lang='lat' dir='ltr'><strong>vincias</strong></span> <span class='ocrx_word' id='word_1_486' title='bbox 323 3099 433 3141; x_wconf 91' lang='lat' dir='ltr'><strong>caput</strong></span> <span class='ocrx_word' id='word_1_487' title='bbox 462 3096 619 3132; x_wconf 87' lang='lat' dir='ltr'><strong>omnium</strong></span> <span class='ocrx_word' id='word_1_488' title='bbox 651 3100 853 3133; x_wconf 89' lang='lat' dir='ltr'><strong>nostrarum</strong></span> <span class='ocrx_word' id='word_1_489' title='bbox 883 3097 1083 3140; x_wconf 89' lang='lat' dir='ltr'><strong>civitatum,</strong></span> <span class='ocrx_word' id='word_1_490' title='bbox 1119 3097 1156 3133; x_wconf 94' lang='lat' dir='ltr'><strong>id</strong></span> <span class='ocrx_word' id='word_1_491' title='bbox 1191 3101 1246 3134; x_wconf 93' lang='lat' dir='ltr'><strong>est</strong></span> 
     </span>
     <span class='ocr_line' id='line_1_66' title="bbox 158 3140 1175 3188; baseline 0.002 -11"><span class='ocrx_word' id='word_1_492' title='bbox 158 3142 253 3177; x_wconf 88' lang='lat' dir='ltr'><strong>hanc</strong></span> <span class='ocrx_word' id='word_1_493' title='bbox 276 3140 408 3187; x_wconf 83' lang='lat' dir='ltr'><strong>regiam</strong></span> <span class='ocrx_word' id='word_1_494' title='bbox 430 3141 564 3184; x_wconf 88' lang='lat' dir='ltr'><strong>urbem,</strong></span> <span class='ocrx_word' id='word_1_495' title='bbox 589 3142 735 3187; x_wconf 88' lang='lat' dir='ltr'><strong>eiusque</strong></span> <span class='ocrx_word' id='word_1_496' title='bbox 758 3143 1018 3179; x_wconf 86' lang='lat' dir='ltr'><strong>observantiam</strong></span> <span class='ocrx_word' id='word_1_497' title='bbox 1041 3143 1142 3188; x_wconf 88' lang='lat' dir='ltr'><strong>sequi</strong></span> <span class='ocrx_word' id='word_1_498' title='bbox 1150 3144 1175 3179; x_wconf 82' lang='lat'><strong>⁰.</strong></span> 
     </span>
    </p>
   </div>
   <div class='ocr_carea' id='block_1_3' title="bbox 159 3223 1243 3325">
    <p class='ocr_par' dir='ltr' id='par_1_4' title="bbox 159 3223 1243 3325">
     <span class='ocr_line' id='line_1_67' title="bbox 651 3223 749 3262; baseline 0 -18"><span class='ocrx_word' id='word_1_499' title='bbox 651 3223 749 3262; x_wconf 78' lang='grc' dir='ltr'><strong>ΧΠτ</strong></span> 
     </span>
     <span class='ocr_line' id='line_1_68' title="bbox 159 3288 1243 3325; baseline 0.002 -2"><span class='ocrx_word' id='word_1_500' title='bbox 159 3289 220 3323; x_wconf 85' lang='lat' dir='ltr'><strong>DE</strong></span> <span class='ocrx_word' id='word_1_501' title='bbox 245 3288 500 3323; x_wconf 79' lang='lat' dir='ltr'>PERPETUIS</span> <span class='ocrx_word' id='word_1_502' title='bbox 523 3288 584 3321; x_wconf 86' lang='grc' dir='ltr'><strong>ΕΤ</strong></span> <span class='ocrx_word' id='word_1_503' title='bbox 603 3288 952 3323; x_wconf 82' lang='lat' dir='ltr'><strong>TEMPORALIBUS</strong></span> <span class='ocrx_word' id='word_1_504' title='bbox 972 3290 1243 3325; x_wconf 85' lang='lat' dir='ltr'>AGTIONIBUS</span> 
     </span>
    </p>
   </div>
   <div class='ocr_carea' id='block_1_4' title="bbox 215 3334 1179 3413">
    <p class='ocr_par' dir='ltr' id='par_1_5' title="bbox 215 3334 1179 3413">
     <span class='ocr_line' id='line_1_69' title="bbox 215 3334 1179 3372; baseline 0.001 -4"><span class='ocrx_word' id='word_1_505' title='bbox 215 3334 276 3368; x_wconf 80' lang='lat' dir='ltr'><strong>ET</strong></span> <span class='ocrx_word' id='word_1_506' title='bbox 300 3334 422 3372; x_wconf 80' lang='lat' dir='ltr'>QUAE</span> <span class='ocrx_word' id='word_1_507' title='bbox 446 3334 506 3367; x_wconf 84' lang='lat' dir='ltr'><strong>AD</strong></span> <span class='ocrx_word' id='word_1_508' title='bbox 530 3334 748 3367; x_wconf 85' lang='lat' dir='ltr'><strong>HEREDES</strong></span> <span class='ocrx_word' id='word_1_509' title='bbox 771 3335 863 3367; x_wconf 86' lang='lat' dir='ltr'><strong>VEL</strong></span> <span class='ocrx_word' id='word_1_510' title='bbox 888 3336 940 3368; x_wconf 84' lang='lat' dir='ltr'><strong>IN</strong></span> <span class='ocrx_word' id='word_1_511' title='bbox 962 3335 1179 3370; x_wconf 67' lang='lat' dir='ltr'><strong>HEREDES</strong></span> 
     </span>
     <span class='ocr_line' id='line_1_70' title="bbox 554 3379 837 3413; baseline 0.007 -2"><span class='ocrx_word' id='word_1_512' title='bbox 554 3379 837 3413; x_wconf 83' lang='lat' dir='ltr'><strong>TRANSEUNT.</strong></span> 
     </span>
    </p>
   </div>
   <div class='ocr_carea' id='block_1_5' title="bbox 156 3433 1243 3750">
    <p class='ocr_par' dir='ltr' id='par_1_6' title="bbox 156 3433 1243 3750">
     <span class='ocr_line' id='line_1_71' title="bbox 204 3433 1243 3481; baseline 0.001 -10"><span class='ocrx_word' id='word_1_513' title='bbox 204 3434 315 3471; x_wconf 75' lang='lat' dir='ltr'><strong>‘&#39;Hoc</strong></span> <span class='ocrx_word' id='word_1_514' title='bbox 337 3434 418 3471; x_wconf 92' lang='lat' dir='ltr'><strong>loco</strong></span> <span class='ocrx_word' id='word_1_515' title='bbox 442 3433 654 3470; x_wconf 89' lang='lat' dir='ltr'><strong>admonendi</strong></span> <span class='ocrx_word' id='word_1_516' title='bbox 676 3444 799 3470; x_wconf 87' lang='lat' dir='ltr'><strong>sumus</strong></span> <span class='ocrx_word' id='word_1_517' title='bbox 822 3445 883 3471; x_wconf 88' lang='lat' dir='ltr'><strong>eas</strong></span> <span class='ocrx_word' id='word_1_518' title='bbox 907 3435 1048 3481; x_wconf 87' lang='lat' dir='ltr'><strong>quidem</strong></span> <span class='ocrx_word' id='word_1_519' title='bbox 1071 3436 1243 3480; x_wconf 86' lang='lat' dir='ltr'><strong>actiones,</strong></span> 
     </span>
     <span class='ocr_line' id='line_1_72' title="bbox 158 3479 1241 3525; baseline 0 -9"><span class='ocrx_word' id='word_1_520' title='bbox 158 3482 260 3525; x_wconf 84' lang='lat' dir='ltr'><strong>&#39;quae</strong></span> <span class='ocrx_word' id='word_1_521' title='bbox 290 3490 335 3516; x_wconf 90' lang='lat' dir='ltr'><strong>ex</strong></span> <span class='ocrx_word' id='word_1_522' title='bbox 355 3479 434 3525; x_wconf 85' lang='lat' dir='ltr'><strong>lege</strong></span> <span class='ocrx_word' id='word_1_523' title='bbox 455 3482 644 3515; x_wconf 86' lang='lat' dir='ltr'><strong>senatusve</strong></span> <span class='ocrx_word' id='word_1_524' title='bbox 668 3479 832 3516; x_wconf 90' lang='lat' dir='ltr'><strong>consulto</strong></span> <span class='ocrx_word' id='word_1_525' title='bbox 856 3480 929 3515; x_wconf 86' lang='lat' dir='ltr'><strong>sive</strong></span> <span class='ocrx_word' id='word_1_526' title='bbox 952 3491 997 3516; x_wconf 89' lang='lat' dir='ltr'><strong>ex</strong></span> <span class='ocrx_word' id='word_1_527' title='bbox 1019 3481 1131 3517; x_wconf 89' lang='lat' dir='ltr'><strong>sacris</strong></span> <span class='ocrx_word' id='word_1_528' title='bbox 1156 3492 1241 3517; x_wconf 89' lang='lat' dir='ltr'><strong>con-</strong></span> 
     </span>
     <span class='ocr_line' id='line_1_73' title="bbox 156 3571 1234 3613; baseline -0.002 -7"><span class='ocrx_word' id='word_1_529' title='bbox 156 3574 197 3612; x_wconf 83' lang='grc' dir='ltr'><strong>(ι)</strong></span> <span class='ocrx_word' id='word_1_530' title='bbox 226 3572 301 3606; x_wconf 76' lang='lat' dir='ltr'><strong>Gai.</strong></span> <span class='ocrx_word' id='word_1_531' title='bbox 316 3573 348 3611; x_wconf 82' lang='lat'><strong>4,</strong></span> <span class='ocrx_word' id='word_1_532' title='bbox 362 3579 408 3605; x_wconf 82' lang='grc'><strong>90.</strong></span> <span class='ocrx_word' id='word_1_533' title='bbox 425 3578 473 3606; x_wconf 74' lang='grc'><strong>98.</strong></span> <span class='ocrx_word' id='word_1_534' title='bbox 489 3578 604 3605; x_wconf 78' lang='grc' dir='ltr'>98..ιοῖ</span> <span class='ocrx_word' id='word_1_535' title='bbox 754 3572 797 3612; x_wconf 79' lang='grc'><strong>(2)</strong></span> <span class='ocrx_word' id='word_1_536' title='bbox 822 3571 979 3604; x_wconf 80' lang='lat' dir='ltr'><strong>satisdari</strong></span> <span class='ocrx_word' id='word_1_537' title='bbox 993 3572 1168 3613; x_wconf 85' lang='lat' dir='ltr'><strong>(satisdare</strong></span> <span class='ocrx_word' id='word_1_538' title='bbox 1182 3573 1234 3606; x_wconf 83' lang='lat' dir='ltr'><strong>lib.</strong></span> 
     </span>
     <span class='ocr_line' id='line_1_74' title="bbox 159 3615 1237 3660; baseline 0.003 -12"><span class='ocrx_word' id='word_1_539' title='bbox 159 3615 292 3657; x_wconf 83' lang='lat' dir='ltr'><strong>Veron.)</strong></span> <span class='ocrx_word' id='word_1_540' title='bbox 307 3615 404 3649; x_wconf 87' lang='lat' dir='ltr'><strong>debet</strong></span> <span class='ocrx_word' id='word_1_541' title='bbox 420 3615 496 3650; x_wconf 78' lang='lat' dir='ltr'><strong>Gai.</strong></span> <span class='ocrx_word' id='word_1_542' title='bbox 607 3621 649 3651; x_wconf 82' lang='grc'><strong>(3)</strong></span> <span class='ocrx_word' id='word_1_543' title='bbox 675 3618 722 3649; x_wconf 70' lang='lat' dir='ltr'><strong>sic</strong></span> <span class='ocrx_word' id='word_1_544' title='bbox 739 3617 812 3656; x_wconf 78' lang='grc' dir='ltr'><strong>ΒΘ,</strong></span> <span class='ocrx_word' id='word_1_545' title='bbox 827 3627 888 3659; x_wconf 87' lang='lat' dir='ltr'><strong>pro</strong></span> <span class='ocrx_word' id='word_1_546' title='bbox 901 3617 972 3649; x_wconf 87' lang='lat' dir='ltr'><strong>litis</strong></span> <span class='ocrx_word' id='word_1_547' title='bbox 986 3619 1059 3659; x_wconf 89' lang='lat' dir='ltr'><strong>(pro</strong></span> <span class='ocrx_word' id='word_1_548' title='bbox 1072 3618 1145 3651; x_wconf 71' lang='lat' dir='ltr'><strong>,itis</strong></span> <span class='ocrx_word' id='word_1_549' title='bbox 1167 3618 1237 3660; x_wconf 64' lang='lat' dir='ltr'><strong>W‘)</strong></span> 
     </span>
     <span class='ocr_line' id='line_1_75' title="bbox 156 3661 1239 3704; baseline 0.001 -10"><span class='ocrx_word' id='word_1_550' title='bbox 156 3661 389 3694; x_wconf 85' lang='lat' dir='ltr'><strong>aestimatione</strong></span> <span class='ocrx_word' id='word_1_551' title='bbox 402 3661 437 3695; x_wconf 86' lang='lat' dir='ltr'><em>E</em></span> <span class='ocrx_word' id='word_1_552' title='bbox 446 3661 489 3695; x_wconf 85' lang='lat' dir='ltr'><em>W</em></span> <span class='ocrx_word' id='word_1_553' title='bbox 583 3663 623 3701; x_wconf 69' lang='lat'><strong>(4)</strong></span> <span class='ocrx_word' id='word_1_554' title='bbox 651 3664 823 3704; x_wconf 81' lang='lat' dir='ltr'><strong>permanet</strong></span> <span class='ocrx_word' id='word_1_555' title='bbox 834 3662 904 3696; x_wconf 87' lang='lat' dir='ltr'><strong>BE</strong></span> <span class='ocrx_word' id='word_1_556' title='bbox 1000 3664 1042 3702; x_wconf 81' lang='grc'><strong>(5)</strong></span> <span class='ocrx_word' id='word_1_557' title='bbox 1068 3663 1239 3695; x_wconf 85' lang='lat' dir='ltr'><strong>invenitur</strong></span> 
     </span>
     <span class='ocr_line' id='line_1_76' title="bbox 162 3706 1093 3750; baseline 0.002 -11"><span class='ocrx_word' id='word_1_558' title='bbox 162 3707 255 3746; x_wconf 74' lang='lat'><strong>81⁰⁰,</strong></span> <span class='ocrx_word' id='word_1_559' title='bbox 270 3706 465 3739; x_wconf 82' lang='lat' dir='ltr'><strong>inveniatur</strong></span> <span class='ocrx_word' id='word_1_560' title='bbox 482 3707 530 3747; x_wconf 90' lang='lat' dir='ltr'><strong>W,</strong></span> <span class='ocrx_word' id='word_1_561' title='bbox 546 3707 674 3740; x_wconf 85' lang='lat' dir='ltr'><strong>veniret</strong></span> <span class='ocrx_word' id='word_1_562' title='bbox 686 3707 721 3741; x_wconf 85' lang='lat' dir='ltr'><em>E</em></span> <span class='ocrx_word' id='word_1_563' title='bbox 812 3711 856 3743; x_wconf 82' lang='grc'><strong>(6)</strong></span> <span class='ocrx_word' id='word_1_564' title='bbox 883 3708 1043 3750; x_wconf 82' lang='lat' dir='ltr'><strong>consequi</strong></span> <span class='ocrx_word' id='word_1_565' title='bbox 1058 3709 1093 3741; x_wconf 92' lang='lat' dir='ltr'><em>B</em></span> 
     </span>
    </p>
   </div>
   <div class='ocr_carea' id='block_1_6' title="bbox 206 3751 1240 3795">
    <p class='ocr_par' dir='ltr' id='par_1_7' title="bbox 206 3751 1240 3795">
     <span class='ocr_line' id='line_1_77' title="bbox 206 3751 1240 3795; baseline 0.001 -11"><span class='ocrx_word' id='word_1_566' title='bbox 206 3753 248 3790; x_wconf 74' lang='grc' dir='ltr'><strong>(τ)</strong></span> <span class='ocrx_word' id='word_1_567' title='bbox 278 3752 328 3794; x_wconf 80' lang='lat' dir='ltr'><strong>Cf.</strong></span> <span class='ocrx_word' id='word_1_568' title='bbox 348 3751 422 3785; x_wconf 81' lang='lat' dir='ltr'><strong>Gai.</strong></span> <span class='ocrx_word' id='word_1_569' title='bbox 438 3753 469 3791; x_wconf 77' lang='lat'><strong>4,</strong></span> <span class='ocrx_word' id='word_1_570' title='bbox 485 3759 532 3786; x_wconf 82' lang='lat' dir='ltr'><strong>no</strong></span> <span class='ocrx_word' id='word_1_571' title='bbox 547 3760 604 3786; x_wconf 65' lang='grc' dir='ltr'>,ιις</span> <span class='ocrx_word' id='word_1_572' title='bbox 697 3752 742 3792; x_wconf 84' lang='lat'><strong>(8)</strong></span> <span class='ocrx_word' id='word_1_573' title='bbox 771 3751 1027 3792; x_wconf 71' lang='lat' dir='ltr'><strong>Gai.4,110..113</strong></span> <span class='ocrx_word' id='word_1_574' title='bbox 1115 3756 1158 3795; x_wconf 77' lang='lat'><strong>(9)</strong></span> <span class='ocrx_word' id='word_1_575' title='bbox 1183 3753 1240 3785; x_wconf 83' lang='lat' dir='ltr'><strong>he-</strong></span> 
     </span>
    </p>
   </div>
   <div class='ocr_carea' id='block_1_7' title="bbox 1258 121 1313 168">
    <p class='ocr_par' dir='ltr' id='par_1_8' title="bbox 1258 121 1313 168">
     <span class='ocr_line' id='line_1_78' title="bbox 1258 121 1313 168; baseline 0.018 -1"><span class='ocrx_word' id='word_1_576' title='bbox 1258 121 1313 168; x_wconf 80' lang='lat'><strong>52</strong></span> 
     </span>
    </p>
   </div>
   <div class='ocr_carea' id='block_1_8' title="bbox 1809 141 2398 175">
    <p class='ocr_par' dir='ltr' id='par_1_9' title="bbox 1809 141 2398 175">
     <span class='ocr_line' id='line_1_79' title="bbox 1809 141 2398 175; baseline 0.008 -5"><span class='ocrx_word' id='word_1_577' title='bbox 1809 141 1869 171; x_wconf 79' lang='lat' dir='ltr'><strong>DE</strong></span> <span class='ocrx_word' id='word_1_578' title='bbox 1898 141 2022 172; x_wconf 86' lang='lat' dir='ltr'><strong>PERP.</strong></span> <span class='ocrx_word' id='word_1_579' title='bbox 2053 142 2110 172; x_wconf 83' lang='grc' dir='ltr'><strong>ΕΤ</strong></span> <span class='ocrx_word' id='word_1_580' title='bbox 2138 143 2269 173; x_wconf 81' lang='grc' dir='ltr'>ΤΕΜΡ.</span> <span class='ocrx_word' id='word_1_581' title='bbox 2301 143 2398 175; x_wconf 82' lang='grc' dir='ltr'><strong>ΑΟΤ.</strong></span> 
     </span>
    </p>
   </div>
   <div class='ocr_carea' id='block_1_9' title="bbox 1316 248 2406 1731">
    <p class='ocr_par' dir='ltr' id='par_1_10' title="bbox 1316 248 2406 1731">
     <span class='ocr_line' id='line_1_80' title="bbox 1318 248 2400 300; baseline 0.005 -15"><span class='ocrx_word' id='word_1_582' title='bbox 1318 248 1572 285; x_wconf 83' lang='lat' dir='ltr'><strong>’stitutionibus</strong></span> <span class='ocrx_word' id='word_1_583' title='bbox 1595 249 1889 296; x_wconf 84' lang='lat' dir='ltr'><strong>proficiscuntur,</strong></span> <span class='ocrx_word' id='word_1_584' title='bbox 1913 254 2085 297; x_wconf 89' lang='lat' dir='ltr'><strong>perpetuo</strong></span> <span class='ocrx_word' id='word_1_585' title='bbox 2111 252 2224 288; x_wconf 85' lang='lat' dir='ltr'><strong>solere</strong></span> <span class='ocrx_word' id='word_1_586' title='bbox 2247 252 2400 300; x_wconf 83' lang='lat' dir='ltr'><strong>antiqui-</strong></span> 
     </span>
     <span class='ocr_line' id='line_1_81' title="bbox 1319 294 2401 340; baseline 0.006 -11"><span class='ocrx_word' id='word_1_587' title='bbox 1319 294 1386 329; x_wconf 77' lang='lat' dir='ltr'><strong>&#39;tus</strong></span> <span class='ocrx_word' id='word_1_588' title='bbox 1419 298 1620 340; x_wconf 89' lang='lat' dir='ltr'><strong>competere</strong></span> <span class='ocrx_word' id='word_1_589' title='bbox 1630 295 1648 338; x_wconf 83' lang='lat'><strong>,⁴</strong></span> <span class='ocrx_word' id='word_1_590' title='bbox 1673 295 1785 332; x_wconf 90' lang='lat' dir='ltr'><strong>donec</strong></span> <span class='ocrx_word' id='word_1_591' title='bbox 1809 306 1935 332; x_wconf 90' lang='lat' dir='ltr'><strong>sacrae</strong></span> <span class='ocrx_word' id='word_1_592' title='bbox 1958 297 2231 334; x_wconf 87' lang='lat' dir='ltr'><strong>constitutiones</strong></span> <span class='ocrx_word' id='word_1_593' title='bbox 2260 301 2336 334; x_wconf 84' lang='lat' dir='ltr'><strong>tam</strong></span> <span class='ocrx_word' id='word_1_594' title='bbox 2364 299 2401 335; x_wconf 92' lang='lat' dir='ltr'><strong>iii</strong></span> 
     </span>
     <span class='ocr_line' id='line_1_82' title="bbox 1317 340 2400 385; baseline 0.006 -11"><span class='ocrx_word' id='word_1_595' title='bbox 1317 349 1392 374; x_wconf 90' lang='lat' dir='ltr'><strong>rem</strong></span> <span class='ocrx_word' id='word_1_596' title='bbox 1416 350 1522 384; x_wconf 86' lang='lat' dir='ltr'><strong>quam</strong></span> <span class='ocrx_word' id='word_1_597' title='bbox 1546 340 1792 385; x_wconf 87' lang='lat' dir='ltr'><strong>personalibus</strong></span> <span class='ocrx_word' id='word_1_598' title='bbox 1816 341 2017 377; x_wconf 88' lang='lat' dir='ltr'><strong>actionibus</strong></span> <span class='ocrx_word' id='word_1_599' title='bbox 2042 346 2159 378; x_wconf 89' lang='lat' dir='ltr'><strong>certos</strong></span> <span class='ocrx_word' id='word_1_600' title='bbox 2182 342 2271 379; x_wconf 87' lang='lat' dir='ltr'><strong>fines</strong></span> <span class='ocrx_word' id='word_1_601' title='bbox 2295 343 2400 380; x_wconf 87' lang='lat' dir='ltr'><strong>dede-</strong></span> 
     </span>
     <span class='ocr_line' id='line_1_83' title="bbox 1318 385 2401 433; baseline 0.006 -14"><span class='ocrx_word' id='word_1_602' title='bbox 1318 387 1420 419; x_wconf 88' lang='lat' dir='ltr'><strong>ruut:</strong></span> <span class='ocrx_word' id='word_1_603' title='bbox 1446 385 1516 420; x_wconf 82' lang='lat' dir='ltr'><strong>&#39;eas</strong></span> <span class='ocrx_word' id='word_1_604' title='bbox 1540 395 1644 428; x_wconf 89' lang='lat' dir='ltr'><strong>vero,</strong></span> <span class='ocrx_word' id='word_1_605' title='bbox 1698 396 1767 422; x_wconf 89' lang='lat' dir='ltr'><strong>uae</strong></span> <span class='ocrx_word' id='word_1_606' title='bbox 1800 396 1843 422; x_wconf 85' lang='lat' dir='ltr'><strong>ex</strong></span> <span class='ocrx_word' id='word_1_607' title='bbox 1866 387 2012 432; x_wconf 89' lang='lat' dir='ltr'><strong>propria</strong></span> <span class='ocrx_word' id='word_1_608' title='bbox 2041 388 2216 433; x_wconf 86' lang='lat' dir='ltr'><strong>praetoris</strong></span> <span class='ocrx_word' id='word_1_609' title='bbox 2240 388 2401 425; x_wconf 89' lang='lat' dir='ltr'><strong>iurisdic-</strong></span> 
     </span>
     <span class='ocr_line' id='line_1_84' title="bbox 1319 429 2402 483; baseline 0.005 -19"><span class='ocrx_word' id='word_1_610' title='bbox 1319 429 1622 482; x_wconf 43' lang='lat' dir='ltr'><strong>&#39;tione·pendent‚</strong></span> <span class='ocrx_word' id='word_1_611' title='bbox 1654 441 1678 483; x_wconf 83' lang='lat' dir='ltr'><strong>p</strong></span> <span class='ocrx_word' id='word_1_612' title='bbox 1693 441 1862 477; x_wconf 87' lang='lat' dir='ltr'><strong>erumque</strong></span> <span class='ocrx_word' id='word_1_613' title='bbox 1884 432 1980 467; x_wconf 90' lang='lat' dir='ltr'><strong>intra</strong></span> <span class='ocrx_word' id='word_1_614' title='bbox 2002 441 2134 468; x_wconf 87' lang='lat' dir='ltr'><strong>annum</strong></span> <span class='ocrx_word' id='word_1_615' title='bbox 2157 433 2280 469; x_wconf 78' lang='lat' dir='ltr'><strong>vivere‘</strong></span> <span class='ocrx_word' id='word_1_616' title='bbox 2307 437 2402 477; x_wconf 90' lang='lat' dir='ltr'><strong>(nam</strong></span> 
     </span>
     <span class='ocr_line' id='line_1_85' title="bbox 1319 476 2402 524; baseline 0.005 -15"><span class='ocrx_word' id='word_1_617' title='bbox 1319 478 1354 510; x_wconf 92' lang='lat' dir='ltr'><strong>et</strong></span> <span class='ocrx_word' id='word_1_618' title='bbox 1376 484 1487 520; x_wconf 89' lang='lat' dir='ltr'><strong>ipsius</strong></span> <span class='ocrx_word' id='word_1_619' title='bbox 1511 479 1685 520; x_wconf 85' lang='lat' dir='ltr'><strong>praetoris</strong></span> <span class='ocrx_word' id='word_1_620' title='bbox 1708 476 1803 511; x_wconf 86' lang='lat' dir='ltr'><strong>intra</strong></span> <span class='ocrx_word' id='word_1_621' title='bbox 1826 487 1959 512; x_wconf 86' lang='lat' dir='ltr'><strong>annum</strong></span> <span class='ocrx_word' id='word_1_622' title='bbox 1982 480 2061 512; x_wconf 88' lang='lat' dir='ltr'><strong>erat</strong></span> <span class='ocrx_word' id='word_1_623' title='bbox 2082 477 2291 524; x_wconf 88' lang='lat' dir='ltr'><strong>imperium).</strong></span> <span class='ocrx_word' id='word_1_624' title='bbox 2328 479 2402 514; x_wconf 77' lang='lat' dir='ltr'><strong>&#39;ali-</strong></span> 
     </span>
     <span class='ocr_line' id='line_1_86' title="bbox 1319 519 2403 566; baseline 0.006 -12"><span class='ocrx_word' id='word_1_625' title='bbox 1319 519 1471 564; x_wconf 84' lang='lat' dir='ltr'><strong>&#39;quando</strong></span> <span class='ocrx_word' id='word_1_626' title='bbox 1495 524 1615 556; x_wconf 89' lang='lat' dir='ltr'><strong>tamen</strong></span> <span class='ocrx_word' id='word_1_627' title='bbox 1638 524 1674 556; x_wconf 90' lang='lat' dir='ltr'><strong>et</strong></span> <span class='ocrx_word' id='word_1_628' title='bbox 1696 521 1733 556; x_wconf 92' lang='lat' dir='ltr'><strong>in</strong></span> <span class='ocrx_word' id='word_1_629' title='bbox 1756 525 1967 566; x_wconf 91' lang='lat' dir='ltr'><strong>perpetuum</strong></span> <span class='ocrx_word' id='word_1_630' title='bbox 1991 522 2249 566; x_wconf 89' lang='lat' dir='ltr'><strong>extenduntur,</strong></span> <span class='ocrx_word' id='word_1_631' title='bbox 2281 523 2318 559; x_wconf 91' lang='lat' dir='ltr'><strong>id</strong></span> <span class='ocrx_word' id='word_1_632' title='bbox 2348 527 2403 560; x_wconf 87' lang='lat' dir='ltr'><strong>est</strong></span> 
     </span>
     <span class='ocr_line' id='line_1_87' title="bbox 1319 564 2403 614; baseline 0.005 -14"><span class='ocrx_word' id='word_1_633' title='bbox 1319 565 1441 610; x_wconf 75' lang='lat' dir='ltr'><strong>&#39;usque</strong></span> <span class='ocrx_word' id='word_1_634' title='bbox 1464 564 1511 600; x_wconf 90' lang='lat' dir='ltr'><strong>ad</strong></span> <span class='ocrx_word' id='word_1_635' title='bbox 1534 565 1640 600; x_wconf 81' lang='lat' dir='ltr'><strong>finem</strong></span> <span class='ocrx_word' id='word_1_636' title='bbox 1664 566 1976 602; x_wconf 89' lang='lat' dir='ltr'><strong>constitutionibus</strong></span> <span class='ocrx_word' id='word_1_637' title='bbox 1994 566 2254 604; x_wconf 87' lang='lat' dir='ltr'><strong>introductum:</strong></span> <span class='ocrx_word' id='word_1_638' title='bbox 2280 568 2403 614; x_wconf 82' lang='lat' dir='ltr'><strong>quales</strong></span> 
     </span>
     <span class='ocr_line' id='line_1_88' title="bbox 1319 610 2403 660; baseline 0.006 -16"><span class='ocrx_word' id='word_1_639' title='bbox 1319 610 1413 645; x_wconf 82' lang='lat' dir='ltr'><strong>&#39;sunt</strong></span> <span class='ocrx_word' id='word_1_640' title='bbox 1440 610 1529 652; x_wconf 89' lang='lat' dir='ltr'><strong>hae,</strong></span> <span class='ocrx_word' id='word_1_641' title='bbox 1561 620 1650 655; x_wconf 89' lang='lat' dir='ltr'><strong>quas</strong></span> <span class='ocrx_word' id='word_1_642' title='bbox 1680 611 1855 647; x_wconf 90' lang='lat' dir='ltr'><strong>bonorum</strong></span> <span class='ocrx_word' id='word_1_643' title='bbox 1885 612 2084 657; x_wconf 85' lang='lat' dir='ltr'><strong>possessori</strong></span> <span class='ocrx_word' id='word_1_644' title='bbox 2115 613 2312 659; x_wconf 86' lang='lat' dir='ltr'><strong>ceterisque</strong></span> <span class='ocrx_word' id='word_1_645' title='bbox 2343 614 2403 660; x_wconf 87' lang='lat' dir='ltr'><strong>qui</strong></span> 
     </span>
     <span class='ocr_line' id='line_1_89' title="bbox 1319 654 2402 703; baseline 0.004 -13"><span class='ocrx_word' id='word_1_646' title='bbox 1319 654 1466 690; x_wconf 86' lang='lat' dir='ltr'><strong>&#39;heredis</strong></span> <span class='ocrx_word' id='word_1_647' title='bbox 1490 655 1569 691; x_wconf 91' lang='lat' dir='ltr'><strong>loco</strong></span> <span class='ocrx_word' id='word_1_648' title='bbox 1594 660 1678 691; x_wconf 89' lang='lat' dir='ltr'><strong>sunt</strong></span> <span class='ocrx_word' id='word_1_649' title='bbox 1709 657 1965 692; x_wconf 87' lang='lat' dir='ltr'><strong>accommodat.</strong></span> <span class='ocrx_word' id='word_1_650' title='bbox 2002 656 2090 692; x_wconf 78' lang='lat' dir='ltr'><strong>furti</strong></span> <span class='ocrx_word' id='word_1_651' title='bbox 2120 668 2261 703; x_wconf 84' lang='lat' dir='ltr'><strong>quoque</strong></span> <span class='ocrx_word' id='word_1_652' title='bbox 2290 659 2402 694; x_wconf 89' lang='lat' dir='ltr'><strong>mani-</strong></span> 
     </span>
     <span class='ocr_line' id='line_1_90' title="bbox 1319 699 2404 747; baseline 0.006 -13"><span class='ocrx_word' id='word_1_653' title='bbox 1319 699 1410 735; x_wconf 77' lang='lat' dir='ltr'><strong>’festi</strong></span> <span class='ocrx_word' id='word_1_654' title='bbox 1434 700 1548 743; x_wconf 88' lang='lat' dir='ltr'><strong>actio,</strong></span> <span class='ocrx_word' id='word_1_655' title='bbox 1580 701 1738 746; x_wconf 84' lang='lat' dir='ltr'><strong>quamvis</strong></span> <span class='ocrx_word' id='word_1_656' title='bbox 1762 712 1806 737; x_wconf 90' lang='lat' dir='ltr'><strong>ex</strong></span> <span class='ocrx_word' id='word_1_657' title='bbox 1828 701 1940 747; x_wconf 87' lang='lat' dir='ltr'><strong>ipsius</strong></span> <span class='ocrx_word' id='word_1_658' title='bbox 1963 702 2138 747; x_wconf 88' lang='lat' dir='ltr'><strong>praetoris</strong></span> <span class='ocrx_word' id='word_1_659' title='bbox 2161 702 2404 740; x_wconf 89' lang='lat' dir='ltr'><strong>iurisdictione</strong></span> 
     </span>
     <span class='ocr_line' id='line_1_91' title="bbox 1319 745 2403 792; baseline 0.005 -13"><span class='ocrx_word' id='word_1_660' title='bbox 1319 745 1587 790; x_wconf 67' lang='lat' dir='ltr'><strong>proficiscatur,</strong></span> <span class='ocrx_word' id='word_1_661' title='bbox 1606 750 1729 782; x_wconf 91' lang='lat' dir='ltr'><strong>tamen</strong></span> <span class='ocrx_word' id='word_1_662' title='bbox 1747 750 1918 792; x_wconf 89' lang='lat' dir='ltr'><strong>perpetuo</strong></span> <span class='ocrx_word' id='word_1_663' title='bbox 1939 746 2071 782; x_wconf 77' lang='lat' dir='ltr'><strong>datur&#39;:</strong></span> <span class='ocrx_word' id='word_1_664' title='bbox 2097 747 2292 784; x_wconf 85' lang='lat' dir='ltr'><strong>absurdum</strong></span> <span class='ocrx_word' id='word_1_665' title='bbox 2311 749 2403 785; x_wconf 90' lang='lat' dir='ltr'><strong>enim</strong></span> 
     </span>
     <span class='ocr_line' id='line_1_92' title="bbox 1322 791 2404 830; baseline 0.005 -5"><span class='ocrx_word' id='word_1_666' title='bbox 1322 795 1336 824; x_wconf 92' lang='lat'>1</span> <span class='ocrx_word' id='word_1_667' title='bbox 1386 800 1464 826; x_wconf 89' lang='lat' dir='ltr'><strong>esse</strong></span> <span class='ocrx_word' id='word_1_668' title='bbox 1487 791 1698 826; x_wconf 87' lang='lat' dir='ltr'><strong>existimavit</strong></span> <span class='ocrx_word' id='word_1_669' title='bbox 1716 801 1811 827; x_wconf 89' lang='lat' dir='ltr'><strong>anno</strong></span> <span class='ocrx_word' id='word_1_670' title='bbox 1832 801 1911 827; x_wconf 88' lang='lat' dir='ltr'><strong>eam</strong></span> <span class='ocrx_word' id='word_1_671' title='bbox 1930 792 2120 828; x_wconf 88' lang='lat' dir='ltr'><strong>terminari.</strong></span> <span class='ocrx_word' id='word_1_672' title='bbox 2169 792 2260 829; x_wconf 79' lang='lat' dir='ltr'><strong>&#39;Non</strong></span> <span class='ocrx_word' id='word_1_673' title='bbox 2280 803 2404 830; x_wconf 87' lang='lat' dir='ltr'><strong>omnes</strong></span> 
     </span>
     <span class='ocr_line' id='line_1_93' title="bbox 1319 835 2402 883; baseline 0.005 -13"><span class='ocrx_word' id='word_1_674' title='bbox 1319 835 1447 870; x_wconf 83' lang='lat' dir='ltr'><strong>&#39;autem</strong></span> <span class='ocrx_word' id='word_1_675' title='bbox 1471 836 1648 879; x_wconf 88' lang='lat' dir='ltr'><strong>actiones,</strong></span> <span class='ocrx_word' id='word_1_676' title='bbox 1674 846 1766 882; x_wconf 89' lang='lat' dir='ltr'><strong>quae</strong></span> <span class='ocrx_word' id='word_1_677' title='bbox 1788 836 1825 871; x_wconf 92' lang='lat' dir='ltr'><strong>in</strong></span> <span class='ocrx_word' id='word_1_678' title='bbox 1848 837 1999 881; x_wconf 85' lang='lat' dir='ltr'><strong>aliquem</strong></span> <span class='ocrx_word' id='word_1_679' title='bbox 2021 841 2086 872; x_wconf 89' lang='lat' dir='ltr'><strong>aut</strong></span> <span class='ocrx_word' id='word_1_680' title='bbox 2107 838 2185 883; x_wconf 87' lang='lat' dir='ltr'><strong>ipso</strong></span> <span class='ocrx_word' id='word_1_681' title='bbox 2208 837 2284 874; x_wconf 89' lang='lat' dir='ltr'><strong>iure</strong></span> <span class='ocrx_word' id='word_1_682' title='bbox 2308 849 2402 875; x_wconf 91' lang='lat' dir='ltr'><strong>com·</strong></span> 
     </span>
     <span class='ocr_line' id='line_1_94' title="bbox 1319 881 2404 930; baseline 0.004 -15"><span class='ocrx_word' id='word_1_683' title='bbox 1319 881 1455 926; x_wconf 78' lang='lat' dir='ltr'><strong>’petunt</strong></span> <span class='ocrx_word' id='word_1_684' title='bbox 1477 885 1541 916; x_wconf 90' lang='lat' dir='ltr'><strong>aut</strong></span> <span class='ocrx_word' id='word_1_685' title='bbox 1565 891 1587 916; x_wconf 91' lang='lat' dir='ltr'><strong>a</strong></span> <span class='ocrx_word' id='word_1_686' title='bbox 1608 886 1774 926; x_wconf 88' lang='lat' dir='ltr'><strong>praetore</strong></span> <span class='ocrx_word' id='word_1_687' title='bbox 1797 881 1944 924; x_wconf 90' lang='lat' dir='ltr'><strong>dantur,</strong></span> <span class='ocrx_word' id='word_1_688' title='bbox 1977 885 2013 917; x_wconf 86' lang='lat' dir='ltr'><strong>et</strong></span> <span class='ocrx_word' id='word_1_689' title='bbox 2043 882 2079 917; x_wconf 91' lang='lat' dir='ltr'><strong>in</strong></span> <span class='ocrx_word' id='word_1_690' title='bbox 2102 883 2269 918; x_wconf 90' lang='lat' dir='ltr'><strong>heredem</strong></span> <span class='ocrx_word' id='word_1_691' title='bbox 2291 894 2404 930; x_wconf 88' lang='lat' dir='ltr'><strong>aeque</strong></span> 
     </span>
     <span class='ocr_line' id='line_1_95' title="bbox 1318 926 2403 965; baseline 0.004 -4"><span class='ocrx_word' id='word_1_692' title='bbox 1318 926 1407 962; x_wconf 76' lang='lat' dir='ltr'><strong>&#39;com</strong></span> <span class='ocrx_word' id='word_1_693' title='bbox 1433 929 1535 961; x_wconf 90' lang='lat' dir='ltr'><strong>etunt</strong></span> <span class='ocrx_word' id='word_1_694' title='bbox 1557 930 1621 961; x_wconf 90' lang='lat' dir='ltr'><strong>aut</strong></span> <span class='ocrx_word' id='word_1_695' title='bbox 1644 926 1720 961; x_wconf 90' lang='lat' dir='ltr'><strong>dari</strong></span> <span class='ocrx_word' id='word_1_696' title='bbox 1743 927 1869 962; x_wconf 90' lang='lat' dir='ltr'><strong>solent.</strong></span> <span class='ocrx_word' id='word_1_697' title='bbox 1906 930 1960 963; x_wconf 88' lang='lat' dir='ltr'><strong>est</strong></span> <span class='ocrx_word' id='word_1_698' title='bbox 1983 927 2076 962; x_wconf 92' lang='lat' dir='ltr'><strong>enim</strong></span> <span class='ocrx_word' id='word_1_699' title='bbox 2099 928 2295 964; x_wconf 84' lang='lat' dir='ltr'><strong>certissima</strong></span> <span class='ocrx_word' id='word_1_700' title='bbox 2316 929 2403 965; x_wconf 91' lang='lat' dir='ltr'><strong>iuris</strong></span> 
     </span>
     <span class='ocr_line' id='line_1_96' title="bbox 1319 936 2406 1017; baseline 0.004 -11"><span class='ocrx_word' id='word_1_701' title='bbox 1319 936 1448 1016; x_wconf 43' lang='lat' dir='ltr'><strong>&#39;reg-uia</strong></span> <span class='ocrx_word' id='word_1_702' title='bbox 1472 981 1515 1006; x_wconf 88' lang='lat' dir='ltr'><strong>ex</strong></span> <span class='ocrx_word' id='word_1_703' title='bbox 1545 971 1727 1007; x_wconf 91' lang='lat' dir='ltr'><strong>maleficiis</strong></span> <span class='ocrx_word' id='word_1_704' title='bbox 1757 971 1926 1017; x_wconf 88' lang='lat' dir='ltr'><strong>poenales</strong></span> <span class='ocrx_word' id='word_1_705' title='bbox 1958 972 2117 1008; x_wconf 84' lang='lat' dir='ltr'><strong>actiones</strong></span> <span class='ocrx_word' id='word_1_706' title='bbox 2147 972 2185 1008; x_wconf 93' lang='lat' dir='ltr'><strong>in</strong></span> <span class='ocrx_word' id='word_1_707' title='bbox 2215 973 2406 1010; x_wconf 77' lang='lat' dir='ltr'><strong>heredem⁹</strong></span> 
     </span>
     <span class='ocr_line' id='line_1_97' title="bbox 1319 1017 2400 1071; baseline 0.004 -20"><span class='ocrx_word' id='word_1_708' title='bbox 1319 1017 1401 1051; x_wconf 76' lang='lat' dir='ltr'><strong>&#39;non</strong></span> <span class='ocrx_word' id='word_1_709' title='bbox 1424 1020 1643 1062; x_wconf 82' lang='lat' dir='ltr'><strong>competere,</strong></span> <span class='ocrx_word' id='word_1_710' title='bbox 1674 1017 1784 1052; x_wconf 89' lang='lat' dir='ltr'><strong>veluti</strong></span> <span class='ocrx_word' id='word_1_711' title='bbox 1805 1017 1912 1060; x_wconf 87' lang='lat' dir='ltr'><strong>furti,</strong></span> <span class='ocrx_word' id='word_1_712' title='bbox 1943 1017 1978 1052; x_wconf 92' lang='lat' dir='ltr'><strong>vi</strong></span> <span class='ocrx_word' id='word_1_713' title='bbox 2006 1017 2183 1053; x_wconf 89' lang='lat' dir='ltr'><strong>bonorum</strong></span> <span class='ocrx_word' id='word_1_714' title='bbox 2205 1022 2400 1071; x_wconf 81' lang='lat' dir='ltr'><strong>raptorum,</strong></span> 
     </span>
     <span class='ocr_line' id='line_1_98' title="bbox 1320 1061 2404 1104; baseline 0.004 -8"><span class='ocrx_word' id='word_1_715' title='bbox 1320 1061 1546 1104; x_wconf 67' lang='lat' dir='ltr'><strong>iniuriarum,</strong></span> <span class='ocrx_word' id='word_1_716' title='bbox 1572 1061 1691 1097; x_wconf 91' lang='lat' dir='ltr'><strong>damni</strong></span> <span class='ocrx_word' id='word_1_717' title='bbox 1714 1062 1873 1098; x_wconf 82' lang='lat' dir='ltr'><strong>iniuriae.</strong></span> <span class='ocrx_word' id='word_1_718' title='bbox 1910 1061 1974 1098; x_wconf 90' lang='lat' dir='ltr'><strong>sed</strong></span> <span class='ocrx_word' id='word_1_719' title='bbox 1993 1062 2182 1099; x_wconf 85' lang='lat' dir='ltr'><strong>heredibus</strong></span> <span class='ocrx_word' id='word_1_720' title='bbox 2201 1063 2404 1100; x_wconf 83' lang='lat' dir='ltr'><strong>huiusmodi</strong></span> 
     </span>
     <span class='ocr_line' id='line_1_99' title="bbox 1319 1106 2401 1154; baseline 0.004 -13"><span class='ocrx_word' id='word_1_721' title='bbox 1319 1106 1487 1142; x_wconf 79' lang='lat' dir='ltr'><strong>&#39;actiones</strong></span> <span class='ocrx_word' id='word_1_722' title='bbox 1511 1110 1717 1152; x_wconf 89' lang='lat' dir='ltr'><strong>competunt</strong></span> <span class='ocrx_word' id='word_1_723' title='bbox 1739 1118 1806 1143; x_wconf 91' lang='lat' dir='ltr'><strong>nec</strong></span> <span class='ocrx_word' id='word_1_724' title='bbox 1830 1107 2060 1153; x_wconf 83' lang='lat' dir='ltr'><strong>denegantur,</strong></span> <span class='ocrx_word' id='word_1_725' title='bbox 2085 1112 2235 1154; x_wconf 87' lang='lat' dir='ltr'><strong>excepta</strong></span> <span class='ocrx_word' id='word_1_726' title='bbox 2256 1109 2401 1145; x_wconf 88' lang='lat' dir='ltr'><strong>iniuria-</strong></span> 
     </span>
     <span class='ocr_line' id='line_1_100' title="bbox 1318 1152 2403 1198; baseline 0.003 -11"><span class='ocrx_word' id='word_1_727' title='bbox 1318 1152 1406 1187; x_wconf 77' lang='lat' dir='ltr'><strong>&#39;rum</strong></span> <span class='ocrx_word' id='word_1_728' title='bbox 1437 1152 1579 1188; x_wconf 90' lang='lat' dir='ltr'><strong>actione</strong></span> <span class='ocrx_word' id='word_1_729' title='bbox 1609 1156 1646 1188; x_wconf 90' lang='lat' dir='ltr'><strong>et</strong></span> <span class='ocrx_word' id='word_1_730' title='bbox 1675 1152 1706 1188; x_wconf 88' lang='lat' dir='ltr'><strong>si</strong></span> <span class='ocrx_word' id='word_1_731' title='bbox 1738 1163 1809 1198; x_wconf 90' lang='lat' dir='ltr'><strong>qua</strong></span> <span class='ocrx_word' id='word_1_732' title='bbox 1840 1153 1910 1188; x_wconf 89' lang='lat' dir='ltr'><strong>alia</strong></span> <span class='ocrx_word' id='word_1_733' title='bbox 1941 1153 2062 1189; x_wconf 89' lang='lat' dir='ltr'><strong>similis</strong></span> <span class='ocrx_word' id='word_1_734' title='bbox 2085 1153 2295 1190; x_wconf 87' lang='lat' dir='ltr'><strong>inveniatur.</strong></span> <span class='ocrx_word' id='word_1_735' title='bbox 2339 1154 2403 1190; x_wconf 90' lang='lat' dir='ltr'><strong>ali-</strong></span> 
     </span>
     <span class='ocr_line' id='line_1_101' title="bbox 1319 1197 2402 1242; baseline 0.003 -10"><span class='ocrx_word' id='word_1_736' title='bbox 1319 1197 1471 1242; x_wconf 79' lang='lat' dir='ltr'><strong>&#39;quando</strong></span> <span class='ocrx_word' id='word_1_737' title='bbox 1503 1201 1622 1233; x_wconf 90' lang='lat' dir='ltr'><strong>tamen</strong></span> <span class='ocrx_word' id='word_1_738' title='bbox 1653 1198 1761 1233; x_wconf 89' lang='lat' dir='ltr'><strong>etiam</strong></span> <span class='ocrx_word' id='word_1_739' title='bbox 1793 1209 1837 1233; x_wconf 84' lang='lat' dir='ltr'><strong>ex</strong></span> <span class='ocrx_word' id='word_1_740' title='bbox 1861 1201 2048 1234; x_wconf 89' lang='lat' dir='ltr'><strong>contractu</strong></span> <span class='ocrx_word' id='word_1_741' title='bbox 2071 1198 2165 1234; x_wconf 88' lang='lat' dir='ltr'><strong>actio</strong></span> <span class='ocrx_word' id='word_1_742' title='bbox 2190 1202 2318 1234; x_wconf 88' lang='lat' dir='ltr'><strong>contra</strong></span> <span class='ocrx_word' id='word_1_743' title='bbox 2340 1200 2402 1235; x_wconf 89' lang='lat' dir='ltr'><strong>he-</strong></span> 
     </span>
     <span class='ocr_line' id='line_1_102' title="bbox 1319 1242 2403 1288; baseline 0.003 -11"><span class='ocrx_word' id='word_1_744' title='bbox 1319 1242 1447 1278; x_wconf 74' lang='lat' dir='ltr'><strong>&#39;redem</strong></span> <span class='ocrx_word' id='word_1_745' title='bbox 1472 1253 1543 1277; x_wconf 88' lang='lat' dir='ltr'><strong>non</strong></span> <span class='ocrx_word' id='word_1_746' title='bbox 1567 1243 1737 1288; x_wconf 90' lang='lat' dir='ltr'><strong>competit</strong></span> <span class='ocrx_word' id='word_1_747' title='bbox 1746 1243 1764 1286; x_wconf 76' lang='lat'><strong>,⁴</strong></span> <span class='ocrx_word' id='word_1_748' title='bbox 1797 1254 1878 1278; x_wconf 91' lang='lat' dir='ltr'><strong>cum</strong></span> <span class='ocrx_word' id='word_1_749' title='bbox 1908 1246 2059 1279; x_wconf 89' lang='lat' dir='ltr'><strong>testator</strong></span> <span class='ocrx_word' id='word_1_750' title='bbox 2090 1243 2212 1280; x_wconf 89' lang='lat' dir='ltr'><strong>dolose</strong></span> <span class='ocrx_word' id='word_1_751' title='bbox 2242 1248 2403 1280; x_wconf 81' lang='lat' dir='ltr'><strong>versatus</strong></span> 
     </span>
     <span class='ocr_line' id='line_1_103' title="bbox 1318 1287 2401 1334; baseline 0.003 -12"><span class='ocrx_word' id='word_1_752' title='bbox 1318 1287 1365 1323; x_wconf 90' lang='lat' dir='ltr'><strong>sit</strong></span> <span class='ocrx_word' id='word_1_753' title='bbox 1395 1291 1431 1323; x_wconf 89' lang='lat' dir='ltr'><strong>et</strong></span> <span class='ocrx_word' id='word_1_754' title='bbox 1462 1288 1509 1323; x_wconf 89' lang='lat' dir='ltr'><strong>ad</strong></span> <span class='ocrx_word' id='word_1_755' title='bbox 1540 1287 1705 1323; x_wconf 86' lang='lat' dir='ltr'><strong>heredem</strong></span> <span class='ocrx_word' id='word_1_756' title='bbox 1737 1288 1812 1324; x_wconf 89' lang='lat' dir='ltr'><strong>eius</strong></span> <span class='ocrx_word' id='word_1_757' title='bbox 1845 1288 1930 1323; x_wconf 90' lang='lat' dir='ltr'><strong>nihil</strong></span> <span class='ocrx_word' id='word_1_758' title='bbox 1955 1298 1998 1323; x_wconf 84' lang='lat' dir='ltr'><strong>ex</strong></span> <span class='ocrx_word' id='word_1_759' title='bbox 2022 1298 2064 1324; x_wconf 86' lang='lat' dir='ltr'><strong>eo</strong></span> <span class='ocrx_word' id='word_1_760' title='bbox 2088 1288 2169 1324; x_wconf 92' lang='lat' dir='ltr'><strong>dolo</strong></span> <span class='ocrx_word' id='word_1_761' title='bbox 2193 1289 2401 1334; x_wconf 87' lang='lat' dir='ltr'><strong>pervenerit.</strong></span> 
     </span>
     <span class='ocr_line' id='line_1_104' title="bbox 1317 1333 2403 1386; baseline 0.003 -18"><span class='ocrx_word' id='word_1_762' title='bbox 1317 1333 1485 1386; x_wconf 83' lang='lat' dir='ltr'><strong>poenales</strong></span> <span class='ocrx_word' id='word_1_763' title='bbox 1510 1336 1628 1369; x_wconf 89' lang='lat' dir='ltr'><strong>autem</strong></span> <span class='ocrx_word' id='word_1_764' title='bbox 1652 1333 1830 1376; x_wconf 89' lang='lat' dir='ltr'><strong>actiones,</strong></span> <span class='ocrx_word' id='word_1_765' title='bbox 1862 1343 1952 1385; x_wconf 72' lang='lat' dir='ltr'><strong>quas</strong></span> <span class='ocrx_word' id='word_1_766' title='bbox 1976 1344 2086 1378; x_wconf 88' lang='lat' dir='ltr'><strong>supra</strong></span> <span class='ocrx_word' id='word_1_767' title='bbox 2109 1333 2279 1378; x_wconf 85' lang='lat' dir='ltr'><strong>diximus,</strong></span> <span class='ocrx_word' id='word_1_768' title='bbox 2303 1335 2334 1371; x_wconf 92' lang='lat' dir='ltr'><strong>si</strong></span> <span class='ocrx_word' id='word_1_769' title='bbox 2357 1335 2403 1370; x_wconf 88' lang='lat' dir='ltr'><strong>ab</strong></span> 
     </span>
     <span class='ocr_line' id='line_1_105' title="bbox 1317 1377 2404 1424; baseline 0.003 -11"><span class='ocrx_word' id='word_1_770' title='bbox 1317 1378 1405 1423; x_wconf 86' lang='lat' dir='ltr'><strong>ipsis</strong></span> <span class='ocrx_word' id='word_1_771' title='bbox 1438 1378 1698 1424; x_wconf 89' lang='lat' dir='ltr'><strong>principalibus</strong></span> <span class='ocrx_word' id='word_1_772' title='bbox 1732 1388 1895 1424; x_wconf 88' lang='lat' dir='ltr'><strong>persoms</strong></span> <span class='ocrx_word' id='word_1_773' title='bbox 1925 1377 2060 1414; x_wconf 88' lang='lat' dir='ltr'><strong>fuerint</strong></span> <span class='ocrx_word' id='word_1_774' title='bbox 2095 1382 2334 1423; x_wconf 84' lang='lat' dir='ltr'><strong>contestatae,</strong></span> <span class='ocrx_word' id='word_1_775' title='bbox 2369 1384 2404 1415; x_wconf 88' lang='lat' dir='ltr'><strong>et</strong></span> 
     </span>
     <span class='ocr_line' id='line_1_106' title="bbox 1318 1423 2401 1461; baseline 0.002 -2"><span class='ocrx_word' id='word_1_776' title='bbox 1318 1425 1338 1458; x_wconf 85' lang='lat'><strong>2</strong></span> <span class='ocrx_word' id='word_1_777' title='bbox 1385 1423 1573 1459; x_wconf 88' lang='lat' dir='ltr'><strong>heredibus</strong></span> <span class='ocrx_word' id='word_1_778' title='bbox 1594 1423 1726 1459; x_wconf 86' lang='lat' dir='ltr'><strong>dantur</strong></span> <span class='ocrx_word' id='word_1_779' title='bbox 1744 1427 1781 1459; x_wconf 92' lang='lat' dir='ltr'><strong>et</strong></span> <span class='ocrx_word' id='word_1_780' title='bbox 1800 1426 1926 1459; x_wconf 90' lang='lat' dir='ltr'><strong>contra</strong></span> <span class='ocrx_word' id='word_1_781' title='bbox 1937 1423 2086 1459; x_wconf 87' lang='lat' dir='ltr'><strong>heredes</strong></span> <span class='ocrx_word' id='word_1_782' title='bbox 2097 1427 2296 1460; x_wconf 89' lang='lat' dir='ltr'><strong>transeunt.</strong></span> <span class='ocrx_word' id='word_1_783' title='bbox 2333 1425 2401 1461; x_wconf 86' lang='lat' dir='ltr'><strong>Su-</strong></span> 
     </span>
     <span class='ocr_line' id='line_1_107' title="bbox 1317 1468 2403 1521; baseline 0.002 -17"><span class='ocrx_word' id='word_1_784' title='bbox 1317 1472 1436 1521; x_wconf 84' lang='lat' dir='ltr'><strong>perest</strong></span> <span class='ocrx_word' id='word_1_785' title='bbox 1459 1472 1501 1504; x_wconf 91' lang='lat' dir='ltr'><strong>ut</strong></span> <span class='ocrx_word' id='word_1_786' title='bbox 1524 1469 1796 1512; x_wconf 87' lang='lat' dir='ltr'><strong>admoneamus,</strong></span> <span class='ocrx_word' id='word_1_787' title='bbox 1828 1468 1924 1514; x_wconf 89' lang='lat' dir='ltr'><strong>quod</strong></span> <span class='ocrx_word' id='word_1_788' title='bbox 1954 1469 1985 1505; x_wconf 92' lang='lat' dir='ltr'><strong>si</strong></span> <span class='ocrx_word' id='word_1_789' title='bbox 2008 1473 2092 1504; x_wconf 90' lang='lat' dir='ltr'><strong>ante</strong></span> <span class='ocrx_word' id='word_1_790' title='bbox 2113 1479 2188 1505; x_wconf 90' lang='lat' dir='ltr'><strong>rem</strong></span> <span class='ocrx_word' id='word_1_791' title='bbox 2210 1469 2403 1506; x_wconf 88' lang='lat' dir='ltr'><strong>iudicatam</strong></span> 
     </span>
     <span class='ocr_line' id='line_1_108' title="bbox 1316 1513 2400 1560; baseline 0.002 -11"><span class='ocrx_word' id='word_1_792' title='bbox 1316 1524 1347 1549; x_wconf 89' lang='lat' dir='ltr'><strong>is</strong></span> <span class='ocrx_word' id='word_1_793' title='bbox 1371 1524 1453 1550; x_wconf 91' lang='lat' dir='ltr'><strong>cum</strong></span> <span class='ocrx_word' id='word_1_794' title='bbox 1475 1525 1544 1560; x_wconf 85' lang='lat' dir='ltr'><strong>quo</strong></span> <span class='ocrx_word' id='word_1_795' title='bbox 1570 1518 1691 1550; x_wconf 85' lang='lat' dir='ltr'><strong>actum</strong></span> <span class='ocrx_word' id='word_1_796' title='bbox 1716 1518 1770 1550; x_wconf 91' lang='lat' dir='ltr'><strong>est</strong></span> <span class='ocrx_word' id='word_1_797' title='bbox 1793 1513 1993 1550; x_wconf 87' lang='lat' dir='ltr'><strong>satisfaciat</strong></span> <span class='ocrx_word' id='word_1_798' title='bbox 2015 1514 2140 1558; x_wconf 89' lang='lat' dir='ltr'><strong>actori,</strong></span> <span class='ocrx_word' id='word_1_799' title='bbox 2165 1514 2284 1551; x_wconf 83' lang='lat' dir='ltr'><strong>officio</strong></span> <span class='ocrx_word' id='word_1_800' title='bbox 2307 1515 2400 1551; x_wconf 91' lang='lat' dir='ltr'><strong>iudi-</strong></span> 
     </span>
     <span class='ocr_line' id='line_1_109' title="bbox 1318 1559 2403 1606; baseline 0.002 -12"><span class='ocrx_word' id='word_1_801' title='bbox 1318 1559 1369 1594; x_wconf 91' lang='lat' dir='ltr'><strong>cis</strong></span> <span class='ocrx_word' id='word_1_802' title='bbox 1401 1559 1566 1595; x_wconf 89' lang='lat' dir='ltr'><strong>convenit</strong></span> <span class='ocrx_word' id='word_1_803' title='bbox 1596 1570 1677 1595; x_wconf 92' lang='lat' dir='ltr'><strong>eum</strong></span> <span class='ocrx_word' id='word_1_804' title='bbox 1707 1559 1910 1602; x_wconf 84' lang='lat' dir='ltr'><strong>absolvere,</strong></span> <span class='ocrx_word' id='word_1_805' title='bbox 1941 1559 2026 1596; x_wconf 91' lang='lat' dir='ltr'><strong>licet</strong></span> <span class='ocrx_word' id='word_1_806' title='bbox 2054 1559 2176 1596; x_wconf 89' lang='lat' dir='ltr'><strong>iudicii</strong></span> <span class='ocrx_word' id='word_1_807' title='bbox 2206 1560 2403 1606; x_wconf 87' lang='lat' dir='ltr'><strong>accipiendi</strong></span> 
     </span>
     <span class='ocr_line' id='line_1_110' title="bbox 1316 1604 2403 1650; baseline 0.002 -11"><span class='ocrx_word' id='word_1_808' title='bbox 1316 1607 1476 1650; x_wconf 91' lang='lat' dir='ltr'><strong>tempore</strong></span> <span class='ocrx_word' id='word_1_809' title='bbox 1498 1605 1535 1639; x_wconf 89' lang='lat' dir='ltr'><strong>in</strong></span> <span class='ocrx_word' id='word_1_810' title='bbox 1560 1614 1602 1640; x_wconf 92' lang='lat' dir='ltr'><strong>ea</strong></span> <span class='ocrx_word' id='word_1_811' title='bbox 1626 1615 1735 1640; x_wconf 88' lang='lat' dir='ltr'><strong>causa</strong></span> <span class='ocrx_word' id='word_1_812' title='bbox 1757 1604 1900 1648; x_wconf 86' lang='lat' dir='ltr'><strong>fuisset,</strong></span> <span class='ocrx_word' id='word_1_813' title='bbox 1933 1608 1974 1641; x_wconf 92' lang='lat' dir='ltr'><strong>ut</strong></span> <span class='ocrx_word' id='word_1_814' title='bbox 2004 1604 2166 1640; x_wconf 83' lang='lat' dir='ltr'><strong>damnari</strong></span> <span class='ocrx_word' id='word_1_815' title='bbox 2188 1605 2334 1642; x_wconf 77' lang='lat' dir='ltr'><strong>debeat:</strong></span> <span class='ocrx_word' id='word_1_816' title='bbox 2368 1610 2403 1642; x_wconf 89' lang='lat' dir='ltr'><strong>et</strong></span> 
     </span>
     <span class='ocr_line' id='line_1_111' title="bbox 1317 1650 2403 1696; baseline 0.001 -11"><span class='ocrx_word' id='word_1_817' title='bbox 1317 1650 1386 1685; x_wconf 92' lang='lat' dir='ltr'><strong>hoc</strong></span> <span class='ocrx_word' id='word_1_818' title='bbox 1418 1653 1489 1693; x_wconf 91' lang='lat' dir='ltr'><strong>est,</strong></span> <span class='ocrx_word' id='word_1_819' title='bbox 1526 1650 1622 1695; x_wconf 88' lang='lat' dir='ltr'><strong>quod</strong></span> <span class='ocrx_word' id='word_1_820' title='bbox 1653 1654 1736 1686; x_wconf 91' lang='lat' dir='ltr'><strong>ante</strong></span> <span class='ocrx_word' id='word_1_821' title='bbox 1766 1650 1868 1696; x_wconf 85' lang='lat' dir='ltr'><strong>vulgo</strong></span> <span class='ocrx_word' id='word_1_822' title='bbox 1901 1650 2089 1686; x_wconf 88' lang='lat' dir='ltr'><strong>dicebatur</strong></span> <span class='ocrx_word' id='word_1_823' title='bbox 2118 1650 2237 1687; x_wconf 87' lang='lat' dir='ltr'><strong>omnia</strong></span> <span class='ocrx_word' id='word_1_824' title='bbox 2271 1651 2403 1687; x_wconf 85' lang='lat' dir='ltr'><strong>iudicia</strong></span> 
     </span>
     <span class='ocr_line' id='line_1_112' title="bbox 1318 1695 1649 1731; baseline 0.003 -1"><span class='ocrx_word' id='word_1_825' title='bbox 1318 1695 1538 1731; x_wconf 87' lang='lat' dir='ltr'><strong>absolutoria</strong></span> <span class='ocrx_word' id='word_1_826' title='bbox 1561 1706 1649 1731; x_wconf 90' lang='lat' dir='ltr'><strong>esse.</strong></span> 
     </span>
    </p>
   </div>
   <div class='ocr_carea' id='block_1_10' title="bbox 1626 1765 2087 1865">
    <p class='ocr_par' dir='ltr' id='par_1_11' title="bbox 1626 1765 2087 1865">
     <span class='ocr_line' id='line_1_113' title="bbox 1792 1765 1927 1806; baseline 0 -20"><span class='ocrx_word' id='word_1_827' title='bbox 1792 1765 1887 1806; x_wconf 76' lang='lat' dir='ltr'>XIII</span> <span class='ocrx_word' id='word_1_828' title='bbox 1898 1765 1927 1786; x_wconf 81' lang='lat' dir='ltr'><strong>io</strong></span> 
     </span>
     <span class='ocr_line' id='line_1_114' title="bbox 1626 1831 2087 1865; baseline 0 -1"><span class='ocrx_word' id='word_1_829' title='bbox 1626 1832 1687 1864; x_wconf 88' lang='lat' dir='ltr'><strong>DE</strong></span> <span class='ocrx_word' id='word_1_830' title='bbox 1711 1831 2087 1865; x_wconf 85' lang='lat' dir='ltr'><strong>EXCEPTIONIBUS.</strong></span> 
     </span>
    </p>
   </div>
   <div class='ocr_carea' id='block_1_11' title="bbox 1308 1897 2403 3526">
    <p class='ocr_par' dir='ltr' id='par_1_12' title="bbox 1308 1897 2403 3526">
     <span class='ocr_line' id='line_1_115' title="bbox 1367 1897 2401 1944; baseline 0.003 -11"><span class='ocrx_word' id='word_1_831' title='bbox 1367 1898 1588 1944; x_wconf 76' lang='lat' dir='ltr'><strong>²¹&#39;Sequitur‚</strong></span> <span class='ocrx_word' id='word_1_832' title='bbox 1613 1902 1654 1934; x_wconf 92' lang='lat' dir='ltr'><strong>ut</strong></span> <span class='ocrx_word' id='word_1_833' title='bbox 1677 1898 1722 1934; x_wconf 92' lang='lat' dir='ltr'><strong>de</strong></span> <span class='ocrx_word' id='word_1_834' title='bbox 1745 1898 2013 1944; x_wconf 85' lang='lat' dir='ltr'><strong>exceptionibus</strong></span> <span class='ocrx_word' id='word_1_835' title='bbox 2033 1897 2272 1944; x_wconf 88' lang='lat' dir='ltr'><strong>dispiciamus.</strong></span> <span class='ocrx_word' id='word_1_836' title='bbox 2306 1911 2401 1936; x_wconf 89' lang='lat' dir='ltr'><strong>com-</strong></span> 
     </span>
     <span class='ocr_line' id='line_1_116' title="bbox 1317 1943 2400 1990; baseline 0.002 -11"><span class='ocrx_word' id='word_1_837' title='bbox 1317 1944 1476 1989; x_wconf 85' lang='lat' dir='ltr'><strong>&#39;paratae</strong></span> <span class='ocrx_word' id='word_1_838' title='bbox 1508 1947 1593 1979; x_wconf 90' lang='lat' dir='ltr'><strong>sunt</strong></span> <span class='ocrx_word' id='word_1_839' title='bbox 1625 1947 1745 1980; x_wconf 90' lang='lat' dir='ltr'><strong>autem</strong></span> <span class='ocrx_word' id='word_1_840' title='bbox 1767 1944 1994 1990; x_wconf 88' lang='lat' dir='ltr'><strong>exceptiones</strong></span> <span class='ocrx_word' id='word_1_841' title='bbox 2018 1943 2319 1981; x_wconf 83' lang='lat' dir='ltr'><strong>defendendorum</strong></span> <span class='ocrx_word' id='word_1_842' title='bbox 2341 1955 2400 1981; x_wconf 92' lang='lat' dir='ltr'><strong>eo-</strong></span> 
     </span>
     <span class='ocr_line' id='line_1_117' title="bbox 1316 1989 2402 2035; baseline 0.002 -11"><span class='ocrx_word' id='word_1_843' title='bbox 1316 1990 1405 2025; x_wconf 80' lang='lat' dir='ltr'><strong>&#39;rum</strong></span> <span class='ocrx_word' id='word_1_844' title='bbox 1426 1989 1562 2035; x_wconf 86' lang='lat' dir='ltr'><strong>gratia,</strong></span> <span class='ocrx_word' id='word_1_845' title='bbox 1587 2000 1669 2026; x_wconf 93' lang='lat' dir='ltr'><strong>cum</strong></span> <span class='ocrx_word' id='word_1_846' title='bbox 1692 1989 1821 2035; x_wconf 88' lang='lat' dir='ltr'><strong>quibus</strong></span> <span class='ocrx_word' id='word_1_847' title='bbox 1845 1989 1980 2035; x_wconf 86' lang='lat' dir='ltr'><strong>agitur:</strong></span> <span class='ocrx_word' id='word_1_848' title='bbox 2006 1999 2114 2035; x_wconf 86' lang='lat' dir='ltr'><strong>saepe</strong></span> <span class='ocrx_word' id='word_1_849' title='bbox 2137 1990 2230 2025; x_wconf 85' lang='lat' dir='ltr'><strong>enim</strong></span> <span class='ocrx_word' id='word_1_850' title='bbox 2251 1989 2402 2033; x_wconf 59' lang='lat' dir='ltr'><strong>accidit:</strong></span> 
     </span>
     <span class='ocr_line' id='line_1_118' title="bbox 1315 2034 2403 2081; baseline 0.002 -11"><span class='ocrx_word' id='word_1_851' title='bbox 1315 2038 1373 2078; x_wconf 91' lang='lat' dir='ltr'><strong>ut,</strong></span> <span class='ocrx_word' id='word_1_852' title='bbox 1405 2034 1490 2070; x_wconf 89' lang='lat' dir='ltr'><strong>licet</strong></span> <span class='ocrx_word' id='word_1_853' title='bbox 1519 2034 1601 2080; x_wconf 92' lang='lat' dir='ltr'><strong>ipsa</strong></span> <span class='ocrx_word' id='word_1_854' title='bbox 1623 2034 1824 2080; x_wconf 89' lang='lat' dir='ltr'><strong>persecutio</strong></span> <span class='ocrx_word' id='word_1_855' title='bbox 1838 2035 1865 2056; x_wconf 78' lang='lat'><strong>¹²</strong></span> <span class='ocrx_word' id='word_1_856' title='bbox 1888 2045 1959 2080; x_wconf 86' lang='lat' dir='ltr'><strong>qua</strong></span> <span class='ocrx_word' id='word_1_857' title='bbox 1982 2038 2084 2071; x_wconf 87' lang='lat' dir='ltr'><strong>actor</strong></span> <span class='ocrx_word' id='word_1_858' title='bbox 2107 2035 2287 2081; x_wconf 86' lang='lat' dir='ltr'><strong>experitur</strong></span> <span class='ocrx_word' id='word_1_859' title='bbox 2307 2035 2403 2072; x_wconf 86' lang='lat' dir='ltr'><strong>iusta</strong></span> 
     </span>
     <span class='ocr_line' id='line_1_119' title="bbox 1316 2079 2400 2127; baseline 0.002 -12"><span class='ocrx_word' id='word_1_860' title='bbox 1316 2080 1380 2123; x_wconf 90' lang='lat' dir='ltr'><strong>sit,</strong></span> <span class='ocrx_word' id='word_1_861' title='bbox 1411 2083 1531 2115; x_wconf 90' lang='lat' dir='ltr'><strong>tamen</strong></span> <span class='ocrx_word' id='word_1_862' title='bbox 1561 2079 1683 2125; x_wconf 89' lang='lat' dir='ltr'><strong>iniqua</strong></span> <span class='ocrx_word' id='word_1_863' title='bbox 1707 2080 1754 2115; x_wconf 92' lang='lat' dir='ltr'><strong>sit</strong></span> <span class='ocrx_word' id='word_1_864' title='bbox 1777 2079 1946 2116; x_wconf 90' lang='lat' dir='ltr'><strong>adversus</strong></span> <span class='ocrx_word' id='word_1_865' title='bbox 1971 2090 2051 2115; x_wconf 89' lang='lat' dir='ltr'><strong>eum</strong></span> <span class='ocrx_word' id='word_1_866' title='bbox 2073 2090 2156 2116; x_wconf 90' lang='lat' dir='ltr'><strong>cum</strong></span> <span class='ocrx_word' id='word_1_867' title='bbox 2179 2091 2249 2126; x_wconf 91' lang='lat' dir='ltr'><strong>quo</strong></span> <span class='ocrx_word' id='word_1_868' title='bbox 2273 2081 2400 2127; x_wconf 80' lang='lat' dir='ltr'><strong>agitur.</strong></span> 
     </span>
     <span class='ocr_line' id='line_1_120' title="bbox 1318 2125 2401 2170; baseline 0.002 -10"><span class='ocrx_word' id='word_1_869' title='bbox 1318 2129 1333 2160; x_wconf 89' lang='lat'>1</span> <span class='ocrx_word' id='word_1_870' title='bbox 1382 2125 1492 2161; x_wconf 90' lang='lat' dir='ltr'><strong>Verbi</strong></span> <span class='ocrx_word' id='word_1_871' title='bbox 1521 2126 1637 2170; x_wconf 82' lang='lat' dir='ltr'><strong>gratia</strong></span> <span class='ocrx_word' id='word_1_872' title='bbox 1666 2125 1696 2161; x_wconf 88' lang='lat' dir='ltr'><strong>si</strong></span> <span class='ocrx_word' id='word_1_873' title='bbox 1726 2129 1824 2161; x_wconf 89' lang='lat' dir='ltr'><strong>metu</strong></span> <span class='ocrx_word' id='word_1_874' title='bbox 1855 2129 2002 2161; x_wconf 89' lang='lat' dir='ltr'><strong>coactus</strong></span> <span class='ocrx_word' id='word_1_875' title='bbox 2034 2130 2097 2161; x_wconf 90' lang='lat' dir='ltr'><strong>aut</strong></span> <span class='ocrx_word' id='word_1_876' title='bbox 2129 2125 2211 2162; x_wconf 90' lang='lat' dir='ltr'><strong>dolo</strong></span> <span class='ocrx_word' id='word_1_877' title='bbox 2233 2125 2401 2162; x_wconf 87' lang='lat' dir='ltr'><strong>inductus</strong></span> 
     </span>
     <span class='ocr_line' id='line_1_121' title="bbox 1315 2170 2402 2217; baseline 0.001 -11"><span class='ocrx_word' id='word_1_878' title='bbox 1315 2174 1379 2206; x_wconf 88' lang='lat' dir='ltr'><strong>aut</strong></span> <span class='ocrx_word' id='word_1_879' title='bbox 1410 2181 1530 2206; x_wconf 88' lang='lat' dir='ltr'><strong>errore</strong></span> <span class='ocrx_word' id='word_1_880' title='bbox 1559 2171 1683 2215; x_wconf 91' lang='lat' dir='ltr'><strong>lapsus</strong></span> <span class='ocrx_word' id='word_1_881' title='bbox 1713 2170 1900 2216; x_wconf 86' lang='lat' dir='ltr'><strong>stipulanti</strong></span> <span class='ocrx_word' id='word_1_882' title='bbox 1933 2170 2028 2206; x_wconf 89' lang='lat' dir='ltr'><strong>Titio</strong></span> <span class='ocrx_word' id='word_1_883' title='bbox 2059 2170 2271 2216; x_wconf 88' lang='lat' dir='ltr'><strong>promisisti,</strong></span> <span class='ocrx_word' id='word_1_884' title='bbox 2307 2171 2402 2217; x_wconf 86' lang='lat' dir='ltr'><strong>quod</strong></span> 
     </span>
     <span class='ocr_line' id='line_1_122' title="bbox 1314 2215 2400 2268; baseline 0.001 -16"><span class='ocrx_word' id='word_1_885' title='bbox 1314 2227 1387 2252; x_wconf 90' lang='lat' dir='ltr'><strong>non</strong></span> <span class='ocrx_word' id='word_1_886' title='bbox 1406 2215 1580 2252; x_wconf 88' lang='lat' dir='ltr'><strong>debueras</strong></span> <span class='ocrx_word' id='word_1_887' title='bbox 1601 2215 1816 2261; x_wconf 86' lang='lat' dir='ltr'><strong>promittere,</strong></span> <span class='ocrx_word' id='word_1_888' title='bbox 1835 2216 1955 2268; x_wconf 86' lang='lat' dir='ltr'><strong>palam</strong></span> <span class='ocrx_word' id='word_1_889' title='bbox 1975 2218 2029 2251; x_wconf 88' lang='lat' dir='ltr'><strong>est</strong></span> <span class='ocrx_word' id='word_1_890' title='bbox 2047 2215 2124 2251; x_wconf 89' lang='lat' dir='ltr'><strong>iure</strong></span> <span class='ocrx_word' id='word_1_891' title='bbox 2144 2215 2237 2252; x_wconf 87' lang='lat' dir='ltr'><strong>civili</strong></span> <span class='ocrx_word' id='word_1_892' title='bbox 2255 2219 2292 2252; x_wconf 86' lang='lat' dir='ltr'><strong>te</strong></span> <span class='ocrx_word' id='word_1_893' title='bbox 2312 2216 2400 2253; x_wconf 88' lang='lat' dir='ltr'><strong>obli-</strong></span> 
     </span>
     <span class='ocr_line' id='line_1_123' title="bbox 1313 2260 2400 2314; baseline 0.001 -17"><span class='ocrx_word' id='word_1_894' title='bbox 1313 2266 1435 2306; x_wconf 88' lang='lat' dir='ltr'><strong>gatum</strong></span> <span class='ocrx_word' id='word_1_895' title='bbox 1459 2271 1537 2297; x_wconf 89' lang='lat' dir='ltr'><strong>esse</strong></span> <span class='ocrx_word' id='word_1_896' title='bbox 1560 2265 1596 2296; x_wconf 89' lang='lat' dir='ltr'><strong>et</strong></span> <span class='ocrx_word' id='word_1_897' title='bbox 1619 2261 1725 2303; x_wconf 87' lang='lat' dir='ltr'><strong>actio,</strong></span> <span class='ocrx_word' id='word_1_898' title='bbox 1750 2270 1821 2306; x_wconf 86' lang='lat' dir='ltr'><strong>qua</strong></span> <span class='ocrx_word' id='word_1_899' title='bbox 1843 2260 2038 2296; x_wconf 77' lang='lat' dir='ltr'><strong>intenditur</strong></span> <span class='ocrx_word' id='word_1_900' title='bbox 2061 2261 2147 2296; x_wconf 89' lang='lat' dir='ltr'><strong>dare</strong></span> <span class='ocrx_word' id='word_1_901' title='bbox 2169 2265 2206 2297; x_wconf 91' lang='lat' dir='ltr'><strong>te</strong></span> <span class='ocrx_word' id='word_1_902' title='bbox 2223 2266 2400 2314; x_wconf 84' lang='lat' dir='ltr'><strong>oportere,</strong></span> 
     </span>
     <span class='ocr_line' id='line_1_124' title="bbox 1315 2305 2398 2353; baseline 0.001 -12"><span class='ocrx_word' id='word_1_903' title='bbox 1315 2306 1444 2342; x_wconf 82' lang='lat' dir='ltr'><strong>efficax</strong></span> <span class='ocrx_word' id='word_1_904' title='bbox 1475 2309 1546 2342; x_wconf 92' lang='lat' dir='ltr'><strong>est:</strong></span> <span class='ocrx_word' id='word_1_905' title='bbox 1579 2306 1643 2341; x_wconf 89' lang='lat' dir='ltr'><strong>sed</strong></span> <span class='ocrx_word' id='word_1_906' title='bbox 1672 2305 1833 2351; x_wconf 91' lang='lat' dir='ltr'><strong>iniquum</strong></span> <span class='ocrx_word' id='word_1_907' title='bbox 1863 2310 1917 2341; x_wconf 89' lang='lat' dir='ltr'><strong>est</strong></span> <span class='ocrx_word' id='word_1_908' title='bbox 1940 2309 1976 2341; x_wconf 90' lang='lat' dir='ltr'><strong>te</strong></span> <span class='ocrx_word' id='word_1_909' title='bbox 1999 2305 2228 2342; x_wconf 88' lang='lat' dir='ltr'><strong>condemnari</strong></span> <span class='ocrx_word' id='word_1_910' title='bbox 2249 2306 2398 2353; x_wconf 88' lang='lat' dir='ltr'><strong>ideoque</strong></span> 
     </span>
     <span class='ocr_line' id='line_1_125' title="bbox 1316 2351 2399 2396; baseline 0.001 -9"><span class='ocrx_word' id='word_1_911' title='bbox 1316 2351 1422 2387; x_wconf 89' lang='lat' dir='ltr'><strong>datur</strong></span> <span class='ocrx_word' id='word_1_912' title='bbox 1445 2351 1510 2386; x_wconf 91' lang='lat' dir='ltr'><strong>tibi</strong></span> <span class='ocrx_word' id='word_1_913' title='bbox 1534 2351 1694 2396; x_wconf 89' lang='lat' dir='ltr'><strong>exceptio</strong></span> <span class='ocrx_word' id='word_1_914' title='bbox 1718 2355 1832 2386; x_wconf 89' lang='lat' dir='ltr'><strong>metus</strong></span> <span class='ocrx_word' id='word_1_915' title='bbox 1858 2361 1967 2386; x_wconf 91' lang='lat' dir='ltr'><strong>causa</strong></span> <span class='ocrx_word' id='word_1_916' title='bbox 1991 2354 2055 2386; x_wconf 90' lang='lat' dir='ltr'><strong>aut</strong></span> <span class='ocrx_word' id='word_1_917' title='bbox 2077 2351 2150 2387; x_wconf 92' lang='lat' dir='ltr'><strong>doli</strong></span> <span class='ocrx_word' id='word_1_918' title='bbox 2172 2351 2258 2387; x_wconf 90' lang='lat' dir='ltr'><strong>mali</strong></span> <span class='ocrx_word' id='word_1_919' title='bbox 2279 2356 2344 2387; x_wconf 89' lang='lat' dir='ltr'><strong>aut</strong></span> <span class='ocrx_word' id='word_1_920' title='bbox 2363 2352 2399 2388; x_wconf 91' lang='lat' dir='ltr'><strong>in</strong></span> 
     </span>
     <span class='ocr_line' id='line_1_126' title="bbox 1316 2396 2399 2442; baseline 0.001 -11"><span class='ocrx_word' id='word_1_921' title='bbox 1316 2399 1336 2432; x_wconf 86' lang='lat'>2</span> <span class='ocrx_word' id='word_1_922' title='bbox 1360 2396 1497 2432; x_wconf 88' lang='lat' dir='ltr'><strong>factum</strong></span> <span class='ocrx_word' id='word_1_923' title='bbox 1505 2396 1703 2442; x_wconf 91' lang='lat' dir='ltr'><strong>composita</strong></span> <span class='ocrx_word' id='word_1_924' title='bbox 1711 2396 1756 2431; x_wconf 88' lang='lat' dir='ltr'><strong>ad</strong></span> <span class='ocrx_word' id='word_1_925' title='bbox 1764 2396 2040 2441; x_wconf 86' lang='lat' dir='ltr'><strong>impugnandam</strong></span> <span class='ocrx_word' id='word_1_926' title='bbox 2047 2397 2234 2432; x_wconf 87' lang='lat' dir='ltr'><strong>actionem.</strong></span> <span class='ocrx_word' id='word_1_927' title='bbox 2259 2397 2287 2419; x_wconf 79' lang='lat'><strong>¹³</strong></span> <span class='ocrx_word' id='word_1_928' title='bbox 2294 2397 2399 2433; x_wconf 76' lang='lat' dir='ltr'><strong>&#39;Idem</strong></span> 
     </span>
     <span class='ocr_line' id='line_1_127' title="bbox 1316 2441 2398 2487; baseline 0.001 -10"><span class='ocrx_word' id='word_1_929' title='bbox 1316 2442 1411 2478; x_wconf 83' lang='lat' dir='ltr'><strong>&#39;iuris</strong></span> <span class='ocrx_word' id='word_1_930' title='bbox 1436 2445 1501 2484; x_wconf 88' lang='lat' dir='ltr'><strong>est,</strong></span> <span class='ocrx_word' id='word_1_931' title='bbox 1526 2442 1557 2477; x_wconf 88' lang='lat' dir='ltr'><strong>si</strong></span> <span class='ocrx_word' id='word_1_932' title='bbox 1580 2442 1658 2487; x_wconf 90' lang='lat' dir='ltr'><strong>quis</strong></span> <span class='ocrx_word' id='word_1_933' title='bbox 1683 2441 1785 2487; x_wconf 89' lang='lat' dir='ltr'><strong>quasi</strong></span> <span class='ocrx_word' id='word_1_934' title='bbox 1809 2441 1973 2477; x_wconf 90' lang='lat' dir='ltr'><strong>credendi</strong></span> <span class='ocrx_word' id='word_1_935' title='bbox 1997 2452 2107 2477; x_wconf 90' lang='lat' dir='ltr'><strong>causa</strong></span> <span class='ocrx_word' id='word_1_936' title='bbox 2129 2441 2317 2487; x_wconf 86' lang='lat' dir='ltr'><strong>pecuniam</strong></span> <span class='ocrx_word' id='word_1_937' title='bbox 2336 2442 2398 2478; x_wconf 89' lang='lat' dir='ltr'><strong>sti-</strong></span> 
     </span>
     <span class='ocr_line' id='line_1_128' title="bbox 1316 2486 2397 2533; baseline 0.001 -11"><span class='ocrx_word' id='word_1_938' title='bbox 1316 2487 1469 2532; x_wconf 76' lang='lat' dir='ltr'><strong>&#39;pulatus</strong></span> <span class='ocrx_word' id='word_1_939' title='bbox 1493 2486 1602 2522; x_wconf 86' lang='lat' dir='ltr'><strong>fuerit</strong></span> <span class='ocrx_word' id='word_1_940' title='bbox 1624 2496 1739 2532; x_wconf 88' lang='lat' dir='ltr'><strong>neque</strong></span> <span class='ocrx_word' id='word_1_941' title='bbox 1761 2487 1970 2522; x_wconf 89' lang='lat' dir='ltr'><strong>numeravit.</strong></span> <span class='ocrx_word' id='word_1_942' title='bbox 2006 2497 2089 2522; x_wconf 91' lang='lat' dir='ltr'><strong>nam</strong></span> <span class='ocrx_word' id='word_1_943' title='bbox 2113 2497 2191 2522; x_wconf 89' lang='lat' dir='ltr'><strong>eam</strong></span> <span class='ocrx_word' id='word_1_944' title='bbox 2213 2487 2397 2533; x_wconf 89' lang='lat' dir='ltr'><strong>pecuniam</strong></span> 
     </span>
     <span class='ocr_line' id='line_1_129' title="bbox 1315 2532 2400 2578; baseline 0.001 -11"><span class='ocrx_word' id='word_1_945' title='bbox 1315 2533 1348 2568; x_wconf 76' lang='lat' dir='ltr'><strong>&#39;a</strong></span> <span class='ocrx_word' id='word_1_946' title='bbox 1379 2536 1416 2568; x_wconf 91' lang='lat' dir='ltr'><strong>te</strong></span> <span class='ocrx_word' id='word_1_947' title='bbox 1445 2535 1568 2578; x_wconf 88' lang='lat' dir='ltr'><strong>petere</strong></span> <span class='ocrx_word' id='word_1_948' title='bbox 1597 2542 1703 2577; x_wconf 89' lang='lat' dir='ltr'><strong>posse</strong></span> <span class='ocrx_word' id='word_1_949' title='bbox 1733 2542 1813 2567; x_wconf 92' lang='lat' dir='ltr'><strong>eum</strong></span> <span class='ocrx_word' id='word_1_950' title='bbox 1844 2535 1979 2568; x_wconf 84' lang='lat' dir='ltr'><strong>certum</strong></span> <span class='ocrx_word' id='word_1_951' title='bbox 2010 2536 2082 2568; x_wconf 87' lang='lat' dir='ltr'><strong>est:</strong></span> <span class='ocrx_word' id='word_1_952' title='bbox 2118 2532 2204 2568; x_wconf 90' lang='lat' dir='ltr'><strong>dare</strong></span> <span class='ocrx_word' id='word_1_953' title='bbox 2239 2532 2331 2568; x_wconf 89' lang='lat' dir='ltr'><strong>enim</strong></span> <span class='ocrx_word' id='word_1_954' title='bbox 2365 2536 2400 2568; x_wconf 89' lang='lat' dir='ltr'><strong>te</strong></span> 
     </span>
     <span class='ocr_line' id='line_1_130' title="bbox 1315 2576 2397 2623; baseline 0.001 -10"><span class='ocrx_word' id='word_1_955' title='bbox 1315 2578 1485 2623; x_wconf 71' lang='lat' dir='ltr'><strong>&#39;oportet,</strong></span> <span class='ocrx_word' id='word_1_956' title='bbox 1510 2589 1592 2613; x_wconf 90' lang='lat' dir='ltr'><strong>cum</strong></span> <span class='ocrx_word' id='word_1_957' title='bbox 1616 2588 1660 2613; x_wconf 86' lang='lat' dir='ltr'><strong>ex</strong></span> <span class='ocrx_word' id='word_1_958' title='bbox 1683 2577 1894 2622; x_wconf 78' lang='lat' dir='ltr'><strong>stipulatu¹⁴</strong></span> <span class='ocrx_word' id='word_1_959' title='bbox 1917 2577 2089 2613; x_wconf 88' lang='lat' dir='ltr'><strong>tenearis:</strong></span> <span class='ocrx_word' id='word_1_960' title='bbox 2121 2576 2186 2614; x_wconf 88' lang='lat' dir='ltr'><strong>sed</strong></span> <span class='ocrx_word' id='word_1_961' title='bbox 2217 2577 2301 2623; x_wconf 75' lang='lat' dir='ltr'><strong>qnia</strong></span> <span class='ocrx_word' id='word_1_962' title='bbox 2330 2577 2397 2614; x_wconf 90' lang='lat' dir='ltr'><strong>ini-</strong></span> 
     </span>
     <span class='ocr_line' id='line_1_131' title="bbox 1316 2621 2398 2703; baseline 0.001 -45"><span class='ocrx_word' id='word_1_963' title='bbox 1316 2623 1434 2675; x_wconf 74' lang='lat' dir='ltr'><strong>&#39;quum</strong></span> <span class='ocrx_word' id='word_1_964' title='bbox 1467 2626 1521 2659; x_wconf 90' lang='lat' dir='ltr'><strong>est</strong></span> <span class='ocrx_word' id='word_1_965' title='bbox 1551 2633 1593 2658; x_wconf 91' lang='lat' dir='ltr'><strong>eo</strong></span> <span class='ocrx_word' id='word_1_966' title='bbox 1618 2622 1760 2658; x_wconf 90' lang='lat' dir='ltr'><strong>nomine</strong></span> <span class='ocrx_word' id='word_1_967' title='bbox 1782 2626 1818 2658; x_wconf 90' lang='lat' dir='ltr'><strong>te</strong></span> <span class='ocrx_word' id='word_1_968' title='bbox 1842 2621 2089 2665; x_wconf 89' lang='lat' dir='ltr'><strong>condemnari,</strong></span> <span class='ocrx_word' id='word_1_969' title='bbox 2099 2623 2240 2703; x_wconf 51' lang='grc' dir='ltr'><strong>Εἓὼιεει</strong></span> <span class='ocrx_word' id='word_1_970' title='bbox 2270 2633 2398 2669; x_wconf 88' lang='lat' dir='ltr'><strong>excep-</strong></span> 
     </span>
     <span class='ocr_line' id='line_1_132' title="bbox 1316 2667 2398 2713; baseline 0.001 -10"><span class='ocrx_word' id='word_1_971' title='bbox 1316 2669 1422 2704; x_wconf 80' lang='lat' dir='ltr'><strong>&#39;tione</strong></span> <span class='ocrx_word' id='word_1_972' title='bbox 1455 2667 1630 2713; x_wconf 89' lang='lat' dir='ltr'><strong>pecuniae</strong></span> <span class='ocrx_word' id='word_1_973' title='bbox 1664 2678 1736 2703; x_wconf 89' lang='lat' dir='ltr'><strong>non</strong></span> <span class='ocrx_word' id='word_1_974' title='bbox 1770 2671 1978 2703; x_wconf 89' lang='lat' dir='ltr'><strong>numeratae</strong></span> <span class='ocrx_word' id='word_1_975' title='bbox 2007 2671 2044 2703; x_wconf 90' lang='lat' dir='ltr'><strong>te</strong></span> <span class='ocrx_word' id='word_1_976' title='bbox 2074 2667 2098 2702; x_wconf 94' lang='lat' dir='ltr'><strong>d</strong></span> <span class='ocrx_word' id='word_1_977' title='bbox 2135 2667 2217 2704; x_wconf 91' lang='lat' dir='ltr'><strong>endi</strong></span> <span class='ocrx_word' id='word_1_978' title='bbox 2249 2667 2398 2711; x_wconf 58' lang='lat' dir='ltr'><strong>debera·</strong></span> 
     </span>
     <span class='ocr_line' id='line_1_133' title="bbox 1316 2711 2399 2759; baseline 0 -10"><span class='ocrx_word' id='word_1_979' title='bbox 1316 2713 1416 2749; x_wconf 87' lang='lat' dir='ltr'><strong>cuius</strong></span> <span class='ocrx_word' id='word_1_980' title='bbox 1439 2716 1601 2759; x_wconf 89' lang='lat' dir='ltr'><strong>tempora</strong></span> <span class='ocrx_word' id='word_1_981' title='bbox 1625 2723 1704 2755; x_wconf 89' lang='lat' dir='ltr'><strong>nos,</strong></span> <span class='ocrx_word' id='word_1_982' title='bbox 1727 2712 1922 2749; x_wconf 87' lang='lat' dir='ltr'><strong>secundum</strong></span> <span class='ocrx_word' id='word_1_983' title='bbox 1945 2711 2038 2756; x_wconf 80' lang='lat' dir='ltr'><strong>quod</strong></span> <span class='ocrx_word' id='word_1_984' title='bbox 2063 2713 2134 2747; x_wconf 90' lang='lat' dir='ltr'><strong>iam</strong></span> <span class='ocrx_word' id='word_1_985' title='bbox 2157 2713 2399 2757; x_wconf 85' lang='lat' dir='ltr'><strong>superioribus</strong></span> 
     </span>
     <span class='ocr_line' id='line_1_134' title="bbox 1314 2755 2396 2804; baseline 0.001 -10"><span class='ocrx_word' id='word_1_986' title='bbox 1314 2759 1413 2794; x_wconf 88' lang='lat' dir='ltr'><strong>libris</strong></span> <span class='ocrx_word' id='word_1_987' title='bbox 1426 2759 1599 2804; x_wconf 89' lang='lat' dir='ltr'><strong>scriptum</strong></span> <span class='ocrx_word' id='word_1_988' title='bbox 1611 2762 1666 2794; x_wconf 87' lang='lat' dir='ltr'><strong>est</strong></span> <span class='ocrx_word' id='word_1_989' title='bbox 1678 2759 1715 2801; x_wconf 86' lang='lat'><strong>¹⁵,</strong></span> <span class='ocrx_word' id='word_1_990' title='bbox 1723 2756 1980 2794; x_wconf 87' lang='lat' dir='ltr'><strong>constitutione</strong></span> <span class='ocrx_word' id='word_1_991' title='bbox 1992 2755 2146 2791; x_wconf 62' lang='lat' dir='ltr'><strong>nostrass·</strong></span> <span class='ocrx_word' id='word_1_992' title='bbox 2171 2756 2396 2795; x_wconf 81' lang='lat' dir='ltr'><strong>coartavimus.</strong></span> 
     </span>
     <span class='ocr_line' id='line_1_135' title="bbox 1315 2801 2397 2848; baseline 0 -9"><span class='ocrx_word' id='word_1_993' title='bbox 1315 2806 1335 2839; x_wconf 86' lang='lat'><strong>3</strong></span> <span class='ocrx_word' id='word_1_994' title='bbox 1381 2804 1575 2839; x_wconf 87' lang='lat' dir='ltr'><strong>Praeterea</strong></span> <span class='ocrx_word' id='word_1_995' title='bbox 1607 2803 1746 2839; x_wconf 91' lang='lat' dir='ltr'><strong>debitor</strong></span> <span class='ocrx_word' id='word_1_996' title='bbox 1769 2802 1800 2838; x_wconf 93' lang='lat' dir='ltr'><strong>si</strong></span> <span class='ocrx_word' id='word_1_997' title='bbox 1821 2806 1950 2848; x_wconf 87' lang='lat' dir='ltr'><strong>pactus</strong></span> <span class='ocrx_word' id='word_1_998' title='bbox 1972 2802 2081 2838; x_wconf 83' lang='lat' dir='ltr'><strong>fuerit</strong></span> <span class='ocrx_word' id='word_1_999' title='bbox 2104 2812 2186 2838; x_wconf 88' lang='lat' dir='ltr'><strong>cum</strong></span> <span class='ocrx_word' id='word_1_1000' title='bbox 2209 2801 2397 2845; x_wconf 89' lang='lat' dir='ltr'><strong>creditore,</strong></span> 
     </span>
     <span class='ocr_line' id='line_1_136' title="bbox 1314 2847 2398 2894; baseline -0.002 -9"><span class='ocrx_word' id='word_1_1001' title='bbox 1314 2859 1359 2884; x_wconf 91' lang='lat' dir='ltr'><strong>ne</strong></span> <span class='ocrx_word' id='word_1_1002' title='bbox 1383 2859 1406 2884; x_wconf 88' lang='lat' dir='ltr'><strong>a</strong></span> <span class='ocrx_word' id='word_1_1003' title='bbox 1428 2859 1467 2885; x_wconf 90' lang='lat' dir='ltr'><strong>se</strong></span> <span class='ocrx_word' id='word_1_1004' title='bbox 1486 2852 1677 2894; x_wconf 89' lang='lat' dir='ltr'><strong>peteretur,</strong></span> <span class='ocrx_word' id='word_1_1005' title='bbox 1702 2847 1810 2883; x_wconf 90' lang='lat' dir='ltr'><strong>nihilo</strong></span> <span class='ocrx_word' id='word_1_1006' title='bbox 1829 2847 1945 2883; x_wconf 87' lang='lat' dir='ltr'><strong>minus</strong></span> <span class='ocrx_word' id='word_1_1007' title='bbox 1965 2847 2142 2893; x_wconf 81' lang='lat' dir='ltr'><strong>obligatus</strong></span> <span class='ocrx_word' id='word_1_1008' title='bbox 2160 2851 2291 2890; x_wconf 88' lang='lat' dir='ltr'><strong>manet,</strong></span> <span class='ocrx_word' id='word_1_1009' title='bbox 2315 2848 2398 2893; x_wconf 88' lang='lat' dir='ltr'><strong>quia</strong></span> 
     </span>
     <span class='ocr_line' id='line_1_137' title="bbox 1313 2892 2397 2940; baseline -0.001 -10"><span class='ocrx_word' id='word_1_1010' title='bbox 1313 2898 1421 2940; x_wconf 86' lang='lat' dir='ltr'><strong>pacto</strong></span> <span class='ocrx_word' id='word_1_1011' title='bbox 1461 2897 1635 2930; x_wconf 90' lang='lat' dir='ltr'><strong>convento</strong></span> <span class='ocrx_word' id='word_1_1012' title='bbox 1667 2893 1900 2938; x_wconf 85' lang='lat' dir='ltr'><strong>obligationes</strong></span> <span class='ocrx_word' id='word_1_1013' title='bbox 1930 2902 2003 2928; x_wconf 91' lang='lat' dir='ltr'><strong>non</strong></span> <span class='ocrx_word' id='word_1_1014' title='bbox 2035 2892 2236 2929; x_wconf 90' lang='lat' dir='ltr'><strong>omnimodo</strong></span> <span class='ocrx_word' id='word_1_1015' title='bbox 2272 2892 2397 2929; x_wconf 89' lang='lat' dir='ltr'><strong>dissol-</strong></span> 
     </span>
     <span class='ocr_line' id='line_1_138' title="bbox 1313 2936 2396 2984; baseline 0 -9"><span class='ocrx_word' id='word_1_1016' title='bbox 1313 2943 1462 2975; x_wconf 89' lang='lat' dir='ltr'><strong>vuntur:</strong></span> <span class='ocrx_word' id='word_1_1017' title='bbox 1488 2949 1560 2984; x_wconf 88' lang='lat' dir='ltr'><strong>qua</strong></span> <span class='ocrx_word' id='word_1_1018' title='bbox 1583 2939 1627 2975; x_wconf 90' lang='lat' dir='ltr'><strong>de</strong></span> <span class='ocrx_word' id='word_1_1019' title='bbox 1650 2948 1759 2974; x_wconf 90' lang='lat' dir='ltr'><strong>causa</strong></span> <span class='ocrx_word' id='word_1_1020' title='bbox 1782 2937 1911 2974; x_wconf 83' lang='lat' dir='ltr'><strong>efficax</strong></span> <span class='ocrx_word' id='word_1_1021' title='bbox 1931 2941 1986 2973; x_wconf 91' lang='lat' dir='ltr'><strong>est</strong></span> <span class='ocrx_word' id='word_1_1022' title='bbox 2003 2936 2171 2974; x_wconf 89' lang='lat' dir='ltr'><strong>adversus</strong></span> <span class='ocrx_word' id='word_1_1023' title='bbox 2191 2948 2271 2974; x_wconf 89' lang='lat' dir='ltr'><strong>eum</strong></span> <span class='ocrx_word' id='word_1_1024' title='bbox 2290 2937 2396 2980; x_wconf 75' lang='lat' dir='ltr'><strong>actio,</strong></span> 
     </span>
     <span class='ocr_line' id='line_1_139' title="bbox 1314 2982 2398 3038; baseline -0.001 -18"><span class='ocrx_word' id='word_1_1025' title='bbox 1314 2995 1386 3037; x_wconf 75' lang='lat' dir='ltr'><strong>qua</strong></span> <span class='ocrx_word' id='word_1_1026' title='bbox 1409 2988 1510 3038; x_wconf 76' lang='lat' dir='ltr'><strong>actor</strong></span> <span class='ocrx_word' id='word_1_1027' title='bbox 1532 2983 1684 3020; x_wconf 89' lang='lat' dir='ltr'><strong>intendit</strong></span> <span class='ocrx_word' id='word_1_1028' title='bbox 1707 2983 1749 3019; x_wconf 90' lang='lat' dir='ltr'><strong>‘si</strong></span> <span class='ocrx_word' id='word_1_1029' title='bbox 1771 2986 1875 3028; x_wconf 88' lang='lat' dir='ltr'><strong>paret</strong></span> <span class='ocrx_word' id='word_1_1030' title='bbox 1897 2993 1978 3036; x_wconf 80' lang='lat' dir='ltr'><strong>eum</strong></span> <span class='ocrx_word' id='word_1_1031' title='bbox 2001 2982 2086 3018; x_wconf 85' lang='lat' dir='ltr'><strong>dare</strong></span> <span class='ocrx_word' id='word_1_1032' title='bbox 2109 2983 2297 3028; x_wconf 86' lang='lat' dir='ltr'><strong>oportere’.</strong></span> <span class='ocrx_word' id='word_1_1033' title='bbox 2334 2982 2398 3036; x_wconf 79' lang='lat' dir='ltr'><strong>sed</strong></span> 
     </span>
     <span class='ocr_line' id='line_1_140' title="bbox 1312 3027 2397 3126; baseline 0 -15"><span class='ocrx_word' id='word_1_1034' title='bbox 1312 3027 2397 3126; x_wconf 47' lang='lat' dir='ltr'><strong>imiafflsslituu?psstessssssssffqnffiss‘lssffiqfissssfffflffl</strong></span> 
     </span>
     <span class='ocr_line' id='line_1_141' title="bbox 1312 3118 2397 3157; baseline -0.001 -1"><span class='ocrx_word' id='word_1_1035' title='bbox 1312 3120 1344 3157; x_wconf 91' lang='lat' dir='ltr'><strong>si</strong></span> <span class='ocrx_word' id='word_1_1036' title='bbox 1374 3119 1512 3156; x_wconf 88' lang='lat' dir='ltr'><strong>debitor</strong></span> <span class='ocrx_word' id='word_1_1037' title='bbox 1542 3119 1722 3155; x_wconf 82' lang='lat' dir='ltr'><strong>deferente</strong></span> <span class='ocrx_word' id='word_1_1038' title='bbox 1753 3118 1930 3155; x_wconf 87' lang='lat' dir='ltr'><strong>creditore</strong></span> <span class='ocrx_word' id='word_1_1039' title='bbox 1950 3122 2119 3155; x_wconf 86' lang='lat' dir='ltr'><strong>iuraverit</strong></span> <span class='ocrx_word' id='word_1_1040' title='bbox 2140 3118 2227 3154; x_wconf 87' lang='lat' dir='ltr'><strong>nihil</strong></span> <span class='ocrx_word' id='word_1_1041' title='bbox 2249 3129 2288 3155; x_wconf 85' lang='lat' dir='ltr'><strong>se</strong></span> <span class='ocrx_word' id='word_1_1042' title='bbox 2311 3119 2397 3155; x_wconf 85' lang='lat' dir='ltr'><strong>dare</strong></span> 
     </span>
     <span class='ocr_line' id='line_1_142' title="bbox 1312 3163 2395 3217; baseline -0.002 -16"><span class='ocrx_word' id='word_1_1043' title='bbox 1312 3168 1497 3211; x_wconf 84' lang='lat' dir='ltr'><strong>oportere,</strong></span> <span class='ocrx_word' id='word_1_1044' title='bbox 1533 3164 1651 3200; x_wconf 89' lang='lat' dir='ltr'><strong>adhuc</strong></span> <span class='ocrx_word' id='word_1_1045' title='bbox 1683 3164 1860 3209; x_wconf 84' lang='lat' dir='ltr'><strong>obligatus</strong></span> <span class='ocrx_word' id='word_1_1046' title='bbox 1881 3166 2087 3217; x_wconf 84' lang='lat' dir='ltr'><strong>permanet,</strong></span> <span class='ocrx_word' id='word_1_1047' title='bbox 2121 3163 2185 3199; x_wconf 86' lang='lat' dir='ltr'><strong>sed</strong></span> <span class='ocrx_word' id='word_1_1048' title='bbox 2215 3164 2300 3209; x_wconf 88' lang='lat' dir='ltr'><strong>quia</strong></span> <span class='ocrx_word' id='word_1_1049' title='bbox 2328 3164 2395 3200; x_wconf 91' lang='lat' dir='ltr'><strong>ini-</strong></span> 
     </span>
     <span class='ocr_line' id='line_1_143' title="bbox 1312 3207 2394 3263; baseline -0.003 -16"><span class='ocrx_word' id='word_1_1050' title='bbox 1312 3221 1422 3263; x_wconf 79' lang='lat' dir='ltr'><strong>quum</strong></span> <span class='ocrx_word' id='word_1_1051' title='bbox 1445 3214 1500 3247; x_wconf 89' lang='lat' dir='ltr'><strong>est</strong></span> <span class='ocrx_word' id='word_1_1052' title='bbox 1523 3210 1567 3246; x_wconf 90' lang='lat' dir='ltr'><strong>de</strong></span> <span class='ocrx_word' id='word_1_1053' title='bbox 1589 3209 1744 3256; x_wconf 87' lang='lat' dir='ltr'><strong>periurio</strong></span> <span class='ocrx_word' id='word_1_1054' title='bbox 1769 3219 1910 3255; x_wconf 88' lang='lat' dir='ltr'><strong>quaeri,</strong></span> <span class='ocrx_word' id='word_1_1055' title='bbox 1941 3207 2142 3245; x_wconf 81' lang='lat' dir='ltr'><strong>defenditur</strong></span> <span class='ocrx_word' id='word_1_1056' title='bbox 2170 3219 2236 3254; x_wconf 88' lang='lat' dir='ltr'><strong>per</strong></span> <span class='ocrx_word' id='word_1_1057' title='bbox 2267 3219 2394 3255; x_wconf 85' lang='lat' dir='ltr'><strong>excep-</strong></span> 
     </span>
     <span class='ocr_line' id='line_1_144' title="bbox 1310 3253 2396 3307; baseline -0.001 -16"><span class='ocrx_word' id='word_1_1058' title='bbox 1310 3260 1442 3292; x_wconf 78' lang='lat' dir='ltr'><strong>tionem</strong></span> <span class='ocrx_word' id='word_1_1059' title='bbox 1465 3254 1703 3291; x_wconf 87' lang='lat' dir='ltr'><strong>iurisiurandi.</strong></span> <span class='ocrx_word' id='word_1_1060' title='bbox 1740 3254 1777 3290; x_wconf 93' lang='lat' dir='ltr'><strong>in</strong></span> <span class='ocrx_word' id='word_1_1061' title='bbox 1795 3254 1852 3290; x_wconf 88' lang='lat' dir='ltr'><strong>his</strong></span> <span class='ocrx_word' id='word_1_1062' title='bbox 1871 3263 2013 3307; x_wconf 79' lang='lat' dir='ltr'><strong>quoque</strong></span> <span class='ocrx_word' id='word_1_1063' title='bbox 2032 3253 2244 3298; x_wconf 86' lang='lat' dir='ltr'><strong>actionibus,</strong></span> <span class='ocrx_word' id='word_1_1064' title='bbox 2268 3254 2396 3307; x_wconf 81' lang='lat' dir='ltr'><strong>quibus</strong></span> 
     </span>
     <span class='ocr_line' id='line_1_145' title="bbox 1309 3301 2394 3345; baseline -0.001 -9"><span class='ocrx_word' id='word_1_1065' title='bbox 1309 3301 1348 3336; x_wconf 90' lang='lat' dir='ltr'><strong>in</strong></span> <span class='ocrx_word' id='word_1_1066' title='bbox 1377 3311 1453 3336; x_wconf 90' lang='lat' dir='ltr'><strong>rem</strong></span> <span class='ocrx_word' id='word_1_1067' title='bbox 1484 3301 1618 3345; x_wconf 87' lang='lat' dir='ltr'><strong>agitur,</strong></span> <span class='ocrx_word' id='word_1_1068' title='bbox 1650 3310 1692 3336; x_wconf 89' lang='lat' dir='ltr'><strong>ae</strong></span> <span class='ocrx_word' id='word_1_1069' title='bbox 1716 3310 1763 3336; x_wconf 90' lang='lat' dir='ltr'><strong>ue</strong></span> <span class='ocrx_word' id='word_1_1070' title='bbox 1792 3309 2015 3335; x_wconf 85' lang='lat' dir='ltr'><strong>necessariae</strong></span> <span class='ocrx_word' id='word_1_1071' title='bbox 2044 3302 2128 3335; x_wconf 83' lang='lat' dir='ltr'><strong>sunt</strong></span> <span class='ocrx_word' id='word_1_1072' title='bbox 2151 3303 2394 3345; x_wconf 74' lang='lat' dir='ltr'><strong>exceptiones:</strong></span> 
     </span>
     <span class='ocr_line' id='line_1_146' title="bbox 1310 3343 2395 3391; baseline -0.002 -9"><span class='ocrx_word' id='word_1_1073' title='bbox 1310 3346 1420 3382; x_wconf 87' lang='lat' dir='ltr'><strong>veluti</strong></span> <span class='ocrx_word' id='word_1_1074' title='bbox 1450 3346 1482 3382; x_wconf 91' lang='lat' dir='ltr'><strong>si</strong></span> <span class='ocrx_word' id='word_1_1075' title='bbox 1510 3346 1663 3391; x_wconf 90' lang='lat' dir='ltr'><strong>petitore</strong></span> <span class='ocrx_word' id='word_1_1076' title='bbox 1719 3344 1874 3381; x_wconf 68' lang='lat' dir='ltr'><strong>efer-ente</strong></span> <span class='ocrx_word' id='word_1_1077' title='bbox 1902 3353 2088 3390; x_wconf 87' lang='lat' dir='ltr'><strong>possessor</strong></span> <span class='ocrx_word' id='word_1_1078' title='bbox 2117 3343 2286 3380; x_wconf 90' lang='lat' dir='ltr'><strong>iuraverit</strong></span> <span class='ocrx_word' id='word_1_1079' title='bbox 2316 3355 2395 3381; x_wconf 84' lang='lat' dir='ltr'><strong>eam</strong></span> 
     </span>
     <span class='ocr_line' id='line_1_147' title="bbox 1309 3388 2396 3435; baseline -0.002 -8"><span class='ocrx_word' id='word_1_1080' title='bbox 1309 3402 1384 3427; x_wconf 87' lang='lat' dir='ltr'><strong>rem</strong></span> <span class='ocrx_word' id='word_1_1081' title='bbox 1407 3401 1509 3427; x_wconf 87' lang='lat' dir='ltr'><strong>suam</strong></span> <span class='ocrx_word' id='word_1_1082' title='bbox 1532 3401 1610 3427; x_wconf 88' lang='lat' dir='ltr'><strong>esse</strong></span> <span class='ocrx_word' id='word_1_1083' title='bbox 1634 3395 1670 3426; x_wconf 94' lang='lat' dir='ltr'><strong>et</strong></span> <span class='ocrx_word' id='word_1_1084' title='bbox 1693 3390 1801 3426; x_wconf 90' lang='lat' dir='ltr'><strong>nihilo</strong></span> <span class='ocrx_word' id='word_1_1085' title='bbox 1832 3389 1947 3426; x_wconf 89' lang='lat' dir='ltr'><strong>minus</strong></span> <span class='ocrx_word' id='word_1_1086' title='bbox 1976 3388 2125 3425; x_wconf 83' lang='lat' dir='ltr'><strong>eandem</strong></span> <span class='ocrx_word' id='word_1_1087' title='bbox 2155 3399 2230 3425; x_wconf 90' lang='lat' dir='ltr'><strong>rem</strong></span> <span class='ocrx_word' id='word_1_1088' title='bbox 2262 3389 2396 3435; x_wconf 85' lang='lat' dir='ltr'><strong>petitor</strong></span> 
     </span>
     <span class='ocr_line' id='line_1_148' title="bbox 1308 3434 2395 3479; baseline -0.002 -7"><span class='ocrx_word' id='word_1_1089' title='bbox 1308 3436 1480 3472; x_wconf 86' lang='lat' dir='ltr'><strong>vindicet:</strong></span> <span class='ocrx_word' id='word_1_1090' title='bbox 1511 3436 1596 3472; x_wconf 92' lang='lat' dir='ltr'><strong>licet</strong></span> <span class='ocrx_word' id='word_1_1091' title='bbox 1626 3436 1719 3471; x_wconf 90' lang='lat' dir='ltr'><strong>enim</strong></span> <span class='ocrx_word' id='word_1_1092' title='bbox 1749 3445 1870 3471; x_wconf 88' lang='lat' dir='ltr'><strong>verum</strong></span> <span class='ocrx_word' id='word_1_1093' title='bbox 1893 3435 1940 3470; x_wconf 85' lang='lat' dir='ltr'><strong>sit</strong></span> <span class='ocrx_word' id='word_1_1094' title='bbox 1963 3434 2057 3479; x_wconf 87' lang='lat' dir='ltr'><strong>quod</strong></span> <span class='ocrx_word' id='word_1_1095' title='bbox 2079 3434 2249 3478; x_wconf 89' lang='lat' dir='ltr'><strong>intendit,</strong></span> <span class='ocrx_word' id='word_1_1096' title='bbox 2279 3434 2317 3470; x_wconf 90' lang='lat' dir='ltr'><strong>id</strong></span> <span class='ocrx_word' id='word_1_1097' title='bbox 2339 3438 2395 3471; x_wconf 85' lang='lat' dir='ltr'><strong>est</strong></span> 
     </span>
     <span class='ocr_line' id='line_1_149' title="bbox 1308 3480 2393 3526; baseline -0.001 -10"><span class='ocrx_word' id='word_1_1098' title='bbox 1308 3491 1383 3516; x_wconf 89' lang='lat' dir='ltr'><strong>rem</strong></span> <span class='ocrx_word' id='word_1_1099' title='bbox 1409 3482 1482 3517; x_wconf 89' lang='lat' dir='ltr'><strong>eius</strong></span> <span class='ocrx_word' id='word_1_1100' title='bbox 1516 3491 1611 3523; x_wconf 87' lang='lat' dir='ltr'><strong>esse,</strong></span> <span class='ocrx_word' id='word_1_1101' title='bbox 1642 3480 1800 3526; x_wconf 90' lang='lat' dir='ltr'><strong>iniquum</strong></span> <span class='ocrx_word' id='word_1_1102' title='bbox 1826 3483 1879 3515; x_wconf 92' lang='lat' dir='ltr'><strong>est</strong></span> <span class='ocrx_word' id='word_1_1103' title='bbox 1902 3483 2020 3515; x_wconf 88' lang='lat' dir='ltr'><strong>tamen</strong></span> <span class='ocrx_word' id='word_1_1104' title='bbox 2043 3489 2283 3524; x_wconf 89' lang='lat' dir='ltr'><strong>possessorem</strong></span> <span class='ocrx_word' id='word_1_1105' title='bbox 2308 3489 2393 3516; x_wconf 90' lang='lat' dir='ltr'><strong>con-</strong></span> 
     </span>
    </p>
   </div>
   <div class='ocr_carea' id='block_1_12' title="bbox 1306 3572 1890 3613">
    <p class='ocr_par' dir='ltr' id='par_1_13' title="bbox 1306 3572 1890 3613">
     <span class='ocr_line' id='line_1_150' title="bbox 1306 3572 1890 3613; baseline 0.002 -9"><span class='ocrx_word' id='word_1_1106' title='bbox 1306 3572 1429 3613; x_wconf 86' lang='lat' dir='ltr'><strong>redem]</strong></span> <span class='ocrx_word' id='word_1_1107' title='bbox 1448 3572 1523 3607; x_wconf 76' lang='lat' dir='ltr'><strong>Gai.</strong></span> <span class='ocrx_word' id='word_1_1108' title='bbox 1530 3573 1570 3613; x_wconf 85' lang='grc' dir='ltr'><strong>Θ,</strong></span> <span class='ocrx_word' id='word_1_1109' title='bbox 1583 3572 1736 3605; x_wconf 83' lang='lat' dir='ltr'><strong>heredem</strong></span> <span class='ocrx_word' id='word_1_1110' title='bbox 1749 3572 1798 3605; x_wconf 84' lang='lat' dir='ltr'><strong>rei</strong></span> <span class='ocrx_word' id='word_1_1111' title='bbox 1812 3573 1890 3605; x_wconf 68' lang='lat' dir='ltr'><strong>libra·</strong></span> 
     </span>
    </p>
   </div>
   <div class='ocr_carea' id='block_1_13' title="bbox 1309 3617 2392 3796">
    <p class='ocr_par' dir='ltr' id='par_1_14' title="bbox 1309 3617 2392 3796">
     <span class='ocr_line' id='line_1_151' title="bbox 1313 3617 2392 3705; baseline -0.005 -8"><span class='ocrx_word' id='word_1_1112' title='bbox 1313 3662 1558 3701; x_wconf 46' lang='lat' dir='ltr'><strong>Cauliniana</strong></span> <span class='ocrx_word' id='word_1_1113' title='bbox 1617 3665 1677 3705; x_wconf 83' lang='lat'><strong>(12)</strong></span> <span class='ocrx_word' id='word_1_1114' title='bbox 1702 3661 1906 3705; x_wconf 76' lang='lat' dir='ltr'><strong>persecutio]</strong></span> <span class='ocrx_word' id='word_1_1115' title='bbox 1918 3661 2158 3702; x_wconf 80' lang='lat' dir='ltr'><strong>EW‚acti‹›J3</strong></span> <span class='ocrx_word' id='word_1_1116' title='bbox 2226 3662 2283 3702; x_wconf 81' lang='lat'><strong>(1³)</strong></span> <span class='ocrx_word' id='word_1_1117' title='bbox 2314 3617 2392 3694; x_wconf 48' lang='grc' dir='ltr'><strong>68ιῖ</strong></span> 
     </span>
     <span class='ocr_line' id='line_1_152' title="bbox 1309 3706 2391 3751; baseline -0.003 -9"><span class='ocrx_word' id='word_1_1118' title='bbox 1309 3710 1416 3748; x_wconf 78' lang='lat'><strong>4,116¹</strong></span> <span class='ocrx_word' id='word_1_1119' title='bbox 1518 3709 1575 3746; x_wconf 58' lang='grc' dir='ltr'><strong>(ια)</strong></span> <span class='ocrx_word' id='word_1_1120' title='bbox 1600 3709 1648 3741; x_wconf 68' lang='lat' dir='ltr'><strong>sse</strong></span> <span class='ocrx_word' id='word_1_1121' title='bbox 1669 3708 1801 3751; x_wconf 56' lang='lat' dir='ltr'><strong>WG&#39;ass,</strong></span> <span class='ocrx_word' id='word_1_1122' title='bbox 1815 3706 2035 3750; x_wconf 71' lang='lat' dir='ltr'><strong>stipulatione</strong></span> <span class='ocrx_word' id='word_1_1123' title='bbox 2050 3707 2121 3740; x_wconf 84' lang='grc' dir='ltr'><strong>ΒΕ</strong></span> <span class='ocrx_word' id='word_1_1124' title='bbox 2232 3708 2289 3748; x_wconf 77' lang='lat'><strong>(1⁶)</strong></span> <span class='ocrx_word' id='word_1_1125' title='bbox 2315 3706 2346 3745; x_wconf 88' lang='grc'><strong>3,</strong></span> <span class='ocrx_word' id='word_1_1126' title='bbox 2359 3711 2391 3740; x_wconf 78' lang='lat'><strong>21</strong></span> 
     </span>
     <span class='ocr_line' id='line_1_153' title="bbox 1311 3752 1848 3796; baseline -0.004 -8"><span class='ocrx_word' id='word_1_1127' title='bbox 1311 3755 1381 3796; x_wconf 82' lang='lat'>(15⁸)</span> <span class='ocrx_word' id='word_1_1128' title='bbox 1409 3752 1485 3786; x_wconf 86' lang='lat' dir='ltr'><strong>Cod.</strong></span> <span class='ocrx_word' id='word_1_1129' title='bbox 1497 3754 1528 3795; x_wconf 83' lang='lat'><strong>4,</strong></span> <span class='ocrx_word' id='word_1_1130' title='bbox 1540 3762 1588 3795; x_wconf 81' lang='lat'><strong>30,</strong></span> <span class='ocrx_word' id='word_1_1131' title='bbox 1601 3762 1631 3790; x_wconf 76' lang='lat'><strong>14</strong></span> <span class='ocrx_word' id='word_1_1132' title='bbox 1846 3762 1848 3764; x_wconf 69' lang='grc'>’</span> 
     </span>
    </p>
   </div>
   <div class='ocr_carea' id='block_1_14' title="bbox 1353 3617 2245 3662">
    <p class='ocr_par' dir='ltr' id='par_1_15' title="bbox 1353 3617 2245 3662">
     <span class='ocr_line' id='line_1_154' title="bbox 1353 3617 2245 3662; baseline -0.002 -10"><span class='ocrx_word' id='word_1_1133' title='bbox 1353 3620 1412 3659; x_wconf 85' lang='grc' dir='ltr'><strong>(ιο)</strong></span> <span class='ocrx_word' id='word_1_1134' title='bbox 1442 3618 1492 3662; x_wconf 76' lang='lat' dir='ltr'><strong>Cf:</strong></span> <span class='ocrx_word' id='word_1_1135' title='bbox 1510 3618 1585 3652; x_wconf 77' lang='lat' dir='ltr'><strong>Gai.</strong></span> <span class='ocrx_word' id='word_1_1136' title='bbox 1599 3619 1631 3658; x_wconf 83' lang='lat'><strong>4,</strong></span> <span class='ocrx_word' id='word_1_1137' title='bbox 1645 3625 1767 3652; x_wconf 71' lang='lat'><strong>115..125</strong></span> <span class='ocrx_word' id='word_1_1138' title='bbox 1791 3618 1873 3660; x_wconf 72' lang='lat' dir='ltr'><strong>Diq.</strong></span> <span class='ocrx_word' id='word_1_1139' title='bbox 1886 3618 1941 3655; x_wconf 85' lang='grc'><strong>44,</strong></span> <span class='ocrx_word' id='word_1_1140' title='bbox 1957 3624 1966 3649; x_wconf 90' lang='lat'>1</span> <span class='ocrx_word' id='word_1_1141' title='bbox 1996 3617 2075 3650; x_wconf 85' lang='lat' dir='ltr'><strong>Cod.</strong></span> <span class='ocrx_word' id='word_1_1142' title='bbox 2089 3617 2119 3656; x_wconf 91' lang='lat'><strong>8,</strong></span> <span class='ocrx_word' id='word_1_1143' title='bbox 2133 3623 2168 3650; x_wconf 74' lang='lat'><strong>35</strong></span> <span class='ocrx_word' id='word_1_1144' title='bbox 2182 3617 2245 3658; x_wconf 71' lang='lat' dir='ltr'><strong>(ac)</strong></span> 
     </span>
    </p>
   </div>
  </div>
 </body>
</html>
