2528 3918
155 88 388 131 XXXXIII
422 91 472 132 16

155 211 262 254 actio,
286 219 379 256 quae
402 208 572 246 adversus
595 208 763 246 heredem
786 213 995 256 ceterosque
1017 220 1244 247 successores

154 257 319 303 pertinet,
343 258 517 300 perpetuo
541 265 620 291 com
667 255 720 298 tit,
744 255 830 301 quia
851 256 890 291 in
909 265 952 290 ea
971 256 1024 290 rei
1042 255 1244 301 persecutio

155 306 175 337 2
224 301 438 337 continetur.
477 300 598 336 Armis
620 264 799 336 {giemum
821 300 999 346 quomodo
1023 300 1101 336 acci
1126 301 1245 336 imus?

154 356 256 382 arma
286 348 371 382 sunt
397 346 518 381 omnia
546 345 636 390 tela,
666 344 737 381 hoc
760 348 816 382 est
838 349 876 381 et
896 345 1011 382 fustes
1036 348 1072 380 et
1130 345 1244 390 pides,

154 402 229 427 non
246 391 364 427 solum
381 390 491 436 gladii
509 390 637 426 hastae
651 389 820 434 frameae,
844 390 882 425 id
897 393 953 426 est
967 390 1207 435 rhomphaeae
1220 392 1243 424 ¹.

156 440 175 472 3
222 436 336 472 Plane
371 439 409 471 et
445 435 477 471 si
513 445 607 471 unus
635 435 691 471 vel
721 436 815 471 alter
841 435 974 470 fustem
1004 435 1061 471 vel
1086 434 1244 480 gladium

154 485 176 517 4
222 481 356 524 tenuit,
393 480 501 516 armis
537 479 698 517 deiectus
736 490 925 526 possessor
953 479 1105 516 videtur.
1157 480 1244 516 Plus

155 526 304 571 dicitur,
333 529 371 562 et
394 525 427 561 si
447 526 601 562 inermes
623 530 814 568 venerant,
839 524 871 560 si
892 525 931 560 in
952 524 1034 570 ipsa
1057 529 1242 561 concerta-

153 573 252 607 tione
274 571 336 617 qui
358 571 511 607 inermes
529 575 703 607 venerant
721 581 763 606 eo
782 573 1047 615 processerunt,
1071 573 1113 605 ut
1131 569 1244 606 fustes

154 620 173 651 5
222 620 287 652 aut
308 615 446 662 lapides
467 620 659 660 sumerent,
684 616 736 652 vis
755 616 822 651 erit
841 619 991 651 armata.
1027 615 1097 660 Qui
1115 614 1245 651 armati

154 665 327 697 venerunt
356 665 393 696 et
421 660 455 697 si
483 661 592 696 armis
623 672 697 697 non
728 664 814 696 sunt
842 660 900 696 usi
930 660 978 696 ad
1007 660 1244 703 deiciendum,

153 707 217 742 sed
240 706 458 750 deiecerunt,
482 709 622 742 armata
641 707 692 741 vis
712 705 811 740 facta
828 715 908 741 esse
926 705 1085 741 videtur:
1110 705 1246 741 sufficit

154 752 247 787 enim
270 756 388 787 terror
409 761 607 795 armorum,
637 755 678 786 ut
705 750 893 786 videantur
921 751 1029 787 armis
1058 750 1242 786 deiecisse.

155 801 174 832 6
222 796 261 832 Si
285 797 366 842 quis
388 799 510 832 autem
532 796 617 831 visis
641 796 806 838 armatis,
839 795 899 841 qui
927 795 1014 831 alibi
1037 795 1243 838 tendebant,

153 846 251 878 metu
273 841 344 878 hoc
367 841 559 878 deterritus
581 841 792 886 profugerit,
817 851 891 876 non
911 841 1052 876 videtur
1071 840 1243 883 deiectus,

153 887 238 932 quia
252 897 327 923 non
339 887 411 923 hoc
425 886 543 922 animo
559 886 707 922 fuerunt
722 886 785 930 qui
803 886 931 921 armati
952 889 1066 929 erant,
1090 886 1153 922 sed
1172 885 1242 921 alio

155 936 172 966 7
220 932 429 968 tendebant.
476 931 632 967 Proinde
656 934 693 966 et
715 932 765 974 si,
797 941 878 967 cum
902 935 1060 967 armatos
1084 930 1245 966 audisset

153 978 292 1020 venire,
322 981 421 1013 metu
451 976 644 1012 decesserit
672 976 717 1012 de
771 976 989 1021 ossessione,
1024 978 1096 1012 sive
1119 987 1243 1012 verum

152 1023 226 1059 sive
256 1022 388 1058 falsum
419 1022 595 1063 audisset,
638 1021 742 1057 dicen
768 1032 828 1057 um
861 1025 918 1058 est
947 1033 1019 1057 non
1051 1032 1130 1057 esse
1163 1032 1243 1057 eum

152 1068 262 1104 armis
282 1067 468 1109 deiectum,
493 1067 561 1102 nisi
606 1066 761 1102 ossessio
780 1067 827 1102 ab
844 1067 902 1102 his
924 1066 1033 1102 fuerit
1053 1072 1241 1112 occupata.

154 1116 174 1148 8
221 1113 259 1149 Si
287 1118 423 1155 autem,
456 1123 537 1148 cum
587 1112 727 1147 ominus
749 1112 887 1148 veniret
907 1112 945 1146 iii
967 1113 1241 1156 possessionem,

153 1158 280 1193 armati
311 1168 392 1193 eum
422 1157 684 1202 prohibuerunt
714 1157 776 1202 qui
806 1157 1014 1193 invaserant
1042 1157 1240 1210 possessio-

153 1208 173 1238 9
220 1214 313 1246 nem,
338 1202 449 1238 videri
467 1213 548 1237 euin
567 1203 677 1237 armis
698 1202 884 1238 deiectum.
921 1202 1017 1237 Eum
1039 1203 1157 1247 igitur,
1183 1202 1243 1247 qui

151 1259 233 1284 cum
257 1248 366 1283 armis
389 1247 496 1291 venit,
519 1257 712 1292 possumus
735 1248 844 1282 armis
867 1247 1051 1292 repellere,
1084 1247 1150 1283 sed
1171 1248 1241 1282 hoc

153 1293 351 1336 confestim,
375 1303 449 1328 non
472 1302 517 1327 ex
539 1292 741 1335 intervallo,
773 1293 963 1328 dummodo
988 1293 1144 1329 sciamus
1168 1303 1242 1328 non

151 1339 266 1375 solum
295 1338 462 1374 resistere
490 1337 721 1382 permissum,
752 1347 798 1373 ne
827 1338 1020 1381 deiciatur,
1052 1338 1118 1374 sed
1147 1341 1184 1373 et
1212 1338 1244 1373 si

151 1383 311 1420 deiectus
336 1383 417 1428 quis
439 1382 567 1425 fuerit,
600 1383 753 1419 eundem
785 1383 926 1419 deicere
954 1394 1029 1418 non
1056 1393 1102 1419 ex
1131 1383 1242 1418 inter-

154 1433 194 1465 10
241 1429 344 1472 vallo,
370 1428 434 1464 sed
458 1437 503 1463 ex
527 1428 736 1464 continenti.
775 1428 864 1464 Cum
887 1432 1102 1474 procurator
1125 1438 1242 1464 arma-

150 1478 210 1510 tus
238 1474 352 1518 venit,
386 1477 424 1509 et
453 1474 532 1518 ipse
561 1473 725 1509 dominus
755 1474 862 1510 armis
893 1474 1066 1510 deiecisse
1089 1474 1241 1516 videtur,

150 1520 223 1556 sive
251 1519 434 1554 mandavit
464 1518 554 1560 sive,
590 1522 632 1554 ut
661 1519 823 1555 Iulianus
853 1520 920 1562 ait,
951 1523 1071 1554 ratum
1101 1518 1239 1554 habuit.

153 1568 190 1600 11
239 1565 319 1600 Hoc
344 1569 380 1599 et
402 1564 439 1599 in
461 1563 599 1599 familia
622 1563 812 1599 dicendum
836 1568 910 1600 est:
936 1574 1020 1599 nam
1039 1575 1119 1600 cum
1139 1564 1241 1599 fami-

149 1610 199 1646 lia
230 1610 307 1645 sine
337 1619 394 1644 me
424 1612 565 1644 armata
595 1609 709 1653 venit,
741 1619 807 1655 ego
837 1621 911 1645 non
938 1610 1061 1645 videor
1090 1609 1241 1651 venisse,

154 1658 194 1690 12
241 1655 307 1691 sed
335 1654 491 1697 familia,
532 1654 603 1689 nisi
636 1654 727 1690 iussi
760 1654 816 1690 vel
844 1659 965 1690 ratum
995 1655 1116 1690 habui.
1162 1655 1242 1690 Hoc

149 1700 379 1736 interdictum
402 1700 510 1735 etiam
534 1699 706 1735 adversus
730 1710 811 1736 eum
829 1700 1055 1746 proponitur,
1079 1700 1141 1745 qui
1159 1699 1242 1735 dolo

149 1746 243 1781 malo
266 1745 364 1788 fecit,
389 1755 461 1790 quo
485 1745 565 1790 quis
582 1745 690 1781 armis
708 1745 925 1781 deiceretur:
951 1749 988 1781 et
1005 1749 1089 1791 post
1108 1755 1241 1780 annum

148 1790 319 1826 reddetur
341 1791 379 1825 in
401 1789 457 1832 id,
490 1789 587 1835 quod
614 1791 776 1835 pervenit
799 1791 847 1826 ad
870 1801 951 1826 eum
975 1790 1038 1836 qui
1059 1790 1244 1836 prohibuit

153 1840 193 1872 13
240 1836 337 1871 unde
360 1835 432 1871 vi2.
479 1835 715 1871 Interdictum
743 1837 987 1872 necessarium
1009 1835 1120 1871 fuisse
1143 1835 1242 1870 fruc-

147 1882 265 1917 tuario
298 1891 321 1916 a
345 1885 450 1933 paret
480 1880 523 1916 ‘si
553 1881 792 1926 prohibeatur
821 1881 876 1917 uti
909 1881 984 1916 frui
1016 1892 1086 1917 usu
1119 1880 1243 1916 fructu

151 1930 193 1962 14
240 1927 318 1962 ‘fun
357 1927 377 1961 ’.
424 1925 487 1962 Uti
516 1925 589 1961 frui
621 1929 742 1961 autem
770 1926 998 1972 prohibuisse
1028 1926 1059 1962 is
1090 1926 1242 1970 videtur,

149 1973 211 2018 qui
234 1972 269 2007 vi
292 1972 422 2008 deiecit
444 1974 603 2006 utentem
628 1975 664 2006 et
686 1971 865 2008 fruentem
889 1975 955 2007 aut
982 1982 1057 2007 non
1088 1971 1241 2013 admisit,

150 2028 232 2053 cum
269 2027 315 2053 ex
347 2016 461 2052 fundo
496 2017 628 2052 exisset
658 2027 731 2052 non
762 2028 850 2053 usus
882 2017 1023 2052 fructus
1055 2017 1243 2052 deserendi

150 2073 272 2098 causa.
320 2066 479 2097 ceterum
508 2061 539 2097 si
569 2062 647 2106 quis
680 2063 727 2097 ab
758 2062 861 2098 initio
884 2063 1062 2098 volentem
1084 2062 1243 2107 incipere

148 2109 203 2143 uti
223 2108 296 2143 frui
318 2106 513 2152 prohibuit,
538 2107 608 2142 hoc
631 2107 859 2142 interdictum
881 2108 1000 2143 locum
1024 2118 1097 2143 non
1119 2107 1240 2143 habet.

150 2153 235 2199 quid
258 2163 341 2198 ergo
365 2153 446 2188 est?
482 2151 589 2188 debet
611 2151 832 2188 fructuarius
854 2164 961 2188 usum
983 2153 1141 2188 fructum
1165 2153 1240 2187 vin-

153 2202 192 2234 15
240 2198 372 2234 dicare.
408 2197 570 2233 Pertinet
592 2201 713 2233 autem
736 2197 806 2233 hoc
829 2197 1059 2234 interdictum
1082 2198 1129 2232 ad
1149 2208 1241 2239 eum,

148 2244 211 2290 qui
229 2243 342 2279 fundo
362 2243 417 2278 uti
435 2243 508 2278 frui
522 2242 726 2295 prohibitus
745 2247 816 2278 est:
842 2243 907 2279 sed
924 2243 1117 2288 pertinebit
1135 2243 1242 2278 etiam

149 2289 196 2324 ad
227 2299 328 2331 eum,
360 2288 423 2333 qui
451 2286 624 2323 aedificiis
657 2287 711 2323 uti
741 2287 814 2323 frui
843 2289 1066 2334 prohibetur.
1115 2298 1241 2323 conse-

172 2338 298 2370 uenter
330 2338 450 2368 autem
479 2333 640 2369 dicemus
677 2332 726 2368 ad
761 2344 819 2368 res
849 2333 999 2369 mobiles
1030 2333 1100 2369 hoc
1130 2333 1242 2368 inter-

187 2384 284 2415 ctum
308 2390 381 2414 non
403 2379 598 2423 pertinere,
629 2378 661 2415 si
685 2379 764 2423 quis
786 2379 842 2413 *uti
864 2378 938 2414 frui
961 2378 1163 2424 prohibitus
1189 2382 1243 2414 est

149 2435 189 2460 re
211 2424 345 2468 mobili,
370 2424 440 2460 nisi
463 2424 494 2460 si
516 2423 571 2460 rei
593 2424 661 2460 soli
684 2423 907 2459 accedebant
928 2434 988 2460 res
1012 2424 1179 2459 mobiles:
1210 2423 1242 2459 si

148 2470 257 2516 igitur
279 2469 332 2505 ibi
353 2469 511 2513 fuerunt,
537 2468 727 2504 dicendum
750 2473 806 2504 est
828 2469 936 2504 etiam
961 2469 1007 2504 ad
1031 2479 1092 2504 eas
1115 2468 1242 2505 referri

153 2519 193 2551 16
240 2515 309 2550 hoc
331 2514 561 2550 interdictum
584 2513 724 2550 debere.
767 2514 857 2550 Item
882 2515 913 2549 si
935 2525 1009 2550 non
1031 2525 1118 2550 usus
1142 2514 1240 2550 fruc-

148 2564 226 2604 tus,
251 2560 315 2596 sed
338 2570 426 2595 usus
450 2559 497 2595 sit
518 2559 684 2604 relictus,
713 2560 883 2605 competit
905 2560 975 2595 hoc
998 2559 1239 2595 interdictum.

149 2617 194 2641 ex
217 2615 442 2651 quacumque
466 2605 584 2640 enim³
607 2615 719 2640 causa
736 2605 954 2641 constitutus
970 2609 1025 2641 est
1040 2616 1127 2640 usus
1141 2605 1239 2640 fruc-

153 2654 191 2686 17
240 2655 300 2686 tus
314 2651 370 2686 vel
385 2661 484 2693 usus,
509 2650 579 2686 hoc
596 2650 828 2685 interdictum
843 2651 963 2686 locum
977 2650 1136 2686 habebit.
1172 2649 1241 2694 Qui

149 2707 237 2732 usus
256 2695 396 2731 finctus
412 2696 554 2731 nomine
569 2695 876 2749 qualiterqualiter
891 2695 961 2730 fuit
976 2696 1080 2742 quasi
1098 2696 1137 2730 in
1155 2706 1239 2740 pos-

149 2741 319 2785 sessione,
343 2744 466 2776 utetur
487 2741 558 2776 hoc
581 2741 785 2776 interdicto.
834 2741 897 2776 sed
921 2741 953 2776 si
976 2742 1067 2787 quis,
1094 2745 1239 2786 postea-

149 2797 257 2868 330²&
279 2786 717 2867 ffissffl‘ffeffibfisspffff
737 2786 1240 2876 ἑῗῖἒᾶἒξίι-ῗῗηέθέῒὲἑὲῗέἒε

150 2878 220 2912 hoc
242 2876 483 2919 interdictum,
507 2887 581 2912 non
599 2879 641 2911 ut
655 2876 695 2911 in
712 2875 874 2912 futurum
893 2877 1136 2912 constituatur
1152 2887 1240 2912 usus

150 2924 308 2966 fructus,
338 2921 403 2957 sed
430 2926 471 2956 ut
493 2921 690 2966 praeterita
712 2932 824 2958 causa
847 2926 884 2957 et
906 2922 1075 2958 damnum
1097 2926 1239 2967 praete-

153 2971 193 3003 18
240 2967 350 3002 ritum
380 2967 570 3002 sarciatur.
616 2967 730 3003 Heres
755 2977 897 3012 quoque
920 2967 1025 3003 simili
1048 2967 1153 3003 modo
1178 2967 1238 3002 de-

148 3012 248 3049 bebit
277 3012 316 3048 in
345 3011 484 3093 ξέοῐιιιιι
512 3011 690 3047 actionem
719 3013 902 3058 suscipere
931 3013 970 3047 iii
997 3012 1037 3048 id
1065 3012 1162 3058 quod
1194 3012 1241 3047 ad

149 3069 188 3095 se
237 3067 356 3094 erveiu

245 3102 354 3139 Ivssu
372 3101 464 3139 libro
487 3101 624 3138 decimo
649 3102 699 3138 ad
720 3103 875 3139 edictum
922 3103 958 3138 Si
990 3102 1026 3138 vi
1055 3113 1112 3139 me
1145 3103 1238 3138 deie-

150 3149 241 3185 cerit
277 3148 356 3193 quis
393 3147 536 3184 nomine
572 3148 810 3193 municipum,
846 3148 886 3184 in
921 3148 1119 3193 municipes
1154 3148 1240 3183 mihi

149 3193 379 3230 interdictum
411 3192 631 3229 reddendum
659 3192 880 3238 Pomponius
910 3193 1054 3238 scribit,
1094 3193 1126 3229 si
1155 3193 1241 3239 quid

150 3239 198 3275 ad
220 3249 283 3276 eos
305 3238 476 3284 pervenit.

196 3283 247 3322 5⁴
269 3283 378 3319 Imm
397 3284 489 3320 libro
512 3282 701 3319 undecimo
724 3283 774 3318 ad
796 3283 950 3319 edictum
998 3283 1036 3318 Si
1058 3293 1124 3329 per
1146 3283 1240 3318 vim⁸

149 3329 215 3366 tibi
236 3329 500 3375 possessionem
522 3327 715 3370 tradidero,
740 3328 828 3364 dicit
843 3328 1063 3374 Pomponius
1087 3328 1182 3364 unde
1205 3328 1239 3364 vi

150 3374 380 3410 interdictum
404 3384 563 3417 cessare,
587 3373 756 3419 quoniam
778 3384 851 3409 non
875 3375 954 3409 est⁶
976 3373 1151 3417 deiectus,
1178 3373 1238 3418 qui

150 3419 357 3466 compulsus
381 3423 437 3455 est
458 3419 496 3455 in
519 3419 782 3465 possessionem
806 3419 986 3454 inducere.

195 3463 222 3503 6
248 3465 406 3500 Panas
433 3464 525 3500 libro
556 3465 708 3511 septimo
739 3463 877 3499 decimo
909 3465 959 3499 ad
987 3464 1140 3500 edictum
1195 3463 1238 3499 In

150 3510 339 3547 interdicto
376 3509 472 3546 unde
506 3509 542 3545 vi
566 3509 664 3545 'tanti
694 3508 942 3545 condemnatio
974 3508 1141 3545 facienda
1171 3512 1237 3551 est,

151 3625 189 3664 (ι)
213 3624 251 3658 id
274 3626 323 3658 est
344 3624 568 3668 rhomphaeas
596 3624 784 3658 adiecerunt
807 3622 969 3668 Byzantii
998 3635 1037 3655 ea:
1064 3623 1238 3666 ylossari‘i‘e

151 3673 194 3711 (²)
218 3671 275 3712 qui
289 3669 464 3713 prohibuit
475 3669 636 3703 deiecitve
648 3669 682 3701 vi
693 3681 754 3702 scr.
835 3671 879 3709 (3)
902 3666 1003 3709 enim]
1017 3667 1162 3709 denique
1172 3680 1234 3701 scr.

151 3719 192 3753 (4)
218 3717 259 3758 cf
274 3717 319 3748 I).
334 3719 364 3753 4,
378 3723 406 3756 2,
421 3722 437 3749 n
448 3727 502 3758 pr.
585 3717 627 3756 (5)
651 3724 711 3756 per
723 3714 789 3746 vim
802 3713 866 3755 F2,
877 3723 988 3746 rerum
1001 3712 1052 3745 F¹
1134 3714 1180 3754 (e)
1203 3712 1237 3745 vi

1237 85 1322 135 690
1483 29 1551 110 ’Ὗ

1480 0 1484 28 ἱ

1550 121 1591 142 »χ
1795 104 1857 135 ΒΕ
1887 104 1934 134 Vl
1962 105 2019 135 ΕΤ
2047 105 2109 136 ΒΕ
2137 106 2185 136 VI
2213 107 2393 139 ARMATA

1314 211 1439 256 quanti
1461 211 1602 248 intersit
1624 212 1825 258 possidere:
1856 217 1892 249 et
1922 214 1992 251 hoc
2019 214 2098 251 iure
2125 225 2191 251 nos
2214 215 2268 251 uti
2289 215 2394 252 Pom-

1313 257 1442 309 ponius
1465 257 1601 301 scribit,
1624 258 1663 293 id
1686 262 1743 294 est
1764 259 1856 294 tanti
1878 270 1954 294 rem
1976 259 2097 302 videri,
2122 260 2246 305 quanti
2262 262 2395 297 actoris

1312 305 1472 337 intersit:
1513 301 1611 355 quod
1646 303 1735 339 alias
1769 304 1884 339 minus
1916 314 2013 347 esse,
2053 305 2142 341 alias
2176 305 2276 351 plus:
2313 317 2395 341 nam

1313 356 1422 391 saepe
1463 350 1614 400 actoris·
1643 348 1757 394 pluris
1799 350 1972 385 interesse
2013 350 2191 386 hominem
2233 350 2395 394 retinere,

1337 401 1420 426 uam
1450 395 1576 436 quanti
1602 402 1634 428 is
1656 397 1713 429 est
1760 394 1870 430 veluti
1899 405 1980 429 cum
2035 394 2230 430 uaestionis
2260 396 2395 431 haben·
2419 435 2421 438 ,

1313 402 1380 471 gae
1403 440 1467 488 aut
1488 436 1541 489 rei
1562 420 1771 490 probandae
1791 439 1908 484 gratia
1939 443 2002 475 aut
2057 438 2238 476 ereditatis
2262 440 2396 476 adeun-

1313 480 1381 516 dae
1402 485 1544 517 intersit
1568 492 1644 517 eius
1667 492 1749 519 eum
1770 484 1957 537 possideri.

1359 523 1383 562 7
1407 525 1633 579 Iesu-libro
1654 528 1846 565 vicensimo
1869 534 2001 582 quarto
2031 529 2081 565 ad
2108 529 2261 566 edictum
2309 529 2396 565 Cum

1313 580 1336 606 a
1358 575 1395 606 te
1417 581 1453 624 vi
1475 570 1634 608 deiectus
1657 572 1735 618 sim,
1759 574 1792 610 si
1806 573 1923 611 Titius
1947 574 2096 610 eandem
2116 585 2192 610 rem
2214 574 2397 620 possidere

1313 619 1488 661 coeperit,
1522 627 1595 652 non
1625 627 1771 662 possum
1803 629 1884 655 cum
1914 620 1984 656 alio
2017 630 2123 665 quam
2145 624 2265 656 tecum
2287 620 2396 655 inter-

1314 660 1410 697 dicto
1434 662 1598 707 experiri.

1360 702 1385 743 8
1407 705 1518 759 Jnleu
1545 707 1638 760 fibro
1663 708 1986 762 quinquaqensimo
2011 713 2142 756 quarto
2172 710 2222 745 ad
2243 710 2396 745 edictum

1312 751 1498 803 Fulcinius
1522 751 1665 787 dicebat
1686 752 1721 788 vi
1742 754 1938 798 possideri,
1972 755 2136 800 quotiens
2159 755 2216 791 vel
2238 765 2311 790 non
2334 755 2397 790 do-

1312 806 1441 838 minus,
1467 807 1548 832 cum
1571 800 1691 833 tamen
1713 798 1923 843 possideret,
1948 800 1982 834 vi
2005 799 2164 836 deiectus
2189 804 2254 836 est.

1359 838 1384 878 9
1408 841 1517 876 Imm
1543 841 1636 878 libro
1659 845 1913 890 seaeaqensimo
1933 846 2063 897 quinto
2089 845 2139 880 ad
2161 845 2315 881 edictum
2361 844 2397 880 Si

1311 886 1434 931 plures
1465 886 1615 922 heredes
1647 891 1750 931 sunt,
1787 898 2032 934 unusquisque
2066 900 2140 925 non
2167 890 2205 925 in
2234 890 2396 935 amplius,

1313 942 1421 976 quam
1443 932 1491 967 ad
1514 942 1596 968 eum
1644 934 1828 977 ervenerit‚
1853 938 2005 970 tenetur.
2047 945 2119 980 qua
2143 934 2187 971 de
2211 945 2321 971 causa
2343 935 2396 970 in-

1311 976 1452 1011 terdum
1474 977 1514 1012 in
1536 978 1604 1013 soli
1630 989 1690 1013 um
1713 979 1892 1014 tenebitur
1914 980 1968 1015 is⁷
1993 978 2040 1015 ad
2063 990 2166 1024 quem
2183 984 2299 1016 totum
2315 990 2396 1025 per-

1315 1026 1327 1055 1
1379 1026 1531 1065 venerit,
1569 1024 1728 1068 quamvis
1759 1034 1804 1059 ex
1831 1028 1935 1069 parte
1965 1025 2069 1061 heres
2099 1026 2157 1061 sit.
2210 1025 2398 1061 Deiectum

1312 1067 1358 1102 ab
1391 1078 1460 1103 usu
1488 1067 1610 1103 fructu
1642 1069 1679 1103 in
1713 1068 1862 1104 eandem
1899 1080 2045 1105 causam
2078 1074 2224 1115 praetor
2259 1070 2398 1106 restitui

1311 1112 1431 1155 iubet,
1463 1112 1502 1148 id
1531 1117 1587 1149 est
1609 1114 1647 1148 in
1671 1124 1742 1159 qua
1764 1114 1908 1150 futurus
1933 1118 2043 1159 esset,
2074 1116 2106 1151 si
2136 1115 2295 1151 deiectus
2326 1126 2398 1150 non

1311 1161 1416 1193 esset.
1463 1158 1515 1193 ita
1540 1169 1586 1211 ue
1617 1159 1648 1195 si
1677 1164 1837 1205 tempore
1860 1170 1948 1195 usus
1971 1159 2111 1195 fructus
2134 1159 2256 1196 finitus
2279 1160 2397 1202 fuerit,

1310 1206 1501 1282 postquam
1550 1208 1686 1240 eiectus
1711 1210 1765 1240 est
1789 1215 1811 1240 a
1829 1204 1983 1248 domino,
2007 1205 2119 1241 nihilo
2135 1206 2251 1241 minus
2270 1216 2392 1251 cogen-

1336 1258 1380 1327 υἷι
1403 1252 1471 1283 erit
1493 1249 1694 1292 restituere,
1718 1250 1755 1285 id
1779 1253 1834 1285 est
1856 1261 1961 1286 usum
1983 1250 2142 1286 fructum
2162 1250 2291 1286 iterum
2312 1261 2396 1286 con-

1310 1293 1357 1328 sti
1374 1303 1468 1329 uere.

1361 1337 1410 1376 10
1438 1338 1562 1374 GAIUS
1587 1339 1678 1375 libro
1702 1340 1859 1375 secundo
1882 1340 1933 1375 ad
1954 1340 2107 1376 edictum
2128 1342 2314 1387 praetoris
2337 1352 2396 1375 ur-

1311 1382 1399 1419 bani
1427 1383 1532 1419 titulo
1563 1384 1609 1420 de
1638 1384 1783 1420 liberali
1812 1395 1925 1421 causa
1972 1385 2011 1420 Si
2034 1385 2078 1420 de
2101 1385 2213 1421 fundo
2237 1386 2397 1431 proprie-

1311 1428 1443 1463 tarium
1466 1432 1502 1464 et
1524 1428 1763 1465 fructuarium
1785 1430 1921 1475 praedo
1945 1430 2122 1475 expulerit
2151 1434 2260 1477 atque
2289 1431 2335 1467 ob
2362 1430 2399 1466 id

1310 1472 1532 1510 fructuarius
1569 1475 1764 1511 constituto
1795 1479 1956 1520 tempore
1986 1486 2059 1511 non
2090 1486 2178 1512 usus
2204 1476 2400 1522 perdiderit

1310 1519 1367 1554 ius
1392 1529 1506 1562 suum,
1531 1529 1634 1555 nemo
1659 1520 1811 1562 dubitat,
1837 1521 1921 1565 quin
1945 1520 2119 1564 dominus,
2143 1521 2217 1557 sive
2235 1521 2397 1566 experia-

1310 1564 1397 1599 tur⁸
1432 1575 1514 1599 cum
1544 1564 1742 1600 fructuario
1773 1565 1942 1601 adversus
1974 1566 2192 1611 praedonem
2221 1567 2294 1602 sive
2325 1577 2397 1601 non

1311 1609 1533 1654 experiatur,
1573 1611 1727 1646 retinere
1765 1610 1895 1646 debeat
1928 1621 2108 1646 reversum
2146 1612 2193 1646 ad
2224 1622 2263 1647 se
2293 1622 2398 1647 usum

1310 1654 1468 1689 fructum
1491 1658 1537 1697 et,
1562 1656 1659 1699 quod.
1681 1656 1901 1691 fructuarius
1920 1656 2085 1701 perdidit,
2109 1656 2146 1691 id
2165 1657 2212 1692 ad
2232 1657 2398 1691 damnum

1314 1699 1390 1735 eius
1414 1700 1604 1744 pertineat,
1631 1700 1732 1736 cuius
1755 1699 1854 1736 facto
1878 1701 1994 1746 periit.

1361 1743 1407 1781 11
1437 1744 1666 1781 Poupomvs
1685 1746 1777 1782 libro
1800 1751 1906 1782 sexto
1930 1757 1980 1782 ex
2003 1746 2150 1782 Plautio
2196 1746 2277 1781 Vim
2298 1745 2397 1788 facit,

1312 1790 1373 1834 qui
1404 1800 1477 1825 non
1507 1790 1592 1826 sinit
1621 1790 1863 1836 possidentem
1887 1801 1948 1834 eo,
2003 1792 2077 1827 uod
2098 1791 2313 1838 possidebit,
2346 1792 2399 1826 uti

1312 1835 1461 1871 arbitrio
1485 1846 1563 1878 suo,
1588 1836 1661 1871 sive
1683 1836 1873 1872 inserendo
1892 1837 1965 1872 sive
2002 1837 2153 1872 odiendo
2172 1836 2246 1872 sive
2262 1837 2397 1872 arando

1311 1880 1385 1916 sive
1409 1880 1495 1925 quid
1517 1880 1741 1917 aedificando
1765 1882 1839 1917 sive
1862 1881 1948 1927 quid
1971 1883 2114 1918 omnino
2135 1881 2310 1924 faciendo,
2334 1892 2399 1927 per

1312 1925 1409 1970 quod
1432 1925 1583 1961 liberam
1606 1926 1870 1972 possessionem
1894 1927 2089 1963 adversarii
2116 1938 2189 1963 non
2219 1927 2397 1972 relinquit.

1360 1969 1411 2007 12
1436 1971 1626 2006 Minoam
1633 1982 1678 2007 vs
1697 1972 1788 2008 libro
1805 1983 1901 2008 nono
1918 1974 2054 2008 decimo
2070 1973 2291 2019 diqestorum
2329 1972 2393 2008 Co-

1310 2015 1416 2051 lonus
1448 2026 1548 2059 eum,
1579 2017 1638 2052 cui
1666 2017 1806 2053 locator
1836 2017 1986 2052 fundum
2009 2017 2231 2061 vendiderat,
2263 2028 2343 2053 cum
2366 2018 2398 2052 is

1310 2061 1347 2096 in
1378 2062 1642 2106 possessionem
1670 2063 1801 2098 missus
1831 2067 1942 2104 esset,
1974 2073 2047 2098 non
2076 2063 2237 2098 admisit:
2271 2062 2397 2098 deinde

1312 2106 1459 2142 colonus
1488 2107 1524 2142 vi
1554 2108 1601 2143 ab
1633 2107 1704 2143 alio
1736 2107 1895 2143 deiectus
1924 2113 1996 2143 est:
2030 2109 2287 2154 quaerebatur,
2319 2109 2397 2152 quis

1309 2152 1460 2187 haberet
1482 2152 1713 2188 interdictum
1735 2153 1830 2189 unde
1852 2153 1897 2188 vi.
1935 2153 2007 2188 dixi
2023 2154 2111 2188 nihil
2128 2154 2311 2196 interesse,
2337 2163 2396 2188 co·

1309 2196 1415 2232 lonus
1457 2197 1638 2234 dominum
1677 2198 1814 2243 ingredi
1855 2198 2032 2234 volentem
2097 2199 2314 2234 rohibuisset
2351 2209 2397 2233 aii

1311 2246 1521 2287 emptorem,
1555 2243 1614 2278 cui
1635 2245 1799 2279 iussisset
1822 2244 1984 2280 dominus
2008 2248 2065 2279 tra
2089 2244 2102 2279 i
2125 2244 2396 2289 possessionem,

1311 2298 1383 2325 non
1406 2288 1559 2323 admisit.
1595 2289 1702 2333 igitur
1724 2289 1952 2325 interdictum
1975 2289 2070 2325 unde
2093 2289 2129 2324 vi
2152 2289 2279 2325 colono
2301 2299 2395 2325 com-

1310 2332 1504 2377 petiturum
1541 2334 1730 2379 ipsumque
1771 2334 1877 2369 simili
1913 2334 2103 2370 interdicto
2141 2334 2295 2370 locatori
2332 2334 2396 2369 ob-

1310 2378 1475 2412 strictum
1506 2378 1601 2421 fore,
1633 2389 1738 2424 quem
1768 2379 1939 2415 deiecisse
1972 2383 2059 2414 tunc
2090 2379 2283 2422 videretur,
2316 2390 2397 2414 cum

1310 2423 1461 2467 emptori
1484 2425 1747 2468 possessionem
1770 2435 1843 2459 non
1864 2424 2023 2467 tradidit,
2047 2425 2116 2460 nisi
2138 2424 2232 2460 forte
2249 2429 2397 2470 propter

1309 2468 1442 2503 iustam
1465 2474 1501 2504 et
1524 2469 1745 2514 probabilem
1770 2479 1915 2505 causam
1938 2469 1975 2504 id
1998 2469 2151 2506 fecisset.

1360 2511 1410 2551 13
1449 2513 1643 2549 ULPIANUS
1679 2514 1770 2550 libro
1802 2519 1928 2550 octavo
1965 2515 2016 2550 ad
2044 2514 2218 2550 Sabinum
2271 2514 2396 2560 Neque

1308 2558 1402 2594 unde
1425 2559 1459 2594 vi
1482 2569 1597 2604 neque
1621 2559 1720 2595 aliud
1741 2559 1970 2595 interdictum
1992 2559 2170 2596 famosum
2192 2563 2258 2596 est.

1359 2602 1411 2640 14
1435 2603 1666 2640 Poupomvs
1690 2605 1785 2640 libro
1809 2606 1999 2641 vicensimo
2023 2616 2119 2640 nono
2149 2605 2199 2640 ad
2222 2604 2395 2640 Sabinum

1309 2649 1378 2684 Sed
1408 2649 1439 2685 si
1466 2649 1502 2684 vi
1533 2653 1672 2685 armata
1703 2649 1862 2686 deiectus
1893 2660 1952 2693 es,
1985 2650 2078 2686 sicut
2105 2651 2222 2695 ipsum
2245 2650 2395 2685 fundum

1307 2694 1454 2739 recipis,
1479 2695 1620 2730 etiamsi
1642 2696 1677 2730 vi
1700 2700 1764 2730 aut
1787 2696 1879 2731 clam
1901 2699 1966 2731 aut
1987 2696 2150 2740 precario
2174 2705 2255 2731 eum
2278 2695 2394 2748 possi-

1309 2739 1410 2775 deres
1422 2741 1447 2782 ⁹,
1470 2740 1522 2775 ita
1545 2750 1603 2776 res
1628 2751 1768 2786 quoque
1791 2741 1941 2776 mobiles
1964 2740 2164 2776 omnimodo
2188 2741 2350 2786 recipies.

1358 2784 1407 2822 15
1433 2785 1490 2820 Pi
1499 2795 1593 2821 ULUs
1614 2786 1705 2822 libro
1730 2787 1834 2821 tertio
1858 2787 1994 2822 decimo
2019 2786 2069 2820 ad
2083 2785 2258 2822 Sabinum
2302 2786 2339 2820 Si
2361 2785 2394 2820 vi

1308 2840 1363 2865 me
1395 2830 1567 2866 deieceris
1591 2831 1646 2866 vel
1669 2831 1703 2866 vi
1733 2834 1797 2866 aut
1827 2831 1920 2866 clam
1951 2830 2097 2874 feceris,
2129 2830 2287 2875 quamvis
2318 2830 2394 2866 sine

1308 2875 1392 2911 dolo
1417 2879 1452 2910 et
1476 2876 1582 2920 culpa
1606 2875 1766 2911 amiseris
1786 2876 2060 2921 possessionem,
2084 2880 2204 2911 tamen
2222 2875 2393 2911 damnan-

1308 2921 1375 2956 dus
1400 2931 1457 2963 es,
1490 2921 1612 2966 quanti
1635 2931 1715 2956 mea
1737 2921 1894 2965 intersit,
1925 2921 2010 2967 quia
2037 2921 2075 2956 in
2104 2930 2146 2956 eo
2175 2921 2255 2966 ipso
2287 2921 2394 2966 culpa

1306 2971 1371 3046 tilia
1392 2966 1604 3045 pii—secessit,
1637 2966 1733 3011 quod
1762 2967 1905 3002 omnino
1936 2967 1970 3002 vi
2002 2965 2161 3002 deiecisti
2183 2970 2249 3001 aut
2271 2966 2305 3002 vi
2328 2970 2393 3001 aut

1310 3022 1329 3046 c
1344 3021 1402 3045 am
1442 3011 1553 3046 ecisti.

1357 3053 1408 3093 16
1439 3056 1634 3092 Uarianos
1654 3056 1744 3091 libro
1764 3057 1954 3092 vicensimo
1974 3067 2070 3092 nono
2089 3055 2139 3092 ad
2156 3055 2309 3091 edictum
2351 3055 2393 3091 In

1306 3100 1496 3137 interdicto
1520 3100 1615 3136 unde
1638 3101 1672 3136 vi
1695 3100 1885 3137 dicendum
1906 3105 1972 3144 est,
1996 3105 2038 3136 ut
2055 3100 2132 3136 eius
2153 3110 2273 3145 causa,
2298 3100 2392 3146 quod

1307 3147 1353 3182 ad
1400 3149 1514 3182 ati-em
1534 3146 1707 3191 pervenit,
1731 3146 1809 3192 ipse
1831 3151 2007 3183 teneatur.

1357 3156 1406 3229 ffi
1430 3190 1624 3228 IULIANUS
1644 3191 1735 3227 libro
1760 3192 2065 3239 quudraqensimo
2089 3194 2215 3227 octavo
2238 3191 2390 3238 diqesto-

1305 3249 1387 3273 rum
1433 3236 1502 3281 Qui
1517 3236 1788 3289 possessionem
1816 3237 1850 3272 vi
1880 3239 2039 3282 ereptam
2065 3236 2100 3270 vi
2127 3236 2166 3271 in
2193 3236 2273 3282 ipso
2306 3246 2389 3272 con-

1305 3292 1431 3328 gressu
1454 3286 1649 3326 reciperat,
1681 3282 1719 3317 in
1740 3281 1927 3327 pristinam
1951 3291 2097 3317 causam
2119 3281 2249 3316 reverti
2271 3281 2390 3334 potius

1306 3337 1414 3408 quam
1435 3326 1469 3362 vi
1492 3326 1676 3372 possidere
1699 3327 1799 3363 intell
1890 3326 1957 3362 dus
1980 3331 2053 3362 est:
2086 3326 2166 3362 ideo
2191 3336 2237 3362 ue
2260 3337 2292 3362 si
2314 3328 2391 3362 te¹⁰

1330 3372 1487 3415 siccem,
1511 3371 1595 3407 ilico
1619 3376 1660 3407 tu
1682 3382 1755 3415 me,
1780 3372 1908 3408 deinde
1931 3381 1996 3417 ego
2019 3375 2075 3414 te,
2107 3383 2156 3407 un
2182 3381 2202 3407 e
2223 3371 2257 3406 vi
2279 3371 2389 3406 inter-

1306 3417 1441 3453 dictum
1464 3416 1530 3452 tibi
1554 3417 1641 3453 utile
1665 3417 1742 3453 erit.

1355 3458 1407 3501 18
1430 3461 1678 3498 mmmmm
1698 3462 1789 3499 libw
1809 3462 1999 3498 vicensimo
2016 3465 2121 3497 sexto
2254 3461 2390 3496 tionum

1307 3508 1397 3544 Cum
1417 3505 1568 3542 fundum
1592 3507 1652 3551 qui
1675 3507 1854 3543 locaverat
1877 3505 2103 3549 vendidisset,
2126 3505 2231 3542 iussit
2253 3509 2388 3552 empto-

1306 3622 1365 3655 ιἠε.
1380 3620 1430 3654 F·
1545 3623 1587 3662 (¹1)
1611 3620 1672 3663 qui
1691 3631 1732 3655 ex
1749 3622 1844 3664 pai-te
1862 3621 1995 3653 tantum
2012 3619 2108 3653 lieres
2125 3620 2191 3653 est:
2215 3629 2331 3663 nempe
2349 3620 2391 3651 ἰιι

1304 3665 1449 3700 solidum
1459 3665 1628 3699 tenebitur
1639 3666 1739 3700 isim.
1828 3667 1873 3708 (8)
1898 3665 2068 3708 experitur
2080 3665 2131 3699 F²
2214 3666 2260 3706 (9)
2282 3666 2386 3707 posui-

1305 3711 1397 3744 deret
1412 3712 1445 3745 F
1528 3714 1586 3754 (ιο)
1612 3710 1646 3743 vi
1659 3712 1720 3746 ins.
1736 3710 1785 3745 Γ*
