2528 3918
187 110 330 152 INST.
362 110 461 165 1111,
495 113 532 153 3.
555 113 579 152 4
1273 105 1331 155 46

185 234 339 279 ’ruptum
364 231 456 269 enim
478 230 711 276 intellegitur,
744 231 910 276 quoquo¹
934 229 1038 267 modo
1063 233 1272 275 corruptum

186 279 260 315 'est
295 278 389 314 unde
409 288 480 312 non
501 276 614 312 solum
633 278 717 311 usta
728 279 792 311 aut
801 274 930 319 fracta,
951 276 1015 312 sed
1034 276 1142 311 etiam
1159 275 1273 311 scissa

186 324 231 359 ’et
256 324 378 359 collisa
402 326 438 357 et
461 320 574 356 effusa
598 324 634 356 et
680 330 799 366 uoquo
823 321 929 356 modo
953 324 1138 366 perempta
1162 324 1270 366 atque

185 368 372 404 ‘deteriora
394 366 492 402 facta
514 366 584 401 hoc
607 376 668 401 ver
693 376 714 401 o
747 365 999 402 continentur:
1032 366 1185 410 denique
1214 375 1271 401 re-

184 424 354 459 sponsum
379 416 444 452 est,
469 411 499 446 si
524 411 601 455 quis
624 411 662 446 in
686 411 841 446 alienum
863 411 983 447 vinum
1007 415 1070 446 aut
1093 411 1211 446 oleum
1234 410 1270 445 id

182 458 383 500 immiserit,
420 467 489 501 quo
525 456 699 492 naturalis
730 456 872 492 bonitas
903 457 975 492 vini
1005 456 1059 491 vel
1090 455 1161 491 olei
1193 465 1270 490 cor·

186 507 227 538 14
274 506 507 547 rumperetur,
533 511 577 536 ex
599 501 668 537 hac
692 505 794 546 parte
813 501 898 547 legis
919 512 999 537 eum
1018 500 1143 535 teneri.
1180 500 1270 535 Illud

183 549 302 594 palam
326 552 390 589 est,
415 547 509 582 sicut
533 556 576 581 ex
599 546 713 591 primo
739 547 855 591 capite
878 547 929 581 ita
954 546 1094 581 demum
1119 545 1270 590 quisque

183 597 341 635 tenetur,
374 592 404 627 si
429 590 509 627 dolo
534 595 597 626 aut
621 592 727 644 culpa
751 592 825 627 eius
849 592 953 626 homo
979 595 1042 626 aut
1065 590 1270 636 quadrupes

183 639 322 673 occisus
347 637 509 672 occisave
531 636 650 679 fuerit,
674 642 726 672 ita
750 647 792 672 ex
816 637 885 671 hoc
905 636 1021 681 capite
1041 645 1085 670 ex
1106 635 1188 671 dolo
1209 639 1270 670 aut

184 684 289 728 culpa
313 682 356 718 de
380 686 498 717 cetero
523 681 652 717 damno
677 692 850 727 quemque
867 681 990 716 teneri.
1028 681 1129 716 ²'hoc
1149 685 1270 716 tamen

185 728 311 773 ’capite
334 738 407 763 non
431 727 555 780 quanti
576 727 614 762 in
638 737 680 762 eo
705 737 817 768 anno,
850 725 912 761 sed
935 725 1059 770 quanti
1082 726 1120 760 in
1144 725 1269 761 diebus

184 773 337 818 'triginta
359 772 529 818 proximis
551 782 609 808 res
633 772 751 814 fuerit,
776 771 847 807 obli
871 775 952 806 atur
971 771 1002 806 is
1023 770 1084 815 qui
1101 770 1270 805 damnum

187 821 224 852 15
274 817 429 853 'dederit
476 819 532 853 Ac
552 827 597 853 ne
616 817 758 862 plurimi
779 817 839 861 qui
865 826 919 851 em
937 816 1084 851 verbum
1104 815 1267 851 adicitur.

183 863 255 898 'sed
287 862 420 898 Sabino
453 866 551 898 recte
582 862 719 907 placuit
748 861 894 906 perinde
925 860 1126 896 habendam
1161 861 1268 896 aesti-

183 908 394 950 'mationem,
417 918 461 943 ac
484 908 514 943 si
538 907 643 942 etiam
666 907 735 942 hac
758 911 860 951 parte
879 906 1021 951 plurimi
1039 906 1185 941 verbum
1207 906 1268 941 ad-

183 954 323 988 ’iectum
346 952 489 989 fuisset:
515 963 597 988 nani
621 952 759 997 plebem
782 951 991 993 Romanam,
1016 961 1107 996 quae
1126 951 1268 996 Aquilio

183 998 334 1034 'tribuno
358 1003 505 1043 rogante
528 998 621 1032 lianc
645 998 756 1041 legem
780 997 881 1038 tulit,
913 1000 1116 1032 contentam
1145 996 1268 1039 fuisse,

183 1043 289 1088 'quod
311 1043 426 1102 prima
449 1047 551 1088 parte
574 1052 616 1078 eo
640 1042 747 1077 verbo
772 1052 839 1076 usa
862 1044 927 1077 est.

185 1091 226 1124 16
330 1088 494 1124 Ceterum
518 1088 653 1133 placuit
675 1087 727 1122 ita
751 1086 890 1122 demum
909 1096 954 1122 ex
972 1086 1041 1122 hac
1061 1087 1137 1131 lege
1156 1087 1268 1122 actio-

182 1135 271 1170 ’nem
304 1144 400 1176 esse,
433 1133 464 1169 si
498 1133 576 1178 quis
606 1132 799 1178 praecipue
829 1142 980 1184 corpore
1010 1142 1076 1167 suo
1101 1132 1268 1167 damnum

183 1179 340 1215 'dederit
376 1179 526 1223 ideoque
555 1178 593 1213 in
622 1187 720 1219 eum,
757 1177 818 1230 qui
853 1177 923 1213 alio
959 1177 1065 1212 modo
1102 1176 1269 1212 damnum

183 1224 346 1267 'dederit,
379 1224 482 1259 utiles
513 1223 672 1258 actiones
705 1222 784 1257 dari
815 1222 951 1258 solent:
987 1222 1096 1258 veluti
1128 1222 1159 1257 si
1189 1222 1269 1267 quis

183 1270 369 1305 'hominem
393 1269 547 1304 alienum
571 1272 634 1303 aut
656 1277 767 1313 pecus
790 1267 843 1302 ita
865 1267 1068 1310 incluserit,
1101 1271 1142 1302 ut
1171 1266 1269 1302 fame

182 1315 397 1356 'necaretur,
423 1318 486 1349 aut
507 1313 702 1348 iumentum
725 1316 799 1348 tam
822 1312 1048 1348 vehementer
1071 1312 1198 1357 egerit,
1229 1317 1269 1348 ut

183 1361 433 1405 'rumperetur,
469 1362 532 1394 aut
563 1368 674 1403 pecus
704 1358 742 1393 in
772 1361 913 1393 tantum
944 1357 1193 1403 exagitaverit,
1228 1362 1270 1392 ut

183 1405 488 1451 'praecipitaretur
497 1404 522 1446 ³,
547 1407 610 1438 aut
630 1403 660 1438 si
681 1403 760 1448 quis
781 1403 897 1439 alieno
917 1413 1019 1439 servo
1066 1402 1268 1445 ersuaserit,

182 1451 232 1486 'ut
253 1450 290 1485 in
314 1450 478 1485 arborem
502 1448 711 1484 ascenderet
729 1448 784 1484 vel
804 1448 842 1483 in
860 1451 1008 1494 puteum
1053 1447 1268 1491 escenderet,

183 1496 228 1531 'et
249 1495 280 1531 is
304 1493 529 1530 ascendendo
553 1493 609 1529 vel
632 1492 878 1530 descendendo
899 1497 963 1529 aut
980 1497 1142 1529 mortuus
1161 1492 1270 1529 fuerit

184 1541 256 1576 'aut
280 1540 401 1584 aliqua
423 1543 526 1584 parte
550 1538 709 1584 corporis
732 1538 852 1574 laesus
877 1539 965 1581 erit⁴‚
992 1538 1090 1574 utilis
1120 1538 1158 1574 in
1189 1548 1269 1574 eum

181 1585 278 1621 actio
303 1584 421 1620 datur.
462 1584 534 1619 ‘sed
557 1584 588 1619 si
643 1583 698 1619 uis
729 1583 884 1619 alienum
914 1594 1054 1620 servum
1085 1583 1130 1619 de
1186 1586 1269 1619 onte

181 1632 255 1666 ‘aut
284 1630 363 1676 ripa
392 1630 430 1665 in
459 1629 591 1665 flumen
648 1629 791 1665 eiecerit
814 1633 850 1664 et
872 1628 903 1664 is
927 1629 1125 1665 suffocatus
1164 1628 1268 1672 uerit,

182 1677 232 1710 'eo
257 1675 353 1720 quod
375 1674 566 1720 proiecerit
589 1684 739 1719 corpore
762 1684 827 1710 suo
848 1673 1017 1710 damnum
1035 1673 1176 1710 dedisse
1195 1684 1269 1709 non

182 1720 382 1756 'difficiliter
411 1719 565 1764 intellegi
587 1719 726 1765 poterit⁴
750 1718 902 1765 ideoque
924 1719 1003 1765 ipsa
1025 1719 1103 1764 lege
1125 1719 1270 1764 Aquilia

181 1769 331 1801 tenetur.
366 1764 430 1801 sed
460 1764 492 1800 si
523 1775 596 1801 non
626 1774 777 1809 corpore
808 1764 977 1800 damnum
1007 1763 1116 1800 fuerit
1146 1764 1269 1800 datum

180 1821 294 1855 neque
318 1820 447 1855 corpus
472 1809 608 1845 laesum
632 1809 758 1851 fuerit,
791 1809 854 1845 sed
877 1809 946 1845 alio
970 1809 1077 1846 modo
1101 1808 1269 1845 damnum

181 1855 288 1891 alicui
312 1855 470 1907 contigit,
496 1865 577 1891 cum
600 1865 673 1890 non
696 1854 832 1891 sufficit
855 1864 900 1890 ne
925 1865 971 1891 ue
994 1854 1131 1891 directa
1152 1864 1269 1901 neque

180 1900 277 1936 utilis
309 1900 472 1946 Aquiha,
503 1900 641 1946 placuit
671 1910 753 1936 eum
792 1900 853 1953 qui
883 1866 1059 1936 o‘bnoxius
1089 1899 1198 1936 fuerit
1231 1900 1270 1935 in

182 1946 317 1981 factum
351 1945 493 1981 actione
526 1944 658 1981 teneri:
701 1944 811 1980 veluti
846 1945 876 1980 si
911 1945 990 1991 quis
1024 1944 1271 1982 misericordia

181 1991 310 2026 ductus
334 1990 489 2026 alienum
512 2000 652 2026 servum
676 1989 915 2036 compeditum
946 1990 1109 2034 solverit,
1140 1995 1182 2027 ut
1211 1990 1268 2027 fu-

181 2040 290 2082 geret.

677 2084 756 2122 1111
764 2083 779 2104 ⁴

582 2150 644 2183 DE
668 2149 719 2182 IN
720 2149 872 2183 IURIIS.

228 2215 473 2251 ‘Generaliter
502 2216 632 2251 iniuria
662 2216 792 2252 dicitur
823 2226 928 2252 omne
958 2216 1056 2262 quod
1086 2227 1159 2252 non
1192 2216 1271 2252 iure

181 2261 237 2296 fit:
262 2260 463 2306 specialiter
486 2261 574 2297 alias
600 2261 824 2304 contumelia,
849 2271 941 2307 quae
964 2271 987 2297 a
1010 2261 1268 2298 contemnendo

182 2306 279 2342 dicta
302 2310 368 2348 est,
392 2317 499 2351 quam
523 2306 653 2342 Graeci
675 2303 782 2353 ὕβριν
804 2306 1006 2359 appellant,
1038 2306 1126 2342 alias
1150 2307 1268 2359 culpa,

181 2362 289 2431 guam
313 2350 443 2386 Graeci
475 2347 633 2396 ἀδίκημα
663 2351 805 2395 dicunt,
836 2355 930 2387 sicut
959 2351 998 2388 in
1027 2351 1103 2397 lege
1126 2351 1271 2397 Aquilia

206 2407 348 2431 amnum
372 2396 502 2432 iniuria
521 2396 708 2442 accipitur,
732 2397 821 2432 alias
838 2396 1008 2442 iniquitas
1027 2400 1064 2433 et
1081 2396 1267 2439 iniustitia,

182 2451 288 2486 quam
312 2441 440 2476 Graeci
465 2438 611 2475 ἀδικίαν
632 2446 773 2478 vocant.
812 2452 893 2478 cum
916 2442 1008 2477 enim
1041 2445 1186 2488 praetor
1215 2442 1270 2478 vel

181 2486 287 2522 iudex
310 2497 381 2522 non
405 2487 481 2522 iure
505 2490 632 2522 contra
656 2498 761 2539 quem
779 2487 999 2533 pronuntiat,
1022 2487 1188 2523 iniuriam
1208 2497 1268 2523 ac-

184 2535 198 2566 1
250 2531 385 2576 cepisse
409 2531 548 2567 dicitur.
597 2532 762 2567 ‘’Imuria
791 2536 911 2568 autem
942 2532 1174 2568 committitur
1196 2543 1269 2568 non

182 2576 316 2628 solum,
342 2587 423 2612 cum
447 2577 525 2622 quis
548 2588 668 2622 pugno
692 2581 782 2622 puta
805 2581 869 2613 aut
890 2577 1047 2613 fustibus
1072 2587 1197 2613 caesus
1214 2577 1269 2613 vel

182 2623 298 2656 ’etiam
328 2622 534 2658 verberatus
569 2623 652 2665 erit,
689 2622 753 2658 sed
785 2623 892 2659 etiam
920 2623 951 2658 si
983 2623 1042 2658 cui
1072 2622 1269 2658 convicium

182 2666 327 2701 'factum
349 2667 475 2709 fuerit,
499 2668 573 2702 sive
596 2668 698 2703 cuius
722 2668 818 2703 bona
841 2668 943 2713 quasi
967 2667 1161 2704 debitoris⁷
1184 2678 1268 2713 pos-

182 2712 292 2747 'sessa
313 2711 446 2747 fuerint
478 2712 523 2747 ab
556 2723 617 2754 eo,
651 2713 712 2765 qui
734 2713 963 2758 intellegebat
986 2713 1074 2748 nihil
1099 2723 1179 2748 eum
1202 2713 1270 2748 sibi

182 2756 332 2799 'debere,
356 2756 412 2791 vel
435 2757 465 2792 si
488 2757 567 2802 quis
591 2757 637 2792 ad
660 2757 842 2794 infamiam
861 2758 1011 2794 alicuius
1031 2757 1187 2793 libellum
1207 2761 1270 2792 aut

183 2802 338 2837 'carmen
370 2802 554 2846 scripserit
586 2803 825 2848 composuerit
855 2802 1004 2839 ediderit
1027 2802 1152 2839 dolove
1174 2802 1268 2839 malo

182 2846 328 2889 'fecerit,
353 2857 422 2891 quo
447 2847 531 2891 quid
554 2857 677 2883 eorum
700 2847 818 2891 fieret,
844 2848 916 2884 sive
939 2848 1018 2893 quis
1041 2851 1190 2883 matrem
1212 2847 1268 2882 fa-

183 2891 308 2927 'milias
340 2896 404 2926 aut
434 2896 695 2935 praetextatum
729 2897 1033 2938 praetextatamve
1063 2892 1268 2928 adsectatus

182 2936 309 2979 ’fuerit,
328 2937 402 2973 sive
414 2938 516 2972 cuius
535 2937 706 2982 pudicitia
723 2940 936 2982 attemptata
952 2946 1032 2972 esse
1051 2937 1207 2973 dicetur:
1232 2941 1269 2973 et

183 2981 344 3026 'denique
374 2981 452 3017 aliis
483 2981 645 3026 pluribus
668 2982 782 3018 modis
807 2982 945 3018 admitti
967 2983 1132 3018 iniuriam
1155 2983 1267 3018 mani-

181 3030 201 3061 2
250 3026 390 3062 'festum
414 3030 478 3061 est.
526 3026 666 3061 Patitur
690 3031 809 3063 autem
833 3028 912 3072 quis
932 3027 1097 3063 iniuriam
1117 3037 1189 3063 non
1209 3038 1267 3064 so-

183 3072 264 3106 'lnm
290 3082 354 3117 per
385 3075 496 3106 semet
525 3072 661 3116 ipsum,
698 3072 761 3107 sed
791 3073 897 3108 etiam
927 3083 992 3118 per
1021 3073 1151 3108 liberos
1182 3083 1267 3108 suos

182 3116 281 3162 ’quos
303 3117 341 3151 in
364 3119 543 3161 potestate
565 3117 692 3152 habet:
725 3118 809 3152 item
832 3128 896 3163 per
918 3128 1064 3154 uxorem
1088 3128 1207 3161 suam,
1230 3117 1268 3153 id

182 3161 285 3196 'enim
309 3161 420 3206 magis
444 3161 650 3206 praevaluit.
687 3162 738 3197 ita
764 3173 808 3198 ue
827 3163 857 3198 si
875 3162 970 3198 filiae
989 3163 1151 3206 alicuius,
1200 3172 1267 3198 uae

182 3206 286 3242 'Titio
310 3210 423 3251 nupta
447 3210 520 3258 est,
551 3206 717 3241 iniuriam
740 3174 891 3250 (leceris,
923 3219 996 3244 non
1027 3208 1142 3244 solum
1172 3174 1267 3243 filiae

182 3251 333 3287 'nomine
355 3256 474 3286 tecum
497 3251 703 3286 iniuriarum
727 3253 782 3297 agi
806 3257 944 3297 potest,
975 3253 1039 3289 sed
1072 3252 1179 3288 etiam
1202 3263 1265 3298 pa-

182 3297 256 3332 'tris
280 3307 422 3342 quoque
446 3300 483 3332 et
505 3296 624 3332 mariti
647 3297 809 3332 nomine.⁴
846 3303 972 3334 contra
991 3302 1123 3341 autem,
1142 3297 1173 3334 si
1191 3298 1265 3333 viro

180 3341 311 3378 iniuria
332 3340 432 3377 facta
462 3341 529 3384 sit,
560 3352 652 3377 uxor
673 3341 882 3377 iniuriarum
906 3353 1010 3388 agere
1031 3353 1104 3379 non
1126 3345 1265 3388 potest:

182 3386 325 3423 defendi
348 3387 442 3422 enini
464 3396 593 3423 uxores
617 3397 640 3422 a
662 3387 766 3430 viris,
797 3398 869 3423 non
900 3388 993 3423 viros
1026 3388 1072 3423 ab
1095 3388 1265 3423 uxoribus

184 3507 223 3539 (ι)
249 3503 397 3543 quoquo]
412 3499 523 3542 3⁶0⁸,
543 3500 700 3542 quodque
713 3499 839 3540 Ami»,
862 3511 927 3542 quo
941 3501 1006 3541 13⁰,
1026 3500 1115 3542 quod
1134 3511 1268 3543 quoquo

182 3544 276 3580 Alc*
361 3548 407 3589 (2)
434 3546 511 3580 Gai.
525 3547 558 3588 3,
570 3553 633 3580 21⁸.
645 3553 698 3580 21⁹
782 3547 828 3588 (a)
851 3548 910 3578 aut
921 3555 1020 3588 pecus
1033 3546 1268 3589 in...praecip.]

182 3593 218 3626 B
225 3592 341 3630 ΟΠῙΘ,
355 3604 415 3625 om.
428 3590 542 3625 AGai.

228 3637 272 3680 (4)
302 3637 353 3679 Cf.
371 3636 447 3670 Gai
461 3637 493 3676 3,
503 3641 639 3670 220..225
663 3635 744 3679 Diy.
758 3636 860 3676 47,1o
888 3636 965 3669 Cod.
979 3637 1011 3675 9,
1025 3643 1060 3670 85
1149 3638 1192 3676 (5)
1213 3648 1267 3679 pr.

182 3682 287 3715 simile
303 3682 383 3714 Coll.
399 3681 420 3714 l.
435 3681 521 3714 Mos.
535 3681 593 3721 2,5
607 3680 716 3720 (Paul.
729 3680 748 3712 l.
759 3681 841 3724 siny.
853 3687 884 3713 et
897 3681 945 3714 tit.
952 3681 992 3713 de
1002 3682 1142 3722 iniuriis)
1223 3681 1268 3719 (8)

187 3726 262 3758 Gai.
278 3728 310 3766 3,
321 3733 388 3760 220.
403 3733 455 3759 221
589 3730 632 3765 (Ἰ)
658 3725 833 3765 debitoris]
850 3725 939 3767 Gai„
954 3724 1027 3759 deb.
1042 3726 1099 3768 qui
1113 3725 1201 3758 nihil
1213 3725 1268 3757 de-

2152 121 2211 154 DE
2238 120 2421 154 mmmm

1340 239 1492 275 aequum
1515 233 1579 266 est.
1615 230 1679 267 sed
1702 234 1738 267 et
1760 242 1862 268 socer
1885 242 1996 268 nurus
2019 231 2171 275 nomine,
2196 231 2298 268 euius
2315 232 2368 268 vir
2385 231 2423 268 in

1341 278 1361 311 3
1408 278 1587 320 potestate
1618 279 1690 319 est,
1725 277 1933 313 iniuriarum
1963 286 2067 322 agere
2122 280 2226 313 otest.
2274 277 2423 314 ‘’Sei-vis

1341 320 1470 356 ’autem
1502 320 1589 372 ipsis
1625 321 1765 366 quidem
1800 322 1898 358 nulla
1931 321 2060 358 iniuria
2120 322 2171 358 eri
2199 321 2422 367 intellegitur,

1340 365 1413 400 ’sed
1436 364 1578 401 domino
1601 376 1666 412 per
1689 376 1750 402 eos
1772 367 1850 403 fieri
1872 367 2028 403 videtur:
2061 377 2133 403 non
2163 370 2284 403 tamen
2311 367 2423 402 isdem

1340 410 1481 453 'modis,
1511 410 1643 490 guibus
1674 411 1781 447 etiam
1803 422 1867 458 per
1889 412 2020 448 liberos
2043 415 2079 447 et
2102 421 2250 454 uxores,
2279 411 2343 448 sed
2371 412 2424 447 ita

1340 456 1431 490 'cum
1450 455 1509 500 qui
1555 456 1711 492 atrocius
1732 458 1957 493 commissum
1977 456 2085 492 fuerit
2103 457 2164 492 et⁹
2186 456 2282 509 quod
2300 460 2424 503 aperte

1340 500 1395 535 'ad
1418 500 1668 536 contumeliam
1692 502 1824 537 domini
1846 502 2003 547 respicit.
2048 501 2155 537 veluti
2178 512 2209 537 si
2232 501 2311 547 quis
2335 501 2421 537 alie-

1339 546 1434 580 'num
1457 555 1598 597 servum
1628 546 1883 590 verberaverit,
1915 551 1951 583 et
1981 547 2018 582 in
2048 546 2144 582 hunc
2176 556 2298 582 casum
2329 546 2423 582 actio

1340 590 1578 635 'proponiturt
1615 595 1654 626 at
1685 592 1715 627 si
1746 592 1823 637 quis
1855 603 1955 628 servo
1989 592 2185 627 convicium
2214 591 2341 627 fecerit
2369 591 2423 627 vel

1340 635 1466 680 'pugno
1491 646 1571 688 euni
1596 638 1830 695 percusserit,
1861 637 1960 673 nulla
1990 637 2027 672 in
2059 646 2140 672 eum
2164 636 2257 672 aetio
2282 635 2423 673 domino

1338 683 1359 715 4
1408 681 1598 726 'competit
1656 681 1693 716 Si
1725 683 1902 718 communi
1933 692 2033 718 servo
2069 681 2199 717 iniuria
2231 680 2331 717 facta
2365 681 2423 724 sit,

1339 735 1491 771 aequum
1515 729 1570 778 est
1591 737 1663 762 non
1686 737 1751 772 pro
1777 737 1819 763 ea
1842 731 1962 780 parte,
1995 737 2065 773 qua
2089 726 2251 762 dominus
2276 726 2425 779 quisque

1339 775 1412 814 est,
1445 771 1727 807 aestimationem
1748 772 1899 808 iniuriae
1921 772 2017 816 fleri,
2049 771 2112 807 sed
2135 782 2180 807 ex
2203 771 2424 807 dominorum

1337 818 1356 850 5
1404 826 1569 862 persona,
1591 816 1675 861 quia
1692 816 1779 862 ipsis
1799 817 1841 852 fit
1851 817 1980 853 iniuria
2039 816 2173 862 Quodsi
2184 826 2271 852 usus
2284 815 2423 852 fructus

1336 860 1373 895 in
1393 871 1494 897 servo
1516 861 1600 896 Titii
1620 864 1685 904 est,
1709 862 1907 908 proprietas
1927 862 2057 898 Maevii
2077 865 2141 904 est,
2161 861 2272 907 magis
2283 861 2423 896 Maevio

1337 908 1357 941 6
1403 906 1532 942 iniuria
1562 906 1639 941 fieri
1669 906 1895 952 intellegitur.
1943 907 2013 943 Sed
2045 907 2075 942 si
2105 907 2237 950 libero,
2268 906 2329 959 qui
2359 905 2425 941 tibi

1336 951 1432 987 bona
1454 951 1525 987 fide
1555 951 1681 995 servit,
1715 952 1844 987 iniuria
1871 952 1971 988 facta
2002 953 2066 994 sit,
2102 952 2200 987 nulla
2231 951 2297 986 tibi
2330 951 2424 986 actio

1337 996 1497 1040 dabitur,
1530 997 1594 1032 sed
1624 1007 1689 1032 suo
1713 997 1854 1033 nomine
1876 997 1907 1033 is
1931 997 2082 1043 experiri
2105 996 2255 1042 poterit:
2289 995 2358 1032 nisi
2387 995 2423 1031 in

1338 1041 1587 1077 contumeliam
1609 1045 1709 1077 tuam
1731 1043 1895 1088 pulsatus
1919 1042 1980 1085 sit,
2011 1047 2098 1078 tunc
2130 1042 2222 1077 enim
2257 1040 2426 1086 competit

1339 1091 1374 1121 et
1404 1087 1470 1122 tibi
1500 1086 1710 1122 iniuriarum
1740 1088 1846 1123 actio.
1881 1087 1974 1123 idem
1998 1097 2080 1132 ergo
2104 1090 2160 1122 est
2190 1090 2226 1122 et
2253 1086 2291 1121 in
2321 1096 2423 1121 servo

1338 1132 1452 1167 alieno
1476 1132 1572 1168 bona
1594 1131 1665 1168 fide
1687 1132 1752 1168 tibi
1775 1132 1967 1175 serviente,
1999 1136 2040 1167 ut
2061 1132 2191 1168 totiens
2215 1131 2426 1167 admittatur

1337 1177 1546 1213 iniuriarum
1577 1177 1688 1220 actio,
1721 1178 1884 1223 quotiens
1914 1178 1951 1212 in
1975 1180 2075 1212 tuam
2098 1176 2347 1214 contumeliam
2369 1175 2424 1211 in-

1337 1222 1429 1258 iuria
1453 1222 1486 1258 ei
1507 1222 1607 1258 faeta
1630 1223 1686 1258 sit.

1339 1271 1357 1302 7
1455 1267 1625 1303 ¹⁰’Poena
1659 1271 1779 1303 autem
1809 1267 2018 1303 iniuriarum
2050 1277 2094 1303 ex
2127 1267 2203 1312 lege
2237 1265 2424 1302 duodecim

1339 1312 1551 1348 ’tabularum
1581 1316 1730 1359 propter
1759 1313 1956 1348 membrum
1987 1312 2128 1358 quidem
2162 1315 2306 1365 ruptum
2338 1311 2424 1348 talio

1338 1358 1442 1393 'erat2
1472 1361 1621 1403 propter
1651 1368 1692 1394 os
1705 1359 1733 1380 ¹¹
1755 1367 1838 1393 vero
1862 1357 2018 1394 fractum
2040 1367 2258 1394 nummariae
2287 1367 2426 1403 poenae

1338 1403 1452 1439 ’erant
1482 1402 1700 1439 constitutae
1731 1403 1834 1448 quasi
1863 1403 1901 1438 in
1933 1413 2063 1448 magna
2091 1406 2248 1439 veterum
2270 1412 2425 1448 pauper·

1338 1448 1432 1484 'tata
1477 1447 1541 1484 sed
1573 1451 1703 1493 postea
1736 1452 1921 1494 praetores
1956 1447 2209 1493 permittebant
2241 1447 2329 1493 ipsis
2365 1446 2425 1492 qui

1338 1492 1511 1529 *iniuriam
1533 1493 1632 1538 passi
1655 1497 1739 1529 sunt
1756 1503 1835 1529 eam
1854 1493 2052 1536 aestimare,
2076 1496 2118 1529 ut
2134 1492 2242 1528 iudex
2260 1491 2316 1528 vel
2333 1492 2425 1527 tanti

1339 1538 1578 1582 'condemnet,
1602 1538 1727 1584 quanti
1749 1538 1914 1574 iniuriam
1936 1548 2065 1584 passus
2088 1537 2347 1579 aestimaverit,
2370 1537 2425 1573 vel

1338 1583 1512 1627 'minoris,
1546 1587 1655 1630 prout
1686 1584 1718 1620 ei
1739 1584 1853 1620 visum
1875 1584 2005 1620 fuerit!
2041 1583 2105 1619 sed
2135 1593 2252 1629 poena
2284 1581 2426 1628 quidem

1335 1629 1498 1672 iniuriae,
1545 1639 1614 1665 uae
1637 1640 1680 1665 ex
1697 1629 1773 1675 lege
1792 1628 1979 1665 duodecim
1997 1628 2202 1665 tabularum
2220 1627 2426 1664 introducta

1339 1678 1413 1717 est,
1443 1674 1482 1709 in
1538 1674 1782 1711 esuetudinem
1813 1674 1918 1710 abiit:
1955 1684 2061 1720 quam
2092 1677 2211 1709 autem
2266 1675 2426 1708 ractores

1336 1719 1631 1763 introduxerunt,
1662 1730 1755 1765 quae
1786 1719 1893 1756 etiam
1922 1719 2115 1755 honoraria
2137 1728 2230 1764 appe
2280 1721 2358 1760 tur,
2388 1717 2426 1752 in

1337 1764 1478 1801 iudiciis
1509 1764 1770 1810 frequentatur.
1811 1775 1895 1800 nam
1918 1763 2115 1800 secundum
2137 1763 2287 1809 gradum
2311 1762 2424 1808 digni-

1336 1810 1422 1846 tatis
1445 1809 1609 1856 vitaeque
1631 1810 1855 1847 honestatem
1879 1809 2008 1845 crescit
2031 1813 2095 1845 aut
2116 1808 2289 1844 minuitur
2318 1807 2424 1844 aesti-

1337 1855 1446 1891 matio
1469 1855 1641 1891 iniuriae:
1667 1855 1728 1900 qui
1749 1854 1881 1901 gradus
1906 1853 2209 1890 condemnationis
2234 1857 2270 1889 et
2290 1852 2329 1890 in
2351 1862 2424 1889 ser-

1336 1900 1396 1937 vili
1418 1910 1573 1946 persona
1595 1911 1668 1936 non
1690 1899 1865 1936 immerito
1889 1902 2062 1942 servatur,
2085 1903 2127 1935 ut
2149 1898 2247 1934 aliud
2264 1898 2303 1934 in
2323 1908 2425 1934 servo

1337 1949 1479 1988 actore,
1511 1945 1607 1981 aliud
1629 1945 1668 1981 in
1689 1945 1795 1981 medii
1818 1948 1921 1981 actus
1944 1944 2105 1987 homine,
2136 1943 2232 1980 aliud
2261 1944 2300 1979 in
2329 1943 2425 1979 vilis-

1339 1993 1359 2026 8
1405 1990 1493 2027 simo
1518 1990 1573 2026 vel
1596 1990 1796 2036 compedito
1821 1990 2069 2027 constituatur.
2117 1988 2187 2025 Sed
2207 1992 2244 2025 et
2260 1988 2319 2024 lex
2339 1988 2421 2024 Cor-

1337 2036 1432 2072 nelia
1460 2035 1506 2072 de
1533 2036 1673 2072 iniuriis
1695 2035 1854 2082 loquitur
1877 2039 1913 2071 et
1934 2035 2146 2071 iniuriarum
2169 2034 2348 2070 actionem
2370 2033 2418 2068 in·

1337 2080 1507 2117 troduxit.
1543 2091 1636 2127 quae
1659 2081 1830 2127 competit
1852 2080 1899 2117 ob
1923 2091 2001 2116 eam
2023 2090 2117 2123 rem,
2149 2078 2245 2124 quod
2276 2088 2316 2114 se
2345 2078 2424 2124 pul-

1338 2130 1455 2162 satum
1478 2125 1558 2172 quis
1576 2126 1843 2162 verberatumve
1866 2126 2051 2161 domumve
2070 2135 2170 2161 suam
2187 2124 2222 2160 vi
2241 2123 2425 2175 introitum

1338 2181 1416 2207 esse
1439 2171 1546 2207 dicat.
1580 2171 1724 2208 domum
1746 2175 1866 2207 autem
1890 2170 2096 2216 accipimus,
2120 2169 2194 2206 sive
2215 2169 2253 2205 in
2276 2178 2426 2214 propria

1338 2217 1443 2253 domo
1474 2217 1552 2262 quis
1583 2216 1724 2252 habitat
1754 2216 1827 2252 sive
1857 2216 1895 2252 in
1927 2215 2106 2251 conducta
2134 2214 2190 2250 vel
2219 2213 2330 2259 gratis
2353 2213 2426 2249 sive

1338 2265 1359 2297 9
1405 2261 1558 2307 hospitio
1582 2271 1664 2297 rece
1690 2265 1749 2297 tus
1772 2261 1830 2297 sit.
1882 2261 2042 2296 ¹²'Atrox
2064 2260 2194 2295 iniuria
2217 2258 2426 2295 aestimatur

1338 2307 1401 2342 *vel
1424 2317 1469 2343 ex
1491 2306 1600 2349 facto,
1624 2317 1666 2342 ve
1681 2306 1732 2342 uti
1755 2306 1787 2342 si
1809 2306 1888 2352 quis
1913 2306 1959 2342 ab
1983 2306 2102 2351 aliquo
2122 2304 2326 2340 vulneratus
2345 2302 2424 2338 fue-

1339 2352 1395 2387 'rit
1416 2352 1471 2388 vel
1493 2351 1648 2388 fustibus
1673 2362 1817 2387 caesus:
1842 2351 1898 2387 vel
1922 2361 1965 2387 ex
1987 2351 2088 2392 loco,
2120 2349 2229 2385 veluti
2251 2349 2283 2385 si
2305 2348 2364 2385 cui
2386 2348 2424 2383 in

1338 2398 1488 2433 ’theatro
1512 2397 1567 2432 vel
1590 2396 1627 2432 in
1649 2396 1729 2433 foro
1753 2396 1807 2432 vel
1830 2396 1869 2432 in
1888 2399 2084 2441 conspectu
2102 2394 2276 2440 praetoris
2295 2393 2425 2429 iniuria

1337 2441 1445 2478 'facta
1469 2442 1532 2478 sit:
1564 2441 1620 2477 vel
1644 2452 1688 2477 ex
1711 2451 1884 2487 persona,
1913 2440 2023 2477 veluti
2054 2440 2086 2476 si
2115 2439 2344 2485 magistratus
2367 2438 2421 2474 in-

1339 2487 1474 2523 ’iuriam
1499 2497 1627 2532 passus
1650 2486 1777 2530 fuerit,
1809 2487 1865 2522 vel
1895 2486 1926 2522 si
1956 2485 2113 2522 senatori
2145 2485 2190 2520 ab
2221 2483 2346 2519 humili
2368 2483 2422 2518 in-

1338 2532 1438 2568 'iuria
1460 2532 1559 2568 facta
1582 2532 1629 2568 sit
1638 2532 1657 2574 ,⁴
1681 2536 1745 2567 aut
1765 2531 1907 2584 parenti
1929 2534 2152 2577 patronoque
2174 2529 2239 2565 fiat
2261 2539 2284 2564 a
2305 2528 2424 2564 liberis

1336 2577 1391 2613 vel
1413 2577 1568 2613 libertis:
1593 2577 1696 2612 aliter
1718 2588 1811 2612 enim
1835 2576 2010 2613 senatoris
2034 2579 2070 2611 et
2089 2574 2246 2620 parentis
2261 2573 2423 2627 patroni-

1337 2633 1416 2667 que,
1442 2622 1545 2658 aliter
1568 2622 1727 2658 extranei
1751 2627 1787 2657 et
1809 2621 1950 2657 humilis
1973 2629 2148 2667 personae
2165 2619 2296 2655 iniuria
2316 2622 2422 2654 aesti-

1337 2670 1465 2703 matur.
1501 2678 1660 2703 nonnum
1684 2677 1766 2702 uam
1799 2670 1835 2702 et
1861 2666 1962 2702 locus
1993 2665 2147 2701 vulneris
2179 2668 2337 2700 atrocem
2367 2663 2422 2698 in-

1337 2712 1464 2748 iuriam
1493 2712 1602 2754 facit,
1633 2723 1676 2748 ve
1691 2712 1742 2747 uti
1765 2712 1796 2748 si
1818 2712 1856 2747 in
1879 2711 1982 2747 oculo
2006 2710 2085 2756 quis
2134 2719 2301 2745 ercussus
2324 2708 2421 2744 sit¹⁸.

1342 2757 1477 2802 “parvi
1509 2761 1628 2793 autem
1659 2757 1788 2800 refert,
1820 2761 1940 2792 utrum
1969 2755 2064 2801 patri
2110 2754 2247 2790 amilias
2279 2764 2325 2789 an
2348 2753 2421 2788 filio

1336 2802 1487 2838 familias
1517 2802 1599 2838 talis
1629 2802 1759 2838 iniuria
1789 2801 1888 2837 facta
1920 2800 1982 2837 sit:
2015 2810 2099 2835 nam
2134 2803 2170 2835 et
2199 2799 2290 2835 haec
2320 2802 2422 2834 atrox

1339 2851 1380 2882 10
1427 2847 1684 2884 aestimabitur.
1731 2847 1774 2882 In
1806 2856 1944 2883 summa
1973 2844 2157 2881 sciendum
2180 2847 2236 2880 est
2258 2843 2303 2879 de
2327 2843 2423 2879 omni

1335 2893 1466 2928 iniuria
1499 2903 1580 2928 eum
1614 2892 1675 2938 qui
1708 2901 1838 2938 passus
1873 2894 1928 2926 est
1961 2901 2068 2936 posse
2101 2889 2157 2926 vel
2193 2888 2423 2925 criminaliter

1336 2948 1441 2982 agere
1452 2938 1507 2974 vel
1526 2937 1686 2973 civiliter.
1723 2939 1759 2972 et
1777 2936 1808 2972 si
1827 2935 1968 2982 quidem
1988 2935 2135 2971 civiliter
2154 2937 2292 2979 agatur,
2313 2933 2421 2969 aesti-

1337 2982 1492 3019 matione
1522 2982 1622 3018 facta
1644 2981 1840 3018 secundum
1863 2980 1959 3026 quod
1982 2980 2117 3016 dictum
2141 2983 2195 3015 est
2217 2989 2334 3031 poena
2356 2978 2420 3013 im-

1335 3028 1515 3108 3353&
1527 3025 1987 3118 ⁸133832oess30⁰¹31³ff¹¹332ss¹35
2001 3024 2281 3105 ἕέἓώὲἐὲιῗέἓῗ
2297 3027 2419 3104 ἓξὲξῗ·

1335 3117 1469 3160 vando,
1501 3117 1599 3163 quod
1621 3116 1830 3152 Zenoniana
1859 3115 2066 3151 constitutio
2080 3114 2107 3136 ¹⁵
2129 3113 2347 3156 introduxit,
2382 3115 2422 3148 ut

1333 3162 1400 3198 viri
1432 3162 1588 3198 illustres
1620 3162 1751 3215 quique
1780 3171 1890 3207 supra
1913 3170 1975 3196 eos
1997 3162 2081 3195 sunt
2104 3162 2140 3194 et
2162 3169 2226 3203 per
2273 3168 2420 3194 rocura·

1334 3211 1431 3244 tores
1465 3207 1604 3253 possint
1635 3211 1813 3242 actionem
1845 3205 2053 3241 iniuriarum
2095 3203 2242 3239 crimina
2256 3206 2324 3239 iter
2367 3202 2420 3238 vel

1334 3253 1499 3298 persequi
1521 3252 1575 3288 vel
1606 3252 1787 3297 suscipere
1819 3250 2014 3286 secundum
2045 3249 2120 3284 eius
2149 3252 2326 3290 tenorem,
2360 3247 2420 3292 qui

1338 3300 1373 3332 11
1425 3308 1470 3333 ex
1487 3297 1568 3343 ipsa
1579 3296 1801 3333 manifestius
1818 3299 1983 3375 apparet..
2012 3295 2058 3347 ‘¹⁶
2065 3293 2148 3346 lion
2167 3293 2281 3328 solum
2299 3295 2418 3344 autem

1332 3342 1363 3378 is
1386 3342 1595 3378 iniuriarum
1617 3345 1759 3377 tenetur
1782 3341 1843 3386 qui
1881 3343 1952 3376 ecit
1972 3348 2155 3380 iniuriam,
2187 3338 2257 3373 hoc
2281 3340 2336 3373 est
2357 3347 2418 3382 qui

1334 3388 1532 3432 percussit:
1564 3397 1687 3422 verum
1719 3386 1778 3422 ille
1808 3395 1948 3431 quoque
1971 3383 2228 3426 continebitur,
2251 3382 2313 3428 qui
2335 3381 2416 3417 dolo

1338 3500 1431 3533 beret
1445 3501 1523 3534 libri
1657 3501 1703 3542 (8)
1731 3499 1806 3533 Gai.
1821 3500 1853 3539 3,
1865 3505 1921 3533 222
2059 3501 2103 3537 (9)
2127 3497 2173 3536 et]
2188 3493 2345 3534 A‘BEO,
2359 3507 2419 3528 om.

1338 3544 1537 3579 A⁶⁰A⁹Ga⁸⁶·
1663 3547 1723 3584 uo)
1751 3544 1826 3578 Gai.
1841 3545 1874 3584 3,
1887 3549 1950 3577 228.
1965 3549 2019 3576 ²24
2151 3542 2206 3581 (m
2230 3540 2280 3581 os]
2293 3539 2419 3578 ΕΟαί..

1337 3601 1448 3623 ossum
1463 3591 1566 3624 ABG
1652 3591 1710 3631 (12)
1741 3589 1816 3623 Gai.
1830 3590 1862 3630 3,
1875 3595 1931 3622 225
2023 3589 2081 3626 (13)
2105 3587 2155 3619 sic
2165 3585 2242 3626 Ao,
2254 3584 2419 3626 percussit

1341 3635 1409 3669 Bc
1474 3638 1531 3676 (14)
1558 3639 1574 3674 5
1589 3636 1677 3676 ofin.
1688 3634 1804 3668 similis
1815 3633 2020 3677 Diq.4·1,io,
2035 3639 2063 3671 9,
2077 3638 2094 3664 2
2107 3634 2117 3669 (
2126 3630 2201 3673 Ulp.
2216 3630 2235 3663 L
2250 3637 2284 3663 5¹1
2298 3630 2346 3662 ad
2355 3630 2419 3666 od.)

1340 3684 1398 3718 (¹⁶)
1427 3681 1503 3714 Cod.
1518 3682 1549 3720 9,
1563 3687 1609 3720 ss.
1623 3688 1651 3714 ii
1756 3682 1815 3719 (16)
1865 3682 1880 3719 5
1897 3685 1934 3711 ιι.
1949 3684 1981 3712 12
1994 3688 2033 3710 ex
2044 3677 2124 3720 Diq.
2139 3676 2194 3715 47,
2209 3682 2253 3715 ιο,
2267 3681 2356 3717 iipr.
2372 3678 2415 3712 §i

1340 3725 1433 3769 (Utp.
1451 3725 1472 3759 l.
1487 3733 1520 3759 57
1538 3726 1583 3758 ad
1594 3726 1657 3765 ed.)
