2528 3918
189 137 213 181 I
243 141 389 182 8—11-

191 259 298 297 ficere
320 259 403 295 licet
427 259 501 294 sine
524 257 693 303 principis
713 258 768 294 vel
787 257 958 304 praesidis
978 257 1191 293 auctoritate
1211 266 1278 292 nec

190 309 211 340 5
259 304 392 350 aliquid
406 304 455 339 eis
476 303 690 348 coniungere
707 303 762 338 vel
782 312 1033 348 superponere.
1082 302 1154 337 Res
1173 311 1279 338 sacra

190 360 264 386 non
286 349 412 394 recipit
435 348 728 383 aestimationem.

240 394 290 432 10
316 394 544 429 POMPONIUS
564 393 655 428 libro
679 395 784 428 sexto
808 402 860 428 ex
881 391 1027 427 Plautio
1073 391 1194 426 Aristo
1218 391 1278 434 ait,

191 440 285 476 sicut
306 439 362 481 id,
395 437 491 483 quod
512 438 550 472 in
573 447 670 473 mare
693 436 919 473 aedificatum
942 436 1006 478 sit,
1040 436 1142 471 fieret
1164 436 1279 481 priva-

190 489 279 526 tum,
302 484 354 519 ita
378 482 473 529 quod
496 483 586 518 mari
609 486 824 528 occupatum
848 483 904 523 sit,
930 481 1006 516 fieri
1030 481 1223 527 publicum.

240 528 286 566 11
313 528 543 564 Poupomvs
563 527 653 564 libro
676 527 831 563 secundo
856 538 906 562 ex
929 527 1040 561 variis
1072 526 1283 562 lectionibus

190 573 229 610 Si
252 574 330 620 quis
354 572 536 609 violaverit
554 583 686 615 muros,
711 572 828 617 capite
846 571 1002 617 punitur,
1027 571 1133 606 sicuti
1153 570 1183 606 si
1203 570 1282 616 quis

190 618 421 655 transcendet
451 618 558 654 scalis
588 617 740 653 admotis
770 617 824 652 vel
856 617 926 651 alia
950 615 1109 660 qualibet
1131 615 1280 651 ratione.

190 674 274 699 nam
297 664 392 700 cives
412 663 594 698 Romanos
617 663 688 698 alia
711 672 817 707 quam
840 672 905 706 per
927 665 1050 706 portas
1075 660 1193 706 egredi
1210 671 1283 696 non

189 709 292 752 licet,
324 719 405 744 cum
427 707 516 744 illud
538 707 666 743 hostile
690 711 725 742 et
748 706 1024 741 abominandum
1048 706 1110 741 sit:
1136 715 1218 740 nam
1248 709 1284 740 et

190 753 334 789 Romuli
363 753 478 789 frater
500 752 633 788 Remus
665 752 804 788 occisus
836 751 991 786 traditur
1024 751 1070 787 ob
1094 750 1151 794 id,
1185 750 1281 796 quod

189 810 331 834 murum
353 798 608 834 transcendere
632 797 794 832 voluerit.

659 890 771 928 V1111
785 888 807 928 ¹.

531 957 592 989 DE
619 954 930 988 SENATOEmUS

241 1023 259 1060 1
294 1022 489 1059 ULPIANUS
499 1022 588 1058 libro
608 1021 862 1067 seoeaqensimo
882 1020 1039 1056 secundo
1060 1019 1110 1055 ad
1129 1019 1282 1055 edictum

191 1068 379 1104 Consulari
390 1067 542 1103 feminae
556 1067 678 1112 utique
700 1065 924 1101 consularem
944 1065 1057 1100 virum
1077 1064 1282 1110 praeferen-

191 1114 276 1149 dum
309 1123 410 1148 nemo
435 1113 589 1157 ambigit.
639 1111 702 1147 sed
725 1111 778 1146 vir
800 1110 1058 1156 praefectorius
1083 1120 1128 1145 an
1153 1120 1281 1145 consu-

190 1159 258 1196 lari
280 1159 435 1194 feminae
459 1157 693 1203 praeferatur,
717 1155 918 1191 videndum.
955 1159 1076 1200 putem
1099 1154 1281 1200 praeferri,

193 1206 207 1239 1
259 1204 343 1249 quia
366 1203 478 1238 maior
502 1202 652 1246 dignitas
677 1206 730 1237 est
752 1201 789 1236 in
813 1211 901 1236 sexu
924 1200 1025 1235 virili
1069 1199 1282 1235 Consulares

191 1252 311 1284 autem
341 1248 491 1283 feminas
526 1247 674 1282 dicimus
710 1245 951 1282 consularium
987 1255 1136 1281 uxores:
1174 1244 1283 1280 adicit

191 1294 406 1330 Saturninus
431 1293 536 1327 etiam
560 1296 710 1333 matres,
745 1290 840 1336 quod
864 1301 931 1326 nec
955 1300 1107 1336 usquam
1130 1290 1282 1325 relatum

191 1343 248 1375 est
271 1349 338 1374 nec
361 1348 530 1383 umquam
553 1340 748 1383 receptum.

238 1382 263 1421 2
287 1383 527 1419 Manomws
536 1382 626 1418 libro
643 1382 745 1417 tertio
758 1381 798 1416 di
823 1386 978 1415 estorum
1027 1379 1172 1415 Cassius
1185 1380 1282 1415 Lon-

190 1430 294 1475 ginus
318 1439 391 1463 non
414 1431 519 1472 putat
543 1427 574 1462 ei
598 1392 892 1472 permittendum,
917 1425 976 1471 qui
999 1428 1147 1470 propter
1169 1426 1282 1470 turpi·

191 1473 374 1510 tudinem²
397 1476 523 1508 senatu
547 1477 665 1507 motus
698 1482 764 1507 nec
795 1471 982 1506 restitutus
1015 1475 1089 1512 est,
1122 1470 1283 1506 iudicare

191 1519 246 1554 vel
277 1517 518 1554 testimonium
550 1517 678 1560 dicere,
703 1517 787 1562 quia
809 1516 867 1551 lex
890 1515 982 1551 Iulia
1004 1515 1283 1560 repetundarum

190 1564 259 1599 hoc
283 1562 360 1598 fieri
383 1567 491 1598 vetat.

237 1606 261 1646 3
287 1607 541 1643 MODESTINUS
569 1607 659 1642 libro
690 1610 795 1642 seoeto
819 1605 1028 1659 reqularum
1076 1604 1282 1640 Senatorem

190 1658 365 1689 remotum
389 1656 516 1688 senatu
540 1653 658 1697 capite
675 1662 747 1686 non
766 1651 888 1693 minm,
913 1650 976 1686 sed
997 1649 1133 1685 Romae
1152 1651 1283 1686 morari

191 1698 317 1734 divus³
340 1697 491 1733 Severus
516 1701 551 1732 et
572 1697 776 1733 Antoninus
799 1696 1046 1742 permiserunt.

237 1742 263 1780 4
287 1742 517 1778 Pomomos
526 1742 616 1778 libro
636 1741 846 1777 duodecimo
867 1751 917 1776 ex
937 1741 1050 1775 variis
1073 1740 1284 1775 lectionibus

191 1787 267 1840 Qui
283 1787 448 1832 indignus
474 1791 529 1822 est
550 1787 718 1822 inferiore
741 1786 886 1828 ordine,
915 1785 1094 1830 indignior
1130 1789 1185 1820 est
1220 1794 1281 1820 su·

218 1842 344 1868 erlore.

191 1845 214 1879 p
237 1877 262 1915 5
295 1877 489 1913 Uzmws
498 1876 589 1912 libro
598 1876 719 1922 primo
733 1875 783 1910 ad
802 1874 914 1921 leqem
928 1873 1062 1909 Iuliam
1081 1876 1117 1909 et
1127 1873 1282 1920 Papiam

193 1922 379 1958 Senatoris
410 1921 522 1956 filium
553 1921 718 1965 accipere
750 1920 920 1955 debemus
943 1929 1016 1954 non
1039 1922 1179 1954 tantum
1203 1929 1283 1954 eum

191 1969 252 2013 qui
284 1967 456 2002 naturalis
482 1970 553 2008 est,
584 1976 707 2001 verum
739 1964 806 2000 ado
833 1964 943 1999 tivum
975 1974 1134 2009 quoque:
1167 1974 1283 2016 neque

190 2012 369 2054 intererit,
394 2022 416 2046 a
439 2022 508 2057 quo
533 2011 588 2046 vel
613 2010 764 2055 qualiter
788 2020 810 2044 a
836 2012 982 2054 optatus
1006 2008 1127 2044 fuerit.
1144 2018 1210 2044 nec
1228 2020 1282 2044 m-

190 2061 319 2099 terest,
353 2057 424 2091 iam
458 2057 496 2091 in
531 2055 710 2091 senatoria
745 2054 915 2099 dignitate
950 2054 1167 2090 constitutus
1203 2064 1283 2089 eum

191 2113 295 2139 susce
323 2102 390 2137 erit
413 2112 460 2136 an
484 2105 567 2136 ante
591 2100 796 2145 dignitatem
821 2100 1046 2135 senatoriam.

237 2145 262 2184 6
287 2113 446 2182 ΒΑσισε
474 2146 565 2181 libro
599 2145 756 2181 secundo
789 2145 839 2179 ad
861 2145 973 2192 legem
996 2143 1130 2179 Iuliam
1153 2146 1189 2195 ι’]
1211 2142 1284 2179 Ρα-

188 2193 289 2243 piam
336 2191 518 2227 Senatoris
541 2190 634 2225 filius
659 2194 714 2225 est
737 2194 773 2225 et
794 2189 836 2231 is,
869 2199 974 2234 quem
995 2188 1033 2224 in
1057 2188 1284 2233 adopt10nem

190 2237 341 2289 accepit,
363 2235 531 2282 quamdiu
551 2240 670 2270 tamen
690 2235 728 2270 in
746 2234 882 2269 familia
902 2234 978 2269 eius
998 2236 1136 2284 manet:
1161 2242 1283 2268 eman-

193 2285 209 2317 1
260 2285 399 2327 cipatus
424 2291 506 2316 vero
530 2290 659 2315 nomen
683 2279 746 2314 filii
767 2279 1050 2324 emancipatione
1070 2279 1213 2314 amittit.
1251 2279 1284 2313 A

190 2331 356 2363 senatore
389 2326 426 2361 in
457 2325 686 2370 adoptionem
717 2324 812 2359 filius
837 2324 941 2359 datus
967 2324 998 2359 ei
1022 2324 1082 2369 qui
1104 2324 1283 2360 inferioris

191 2371 372 2417 dignitatis
396 2374 461 2413 est,
487 2370 590 2415 quasi
614 2370 788 2405 senatoris
811 2369 906 2404 filius
930 2369 1079 2411 videtur,
1104 2370 1189 2415 quia
1211 2379 1284 2404 non

190 2417 364 2452 amittitur
388 2416 568 2451 senatoria
589 2414 740 2460 dignitas
762 2413 954 2459 adoptione
973 2413 1151 2450 inferioris
1172 2414 1283 2459 digni-

189 2462 288 2504 tatis,
315 2472 385 2497 non
410 2461 521 2505 magis
571 2470 652 2495 uam
676 2463 717 2494 ut
740 2458 937 2494 consularis
962 2458 1102 2494 desinat
1126 2469 1214 2494 esse.

237 2505 260 2543 7
295 2506 490 2542 ULPIANUS
519 2505 547 2540 li
568 2516 610 2540 ro
636 2505 760 2551 primo
784 2503 834 2539 ad
857 2504 970 2549 leqem
994 2503 1128 2539 Iuliam
1153 2507 1187 2539 et
1211 2503 1283 2539 Pa-

189 2553 290 2601 piam
336 2551 612 2596 Emancipatum
636 2559 659 2584 a
680 2553 784 2595 patre
803 2554 968 2584 senatore
987 2548 1090 2594 quasi
1108 2549 1284 2584 senatoris

195 2600 207 2631 1
258 2596 369 2631 filium
403 2596 529 2631 haberi
563 2594 692 2640 placet.
740 2594 830 2629 Item
860 2594 982 2629 Labeo
1018 2593 1143 2629 scribit
1177 2594 1284 2629 etiam

191 2651 290 2683 eum,
327 2640 386 2686 qui
422 2645 504 2685 post
538 2643 686 2675 mortem
720 2639 832 2684 patris
868 2639 1043 2674 senatoris
1080 2643 1187 2674 natus
1223 2639 1281 2680 sit,

191 2686 294 2731 quasi
317 2685 491 2721 senatoris
514 2684 625 2719 filium
650 2695 737 2720 esse.
775 2684 837 2719 sed
855 2694 945 2726 eum,
971 2684 1031 2729 qui
1051 2687 1284 2729 posteaquam

189 2734 294 2776 pater
318 2730 393 2765 eius
418 2730 462 2765 de
484 2734 612 2765 senatu
636 2734 753 2764 motus
779 2734 834 2764 est
865 2729 1065 2774 concipitur
1097 2732 1133 2764 et
1165 2728 1282 2764 nasci-

194 2779 275 2818 tur,
300 2775 475 2810 Proculus
500 2778 535 2810 et
557 2775 715 2819 Pegasus
740 2775 934 2819 opinantur
964 2784 1036 2809 non
1069 2783 1148 2809 esse
1181 2774 1283 2819 quasi

192 2820 368 2856 senatoris
391 2819 513 2861 filium,
538 2830 688 2864 quorum
708 2820 884 2855 sententia
903 2829 987 2855 vera
1007 2821 1080 2854 est:
1105 2829 1171 2854 nec
1191 2819 1282 2854 enim

190 2865 335 2911 proprie
358 2864 532 2900 senatoris
558 2865 650 2899 filius
675 2865 811 2900 dicetur
833 2864 875 2907 is,
901 2864 1003 2899 cuius
1030 2867 1133 2909 pater
1156 2869 1282 2904 senatu

193 2914 311 2946 motus
344 2913 398 2945 est
428 2914 618 2954 antequam
641 2910 732 2945 iste*¹
758 2913 974 2945 nasceretur.
1023 2909 1053 2944 si
1086 2909 1164 2954 quis
1196 2919 1281 2944 con-

195 2959 321 3000 ceptus
345 2954 485 3000 quidem
518 2955 581 2995 sit,
615 2958 806 2999 antequam
829 2958 932 2999 pater
956 2954 1031 2990 eius
1056 2957 1183 2989 senatu
1206 2964 1281 2989 mo-

192 3004 335 3042 veatur,
360 3004 466 3034 natus
491 3004 608 3034 autem
632 3004 714 3044 post
737 3000 849 3052 patris
873 2999 1039 3035 amissam
1064 2999 1280 3044 dignitatem,

192 3045 302 3090 magis
328 3049 382 3079 est
403 3047 445 3079 ιιι
468 3044 568 3089 quasi
593 3049 766 3080 senatoms
791 3044 883 3080 filius
916 3043 1158 3089 intellegatur:
1191 3049 1280 3079 tem-

218 3100 261 3125 us
293 3089 385 3125 enim
410 3089 651 3134 conceptionis
675 3089 909 3134 spectandum
932 3089 1110 3134 plerisque
1133 3088 1278 3134 placuit.

193 3101 217 3170 ξ
261 3134 299 3170 Si
323 3134 401 3180 quis
434 3138 469 3169 et
501 3138 640 3178 patrem
671 3139 706 3169 et
736 3145 840 3169 avum
871 3134 1036 3169 habuerit
1067 3138 1279 3176 senatorem,

192 3181 230 3215 et
259 3179 362 3225 quasi
392 3178 487 3214 filius
519 3182 553 3213 et
585 3179 685 3223 quasi
718 3189 828 3231 nepos
853 3179 1030 3214 senatoris
1052 3178 1278 3224 intellegitur.

192 3223 257 3259 sed
287 3224 318 3259 si
375 3227 452 3258 ater
484 3223 641 3258 amiserit
674 3223 878 3268 dignitatem
903 3228 987 3259 ante
1011 3223 1279 3269 conceptionem

193 3268 311 3311 huius,
333 3279 356 3314 q
382 3269 455 3303 aeri
467 3268 597 3313 poterit
609 3278 666 3310 an,
688 3270 846 3313 quamvis
867 3270 970 3314 quasi
990 3269 1164 3304 senatoris
1185 3268 1279 3303 filius

194 3324 267 3349 non
290 3313 526 3358 intellegatur,
551 3313 653 3358 quasi
677 3323 787 3358 nepos
811 3318 930 3348 tamen
953 3313 1107 3358 intellegi
1131 3313 1277 3348 debeat:

193 3362 230 3393 et
252 3358 363 3404 magis
387 3362 442 3394 est
464 3362 505 3392 ut
528 3357 666 3399 debeat,
691 3362 731 3393 ut
755 3358 809 3392 avi
830 3359 949 3403 potius
971 3359 1002 3393 ei
1023 3358 1176 3404 dignitas
1196 3368 1277 3404 pro-

193 3403 250 3443 sit,
275 3414 382 3449 quam
405 3403 500 3439 obsit
522 3412 628 3438 casus
652 3403 771 3447 patn's.

239 3445 264 3486 8
290 3448 396 3483 Imm
403 3448 494 3484 libro
505 3452 610 3483 sexto
619 3447 972 3491 fideicommissorum
1006 3447 1176 3483 Feminae
1187 3458 1277 3493 nup-

238 3562 278 3603 (ι)
302 3562 471 3601 Ed.1...·1;
492 3560 656 3603 Pup.s.⁹;
677 3560 758 3593 Sab.
772 3562 1038 3595 10...12.—Ba⁸.
1053 3563 1083 3602 6,
1098 3570 1122 3603 ι,
1136 3569 1287 3596 1...12.—

1289 132 1340 180 12

1624 149 1686 179 DE
1711 149 1807 180 SEN.
1866 149 1928 180 DE
1959 149 2060 180 OFF.
2092 149 2238 191 CONS.‚
2268 149 2337 182 PR.
2367 150 2438 182 PB..

1350 263 1407 292 tae
1449 256 1655 293 clarissimis
1696 258 1859 303 personis
1896 258 2172 294 clarissimarum
2202 268 2439 304 personarum

1349 302 1590 347 appellatione
1625 302 1861 338 continentur.
1910 303 2184 339 clarissimarum
2226 303 2439 340 feminarum

1350 347 1492 382 nomine
1514 349 1720 382 senatorum
1753 348 1866 391 filiae,
1898 348 1966 384 nisi
1989 358 2082 394 quae
2104 348 2199 384 viros
2223 348 2438 386 clarissimos

1349 392 1497 427 sortitae
1520 395 1615 434 sunt,
1638 402 1711 427 non
1733 393 1929 428 habentur:
1953 393 2093 429 feminis
2117 393 2210 429 enim
2234 393 2440 439 dignitatem

1352 437 1583 472 clarissimam
1602 437 1720 472 mariti
1737 437 1911 481 tribuunt,
1934 445 2101 484 parentes
2113 449 2208 481 vero,
2230 437 2344 474 donec
2364 439 2439 484 ple-

1351 482 1422 517 beii
1445 481 1578 527 nuptiis
1599 480 1732 517 fuerint
1763 483 1971 528 copulatae:
2007 483 2143 519 tamdiu
2174 483 2282 528 igitur
2316 483 2440 519 claris-

1352 527 1441 562 sima
1470 526 1603 562 femina
1625 526 1714 570 erit,
1749 527 1919 573 quamdiu
1951 529 2108 564 senatori
2138 531 2251 574 nupta
2282 531 2337 564 est
2358 528 2415 564 vel
2428 530 2442 550 ⁵

1353 571 1548 607 clarissimo
1569 574 1632 607 aut
1648 576 1814 617 separata
1837 573 1883 608 ab
1908 583 1950 608 eo
1975 573 2035 608 alii
2057 573 2234 609 inferioris
2259 572 2440 618 dignitatis

1352 627 1425 652 non
1448 628 1497 652 nu
1523 617 1580 652 sit.

1399 660 1424 699 9
1450 628 1696 697 Pssmmm
1718 661 1810 698 libro
1836 664 1969 715 quarto
1992 662 2284 707 re.‹›·pon.⁴5orwn¹²
2313 662 2441 698 Filiam

1353 707 1529 742 senatoris
1563 706 1708 752 nuptias
1743 707 1859 741 liberti
1891 710 2050 742 secutam
2080 708 2193 752 patris
2227 717 2334 743 casus
2368 718 2441 743 non

1352 752 1442 787 facit
1469 761 1634 787 uxorem:
1667 761 1749 786 nam
1782 751 1944 797 quaesita
1976 751 2128 796 dignitas
2150 751 2271 788 liberis
2295 756 2442 798 propter

1354 806 1478 832 casum
1526 797 1612 832 atris
1636 797 1761 831 remoti
1785 807 1807 831 a
1830 800 1957 832 senatu
1980 795 2177 832 auferenda
2200 807 2273 833 non
2297 801 2362 832 est.

1402 840 1452 879 10
1513 851 1678 877 ammos
1705 841 1796 877 libro
1830 842 2038 888 triqensimo
2062 846 2192 888 quarto
2216 842 2267 877 ad
2287 842 2442 878 edictum

1353 886 1501 922 Liberos
1521 890 1726 922 senatorum
1744 886 1905 932 accipere
1925 886 2093 922 debemus
2105 897 2178 922 non
2189 890 2328 922 tantum
2339 896 2442 922 sena-

1352 936 1470 967 torum
1492 931 1604 974 filios,
1635 941 1757 967 verum
1788 942 1929 974 omnes,
1963 931 2024 977 qui
2045 931 2153 976 geniti
2177 942 2221 968 ex
2243 932 2330 977 ipsis
2354 942 2442 967 exve

1352 977 1472 1012 liberis
1506 987 1628 1012 eorum
1658 976 1844 1019 dicantur,
1877 977 1950 1012 sive
1981 976 2164 1012 naturales
2187 977 2261 1013 sive
2284 977 2441 1022 adoptivi

1339 1022 1425 1059 sint
1447 1022 1549 1057 liberi
1572 1025 1796 1063 senatorum,
1829 1031 1872 1057 ex
1896 1021 2025 1067 quibus
2049 1022 2127 1056 nati
2151 1021 2330 1057 dicuntur.
2379 1021 2443 1057 sed

1352 1067 1382 1102 si
1407 1077 1450 1102 ex
1473 1067 1547 1102 filia
1569 1066 1745 1102 senatoris
1769 1071 1874 1102 natus
1899 1067 1963 1109 sit,
1997 1070 2162 1112 spectare
2185 1067 2355 1102 debemus
2378 1077 2442 1112 pa-

1352 1113 1417 1147 tris
1443 1112 1519 1148 eius
1545 1111 1800 1147 condicionem.

1402 1155 1448 1194 11
1476 1156 1636 1193 Panos
1652 1156 1743 1193 libro
1790 1156 2069 1203 uadraqensimo
2116 1157 2207 1192 rimo
2220 1156 2270 1191 ad
2287 1156 2441 1192 edictum

1353 1202 1544 1238 Senatores
1567 1201 1653 1237 licet
1673 1201 1711 1237 in
1734 1212 1779 1236 ur
1805 1211 1824 1236 e
1847 1201 2063 1237 domicilium
2111 1202 2218 1237 abere
2240 1201 2439 1244 videantur,

1352 1252 1473 1282 tamen
1497 1250 1533 1283 et
1554 1246 1623 1290 ibi,
1647 1245 1742 1282 unde
1766 1246 1907 1282 oriundi
1930 1250 2032 1288 sunt,
2066 1247 2202 1282 habere
2225 1246 2440 1282 domicilium

1351 1293 1621 1337 intelleguntur,
1647 1291 1731 1337 quia
1754 1291 1905 1336 dignitas
1929 1290 2098 1327 domicilii
2120 1291 2355 1327 adiectionem
2377 1302 2441 1337 po-

1351 1338 1421 1373 tius
1447 1337 1585 1373 dedisse
1608 1347 1715 1382 quam
1765 1339 1958 1372 ermutasse
1981 1336 2129 1372 videtur.

1401 1380 1451 1419 12
1483 1382 1678 1419 ULPJANUS
1706 1381 1735 1417 li
1775 1393 1796 1416 0
1827 1381 1984 1417 secundo
2016 1381 2061 1417 de
2092 1382 2256 1418 censibus
2300 1380 2445 1426 Nuptae

1351 1428 1450 1473 prius
1463 1427 1644 1463 consulari
1655 1426 1729 1462 viro
1741 1426 1932 1471 impetrare
1943 1426 2059 1462 solent
2070 1437 2093 1462 a
2126 1426 2272 1472 rincipe,
2285 1426 2443 1472 quamvis

1378 1483 1517 1514 erraro,
1542 1477 1582 1507 ut
1606 1475 1741 1517 nuptae
1763 1471 1891 1506 iterum
1914 1471 2060 1507 minoris
2121 1471 2267 1517 gnitatis
2291 1472 2366 1507 viro
2391 1471 2443 1506 ni-

1351 1484 1541 1553 flilominus
1583 1517 1619 1552 in
1653 1516 1832 1552 consulari
1866 1520 2036 1551 maneant
2071 1516 2259 1562 dignitate:
2294 1520 2337 1551 ut
2368 1516 2442 1551 scio

1351 1563 1572 1598 Antoninum
1606 1563 1809 1607 Augustum
1843 1561 1956 1596 Iuliae
1986 1561 2172 1597 Mamaeae
2208 1561 2445 1597 consobrinae

1355 1611 1369 1642 1
1420 1618 1506 1643 suae
1524 1606 1724 1642 indulsisse.
1773 1606 1964 1642 Senatores
1985 1610 2104 1642 autem
2126 1606 2372 1651 accipiendum
2391 1610 2445 1641 est

1353 1663 1434 1695 eos,
1470 1652 1531 1698 qui
1562 1663 1584 1687 a
1616 1652 1775 1697 patriciis
1810 1655 1846 1686 et
1876 1651 2083 1687 consulibus
2114 1662 2229 1696 usque
2252 1651 2299 1686 ad
2322 1661 2444 1686 omnes

1352 1697 1507 1733 illustres
1539 1698 1634 1733 viros
1668 1696 1907 1739 descendunt,
1941 1697 2025 1742 quia
2049 1700 2085 1732 et
2107 1697 2144 1731 hi
2167 1696 2234 1732 soli
2257 1697 2294 1732 in
2317 1699 2444 1732 senatu

1353 1742 1565 1778 sententiam
1589 1742 1707 1777 dicere
1730 1745 1892 1787 possunt.

1863 1833 1932 1872 X⁶.

1637 1901 1697 1932 DE
1723 1899 1900 1933 OFFICIO
1926 1898 2157 1932 CONSULIS.

1403 1966 1420 2003 1
1457 1965 1651 2002 ULPJANUs
1670 1966 1760 2002 libro
1783 1965 1940 2001 secundo
1963 1964 2008 2000 de
2031 1964 2156 2011 officio
2179 1965 2337 2001 consulis
2381 1965 2443 2001 Of-

1352 2011 1472 2047 ficium
1506 2012 1661 2047 consulis
1693 2015 1748 2046 est
1780 2011 1965 2046 consilium
1995 2010 2167 2056 praebere
2196 2010 2445 2046 manumittere

1359 2060 1369 2091 l
1421 2056 1633 2092 volentibus.
1683 2055 1855 2091 Consules
1889 2059 1924 2091 et
1959 2065 2119 2091 seorsum
2154 2055 2282 2100 singuli
2317 2066 2443 2090 manu-

1353 2102 1517 2137 mittunt:
1542 2101 1606 2137 sed
1629 2112 1702 2137 non
1725 2105 1844 2146 potest
1866 2101 1908 2143 is,
1933 2100 1994 2146 qui
2015 2100 2112 2145 apud
2131 2100 2282 2136 altorum
2301 2100 2444 2136 nomina

1354 2146 1522 2190 ediderit,
1547 2146 1644 2192 apud
1667 2146 1817 2182 alterum
1841 2146 2106 2181 manumittere:
2139 2149 2328 2191 separatae
2351 2146 2444 2181 enim

1353 2195 1438 2227 sunt
1468 2192 1772 2227 manumissiones.
1821 2201 1908 2226 sane
1940 2191 1971 2226 si
2002 2201 2074 2243 qua
2106 2200 2150 2226 ex
2175 2200 2285 2226 causa
2309 2190 2444 2236 collega

1353 2236 1602 2272 manumittere
1633 2247 1706 2272 non
1737 2236 1869 2281 poterit
1902 2235 2106 2271 infirmitate
2128 2235 2183 2270 vel
2207 2235 2327 2280 aliqua
2349 2235 2445 2271 iusta

1354 2291 1465 2317 causa
1485 2282 1694 2327 impeditus,
1727 2281 1897 2326 collegam
1920 2290 2026 2326 posse
2048 2280 2358 2316 manumissionem
2383 2291 2443 2316 ex·

2519 555 2528 744 -m-mk*-.1—‹A
2520 390 2528 550 ...n—..urae-
2522 338 2528 372 .--.

1355 2329 1374 2362 2
1421 2326 1543 2372 pedire
1566 2330 1712 2362 senatus
1737 2325 1885 2361 censuit.
1934 2324 2107 2360 Consules
2138 2324 2235 2370 apud
2259 2335 2298 2360 se
2321 2335 2442 2361 servos

1354 2382 1438 2415 suos
1461 2371 1708 2407 manumittere
1730 2381 1838 2416 posse
1867 2370 1966 2405 nulla
1997 2369 2171 2405 dubitatio
2205 2373 2270 2405 est.
2318 2370 2381 2406 sed
2414 2370 2442 2406 si

1354 2416 1518 2459 evenerit,
1543 2420 1584 2452 ut
1606 2416 1721 2452 minor
1743 2415 1864 2460 viginti
1887 2414 1990 2450 annis
2023 2414 2149 2450 consul
2180 2415 2244 2457 sit,
2278 2415 2375 2460 apud
2405 2425 2443 2450 se
2496 2422 2511 2437 r*

1353 2462 1602 2497 manumittere
1624 2472 1697 2496 non

1353 2511 1411 2542 tus
1437 2506 1598 2542 consulto
1625 2506 1722 2541 cons·
1738 2506 1786 2540 ii⁷
1811 2515 1956 2541 causam
1981 2505 2177 2540 examinat:
2211 2504 2309 2550 apud
2333 2505 2439 2540 colle-

1352 2562 1433 2597 gam
1457 2562 1539 2587 vero
1565 2562 1675 2587 causa
1699 2551 1852 2596 probata
1875 2554 2005 2596 potest.

1850 2642 1941 2684 X1⁸.

1480 2710 1541 2742 DE
1566 2708 1744 2742 ormcio
1769 2707 2024 2742 PRAEEEc'n
2047 2707 2315 2740 PRAETORIO.

1402 2773 1419 2811 1
1447 2776 1652 2811 Aona-mos
1666 2775 1868 2811 Ancaoms
1887 2773 2097 2810 Cfflalsms
2113 2773 2285 2820 maqz‘ster
2306 2772 2441 2810 libello-

1352 2831 1433 2855 rum
1469 2820 1560 2856 libro
1595 2820 1778 2867 sinqulari
1809 2819 1854 2854 de
1886 2818 2009 2865 officio
2039 2818 2228 2866 praefecti
2247 2819 2440 2865 praetorio

1351 2865 1510 2900 Breviter
1534 2874 1810 2901 commemorare
1832 2873 1976 2899 necesse
1999 2867 2064 2905 est,
2088 2863 2183 2898 unde
2202 2862 2439 2899 constituendi

1350 2909 1612 2956 praefectorum
1645 2909 1823 2962 praetorio
1859 2908 1981 2944 offici⁹
2012 2908 2108 2953 origo
2140 2908 2345 2943 manaverit.
2394 2907 2439 2943 ad

1351 2955 1463 2990 vicem
1495 2955 1654 3000 magistri
1679 2954 1835 3000 equitum
1858 2953 2059 2999 praefectos
2082 2953 2262 2998 praetorio
2286 2953 2438 2999 antiqui-

1350 3004 1409 3036 tus
1432 3000 1615 3036 institutos
1640 3009 1717 3035 esse
1740 3009 1763 3034 a
1782 2998 1995 3044 quibusdam
2014 2997 2249 3044 scriptoribus
2267 2997 2438 3033 traditum

1351 3048 1416 3081 est.
1463 3054 1546 3080 nam
1578 3055 1659 3080 cum
1689 3043 1785 3089 apud
1808 3047 1945 3080 veteres
1969 3042 2204 3079 dictatoribus
2228 3042 2276 3078 ad
2297 3046 2438 3088 tempus

1350 3099 1489 3125 summa
1510 3092 1671 3134 potestas
1695 3088 1898 3124 crederetur
1921 3092 1957 3125 et
1978 3087 2165 3133 magistros
2189 3087 2348 3134 equitum
2371 3087 2438 3123 sibi

1350 3134 1533 3179 eligerent,
1559 3133 1620 3179 qui
1642 3133 1816 3169 adsociati
1838 3133 2068 3180 participales
2091 3142 2200 3169 curae
2222 3132 2269 3168 ad
2291 3132 2438 3168 militiae

1347 3179 1504 3231 gratia2⁰
1527 3178 1720 3232 secundam
1743 3182 1826 3224 post
1849 3188 1909 3231 eos
1932 3180 2145 3224 potestatem
2167 3180 2347 3223 gererent:
2378 3187 2436 3214 re·
2491 3186 2495 3226 j
2527 3204 2528 3215 ι

1347 3229 1510 3304 ffirtriientis
1525 3223 1774 3304 {iegffiublicae
1797 3223 1843 3259 ad
1861 3226 2092 3269 imperatores
2109 3225 2299 3268 perpetuos
2317 3225 2436 3264 trans-
2489 3235 2497 3257 -;
2514 3240 2517 3242 -

1414 3279 1431 3304 s
1456 3268 1502 3304 ad
1631 3268 1789 3304 tudinem
1812 3269 2059 3314 magistrorum
2127 3268 2241 3302 uitum
2262 3266 2437 3312 praefecti

1349 3314 1528 3359 praetor-lo
1552 3324 1581 3366 a·
1597 3314 1817 3359 principibus
1841 3313 1944 3349 electi
1966 3315 2060 3348 sunt.

1351 3406 1364 3438 1
1415 3403 1479 3439 His
1504 3403 1690 3439 cunabulis
1712 3414 1737 3449 p
1815 3406 1972 3439 ectorum
2004 3402 2199 3438 auctoritas
2229 3401 2368 3437 initiata
2397 3401 2434 3436 in

1349 3452 1488 3483 tantum
1511 3448 1639 3484 meruit
1661 3448 1793 3500 augeri,
1817 3451 1858 3483 ut
1880 3446 2053 3492 appellari
2075 3456 2098 3482 a
2121 3446 2312 3492 praefectis
2330 3455 2432 3491 prae·

1399 3565 1443 3602 (s)
1453 3561 1849 3605 Pap.?—Bm.6,⁴,1.—.
1861 3559 2204 3604 Cfc'od.1,2o.2⁷.12,s
2252 3561 2297 3602 (ο)
2308 3559 2434 3611 Βνεῃο-
2486 3532 2495 3548 ⁹

199 3605 250 3648 Cs.
266 3605 344 3639 Cod.
359 3607 390 3646 3,
402 3612 436 3640 2⁴
485 3605 528 3646 (2)
552 3608 705 3638 senatum
719 3607 778 3639 im.
793 3605 829 3639 F
876 3606 918 3647 (3)
944 3605 1012 3638 divi
1026 3619 1080 3640 scr
1144 3607 1186 3648 (⁴)
1211 3606 1285 3650 ipse
1352 3617 1498 3648 mannus,
1511 3605 1623 3639 officio
1634 3606 1694 3640 ΓΒ
1725 3607 1785 3647 (ιο)
1797 3605 1878 3648 quia
1889 3604 2007 3638 sociati
2016 3603 2209 3648 participali
2219 3614 2300 3637 cura
2310 3614 2331 3636 a
2342 3603 2432 3637 mli-

194 3661 255 3684 ccr.
349 3651 392 3691 (5)
417 3650 482 3691 vel]
498 3650 568 3682 viro
581 3661 644 3684 scr.

241 3695 285 3735 (6)
311 3694 375 3727 Ed.
391 3713 436 3719 —
451 3695 534 3727 Bac.
546 3696 578 3732 6,
592 3701 653 3733 2,1.
668 3712 714 3719 ——
729 3695 779 3738 Cf
799 3694 875 3728 Cod.
888 3694 940 3734 12,
953 3701 970 3729 8

203 3737 252 3771 ti·
264 3739 400 3771 consilii
411 3739 634 3772 Hotomamms

1048 3697 1089 3735 (τ)
1102 3705 1141 3728 ex
1151 3698 1284 3728 senten·

1353 3650 1421 3683 tiae
1433 3651 1545 3692 gratia
1557 3649 1596 3694 S,
1616 3650 1676 3693 qui
1696 3650 1860 3684 adsociati
1880 3648 2099 3692 participales
2121 3648 2270 3682 adeum
2288 3647 2432 3681 militiae
2482 3648 2491 3690 J

1351 3695 1461 3737 gratia
1468 3707 1532 3730 scr.
1601 3697 1656 3736 (11)
1669 3694 1748 3728 data
1759 3697 1811 3728 est
1821 3693 1972 3736 pleniore
1985 3693 2040 3734 Ρ,
2053 3693 2132 3727 data
2143 3692 2295 3737 pleniore
2306 3692 2356 3726 eia
2365 3704 2431 3728 scr.

1351 3739 1519 3781 eesicfm
1531 3738 1605 3772 deu.
1652 3739 1711 3781 (ιι)
1724 3753 1767 3767 -
1779 3737 1825 3770 D.
1841 3738 1895 3779 23,
1907 3744 1936 3778 2,
1949 3744 1995 3779 34,
2007 3743 2024 3771 s

2037 3357 2046 3364 ι
2155 3315 2194 3347 ta
2223 3316 2278 3348 est
2299 3311 2437 3364 plenior
2490 3316 2498 3362 Jv

1349 3358 1399 3394 eis
1414 3360 1438 3380 ¹¹
1464 3359 1607 3394 licentia
1641 3358 1687 3394 ad
1721 3358 1809 3394 disci
1834 3358 1927 3394 linae
1948 3357 2114 3403 pubhcae
2144 3356 2433 3392 emendationem.
2469 3371 2476 3375 ·

1746 2460 1863 2503 oterit‚
1889 2470 1970 2495 cum
1992 2459 2070 2505 ipse
2093 2459 2160 2502 sit,
2185 2460 2246 2505 qui
2270 2470 2314 2495 ex
2337 2470 2441 2496 sena»

2491 3116 2506 3139 *x
2486 2712 2514 3095 ‘Q‘L§r··*-qe-⁹zwu·7rzsaen··-»
2492 2687 2502 2698 ι
2494 2636 2509 2661 μ·
