2528 3918
196 120 343 167 ms'r.
372 122 429 179 11,
464 127 628 168 10-12

201 250 241 283 12
333 246 431 284 Nihil
461 250 580 283 autem
607 246 774 289 interest,
805 246 1057 281 testamentum
1086 245 1124 281 in
1153 245 1284 281 tabulis

198 303 245 329 an
275 293 313 329 in
346 292 479 328 chartis
513 290 773 327 membranisve
801 289 858 326 vel
879 290 918 326 in
941 290 1013 326 alia
1035 290 1186 326 materia
1207 289 1282 325 fiat.

200 340 241 374 13
292 337 383 374 ¹Sed
418 340 454 373 et
481 347 591 372 unum
624 338 876 372 testamentum
906 336 1069 382 pluribus
1102 335 1284 371 codicibus

198 382 397 419 conficere²
421 382 498 428 quis
521 384 659 427 potest,
690 380 886 417 secundum
915 381 1133 426 optinentem
1164 385 1283 416 tamen

197 428 478 464 observationem
502 425 666 462 omnibus
689 425 807 462 factis.
844 426 939 472 quod
962 426 1139 462 interdum
1163 429 1200 461 et
1222 436 1283 461 ne-

197 473 389 509 cessarium
413 475 485 515 est,
515 472 547 507 si
570 472 649 518 quis
673 471 902 517 navigaturus
927 475 963 507 et
986 481 1107 507 secum
1130 470 1225 507 ferre
1249 474 1285 507 et

197 518 292 554 domi
327 518 527 562 relinquere
560 516 772 553 iudiciorum
807 527 952 553 suorum
988 516 1283 552 contestationem

196 562 296 606 velit,
327 562 382 599 vel
404 565 553 608 propter
584 562 672 598 alias
702 562 978 598 innumerabiles
1011 571 1159 604 causas,
1191 571 1284 607 quae

199 611 240 643 14
286 607 450 643 humanis
477 607 750 644 necessitatibus
766 608 958 643 imminent.
1007 606 1078 642 Sed
1097 607 1187 642 haec
1205 607 1282 653 qui-

196 653 274 689 dem
299 652 343 688 de
366 652 600 697 testamentis,
625 663 717 707 quae
740 653 777 688 in
802 652 943 697 scriptis
968 651 1215 687 conficiuntur.
1253 652 1283 687 si

196 698 275 744 quis
299 700 418 734 autem
440 698 593 734 voluerit
615 708 692 735 sine
716 698 858 743 scriptis
890 697 1056 733 ordinare
1085 697 1162 733 iure
1193 697 1283 733 civili

195 746 459 786 testamentum,
482 747 618 790 septem
640 744 792 780 testibus
817 742 984 778 adhibitis
1010 745 1045 777 et
1068 752 1135 778 sua
1157 742 1281 778 volun-

194 791 269 824 tate
293 798 414 825 coram
445 788 496 825 eis
525 792 733 842 nuncupata
764 788 855 824 sciat
884 788 954 823 hoc
987 787 1282 833 perfectissimum

193 836 445 870 testamentum
467 834 544 870 iure
569 834 660 870 civili
683 833 893 879 fimumque
915 832 1159 869 constitutum.

697 927 752 967 xl
762 924 777 947 ⁸

416 993 478 1027 mi
502 993 714 1027 Minium
738 992 1052 1026 TESTAMENTO.

241 1058 392 1105 ⁴'Supra
404 1059 502 1096 dicta
514 1059 660 1105 diligens
674 1060 874 1095 observatio
887 1059 924 1095 in
942 1058 1150 1095 ordinandis
1168 1062 1278 1094 testa-

194 1105 331 1140 'mentis
362 1105 532 1141 militibus
561 1109 707 1151 propter
738 1105 881 1140 nimiam
911 1103 1124 1150 imperitiam
1147 1104 1279 1139 consti-

195 1149 401 1186 'tutionibus
459 1150 688 1195 rincipalibus
720 1150 870 1186 remissa
900 1153 964 1186 est.
1006 1159 1090 1185 nam
1120 1150 1280 1202 quamvis

195 1195 240 1230 'hi
277 1205 391 1241 neque
438 1195 616 1241 egitimum
651 1205 837 1231 numerum
871 1195 1016 1231 testium
1052 1195 1282 1230 adhibuerint

194 1241 319 1299 [neque
349 1240 455 1276 aliam
487 1244 779 1320 testamentorum
810 1241 1082 1300 sollemnitatem
1114 1240 1280 1293 observa-

193 1285 1280 1384 saisisse.essariumassessusze

193 1377 356 1412 stitutio⁶
385 1376 555 1429 induxit·
573 1387 715 1430 quoquo
748 1377 840 1430 enim
871 1376 977 1412 modo
1004 1376 1173 1429 voluntas
1205 1377 1280 1412 eius

193 1431 360 1502 siffrema
383 1431 455 1457 sive
487 1426 621 1467 scripta
650 1426 851 1457 invematur
880 1421 953 1458 sive
984 1431 1060 1457 sine
1091 1425 1280 1466 scriptura,

192 1478 214 1502 v
251 1470 287 1501 et
308 1470 561 1502 testamentum
585 1477 629 1503 ex
652 1467 834 1503 voluntate
858 1468 945 1502 eius.
981 1467 1049 1502 illis
1062 1469 1181 1502 autem
1193 1470 1280 1502 tem-

192 1511 353 1557 poribus,
378 1523 442 1557 per
465 1522 555 1557 quae
579 1513 670 1548 citra
693 1512 958 1557 expeditionum
977 1512 1225 1548 necessitatem
1245 1513 1281 1547 in

192 1557 271 1593 aliis
302 1556 390 1593 locis
420 1557 475 1593 vel
504 1557 542 1592 in
573 1558 647 1594 suis
680 1558 849 1594 sedibus⁶
873 1558 1024 1603 degunt,
1058 1558 1201 1593 minime
1236 1557 1282 1593 ad

192 1601 444 1655 vindicandum
465 1602 536 1655 tale
584 1603 776 1649 rivilegium
800 1603 1030 1639 adiuvantur:
1063 1602 1127 1638 sed
1157 1603 1282 1638 testari

192 1647 333 1693 quidem
358 1651 394 1683 et
415 1657 446 1700 si
470 1647 532 1683 filii
572 1647 709 1684 amilias
733 1653 818 1684 sunt
840 1651 988 1694 propter
1010 1648 1171 1683 militiam
1196 1658 1280 1684 con-

193 1692 388 1745 ceduntur,
413 1702 490 1728 iure
513 1697 632 1729 tamen
657 1694 853 1737 communi,
886 1694 952 1729 ea⁷
975 1693 1224 1729 observatione
1247 1697 1283 1729 et

191 1749 228 1773 ιιι
251 1747 374 1773 eorum
397 1738 618 1774 testamentis
643 1739 864 1782 adhibenda,
897 1749 1004 1785 quam
1036 1742 1073 1774 et
1102 1739 1139 1774 in
1170 1742 1280 1774 testa-

195 1786 208 1817 1
259 1783 387 1818 mentis
418 1793 638 1828 paganorum
669 1785 829 1830 proxime
858 1784 1098 1830 exposuimus.
1149 1784 1282 1820 ⁸Plane

192 1828 236 1881 de
259 1828 652 1881 militum-testamentis
678 1829 779 1865 divus
795 1830 972 1865 Traianus
989 1829 1129 1865 Statilio
1150 1829 1280 1865 Severo

191 1878 242 1909 ita
263 1877 462 1918 rescripsit:
489 1873 542 1909 ‘Id
564 1874 801 1920 privilegium,
834 1875 929 1920 quod
960 1874 1192 1910 militantibus
1217 1874 1280 1910 da-

193 1922 279 1954 ‘tum
310 1922 382 1971 est,
414 1922 457 1971 ut
485 1930 627 1965 quoquo
659 1920 764 1956 modo
795 1920 895 1956 facta
918 1920 964 1955 ab
988 1919 1043 1955 his
1067 1923 1281 1955 testamenta

193 1968 284 1999 ‘rata
307 1967 397 2006 sint,
428 1974 481 2000 sic
504 1965 657 2011 intellegi
681 1965 805 2008 debet,
837 1969 878 2000 ut
909 1965 1032 2011 utique
1061 1965 1160 2010 prius
1194 1976 1279 2018 con-

192 2008 454 2100 tiit-‘3333‘
468 2009 1281 2101 issiwffiffibfff‘iffiqisieseii¹2fflt2tst⁸¹⁰13

192 2103 287 2145 ‘ergo
310 2099 422 2152 miles,
447 2100 491 2135 de
511 2100 734 2154 cuius-bonis
754 2068 851 2147 apuffi
869 2104 905 2136 te
923 2101 1117 2146 quaeritur,
1143 2101 1174 2136 si
1194 2083 1279 2137 con-

192 2147 339 2180 ‘vocatis
364 2144 410 2197 ad
433 2145 502 2181 hoc
524 2145 744 2190 hominibus,
776 2149 818 2182 ut
840 2147 1058 2182 voluntatem
1082 2156 1184 2182 suam
1209 2150 1279 2181 tes-

192 2194 358 2243 ‘taretun
382 2193 434 2226 ita
455 2190 598 2226 locutus
622 2195 692 2234 est,
717 2195 758 2226 ut
783 2191 1016 2234 declararet⁹‚
1049 2201 1154 2236 quem
1177 2191 1282 2227 vellet

194 2236 274 2288 ἐιὺι
298 2245 377 2288 esse
400 2235 564 2271 heredem
588 2239 624 2272 et
647 2236 705 2272 cui
728 2236 927 2272 libertatem
957 2236 1132 2279 tribuere,
1161 2239 1282 2282 potest

192 2279 322 2333 ‘videri-
337 2291 414 2316 sme
437 2281 508 2316 scri
534 2284 571 2317 to
595 2282 664 2317 hoc
688 2281 793 2318 modo
819 2292 897 2318 esse
919 2285 1072 2317 testatus
1097 2286 1133 2316 et
1154 2281 1279 2317 volun-

192 2329 260 2361 ‘tas
292 2335 368 2361 eius
396 2329 477 2361 rata
531 2326 673 2362 abenda
696 2330 761 2362 est.
799 2330 955 2363 ceterum
979 2327 1026 2368 si,
1056 2330 1097 2362 ut
1124 2327 1279 2372 plerum-

191 2375 200 2391 ‘
227 2381 272 2406 ue
296 2371 519 2424 sermonibus
542 2371 620 2425 fieri
643 2372 744 2416 solet,
770 2372 858 2408 dixit
878 2372 1003 2407 alicui:
1030 2375 1104 2416 ‘ego
1124 2376 1161 2407 te
1178 2371 1278 2407 here-

191 2420 200 2436 ⁴
228 2426 282 2452 ein
305 2415 416 2452 facio'
441 2420 504 2452 aut
528 2417 605 2452 ‘tibi
616 2417 712 2453 bona
731 2428 811 2453 mea
828 2417 1018 2463 relinquo’,
1042 2427 1115 2452 non
1139 2420 1281 2462 oportet

191 2462 272 2526 :hoc
302 2472 368 2541 plin
400 2465 612 2515 testamento
645 2462 838 2515 observari.
858 2508 866 2516 ⁸
886 2473 969 2515 nec·
983 2462 1138 2515 ullorum
1168 2462 1279 2507 magis

191 2511 481 2632 ἐξξζίἐωῖἒέἒ
498 2507 1018 2606 ἐέἓέῒίἴῗῧῖὲᾏᾞιὶὲὶιῆἷξῖύ
1057 2507 1280 2606 ἕᾷἶέῑὲῗὲἑῗ

191 2600 678 2695 ιηῷοἶῗηέἒῗωᾞέἕὲἲὲ
696 2598 1280 2679 ἒῗὲἒᾶἳεζὲὼᾱῗέωξὲἓέζῗῗὲἓίῑ

191 2686 401 2732 ‘relinquere
424 2697 462 2723 se
485 2688 592 2731 bona,
617 2689 675 2724 cui
697 2689 891 2742 visi-imsit,
917 2691 954 2724 et
976 2698 1041 2733 per
1058 2689 1127 2724 hoc
1147 2688 1184 2724 iu
1211 2688 1280 2724 icia

192 2735 211 2767 2
259 2735 356 2768 ‘vera
375 2732 656 2785 subvertantur)
703 2733 795 2779 Quin
818 2743 924 2769 immo
949 2737 985 2769 et
1007 2736 1126 2768 mutus
1146 2736 1182 2768 et
1201 2744 1278 2769 sur·

191 2780 212 2813 3
259 2776 326 2813 dus
338 2777 438 2830 miles
450 2778 476 2799 ¹¹
496 2781 747 2814 testamentum
757 2778 878 2815 facere
889 2782 1050 2825 possunt.
1077 2777 1147 2814 Sed
1156 2779 1279 2814 hacte-

191 2833 259 2875 nus
291 2822 360 2858 hoc
389 2822 459 2858 illis
488 2833 511 2858 a
534 2823 798 2877 principalibus·
813 2823 1126 2876 constitutionibus
1151 2834 1278 2860 conce—

191 2867 305 2920 ditur,
338 2871 514 2913 quatenus
537 2868 692 2922 militant
723 2873 758 2905 et
787 2880 824 2905 in
856 2872 983 2905 castris
1015 2868 1165 2921 degunt:
1197 2873 1280 2921 post

191 2922 405 2966 missionem·
421 2923 504 2949 vero
535 2917 694 2949 veteram
724 2914 779 2950 vel
808 2917 910 2950 extra
941 2917 1061 2950 castra
1090 2924 1121 2950 si
1143 2913 1280 2950 faciant

191 2958 310 2994 adhuc
333 2957 525 2994 militantes
549 2961 820 3003 testamentum,
846 2959 1025 2996 communi
1047 2959 1204 2995 omnium
1229 2960 1278 2995 ci-

191 3003 299 3056 vium·
318 3002 562 3083 Rfomanorum
591 3003 667 3039 iure
701 3004 819 3040 facere
853 3004 994 3040 debent.
1041 3007 1098 3058 et·
1112 3004 1208 3049 quod
1241 3005 1279 3040 in

191 3051 1184 3147 (ἳὲῐῖιέ(108οὲἕίἓὲιῖἕίᾝὲῗῇΒῖἕὲεῃῖοέἓὲἓᾛέἓᾰ
1197 3049 1279 3130 tii}

190 3142 267 3174 tuin
289 3138 432 3192 valebit.
468 3138 554 3192 quid
575 3142 700 3184 igitur,
724 3139 755 3175 si
777 3140 872 3193 intra
894 3150 1028 3194 annum
1051 3140 1193 3186 quidem
1216 3140 1277 3176 de-

191 3187 349 3237 cesserit,
374 3183 535 3220 condicio
560 3185 823 3237 autem-heredi
841 3185 1024 3231 adscripta
1042 3188 1126 3232 post
1144 3195 1277 3221 annum

191 3229 373 3265 extiterit?
414 3238 462 3264 an
492 3238 596 3275 quasi
625 3229 746 3265 mihtis
778 3233 1029 3266 testamentum
1059 3230 1201 3267 valeat?
1241 3234 1278 3266 et

190 3276 212 3310 4
258 3273 378 3320 placet
400 3274 518 3310 valere
543 3274 646 3320 quasi
667 3274 798 3311 militis.
846 3274 917 3311 Sed
941 3279 977 3312 et
999 3276 1031 3312 si
1049 3275 1128 3322 quis
1141 3275 1169 3297 ¹²
1192 3278 1276 3311 ante

191 3389 231 3430 (1)
259 3392 275 3427 ς
290 3395 321 3422 18
332 3389 449 3423 similis
460 3389 541 3433 Di'y.
556 3389 611 3429 28,
624 3396 648 3430 1,
661 3395 698 3423 24
711 3389 813 3430 (Flor.
829 3389 848 3422 1.
864 3397 896 3424 io
910 3391 996 3431 inse.)

195 3433 268 3474 BC,
281 3433 439 3476 perficere
455 3433 490 3467 T

238 3483 280 3516 ιιι)
298 3478 350 3523 Cf:
363 3477 439 3514 Gai.
450 3479 482 3519 2,
492 3485 615 3513 ιοο..ιιι
627 3479 708 3523 Diy.
718 3479 816 3520 29,ι;
830 3480 883 3519 37,
894 3486 926 3513 is
942 3479 1020 3513 0011.
1031 3481 1062 3521 6,
1072 3486 1104 3514 21
1138 3481 1179 3520 (4)
1198 3478 1275 3514 Gai.

192 3524 223 3563 2,
237 3531 292 3558 ιοο
426 3524 470 3563 (ι)
498 3524 576 3558 cod.
591 3525 623 3563 6,
637 3531 680 3564 21,
694 3531 725 3559 ιι
859 3525 904 3565 (e)
929 3524 980 3558 sic
992 3524 1071 3564 ΒΘ,
1085 3524 1204 3557 edibus
1220 3524 1281 3558 TO

193 3571 236 3608 (τ)
261 3569 313 3610 ea]
327 3569 453 3609 BPC,
466 3568 579 3602 eadem
596 3566 640 3602 P
726 3569 771 3610 (e)
799 3573 844 3609 ει
857 3569 995 3603 exFlor.
1012 3570 1031 3602 l.
1044 3576 1078 3604 io
1092 3571 1166 3604 inst.
1180 3570 1275 3613 (Diq.

192 3613 246 3653 29,
262 3621 285 3653 1,
299 3616 347 3654 24)
441 3616 486 3657 (ο)
509 3615 559 3648 cic
570 3614 696 3658 Diffio,
709 3613 857 3647 declaret
870 3614 947 3648 libri
1039 3616 1098 3656 (io)
1122 3616 1171 3648 sic
1181 3614 1275 3657 Βίῳ,

193 3658 338 3691 existent
351 3658 429 3693 libra·
596 3659 652 3701 (ii)
675 3660 724 3693 uic
735 3659 844 3700 Boo,
858 3659 944 3692 muti
955 3662 990 3692 et
1001 3658 1094 3692 surdi
1108 3659 1234 3692 milites
1250 3659 1284 3692 T

195 3704 254 3741 (12)
280 3703 367 3744 quis]
385 3704 450 3745 To,
464 3704 553 3747 quod
566 3704 602 3738 B

193 3747 372 3788 (Marcion.
387 3749 407 3783 l.
421 3757 437 3783 4
451 3751 538 3792 inst.)

1159 3390 1203 3432 (2)
1226 3389 1275 3423 εἰσ

769 3705 827 3746 (13)
856 3709 872 3744 5
887 3712 904 3739 1)
916 3704 1032 3739 similis
1043 3705 1124 3749 Diq.
1139 3705 1193 3745 29,
1207 3711 1230 3745 1,
1241 3711 1277 3738 22

694 3750 751 3792 (u)
777 3749 887 3792 quasi]
900 3750 975 3784 dete.
990 3762 1059 3784 cum
1074 3750 1115 3791 Θ,
1129 3763 1187 3784 om.
1202 3750 1279 3783 libri

1159 3880 1191 3887 ...ο

1294 116 1342 166 18

1819 135 1881 166 DE
1909 135 2113 167 MILITARI
2139 135 2433 169 TESTAm'ro

1353 246 1511 299 militiam
1542 256 1623 298 ³⁰3¹.
1643 245 1721 283 iure
1749 247 1836 284 fecit
1863 251 2114 285 testamentum
2137 251 2173 285 et
2195 248 2295 286 miles
2317 248 2437 286 factus

1354 294 1390 327 et
1401 290 1696 344 ‘in-expeditione
1719 292 1848 338 degens
1870 294 2061 339 resignavit
2082 294 2168 330 illud
2198 298 2235 330 et
2263 294 2439 340 quaedam

1353 336 1483 372 adiecit
1513 346 1586 372 sive
1616 336 1770 373 detraxit
1799 338 1854 375 vel
1884 339 1973 375 alias
2005 339 2194 375 manifesta
2229 342 2284 375 est
2317 339 2437 375 militis

1352 381 1518 417 voluntas
1552 381 1622 417 hoc
1656 382 1774 419 valere
1808 383 1976 427 volentis,
2012 384 2200 421 dicendum
2234 388 2290 420 est
2320 384 2439 420 valere

1353 430 1373 462 5
1420 430 1671 462 testamentum
1679 428 1782 473 quasi
1791 439 1836 464 ex
1843 439 1935 465 nova
1942 429 2061 465 militis
2069 430 2264 465 voluntate.
2293 429 2437 465 ¹³Deni-

1376 476 1481 525 uegit
1504 472 1535 508 si
1556 472 1594 507 in
1617 472 1885 518 adrogationem
1905 474 2010 510 datus
2029 474 2138 510 fuerit
2155 475 2255 510 miles
2273 474 2328 510 vel
2344 474 2438 510 filius

1367 517 1506 570 amilias
1530 518 1774 563 emancipatus
1799 522 1864 562 est,
1890 522 2139 555 testamentum
2159 520 2235 555 eius
2253 520 2356 565 quasi
2372 520 2437 554 mi-

1351 562 1424 598 litis
1456 573 1501 598 ex
1529 572 1624 598 nova
1653 563 1836 599 voluntate
1857 564 1953 600 valet
1974 574 2040 601 nec
2063 565 2202 601 videtur
2226 564 2352 611 capitis
2377 564 2438 600 de-

1352 607 1546 643 minutione
1568 607 1706 643 irritum
1729 608 1816 644 fieri.

1352 654 1380 705 6.
1464 652 1654 706 Sciendum
1665 657 1784 707 tamen
1797 658 1861 698 est,
1881 654 1975 700 quod
1995 654 2042 690 ad
2060 655 2258 708 exemplum
2279 658 2436 690 castren-

1351 697 1555 779 Ξίῗιιξὶῗὲἓὲὲ
1574 700 2233 790 3⁸31,3333202⁸5ffi⁸0353322133212¹
2254 700 2438 790 &siege

1353 788 1464 832 culia,
1490 798 1640 834 quorum
1653 790 1679 810 ¹⁵
1703 789 1915 835 quibusdam
1938 790 2147 835 permissum
2171 794 2249 826 erat
2272 790 2378 826 etiam
2401 789 2439 824 in

1350 837 1529 879 potestate
1561 833 1767 879 degentibus
1799 835 1935 871 testari.
1983 835 2080 881 quod
2109 838 2233 872 nostra
2264 834 2438 871 constitu-

1350 878 1400 914 tio
1416 879 1443 900 ¹⁸
1466 878 1575 914 latius
1599 879 1791 916 extendens
1814 880 1974 926 permisit
2004 880 2169 917 omnibus
2199 880 2237 916 iu
2269 880 2325 916 his
2357 883 2437 914 tan-

1350 924 1533 977 tummodo
1557 924 1706 977 peculiis
1729 925 1855 961 testari
1878 924 2030 971 quidem,
2054 924 2118 962 sed
2139 925 2217 961 iure
2240 924 2437 961 communi:

1351 979 1453 1004 cuius
1487 970 1751 1006 constitutionis
1782 973 1907 1006 tenore
1945 974 2133 1017 perspecto
2145 971 2174 993 ¹⁷
2208 970 2351 1006 licentia
2384 973 2439 1005 est

1322 1042 1324 1044 .
1351 1014 1438 1049 nihil
1459 1025 1582 1050 eorum
1602 1026 1693 1061 quae
1713 1015 1759 1051 ad
1778 1014 1980 1062 praefatum
1996 1016 2053 1052 ius
2072 1015 2250 1062 pertinent
2258 1016 2436 1062 ignorare.

1835 1110 1910 1149 XII
1924 1108 1951 1130 ¹⁸

1385 1174 1549 1211 QUIBUS
1575 1175 1670 1207 NON
1693 1175 2070 1253 ΕὸΤΡΞέἓὲἑὸιξΠΜ
2095 1174 2401 1208 TESTAMENTA

1397 1286 1518 1322 ²⁰Non
1549 1290 1670 1322 tamen
1706 1287 1869 1323 omnibus
1903 1287 1987 1322 licet
2019 1286 2140 1321 facere
2174 1289 2434 1322 testamentum.

1350 1331 1471 1368 statim
1496 1332 1588 1367 enim
1613 1332 1669 1375 hi,
1702 1331 1762 1385 qui
1786 1332 1900 1367 alieno
1924 1332 1994 1367 iuri
2017 1331 2170 1367 subiecti
2193 1335 2296 1374 sunt,
2326 1335 2436 1367 testa-

1349 1377 1498 1412 menti²¹
1529 1376 1684 1412 faciendi
1713 1388 1770 1413 ius
1801 1387 1874 1413 non
1905 1377 2056 1419 habent,
2093 1376 2182 1412 adeo
2214 1376 2354 1422 quidem
2385 1381 2437 1419 ut,

1350 1422 1509 1467 quamvis
1533 1426 1700 1468 parentes
1724 1423 1775 1458 eis
1804 1422 2046 1468 permiserint,
2079 1421 2188 1458 nihilo
2219 1422 2331 1467 magis
2361 1422 2439 1457 iure

1350 1467 1475 1502 testari
1499 1468 1638 1513 possint
1647 1468 1696 1503 ²²:
1730 1468 1888 1513 exceptis
1919 1467 1976 1502 his
2009 1477 2098 1512 quos
2123 1471 2230 1502 antea
2253 1476 2437 1502 enumera-

1349 1513 1462 1548 vimus
1487 1517 1523 1548 et
1544 1513 1738 1558 praecipue
1760 1513 1930 1548 militibus
1954 1513 2015 1558 qui
2037 1513 2075 1547 in
2097 1515 2277 1558 potestate
2306 1521 2435 1564 paren-

1350 1561 1426 1593 tum
1450 1561 1552 1601 sunt,
1578 1558 1706 1604 quibus
1731 1558 1776 1594 de
1799 1568 1840 1594 eo
1865 1558 1961 1604 quod
1984 1558 2023 1593 in
2052 1557 2181 1593 castris
2208 1557 2438 1603 adquisierint

1350 1604 1560 1648 permissum
1591 1607 1646 1639 est
1677 1614 1721 1639 ex
1751 1603 2063 1640 constitutionibus
2093 1602 2295 1648 principum
2328 1605 2434 1638 testa-

1350 1652 1507 1683 mentum
1536 1648 1666 1684 facere.
1712 1649 1807 1694 quod
1839 1648 1979 1694 quidem
2009 1647 2109 1683 initio
2118 1648 2150 1670 ²³
2179 1651 2318 1683 tantum
2348 1647 2434 1682 mili-

1350 1694 1509 1729 tantibus
1542 1694 1664 1729 datum
1695 1699 1750 1729 est
1780 1698 1854 1729 tam
1886 1704 1931 1729 ex
1954 1693 2168 1729 auctoritate
2192 1692 2262 1728 divi
2285 1693 2437 1736 Augusti

1351 1749 1458 1784 quam
1488 1738 1628 1774 Nervae
1660 1749 1727 1774 nec
1761 1750 1834 1774 non
1869 1750 1890 1774 o
1917 1739 1993 1774 timi
2027 1738 2249 1791 imperatoris
2281 1737 2438 1779 Traiani,

1911 1784 1955 1820 'vi
1966 1783 2139 1818 Hadriani
2159 1783 2265 1818 etiam
2285 1782 2437 1818 dimissis

1350 1788 1477 1830 postea
1500 1795 1583 1820 vero
1603 1785 1865 1830 subscriptione

2254 1828 2376 1873 itaque
2408 1828 2438 1863 si

1350 1830 1492 1872 militia,
1523 1830 1560 1864 id
1591 1833 1646 1865 est
1675 1830 1868 1872 veteranis,
1905 1839 2116 1865 concessum
2146 1831 2211 1864 est.

1351 1874 1492 1920 quidem
1526 1874 1676 1910 fecerint
1712 1874 1755 1910 de
1792 1875 1965 1910 castrensi
1999 1873 2138 1919 peculio
2173 1875 2435 1914 testamentum,

1350 1920 1543 1965 pertinebit
1566 1921 1635 1955 hoc
1660 1920 1707 1955 ad
1731 1930 1810 1955 eum
1835 1930 1938 1965 quem
1961 1919 2127 1954 heredem
2150 1918 2214 1954 reli
2241 1919 2374 1954 uerint:
2408 1916 2436 1954 si

1350 1975 1431 2001 vero
1461 1965 1620 2000 intestati
1652 1965 1869 2001 decesserint
1899 1965 2005 2000 nullis
2037 1964 2157 1999 liberis
2189 1974 2231 1999 ve
2266 1963 2438 1998 fratribus

1350 2011 1613 2055 superstitibus,
1634 2011 1680 2046 ad
1698 2014 1862 2056 parentes
1873 2011 1902 2031 ²⁴
1924 2020 2046 2046 eorum
2065 2009 2142 2045 iure
2161 2008 2338 2044 communi
2356 2019 2436 2053 per-

1349 2056 1485 2091 tinebit.
1523 2066 1566 2091 ex
1590 2056 1659 2091 hoc
1683 2056 1886 2101 intellegere
1908 2064 2109 2100 possumus,
2134 2053 2230 2099 quod
2253 2054 2290 2090 in
2307 2053 2435 2089 castris

1350 2101 1558 2154 adquisierit
1587 2101 1685 2136 miles
1695 2128 1708 2153 ³.
1737 2100 1797 2146 qui
1819 2101 1857 2136 in
1879 2103 2057 2146 potestate
2079 2099 2192 2151 patris
2217 2102 2288 2142 est,
2323 2109 2436 2151 neque

1349 2157 1482 2227 {istiu
1510 2144 2436 2236 355⁶‘301⁹‘‘2¹33i‘³154²3?th{qsssstssitrz‘ffi‘ss

1350 2247 1431 2272 cum
1453 2236 1625 2272 fratribus
1649 2246 1727 2271 esse
1760 2246 1963 2279 commune,
1995 2235 2059 2271 sed
2089 2234 2226 2270 scilicet
2255 2234 2436 2280 proprium

1350 2282 1425 2317 eius
1450 2291 1528 2317 esse
1550 2281 1588 2317 id
1612 2281 1707 2327 quod
1739 2281 1776 2316 in
1808 2281 1935 2316 castris
1966 2280 2190 2326 adquisierit,
2222 2289 2436 2325 quamquam

1349 2327 1426 2363 iure
1457 2326 1549 2362 civili
1579 2326 1735 2362 omnium
1767 2326 1827 2371 qui
1857 2326 1894 2361 in
1925 2329 2104 2371 potestate
2133 2329 2321 2370 parentum
2353 2329 2437 2360 sunt

1349 2372 1490 2418 peculia
1513 2371 1659 2417 perinde
1682 2371 1720 2407 in
1743 2371 1846 2407 bonis
1870 2374 2057 2423 parentum
2075 2373 2336 2416 computantur,
2362 2370 2436 2404 acsi

1350 2427 1530 2453 servorum
1561 2417 1702 2462 peculia
1732 2416 1770 2452 in
1800 2417 1904 2452 boms
1936 2415 2157 2452 dominorum
2186 2418 2433 2450 numerantur:

1350 2462 1509 2507 exceptis
1532 2462 1696 2498 videlicet
1717 2462 1783 2505 his,
1807 2471 1900 2507 quae
1924 2471 1967 2497 ex
1991 2461 2102 2497 sacris
2123 2459 2435 2496 constitutionibus

1349 2512 1385 2543 et
1407 2507 1599 2552 praecipue
1622 2507 1754 2543 nostris
1777 2510 1924 2559 propter
1947 2506 2103 2542 diversas
2128 2515 2256 2541 causas
2279 2515 2352 2540 non
2373 2504 2434 2540 ad-

1350 2553 1549 2599 quiruntur.
1586 2556 1728 2598 praeter
1751 2552 1818 2588 hos
1840 2552 1956 2596 igitur,
1982 2552 2043 2597 qui
2061 2554 2240 2586 castrense
2256 2550 2435 2602 peculium

1350 2598 1404 2634 vel
1428 2597 1531 2644 quasi
1555 2600 1737 2633 castrense
1759 2597 1912 2640 habent,
1943 2597 1974 2632 si
1997 2597 2076 2642 quis
2100 2596 2191 2631 alius
2214 2595 2309 2631 filius
2332 2594 2434 2630 fami-

1348 2643 1415 2679 lias
1438 2645 1690 2678 testamentum
1712 2642 1848 2686 fecerit,
1872 2642 1998 2678 inutile
2021 2644 2094 2684 est,
2117 2641 2201 2677 licet
2224 2650 2311 2677 suae
2333 2644 2434 2686 pote-

1351 2691 1367 2724 1
1417 2688 1521 2724 statis
1551 2688 1671 2723 factus
1703 2687 1903 2723 decesserit.
1957 2687 2151 2723 Praeterea
2183 2688 2435 2722 testamentum

1347 2733 1467 2769 facere
1497 2744 1569 2769 non
1599 2736 1751 2778 possunt
1779 2733 2000 2778 impuberes,
2034 2731 2119 2778 quia
2148 2731 2283 2766 nullum
2313 2741 2436 2766 eorum

1348 2779 1457 2814 animi
1480 2778 1650 2814 iudicium
1681 2781 1753 2814 est:
1784 2778 1868 2813 item
1899 2777 2042 2820 furiosi,
2099 2776 2158 2811 uia
2168 2776 2199 2798 ²⁶
2228 2778 2346 2811 mente
2374 2785 2433 2810 ca-

1347 2827 1438 2861 rent.
1474 2834 1541 2859 nec
1565 2823 1612 2859 ad
1636 2833 1710 2859 rem
1732 2823 1906 2869 pertinet,
1931 2823 1961 2858 si
1983 2822 2081 2867 impu
2109 2831 2146 2857 es
2170 2824 2297 2873 postea
2319 2820 2434 2866 pubes

1347 2869 1465 2905 factus
1489 2872 1551 2905 aut
1574 2868 1732 2904 furiosus
1781 2871 1882 2904 ostea
1905 2877 2049 2912 compos
2071 2869 2199 2902 mentis
2217 2865 2336 2901 factus
2356 2865 2433 2901 fue-

1347 2915 1395 2950 rit
1430 2917 1465 2950 et
1499 2913 1701 2950 decesserit.
1763 2913 1873 2949 uriosi
1914 2915 2035 2948 autem
2066 2912 2098 2947 si
2127 2921 2191 2957 per
2222 2910 2259 2945 id
2292 2914 2433 2956 tempus

1347 2959 1497 2996 fecerint
1526 2962 1796 3001 testamentum,
1827 2968 1897 3010 quo
1928 2957 2029 2993 furor
2059 2966 2181 2992 eorum
2210 2955 2432 2991 intermissus

1348 3008 1420 3048 est,
1450 3005 1528 3040 iure
1557 3003 1681 3040 testati
1711 3013 1788 3039 esse
1810 3002 1990 3045 videntur,
2024 3005 2120 3038 certe
2153 3011 2195 3037 eo
2227 3000 2322 3046 quod
2351 3004 2434 3036 ante

1346 3049 1504 3086 furorem
1515 3048 1666 3085 fecerint
1677 3048 1891 3085 testamento
1910 3047 2067 3083 valente:
2087 3057 2169 3082 nam
2187 3055 2302 3091 neque
2321 3048 2431 3081 testa-

1346 3098 1467 3130 menta
1489 3097 1588 3130 recte
1609 3093 1710 3130 facta
1732 3103 1847 3139 neque
1871 3092 1970 3129 aliud
1991 3092 2104 3128 ullum
2125 3091 2306 3137 negotium
2336 3094 2433 3126 recte

1346 3143 1366 3175 2
1436 3142 1552 3176 estum
1583 3142 1711 3185 postea
1739 3139 1842 3175 furor
1873 3137 2107 3174 interveniens
2137 3136 2297 3182 peremit.
2344 3135 2433 3171 Item

1370 3150 1531 3230 rodigus,
1569 3184 1628 3220 cui
1657 3184 1833 3221 bonorum
1863 3193 2008 3220 suorum
2041 3180 2299 3218 administratio
2321 3180 2430 3216 inter-

1371 3230 1443 3266 'cta
1462 3234 1527 3273 est,
1551 3232 1803 3265 testamentum
1821 3228 1940 3264 facere
1958 3238 2031 3264 non
2048 3230 2177 3273 potest,
2202 3225 2265 3262 sed
2282 3225 2319 3261 id
2336 3225 2431 3271 quod

1345 3278 1428 3312 ante
1438 3274 1575 3319 fecerit,
1597 3285 1703 3321 quain
1722 3273 1924 3310 interdictio
1943 3273 1976 3308 ei
1994 3273 2168 3308 bonorum
2179 3271 2244 3307 fiat
2252 3271 2294 3314 ²⁶,
2314 3274 2432 3306 ratum

1345 3390 1402 3431 (15)
1429 3390 1583 3431 quorum]
1609 3386 1668 3430 0⁵,
1692 3397 1733 3420 ex
1750 3396 1893 3429 quorum
1914 3385 1962 3427 B,
1986 3386 2020 3416 et
2037 3393 2180 3425 quorum
2204 3383 2272 3423 ΤΡ,
2297 3384 2358 3417 inc.
2389 3385 2431 3418 0·

1346 3435 1406 3476 (ie)
1435 3434 1516 3467 Cod.
1530 3435 1561 3473 6,
1575 3440 1622 3474 22,
1636 3440 1669 3468 ιι
1762 3434 1821 3474 (ιτ)
1846 3433 2024 3474 prospecto
2037 3430 2111 3464 BT

1391 3479 1451 3520 (is)
1469 3479 1518 3522 Cf
1534 3478 1610 3513 Gai.
1625 3479 1657 3518 2,
1669 3484 1785 3512 111--114
1809 3477 1978 3521 Di9.28,i
2006 3475 2084 3509 Coei.
2094 3476 2125 3514 6,
2135 3481 2172 3508 22
2226 3474 2286 3516 (ie)
2304 3474 2433 3507 siconi

1345 3524 1434 3558 indd.
1447 3523 1521 3566 VB,
1543 3525 1781 3556 testamentum
1794 3521 1919 3555 faceret
1936 3521 1971 3561 C,
1991 3519 2100 3553 faeere
2113 3521 2351 3552 testamentum
2363 3518 2435 3552 BT

1345 3571 1410 3610 (20)
1437 3581 1493 3612 pr.
1514 3569 1557 3602 in.
1577 3568 1681 3602 simile
1701 3568 1783 3611 Diq.
1798 3567 1852 3607 28,
1867 3574 1891 3607 i,
1905 3573 1922 3600 6
1932 3578 1986 3610 pr.
2007 3565 2100 3606 (Gai.
2116 3565 2137 3598 Ι.
2151 3571 2181 3598 17
2206 3565 2253 3597 ad
2263 3564 2312 3598 ed.
2321 3570 2429 3608 prov.)

1345 3614 1404 3655 (21)
1428 3614 1477 3647 sic
1491 3613 1619 3657 BDiq„
1631 3614 1868 3646 testamentum
1885 3611 1919 3645 T
1980 3610 2043 3652 (22)
2068 3612 2210 3652 possunt
2223 3609 2300 3642 libri
2366 3609 2427 3650 (23)

1345 3658 1461 3700 initio]
1476 3658 1555 3699 ΒΘ,
1566 3658 1620 3691 ius
1633 3657 1735 3694 initio
1751 3657 1788 3698 T,
1802 3656 1904 3690 initio
1915 3655 1970 3688 ius
1985 3655 2015 3689 0
2087 3656 2149 3696 (24)
2174 3655 2221 3688 sic
2235 3653 2276 3696 θ,
2290 3655 2429 3696 parente

1346 3704 1392 3744 Β,
1404 3706 1577 3746 parentem
1595 3702 1656 3737 To
1719 3703 1781 3743 (25)
1803 3701 1861 3744 qui
1875 3701 1911 3734 Β
1991 3702 2054 3738 (26)
2067 3699 2230 3733 bonorum
2242 3698 2313 3739 flat]
2327 3698 2429 3731 Coum

1348 3749 1389 3791 Θ,
1397 3748 1562 3782 bonorum
1573 3758 1707 3781 suorum
1716 3747 1774 3780 fiat
1787 3747 1823 3788 T,
1836 3746 1997 3779 bonorum
2004 3755 2058 3778 ma
2067 3745 2131 3786 13⁶,
2139 3743 2303 3777 bonorum
2313 3741 2366 3776 B·
