2528 3918
125 107 187 138 DF.
215 107 518 141 TESTAJOENTIS
548 108 829 142 ORDINANDIS

124 220 331 267 'usucapere
352 231 426 257 non
466 224 570 263 otest,
594 221 748 266 primum
764 219 849 266 quia
863 230 936 256 non
950 219 1121 266 possidet,
1146 219 1210 255 sed

123 265 242 301 'habet
263 266 319 302 ius
349 231 473 302 utensi
502 265 661 308 fruendi,
696 265 823 301 deinde
856 266 940 310 quia
970 266 1039 301 scit
1069 276 1208 301 servum

123 312 287 347 'alienum
310 311 409 346 essa*
453 320 526 346 non
549 310 666 345 solum
689 313 809 345 autem
832 310 1035 355 proprietas
1057 317 1122 354 per
1145 317 1207 343 eos

122 367 262 399 servos,
296 356 333 391 in
368 355 499 400 quibus
534 366 639 390 usum
670 355 829 390 fructum
860 355 1001 390 habetis
1032 354 1089 390 vel
1118 363 1207 399 quos

122 402 218 437 bona
241 401 311 436 fide
333 400 538 447 possidetis,
562 401 617 436 vel
637 412 703 445 per
721 401 870 436 liberam
890 410 1090 445 personam,
1116 408 1208 443 quae

122 447 219 482 bona
240 446 311 482 fide
334 446 434 482 vobis
458 446 583 488 servit,
616 446 818 491 adquiritur
841 446 941 481 vobis
955 448 976 488 ¹,
1009 444 1072 480 sed
1102 445 1210 479 etiam

122 491 322 552 possessio:
362 494 383 513 ¹⁴
395 491 585 544 'loquimur
615 497 735 527 autem
765 492 803 527 in
837 491 1023 535 utriusque
1055 499 1211 536 persona

132 536 329 573 secundum
352 536 613 579 defimtionem‚
646 547 753 582 quam
780 536 943 582 proxime
966 534 1209 582 exposuimus,

120 583 167 619 'id
200 587 254 619 est
288 583 318 619 si
352 594 459 629 quam
489 583 752 628 possessionem
783 593 826 618 ex
856 593 896 618 re
924 586 1044 617 vestra
1074 582 1129 617 vel
1160 591 1207 616 ex

121 631 140 664 5
189 628 365 674 'operibus
390 629 463 664 suis
488 628 607 673 adepti
630 627 774 663 fuerint.
821 627 881 662 Ex
903 628 959 663 his
989 628 1111 680 itaque
1142 637 1205 671 ap-

122 675 231 719 'paret
254 684 319 719 per
341 674 472 709 liberos
503 673 683 715 homines,
721 683 810 718 quos
842 682 957 717 neque
989 671 1062 707 iuri
1083 674 1204 707 vestro

120 719 309 755 'subiectos
340 718 479 754 habetis
510 729 626 763 neque
655 718 752 753 bona
782 717 852 753 fide
882 717 1090 763 possidetis,
1118 715 1207 752 item

120 765 128 778 ’
155 775 194 799 er
216 764 350 799 alienos
375 774 515 806 servos,
546 764 584 799 in
615 764 743 809 quibus
774 773 890 808 neque
920 773 1026 798 usum
1048 762 1206 798 fructum

120 775 267 845 'Eabetis
292 819 407 855 neque
429 810 559 844 iustam
582 809 863 854 possessionem,
897 808 996 843 nulla
1026 818 1070 843 ex
1094 818 1205 843 causa

120 855 227 891 *vobis
259 854 399 900 adquiri
429 865 546 900 posse.
584 858 620 890 et
649 855 718 890 hoc
750 858 822 896 est,
854 853 950 899 quod
981 853 1112 888 dicitur
1141 862 1206 898 per

119 901 334 936 'extraneam
364 910 555 945 personam
585 900 672 935 nihil
707 899 847 944 adquiri
884 898 1018 944 posse⁴t
1054 902 1203 943 excepto

118 955 178 987 eo,
211 945 307 991 quod
335 955 401 991 per
430 945 577 981 liberam
600 955 788 990 personam
811 944 920 980 veluti
943 953 1008 989 per
1031 953 1203 988 procura-

117 994 231 1025 torem
254 991 374 1036 placet
396 1001 469 1026 non
492 991 607 1026 solum
630 990 841 1033 scientibus,
874 989 937 1025 sed
969 989 1074 1024 etiam
1104 989 1203 1034 igno-

117 1036 277 1071 rantibus
308 1036 409 1071 vobis
440 1035 579 1081 adquiri
613 1035 876 1081 possessionem
907 1034 1101 1084 secundum
1135 1034 1204 1069 divi

117 1081 236 1116 Severi
247 1081 542 1116 constitutionem
555 1082 576 1101 ¹·
589 1085 626 1114 et
636 1089 701 1124 per
711 1080 806 1113 hanc
818 1088 1082 1123 possessmnem
1098 1079 1203 1114 etiam

117 1126 322 1168 dominium,
347 1126 377 1162 si
401 1126 564 1161 dominus
587 1125 657 1161 fuit
675 1126 737 1171 qui
755 1125 913 1167 tradidit,
937 1125 993 1160 vel
1012 1125 1202 1170 usucapio-

117 1181 196 1207 nem
220 1174 284 1224 aut
306 1171 400 1217 longi
423 1171 591 1216 temporis
615 1171 951 1217 praescriptionem,
984 1170 1015 1205 si
1038 1170 1203 1205 dominus

115 1227 188 1298 gon
211 1220 444 1298 ΒὲἙἨαοῐεῐιιιε
457 1261 631 1307 tantisper
643 1261 870 1297 admonuisse
889 1260 1058 1303 sufficiat,
1080 1271 1202 1305 quem·

116 1307 318 1343 *admodum
340 1307 499 1352 singulae
522 1318 579 1342 res
604 1307 859 1352 adquiruntur:
893 1317 975 1341 nam
1006 1307 1203 1351 legatorum

116 1353 199 1396 'ius,
259 1363 305 1388 uo
342 1357 378 1388 et
407 1353 511 1398 ips0³
542 1353 701 1398 singulae
731 1363 788 1388 res
820 1352 921 1387 vobis
953 1351 999 1387 ad
1025 1352 1202 1395 uiruntur,

117 1398 208 1433 'item
231 1364 595 1440 iideicommissorum,
620 1397 682 1433 ubi
705 1397 864 1442 singulae
887 1407 945 1432 res
969 1407 1012 1432 vo
1039 1397 1069 1432 is
1092 1397 1200 1432 relin-

116 1444 293 1488 'quuntur‚
318 1444 553 1489 opportunius
572 1443 730 1479 inferiori
746 1443 826 1478 loco
848 1441 1053 1478 referemus.
1085 1442 1203 1477 videa-

115 1489 203 1524 'mus
237 1489 359 1534 itaque
389 1499 502 1531 nunc,
539 1489 667 1534 quibus
698 1488 812 1523 modis
871 1498 908 1523 er
937 1488 1204 1523 universitatem

115 1534 181 1575 'res
203 1534 304 1569 vobis
328 1533 574 1580 adquiruntur.
611 1534 641 1569 si
666 1533 724 1570 cui
748 1544 829 1579 ergo
844 1500 999 1568 1heredes
1018 1532 1108 1568 facti
1127 1533 1204 1568 sitis

115 1578 197 1615 'sive
228 1579 329 1615 cuius
360 1579 533 1615 bonorum
562 1579 824 1624 possessionem
855 1578 1028 1623 petieritis
1059 1578 1115 1614 vel
1147 1579 1200 1614 si⁴

115 1625 229 1670 ’quem
252 1624 504 1670 adrogaveritis
527 1625 583 1660 vel
605 1624 636 1660 si
656 1624 757 1660 cuius
777 1625 873 1660 bona
892 1624 1097 1659 libertatum
1117 1634 1201 1659 con-

114 1669 378 1705 ’servandarum
402 1680 513 1705 causa
543 1669 644 1705 vobis
677 1669 821 1705 addicta
852 1669 1004 1711 fuerint,
1038 1669 1113 1704 eius
1145 1679 1202 1704 res

114 1715 244 1751 'omnes
269 1715 315 1750 ad
337 1725 400 1751 vos
432 1719 630 1751 transeunt.
667 1726 710 1751 ac
740 1715 839 1760 prius
872 1715 916 1750 de
946 1714 1202 1750 hereditatibus

116 1760 367 1806 'dispiciamus
403 1771 554 1807 quarum
577 1760 709 1805 duplex
733 1760 895 1796 condicio
929 1763 1000 1795 est:
1034 1771 1117 1795 nam
1148 1760 1203 1795 vel

114 1807 168 1841 'ex
190 1809 402 1842 testamento
425 1806 482 1841 vel
505 1806 551 1841 ab
574 1805 744 1841 intestato
769 1806 817 1841 ad
847 1816 910 1841 vos
942 1805 1129 1850 pertinent.
1168 1809 1203 1840 et

115 1851 222 1896 'prius
247 1855 312 1894 est,
336 1854 378 1886 ut
397 1851 441 1887 de
457 1851 514 1886 his
535 1851 772 1896 dispiciamus,
798 1861 890 1897 quae
908 1850 1008 1886 vobis
1030 1861 1073 1886 ex
1092 1854 1201 1886 testa-

115 1897 242 1932 'mento
267 1896 482 1932 obveniunt.⁴
518 1906 590 1941 qua
611 1896 648 1931 in
672 1907 711 1932 re
735 1896 975 1932 necessarium
1000 1900 1054 1932 est
1077 1895 1176 1931 initio
1189 1897 1202 1917 ⁵

115 1941 159 1977 de
183 1941 390 1977 ordinandis
413 1942 635 1977 testamentis
660 1952 848 1988 exponere.

624 2081 660 2119 X
669 2079 684 2100 ο

294 2146 355 2178 DE
383 2146 700 2180 TESTAMENTIS
726 2146 868 2179 ORDIN
869 2147 931 2179 AN
934 2147 1018 2179 DIS.

158 2213 424 2249 Testamentum
448 2223 492 2248 ex
516 2223 557 2249 eo
582 2213 794 2259 appellatur,
819 2213 915 2259 quod
938 2213 1082 2249 testatio
1103 2223 1200 2248 men-

113 2259 158 2294 tis
184 2262 249 2294 est.

115 2307 130 2338 1
225 2303 296 2339 Sed
307 2306 348 2338 ut
359 2303 446 2338 nihil
465 2303 687 2349 antiquitatis
706 2303 848 2348 penitus
867 2303 1060 2349 ignoretur,
1085 2303 1199 2339 scien-

113 2348 194 2384 dum
225 2352 280 2384 est
310 2348 392 2384 olim
423 2348 565 2394 quidem
597 2349 667 2384 duo
692 2359 823 2394 genera
846 2353 1140 2385 testamentorum
1164 2349 1200 2383 in

113 2404 180 2429 usu
201 2394 324 2437 fuisse,
348 2405 497 2439 quorum
521 2394 633 2429 altero
657 2394 694 2429 in
717 2404 807 2439 pace
831 2398 867 2430 et
888 2394 926 2430 in
950 2393 1023 2431 &tio
1048 2395 1198 2430 uteban-

112 2443 181 2482 tur,
205 2438 301 2485 quod
325 2439 450 2474 calatis
475 2439 626 2475 comitiis
651 2439 901 2484 appellabatur
912 2441 937 2482 ⁷,
961 2440 1093 2482 altero,
1119 2451 1200 2475 cum

112 2485 148 2519 in
170 2484 366 2530 proelium⁸
389 2484 518 2520 exituri
541 2488 678 2527 essent,
712 2484 808 2530 quod
831 2485 1081 2530 procinctum⁹
1104 2485 1199 2520 dice-

112 2530 228 2565 batur.
271 2529 423 2565 accessit
446 2529 572 2565 deinde
594 2530 737 2565 tertium
758 2541 870 2575 genus
895 2534 1199 2573 testamentorum,

112 2574 205 2620 quod
230 2574 415 2610 dicebatur
438 2585 501 2620 per
525 2585 586 2610 aes
611 2579 646 2610 et
676 2575 822 2617 libram,
854 2576 990 2611 scilicet
1022 2576 1106 2621 quia
1136 2586 1201 2620 per

112 2620 447 2665 emancipationem,
472 2619 509 2654 id
533 2624 587 2655 est
609 2620 851 2665 imaginariam
876 2621 1054 2666 quandam
1078 2621 1199 2656 vendi-

112 2665 262 2708 tionem,
287 2665 459 2710 agebatur
483 2665 639 2710 quinque
662 2665 812 2701 testibus
837 2669 873 2701 et
895 2665 1092 2711 libripende
1116 2666 1199 2701 civi-

112 2711 178 2746 bus
201 2710 372 2745 Romanis
422 2710 590 2745 uberibus
614 2711 862 2755 praesentibus
887 2715 922 2746 et
945 2722 986 2746 eo
1011 2711 1072 2763 qui
1096 2710 1198 2745 fami-

111 2756 181 2791 liae
212 2759 349 2801 emptor
417 2756 576 2791 cebatur.
621 2755 684 2791 sed
714 2755 775 2790 illa
806 2755 947 2800 quidem
979 2767 1098 2801 priora
1129 2756 1198 2791 duo

111 2811 240 2845 genera
263 2804 556 2836 testamentorum
581 2811 623 2836 ex
643 2800 821 2836 veteribus
842 2802 1061 2846 temporibus
1082 2801 1118 2835 in
1139 2800 1198 2836 de-

112 2846 334 2881 suetudinem
368 2845 550 2881 abierunt:
588 2846 682 2891 quod
705 2856 788 2881 vero
820 2856 884 2890 per
914 2856 975 2881 aes
1007 2850 1043 2882 et
1073 2846 1199 2881 libram

113 2891 232 2933 fiebat,
256 2891 340 2926 licet
362 2890 494 2926 diutius
519 2891 724 2936 permansit,
749 2894 907 2926 attamen
926 2891 1057 2935 partim
1078 2894 1113 2926 et
1128 2891 1198 2926 hoc

113 2940 132 2971 2
179 2936 216 2971 in
241 2946 308 2971 usu
332 2945 409 2971 esse
433 2936 546 2971 desiit.
595 2935 665 2971 Sed
688 2936 873 2980 praedicta
893 2936 1033 2981 quidem
1056 2936 1200 2971 nomina

112 2984 405 3016 testamentorum
418 2980 464 3016 ad
483 2982 539 3016 ius
558 2981 658 3016 civile
677 2981 935 3016 referebantur.
972 2985 1097 3026 postea
1115 2992 1198 3016 vero

112 3036 157 3061 ex
181 3026 297 3061 edicto
320 3027 496 3071 praetoris
520 3026 590 3061 alia
609 3025 724 3061 forma
742 3026 987 3062 faciendorum
1007 3030 1198 3061 testamen-

114 3077 228 3106 torum
247 3070 452 3106 introducta
472 3075 542 3106 est:
563 3072 639 3106 iure
660 3071 752 3107 enim
763 3072 953 3107 honorario
967 3072 1066 3106 nulla
1078 3082 1197 3106 eman-

113 3116 245 3161 cipatio
258 3118 287 3138 ¹⁰
310 3115 637 3158 desiderabatur¹¹‚
669 3116 732 3151 sed
765 3121 899 3162 septem
930 3117 1073 3152 testium
1098 3116 1199 3161 signa

112 3161 356 3203 sufficiebant,
389 3172 470 3197 cum
493 3161 570 3197 iure
594 3162 686 3196 civili
710 3161 810 3206 signa
834 3162 977 3197 testium
1002 3173 1073 3197 non
1098 3165 1200 3196 erant

114 3210 133 3241 3
180 3206 393 3241 necessaria.
440 3206 510 3242 Sed
537 3217 616 3241 curn
640 3207 811 3251 paulatim
835 3211 908 3242 tam
932 3218 975 3242 ex
1000 3218 1067 3242 usu
1085 3207 1197 3242 homi-

113 3262 197 3286 num
229 3262 335 3296 quam
366 3262 409 3286 ex
433 3251 726 3287 constitutionum
751 3252 1056 3287 emendationibus
1082 3252 1200 3297 coepit

112 3296 149 3331 in
173 3307 279 3331 unam
303 3296 572 3332 consonantiam
596 3297 650 3331 ius
676 3296 775 3332 civile
800 3301 835 3332 et
853 3298 1070 3342 praetorium
1090 3297 1198 3341 iungi,

114 3342 345 3377 constitutum
369 3345 443 3385 est,
476 3346 515 3377 ut
538 3353 608 3378 uno
634 3342 828 3387 eodemque
842 3343 869 3363 ¹²
893 3346 1069 3387 tempore,
1102 3341 1198 3387 quod

1216 93 1266 143 17

1984 96 2133 142 INST.
2162 98 2218 156 Π,
2249 102 2290 142 9.
2314 98 2364 142 ιο

1275 220 1332 255 ius
1357 219 1458 255 civile
1481 219 1741 265 quodammodo
1766 220 1941 266 exigebat,
1966 223 2102 265 septem
2124 218 2277 255 testibus
2300 218 2364 254 ad-

1275 264 1397 300 hibitis
1421 268 1458 300 et
1480 264 1742 309 subscriptione
1766 267 1926 308 testium,
1951 265 2048 311 quod
2072 276 2116 301 ex
2140 264 2364 300 constitutio-

1276 310 1380 345 nibus
1403 310 1586 345 inventum
1610 314 1682 352 est,
1715 314 1750 345 et
1774 322 1817 346 ex
1841 312 1957 347 edicto
1981 310 2157 356 praetoris
2181 310 2366 355 signacula

1275 355 1495 390 testamentis
1518 355 1800 399 imponerentur:
1827 361 1867 391 ut
1887 357 1957 392 hoc
1974 357 2030 392 ius
2050 355 2267 400 tripertitum
2288 365 2366 391 esse

1275 400 1456 442 videatur,
1489 404 1529 435 ut
1559 404 1669 435 testes
1694 401 1836 445 quidem
1861 406 1896 436 et
1920 412 2042 437 eorum
2065 400 2268 447 praesentia
2291 410 2364 435 uno

1277 449 1447 481 contextu
1466 446 1670 481 testamenti
1691 446 1893 482 celebrandi
1911 447 2027 491 gratia
2040 447 2067 468 ¹³
2090 457 2113 481 a
2125 447 2152 467 ¹⁴
2175 446 2253 481 iure
2273 445 2366 481 civili

1277 490 1552 532 descendant¹⁵,
1578 491 1860 535 subscriptiones
1885 497 2005 527 autem
2028 491 2211 527 testatoris
2244 494 2280 526 et
2310 494 2363 526 te-

1276 536 1383 571 stium
1400 546 1444 571 ex
1468 546 1651 571 sacrarum
1675 537 1970 572 constitutionum
1994 537 2240 573 observatione
2264 536 2364 572 adhi-

1275 581 1437 623 beantur,
1459 581 1643 626 signacula
1661 586 1780 616 autem
1800 585 1836 617 et
1855 592 2021 617 numerus
2034 583 2178 617 testium
2192 593 2236 618 ex
2248 581 2365 617 edicto

1274 629 1296 660 4
1341 627 1527 671 praetoris.
1577 626 1647 662 Sed
1679 627 1734 661 his
1766 627 1929 662 omnibus
1962 628 2045 662 exst¹
2076 632 2200 663 nostra
2232 627 2364 662 consti-

1274 671 1412 706 tutione
1425 672 1451 692 ¹⁷
1474 675 1621 716 propter
1632 676 1927 707 testamentorum
1939 672 2188 715 sinceritatem,
2208 677 2249 707 ut
2268 672 2366 707 nulla

1273 716 1374 751 fraus
1399 717 1629 759 adhibeatur,
1661 717 1731 753 hoc
1761 717 1921 752 additum
1954 722 2024 759 est,
2056 722 2097 752 ut
2126 728 2191 762 per
2221 728 2365 752 manum

1273 762 1455 798 testatoris
1486 763 1541 797 vel
1571 763 1715 797 testium
1746 773 1877 798 nomen
1907 762 2047 797 heredis
2079 764 2299 807 exprimatur
2330 767 2366 797 et

1274 807 1393 889 omlnia
1428 807 1625 843 secundum
1659 808 1752 843 illius
1790 808 2053 843 constitutionis
2086 812 2245 843 tenorem
2279 818 2363 853 pro-

1274 863 1327 888 ce(
1341 857 1413 887 ant.

1275 901 1294 932 5
1388 898 1546 933 Possunt
1559 902 1677 933 autem
1689 902 1798 934 testes
1812 910 1934 935 omnes
1948 903 1984 934 et
2003 910 2074 934 uno
2097 898 2203 933 anulo
2225 899 2364 943 signare

1273 947 1526 978 testamentum
1539 943 1638 988 (quid
1651 944 1755 985 enim,
1777 944 1808 979 si
1828 949 1964 990 septem
1983 944 2081 979 anuli
2093 954 2166 978 una
2179 944 2363 988 sculptura

1272 989 1406 1023 fuerint
1416 990 1444 1025 ?)
1470 989 1668 1024 secundum
1692 989 1788 1034 quod
1810 990 2008 1035 Pomponio
2024 991 2051 1011 ¹⁸
2074 989 2187 1025 visum
2211 993 2275 1024 est.
2302 990 2363 1025 sed

1273 1038 1293 1069 6
1341 1038 1377 1069 et
1399 1034 1513 1069 alieno
1540 1045 1680 1079 quoque
1704 1034 1810 1070 anulo
1834 1035 1919 1071 licet
1942 1035 2093 1079 signare.
2142 1034 2268 1069 Testes
2301 1045 2363 1068 au-

1272 1083 1343 1114 tem
1367 1079 1528 1114 adhiberi
1551 1083 1703 1124 possunt
1721 1079 1756 1123 ii,
1783 1091 1863 1115 cum
1883 1081 2012 1126 quibus
2032 1079 2236 1115 testamenti
2254 1078 2364 1114 factio

1272 1129 1336 1159 est.
1375 1124 1438 1160 sed
1462 1135 1577 1169 neque
1600 1125 1726 1160 mulier
1757 1136 1872 1170 neque
1903 1126 2065 1170 impubes
2097 1134 2212 1170 neque
2243 1134 2364 1159 servus

1271 1180 1386 1214 neque
1416 1175 1535 1205 mutus
1567 1181 1682 1215 neque
1713 1171 1842 1206 surdus
1874 1181 1989 1216 neque
2018 1170 2176 1206 furiosus
2208 1179 2275 1205 nec
2308 1170 2365 1204 cui

1271 1216 1374 1251 bonis
1397 1215 1625 1251 interdictum
1650 1219 1705 1251 est
1727 1226 1794 1251 nec
1818 1217 1867 1259 is,
1900 1227 2005 1262 quem
2035 1217 2129 1261 leges
2152 1215 2278 1250 iubent
2301 1214 2364 1249 im-

1271 1262 1424 1306 probum
1446 1260 1756 1306 intestabilemque
1781 1272 1868 1305 esse,
1893 1265 2047 1306 possunt
2065 1262 2103 1296 in
2123 1270 2271 1296 numero
2292 1263 2363 1295 tes-

1272 1309 1290 1340 7
1339 1306 1427 1341 tium
1452 1306 1624 1342 adhiberi.
1673 1306 1744 1342 Sed
1768 1317 1849 1342 cum
1874 1307 1999 1352 aliquis
2021 1317 2064 1342 ex
2083 1306 2235 1341 testibus
2254 1309 2363 1340 testa-

1271 1352 1381 1387 menti
1412 1351 1554 1397 quidem
1584 1351 1739 1387 faciendi
1770 1356 1929 1397 tempore
1958 1352 2050 1388 liber
2084 1351 2363 1393 existimabatur,

1271 1401 1399 1477 gostea
1428 1407 1512 1432 vero
1546 1407 1669 1433 servus
1701 1398 1886 1442 apparuit,
1921 1402 1996 1432 tam
2028 1397 2128 1432 divus
2159 1396 2364 1431 Hadrianus

1302 1442 1421 1478 atonio
1445 1441 1540 1478 Vero
1555 1443 1582 1463 ¹⁹
1606 1453 1713 1487 quam
1736 1447 1863 1488 postea
1887 1443 1958 1478 divi
1978 1443 2129 1478 Severus
2155 1446 2192 1477 et
2210 1442 2362 1477 Antoni-

1271 1498 1340 1523 nus
1374 1488 1637 1533 rescripserunt
1671 1488 1860 1523 subvenire
1894 1498 1933 1524 se
1969 1499 2013 1524 ex
2048 1499 2114 1524 sua
2148 1487 2364 1522 liberalitate

1271 1536 1498 1576 testamento,
1519 1537 1560 1568 ut
1579 1533 1631 1568 sic
1650 1533 1837 1576 habeatur,
1859 1537 1966 1579 atque
1979 1533 2008 1569 si
2022 1538 2061 1569 ut
2073 1536 2217 1578 oportet
2228 1532 2364 1567 factum

1272 1582 1378 1621 esset,
1404 1589 1486 1614 cum
1510 1589 1551 1614 eo
1576 1584 1757 1623 tempore,
1783 1590 1852 1624 quo
1877 1582 2126 1615 testamentum
2152 1578 2362 1623 signaretur,

1271 1624 1429 1659 omnium
1454 1634 1633 1660 consensu
1656 1624 1715 1659 hic
1739 1624 1841 1659 testis
1860 1625 2051 1660 liberorum
2069 1624 2148 1659 loco
2169 1623 2278 1659 fuerit
2297 1633 2363 1658 nec

1271 1669 1459 1714 quisquam
1490 1673 1601 1712 esset,
1635 1669 1696 1714 qui
1730 1670 1761 1704 ei
1793 1673 1909 1706 status
1942 1670 2186 1715 quaestionem
2210 1672 2361 1704 moveat.

1272 1717 1291 1750 8
1340 1715 1488 1750 ²⁰Pater
1511 1725 1578 1750 nec
1601 1725 1674 1750 non
1693 1714 1734 1757 is,
1760 1715 1820 1760 qui
1840 1715 1877 1750 in
1898 1719 2076 1760 potestate
2094 1714 2168 1750 eius
2189 1717 2254 1757 est,
2278 1713 2363 1749 item

1272 1759 1341 1795 duo
1374 1760 1523 1803 fratres,
1560 1760 1620 1805 qui
1650 1760 1688 1795 in
1723 1760 1881 1795 eiusdem
1912 1760 2025 1805 patris
2056 1763 2235 1805 potestate
2266 1763 2361 1802 sunt,

1272 1805 1451 1850 utrique²¹
1476 1809 1585 1841 testes
1607 1806 1645 1840 in
1668 1817 1779 1840 unum
1802 1809 2054 1841 testamentum
2076 1805 2154 1840 fieri
2186 1807 2358 1850 possunt:

1272 1850 1355 1895 quia
1387 1850 1475 1886 nihil
1505 1854 1612 1886 nocet
1645 1861 1688 1886 ex
1720 1861 1792 1885 una
1822 1851 1926 1886 domo
1957 1851 2078 1896 plures
2102 1853 2212 1885 testes
2245 1849 2361 1885 alieno

1271 1899 1291 1930 9
1338 1896 1480 1941 negotio
1505 1895 1676 1931 adhiberi.
1726 1897 1816 1930 2²*In
1840 1896 1993 1931 testibus
2017 1900 2137 1931 autem
2161 1906 2234 1930 non
2259 1895 2363 1930 debet

1271 1942 1359 1977 'esse
1390 1941 1451 1986 qui
1474 1941 1512 1976 in
1534 1945 1714 1987 potestate
1737 1942 1919 1977 testatoris
1944 1944 2009 1977 est.
2047 1941 2110 1976 sed
2134 1941 2164 1976 si
2188 1940 2282 1976 filius
2306 1939 2361 1974 fa-

1271 1986 1395 2022 ’milias
1432 1987 1475 2021 de
1512 1987 1686 2022 castrensi
1720 1987 1860 2031 peculio
1896 1990 1980 2032 post
2013 1986 2216 2021 missionem
2251 1985 2361 2021 faciat

1274 2032 1554 2074 'testamentum‚
1586 2042 1653 2067 nec
1683 2036 1788 2076 pater
1820 2032 1894 2068 eius
1925 2036 2024 2068 recte
2046 2031 2148 2067 testis
2173 2031 2362 2066 adhibetur

1272 2078 1349 2113 'nec
1373 2077 1403 2112 is
1428 2077 1488 2122 qui
1510 2077 1547 2112 in
1571 2080 1751 2122 potestate
1774 2077 1931 2113 eiusdem
1955 2077 2068 2122 patris
2094 2080 2162 2112 est:
2188 2076 2359 2121 reproba-

1271 2123 1357 2157 'tum
1393 2126 1448 2157 est
1481 2123 1574 2158 enim
1608 2123 1645 2157 in
1680 2133 1723 2158 ea
1756 2133 1796 2158 re
1831 2122 2064 2158 domesticum
2099 2121 2362 2157 testimonium.¹

1273 2170 1313 2202 10
1361 2167 1431 2203 Sed
1462 2178 1577 2213 neque
1607 2168 1711 2203 heres
1743 2168 1898 2213 scriptus
1930 2178 2044 2213 neque
2074 2168 2105 2202 is
2137 2167 2198 2212 qui
2229 2166 2267 2201 in
2295 2177 2361 2211 po-

1270 2216 1401 2248 testate
1431 2213 1506 2248 eius
1539 2217 1593 2248 est
1623 2224 1738 2258 neque
1769 2218 1874 2258 pater
1904 2213 1979 2248 eius
2004 2213 2065 2258 qui
2087 2212 2198 2248 habet
2222 2223 2301 2247 eum
2324 2211 2362 2246 in

1269 2261 1447 2303 potestate
1478 2269 1593 2303 neque
1622 2258 1752 2293 fratres
1785 2258 1845 2304 qui
1873 2258 1911 2293 in
1945 2258 2101 2294 eiusdem
2124 2257 2236 2303 patris
2260 2260 2360 2302 pote-

1270 2307 1364 2338 state
1388 2307 1472 2339 sunt
1495 2307 1605 2339 testes
1636 2303 1796 2338 adhiberi
1827 2307 1997 2348 possunt,
2030 2303 2115 2348 quia
2145 2306 2261 2338 totum
2291 2302 2360 2337 hoc

1270 2348 1467 2394 negotium,
1525 2349 1596 2384 uod
1627 2348 1743 2393 agitur
1774 2349 1977 2384 testamenti
2012 2348 2200 2383 ordinandi
2234 2347 2360 2393 gratia,

1270 2394 1426 2429 creditur
1447 2394 1494 2429 ho
1521 2394 1554 2429 ie
1576 2394 1670 2429 inter
1693 2394 1857 2430 heredem
1882 2398 1918 2430 et
1940 2398 2147 2429 testatorem
2172 2393 2239 2438 agi.
2276 2392 2362 2427 licet

1270 2439 1361 2475 enim
1384 2442 1500 2475 totum
1523 2440 1578 2475 ius
1603 2439 1674 2474 tale
1707 2440 1960 2475 conturbatum
1990 2439 2110 2474 fuerat
2142 2442 2177 2473 et
2210 2441 2359 2479 veteres,

1269 2485 1329 2530 qui
1353 2484 1507 2519 familiae
1532 2488 1724 2529 emptorem
1750 2488 1785 2520 et
1809 2495 1888 2526 eos,
1922 2484 1980 2529 qui
2003 2494 2068 2529 per
2090 2486 2304 2529 potestatem
2329 2483 2361 2518 ei

1270 2529 1464 2565 coadunati
1488 2529 1652 2571 fuerant,
1678 2529 1953 2565 testamentariis
1977 2528 2185 2564 testimoniis
2210 2528 2359 2573 repelle-

1269 2575 1376 2617 bant,
1400 2575 1523 2610 heredi
1547 2578 1583 2610 et
1605 2574 1680 2617 his,
1713 2574 1773 2619 qui
1798 2574 1979 2610 coniuncti
2004 2574 2036 2609 ei
2058 2584 2122 2618 per
2145 2576 2359 2619 potestatem

1268 2620 1428 2662 fuerant,
1454 2619 1700 2655 concedebant
1723 2619 1926 2654 testimonia
1948 2619 1986 2654 in
2009 2619 2231 2654 testamentis
2254 2628 2358 2670 prae-

1269 2670 1375 2708 stare,
1400 2665 1485 2700 licet
1507 2664 1563 2707 hi,
1588 2665 1650 2710 qui
1672 2664 1708 2699 id
1732 2664 2000 2709 permittebant,
2025 2664 2094 2699 hoc
2117 2663 2194 2699 iure
2217 2663 2359 2698 minime

1268 2711 1368 2745 abuti
1392 2710 1520 2745 debere
1544 2720 1604 2745 eos
1628 2709 1846 2745 suadebant:
1880 2714 1999 2744 tamen
2030 2719 2096 2744 nos
2121 2708 2271 2744 eandem
2295 2708 2359 2744 ob-

1269 2755 1504 2791 servationem
1528 2754 1743 2800 corrigentes
1768 2758 1814 2798 et,
1863 2754 1935 2791 uod
1958 2755 2003 2790 ab
2027 2754 2095 2789 illis
2121 2764 2268 2789 suasum
2292 2757 2357 2796 est,

1268 2801 1304 2835 in
1340 2801 1424 2845 legis
1460 2799 1711 2835 necessitatem
1748 2803 1848 2835 trans
1866 2803 2004 2835 erentes
2040 2799 2085 2834 ad
2127 2799 2359 2834 imitationem

1267 2846 1408 2890 pristini
1431 2845 1586 2880 familiae
1611 2855 1664 2880 em
1692 2844 1780 2881 toris
1803 2845 1929 2881 merito
1948 2855 2014 2880 nec
2033 2844 2165 2887 heredi,
2192 2844 2252 2890 qui
2270 2844 2357 2879 ima-

1266 2891 1383 2935 ginem
1406 2890 1635 2926 vetustissimi
1673 2890 1813 2926 amiliae
1834 2890 2002 2935 emptoris
2021 2890 2169 2935 optinet,
2194 2900 2261 2925 nec
2279 2889 2358 2924 aliis

1268 2936 1448 2980 personis,
1474 2946 1566 2980 quae
1590 2935 1621 2970 ei
1645 2939 1685 2971 ut
1709 2935 1843 2971 dictum
1868 2940 1922 2971 est
1946 2935 2158 2971 coniunctae
2182 2938 2283 2977 sunt,
2315 2935 2357 2969 li-

1269 2980 1421 3016 centiam
1435 2980 1662 3016 concedimus
1675 2981 1742 3016 sibi
1755 2980 2015 3026 quodammodo
2027 2980 2168 3016 testimo
2174 2980 2232 3015 nia
2252 2990 2356 3025 prae-

1268 3029 1381 3061 stare:
1413 3025 1564 3070 ideoque
1593 3036 1659 3061 nec
1689 3026 1860 3062 eiusmodi
1883 3031 2037 3061 veterem
2070 3025 2358 3061 constitutionem

1272 3074 1307 3105 11
1358 3075 1480 3106 nostro
1506 3070 1621 3107 codici
1642 3071 1751 3107 inseri
1779 3072 2013 3117 permisimus.
2060 3070 2260 3114 Legatariis
2293 3080 2357 3104 au-

1269 3120 1339 3151 tem
1371 3119 1407 3150 et
1435 3115 1789 3160 fideicommissariis,
1820 3117 1944 3162 quia²³
1968 3127 2040 3152 non
2062 3116 2148 3151 iuris
2158 3116 2189 3137 ²⁴¹
2213 3125 2357 3150 succes·

1268 3171 1366 3196 sores
1398 3164 1499 3203 sunt,
1536 3164 1571 3196 et
1600 3161 1678 3197 aliis
1708 3162 1871 3207 personis
1904 3161 1953 3197 eis
1978 3161 2177 3197 coniunctis
2199 3160 2356 3195 testimo-

1268 3206 1365 3241 nium
1388 3217 1460 3241 non
1484 3206 1716 3251 denegamus,
1746 3205 1851 3242 immo
1885 3207 1921 3241 in
1946 3206 2099 3252 quadam
2123 3209 2247 3240 nostra
2271 3216 2355 3241 con-

1268 3250 1452 3286 stitutione
1462 3251 1493 3272 ²⁵
1517 3254 1552 3286 et
1574 3251 1643 3287 hoc
1667 3252 1869 3296 specialiter
1894 3251 2154 3293 concessimus,
2186 3254 2222 3286 et
2245 3250 2355 3285 multo

1267 3296 1377 3341 magis
1402 3296 1476 3339 his,
1501 3295 1561 3341 qui
1583 3296 1621 3331 in
1645 3307 1767 3332 eorum
1792 3300 1971 3341 potestate
1995 3301 2098 3338 sunt,
2130 3296 2184 3331 vel
2209 3295 2270 3340 qui
2294 3304 2354 3329 eos

1267 3341 1402 3376 habent
1425 3341 1460 3375 in
1484 3344 1673 3386 potestate,
1697 3341 1900 3377 huiusmodi
1923 3341 2103 3377 licentiam
2128 3340 2265 3375 damus.

112 3456 152 3496 (ι)
178 3455 269 3487 vobis
282 3468 340 3488 om.
356 3457 404 3488 Ἠ
492 3455 544 3496 (Γ)
573 3455 650 3488 Gai.
669 3455 696 3494 1,
711 3460 756 3487 94.
772 3461 808 3487 95
901 3454 953 3495 (ι’)
982 3454 1058 3486 Cod.
1074 3454 1105 3494 7,
1119 3459 1165 3492 32,
1183 3460 1193 3484 ι

111 3501 157 3540 (2)
185 3499 261 3532 Gai.
283 3501 314 3541 2,
336 3507 450 3534 97..100
588 3499 632 3539 (3)
658 3499 742 3540 ipso]
767 3498 843 3532 Gai.
867 3500 908 3540 Θ,
933 3499 1004 3540 ipso
1025 3498 1098 3530 iure
1120 3498 1197 3530 libri

113 3549 157 3586 (Δ)
180 3545 222 3584 si]
241 3545 270 3576 si
288 3546 385 3577 cuius
404 3545 441 3577 B
533 3546 577 3586 (5)
600 3546 648 3576 sic
666 3544 746 3586 ΒΘ,
768 3544 906 3576 initium
930 3545 962 3577 Τ

160 3594 202 3626 ιω
233 3591 282 3633 Cf.
300 3590 571 3630 Gai.2‚101..1os.
587 3597 634 3623 119
660 3590 837 3633 Di9.28,1
867 3590 943 3622 Cod.
959 3591 990 3632 6,
1005 3597 1040 3623 23
1096 3590 1200 3627 ‹vsic

119 3637 188 3675 ΤΘ,
203 3635 421 3677 appellabant
433 3635 469 3667 B
550 3637 593 3676 (8)
619 3636 667 3667 sic
683 3635 718 3674 T,
733 3634 861 3676 proelio
874 3635 910 3666 B
998 3639 1041 3675 (9)
1065 3636 1113 3667 sic
1128 3634 1198 3673 ΤΘ,

115 3682 292 3724 procinctu
307 3680 342 3712 B
434 3682 492 3719 (10)
517 3681 565 3713 sic
578 3677 706 3719 ΒῬΘ,
720 3679 928 3719 mancipatio
946 3679 992 3711 T*
1073 3679 1126 3717 (11)
1151 3679 1200 3710 sic

119 3727 189 3767 ΤΘ,
203 3724 412 3757 desideratur
424 3724 460 3756 B
585 3726 645 3765 (12)
671 3724 863 3765 eodemque]
883 3724 951 3763 ΤΘ,
965 3734 1003 3756 eo
1017 3723 1151 3765 quidem
1164 3723 1199 3755 Β

234 3777 319 3811 lust.

1269 3458 1326 3494 (13)
1352 3453 1544 3486 celebrandi
1555 3455 1679 3497 gratia]
1698 3455 1733 3497 T,
1748 3454 1946 3487 celebranda
1960 3455 1994 3487 B
2099 3456 2155 3494 (1-1)
2182 3463 2201 3483 a
2214 3465 2270 3484 om.
2287 3452 2360 3484 BT

1269 3504 1326 3537 (15)
1353 3498 1532 3531 descendat
1547 3500 1619 3532 BT
1718 3502 1776 3541 (16)
1803 3501 1855 3540 ex]
1874 3500 1945 3536 ΤΘ,
1959 3510 1978 3530 a
1991 3499 2026 3531 B
2142 3499 2200 3537 (17)
2230 3497 2306 3529 Cod.
2322 3499 2354 3536 6,

1269 3551 1315 3583 23,
1329 3551 1365 3578 29
1475 3547 1533 3585 (18)
1558 3545 1606 3578 sic
1620 3545 1698 3585 ΒΘ,
1712 3546 1896 3586 papiniano
1913 3544 1946 3576 T
2055 3544 2114 3583 (19)
2144 3542 2220 3575 Cod.
2236 3542 2267 3581 6,
2281 3548 2327 3581 23,
2341 3549 2354 3575 1

1270 3590 1334 3629 (20)
1362 3593 1406 3628 §8
1421 3601 1460 3622 esc
1473 3589 1548 3632 Ulp.
1562 3590 1580 3622 l.
1591 3591 1673 3632 siny.
1686 3602 1750 3633 req.
1761 3591 1815 3630 20,
1826 3597 1842 3623 6
1858 3590 1950 3632 (Diq.
1964 3590 2016 3626 22,
2028 3589 2110 3628 5,17)
2158 3587 2217 3626 (21)
2230 3586 2354 3618 utrius-

1269 3644 1333 3674 que
1348 3634 1384 3666 B
1492 3635 1555 3676 (22)
1584 3634 1659 3667 Gai.
1675 3635 1706 3674 2,
1721 3642 1782 3668 105.
1799 3642 1850 3668 106
1967 3635 2027 3671 (23)
2054 3632 2146 3673 quia]
2160 3632 2239 3672 ΒΘ,
2252 3631 2311 3672 qui
2327 3631 2359 3664 T

1270 3680 1331 3720 (24)
1355 3679 1404 3712 sic
1418 3679 1506 3718 Tm,
1521 3679 1593 3710 iure
1606 3679 1687 3711 BT‘
1747 3680 1811 3721 (25)
1837 3680 1921 3711 hanc
1935 3677 2188 3710 constitutionem
2226 3675 2354 3710 Codicis

1269 3723 1349 3758 libri
1359 3736 1421 3758 non
1432 3731 1605 3757 servarum

2036 3777 2055 3808 3
