2528 3918
133 158 190 188 DE
220 159 573 191 SUPPELLEC'HLE
606 162 780 194 LEGA'I'A
1212 146 1298 195 477

178 272 202 308 4
226 271 332 307 IDEM
346 273 438 309 libro
458 275 640 320 sinyulari
654 275 697 309 de
713 275 941 309 instrumenti
956 276 1220 320 significatione

131 317 251 352 nedae
275 321 310 352 et
335 319 512 354 sedularia
535 320 770 365 suppellectili
796 320 1022 354 adnumerari
1046 320 1171 356 solent.

177 362 200 398 5
235 362 339 397 IDEM
378 364 468 401 libro
505 371 635 410 quarto
678 365 727 399 ud
762 364 935 400 Sabinum
995 366 1049 401 De
1089 366 1219 411 tapetis

131 407 252 452 quaeri
282 412 420 452 potest,
456 410 622 445 subsellia
655 410 881 445 cathedraria
913 411 1040 455 quibus
1073 411 1220 446 insterni

130 453 244 487 solent
279 458 400 489 utrum
434 454 469 490 in
504 459 602 490 veste
638 455 726 498 sint,
765 456 857 490 sicut
893 457 1070 500 stragula,
1107 468 1153 492 an
1182 457 1219 491 in

130 498 375 542 suppellectili,
401 500 495 535 sicut
513 501 651 543 toralia,
677 512 769 546 quae
790 501 960 546 propria¹
979 503 1220 546 stragulorum

130 554 202 578 non
226 548 320 578 sunt.
358 548 393 580 et
415 546 484 580 hoc
508 546 619 590 magis
643 546 781 590 placuit
803 557 847 581 ea
871 547 1110 591 suppellectili
1135 558 1218 583 con-

135 592 145 622 l
197 588 312 623 tineri.
348 589 404 625 De
423 591 553 636 tapetis
571 595 691 626 autem
710 592 765 626 vel
785 591 913 635 linteis,
940 592 1069 636 quibus
1090 593 1218 628 inster-

130 637 263 685 nuntur
285 635 464 678 vehicula,
499 635 657 671 dubitari
680 641 814 681 potest,
846 647 893 671 an
917 637 989 672 sint
1011 638 1049 672 in
1073 638 1217 683 suppel-

129 678 248 713 lectili.
296 680 360 715 sed
389 681 579 716 dicendum
606 685 661 717 est
685 682 804 726 potius
829 682 1055 717 instrumenti
1078 683 1219 719 viatorii

128 734 170 758 ea
194 734 289 768 esse,
314 725 409 760 sicut
431 726 558 771 pelles,
593 727 721 771 quibus
746 727 974 763 involvuntur
998 729 1217 773 vestimenta,

129 769 205 823 lora
229 780 380 815 quoque,
406 771 535 816 quibus
560 772 628 808 hae
651 773 762 817 pelles
788 773 984 818 constringi
1008 774 1134 809 solent.

174 814 198 852 b
223 815 405 852 ALFENUS
433 817 524 852 libro
555 819 659 852 tertio
692 818 911 864 dz'qestorum
942 831 965 853 α
995 819 1113 855 Paulo
1145 820 1218 865 epi-

129 864 343 896 tomatorum
404 862 641 907 Supellectilis
678 874 738 898 eas
776 874 854 899 esse
891 875 948 899 res
984 868 1088 909 puto,
1128 875 1218 909 quae

127 905 174 940 ad
205 916 309 942 usum
341 918 563 943 communem
595 908 707 953 patris
737 909 889 944 familias
913 914 1062 954 paratae
1087 914 1217 953 essent,

127 961 219 996 quae
254 963 384 988 nomen
422 953 478 988 sui
516 954 654 997 generis
693 954 888 999 separatim
919 966 991 990 non
1024 955 1215 991 haberent:

128 1006 236 1041 quare
260 1008 351 1042 quae
375 998 422 1033 ad
445 998 588 1034 artificii
611 1009 722 1044 genus
748 1000 893 1044 aliquod
914 1000 1133 1044 pertinerent
1155 1011 1216 1035 ne-

127 1051 195 1087 que
226 1042 273 1078 ad
303 1054 526 1079 communem
555 1055 660 1079 usum
688 1045 800 1089 patris
832 1045 986 1080 familias
1015 1056 1215 1081 accommo-

131 1091 143 1121 1
195 1086 301 1123 datae
338 1093 474 1130 essent,
520 1090 752 1135 supellectilis
790 1101 862 1126 non
900 1101 989 1126 esse.
1047 1091 1116 1126 Sed
1151 1102 1217 1126 nec

125 1132 318 1178 pugillares
343 1138 378 1169 et
403 1134 544 1170 codices
568 1135 605 1170 in
630 1135 842 1180 supellectili
866 1140 960 1171 sunt.

172 1177 195 1216 7
233 1179 377 1214 CELSUS
403 1179 493 1214 libro
523 1191 618 1215 nono
651 1181 787 1216 decimo
820 1182 1040 1226 dz'qescorum
1093 1181 1216 1217 Labeo

126 1224 176 1259 ait
206 1224 376 1268 originem
405 1225 517 1260 fuisse
548 1226 794 1270 supellectilis,
826 1227 919 1271 quod
943 1227 1028 1262 olim
1051 1226 1123 1270 his,
1156 1227 1218 1270 qui

126 1270 162 1304 in
185 1270 395 1314 legationem
419 1271 745 1315 proficiscerentur,
780 1272 892 1307 locari
921 1272 1093 1314 solerent,
1125 1282 1217 1317 quae

132 1319 142 1349 l
193 1316 259 1350 sub
285 1315 437 1359 pellibus
463 1316 544 1350 usui
568 1316 696 1351 forent.
746 1317 888 1352 Tubero
921 1317 990 1352 hoc
1018 1317 1123 1352 modo
1155 1317 1214 1352 de-

125 1365 323 1396 monstrare
341 1361 596 1405 supellectilem
614 1366 783 1406 temptat:
810 1363 1083 1398 instrumentum
1103 1362 1215 1407 quod-

126 1405 206 1440 dam
245 1406 358 1450 patris
402 1405 557 1441 familiae
598 1417 717 1442 rerum
756 1407 803 1442 ad
841 1407 1074 1443 cottidianum
1113 1419 1217 1443 usum

125 1455 347 1495 paratarum,
381 1450 477 1496 quod
508 1452 545 1486 in
576 1452 683 1487 aliam
707 1453 861 1497 speciem
884 1464 957 1487 non
982 1452 1142 1495 caderet,
1176 1457 1217 1487 ut

125 1496 222 1531 verbi
253 1496 368 1541 gratia
400 1507 531 1541 penum
561 1502 746 1542 argentum
770 1503 903 1534 vestem
928 1502 1137 1533 ornamenta
1160 1498 1214 1532 in-

124 1546 322 1576 strumenta
346 1542 421 1585 agri
444 1546 508 1577 aut
533 1543 669 1578 domus.
719 1554 785 1579 nec
815 1543 944 1578 mirum
973 1547 1028 1578 est
1057 1544 1215 1579 moribus

125 1587 277 1622 civitatis
310 1591 344 1622 et
376 1598 443 1622 usu
476 1599 593 1622 rerum
625 1588 901 1633 appellationem
934 1588 1009 1624 eius
1042 1593 1215 1624 mutatam

125 1643 220 1668 esse:
260 1643 343 1666 nam
378 1632 503 1667 fictili²
538 1637 601 1668 aut
636 1634 754 1678 lignea
782 1638 847 1670 aut
873 1635 987 1671 vitrea
1017 1638 1081 1670 aut
1111 1644 1216 1670 aerea

124 1677 276 1722 denique
300 1678 513 1722 supellectili
537 1679 747 1721 utebantur,
778 1691 874 1715 nunc
903 1690 947 1715 ex
977 1680 1085 1715 ebore
1109 1684 1216 1725 atque

124 1723 301 1758 testudine
326 1727 361 1758 et
386 1729 550 1768 argento,
579 1724 650 1759 iam
675 1736 718 1760 ex
742 1736 830 1760 auro
858 1725 963 1760 etiam
988 1729 1095 1770 atque
1119 1737 1213 1770 gem-

123 1768 189 1803 mis
214 1769 424 1813 supellectili
449 1772 609 1804 utuntur.
648 1781 758 1814 quare
776 1770 929 1815 speciem
954 1771 1073 1816 potius
1097 1782 1215 1806 rerum

123 1824 230 1858 quam
253 1814 437 1849 materiam
461 1815 592 1850 intueri
617 1819 776 1860 oportet,
808 1816 1064 1860 suppellectilis
1095 1816 1214 1861 potius

126 1864 143 1892 2
193 1870 240 1893 an
264 1859 418 1904 argenti,
451 1870 498 1894 an
528 1860 636 1895 vestis
667 1861 748 1896 sint.
799 1861 941 1896 Servius
971 1861 1104 1896 fatetur
1133 1872 1214 1897 sen-

123 1905 268 1939 tentiam
298 1905 375 1940 eius
406 1905 466 1949 qui
489 1905 658 1949 legaverit
682 1906 795 1951 aspici
819 1911 1004 1952 oportere,
1037 1907 1073 1942 in
1109 1918 1215 1952 quam

124 1950 297 1984 rationem
320 1960 362 1985 ea
387 1950 513 1985 solitus
538 1951 584 1986 sit
608 1950 762 1987 referre:
787 1962 909 1987 verum
934 1952 963 1987 si
989 1963 1041 1994 ea,
1067 1952 1111 1988 de
1137 1952 1213 1996 qui-

122 1996 190 2030 bus
221 2006 293 2030 non
325 1995 580 2040 ambigeretur,
613 1997 698 2041 quin
726 1997 764 2032 in
789 1997 906 2033 alieno
930 2008 1059 2043 genere
1084 2002 1213 2040 essent,

122 2044 163 2075 ut
190 2044 279 2085 puta
307 2041 484 2076 escarium
518 2046 703 2086 argentum
734 2048 798 2077 aut
828 2043 1001 2088 paenulas
1034 2048 1069 2078 et
1100 2048 1213 2088 togas,

122 2086 334 2130 supellectili
368 2086 446 2130 quis
478 2086 683 2122 adscribere
714 2088 841 2123 solitus
872 2089 935 2129 sit,
974 2099 1047 2123 non
1077 2088 1212 2124 idcirco

122 2131 317 2166 existimari
341 2136 506 2176 oportere
530 2132 743 2177 supellectili
765 2133 884 2178 legata
904 2144 946 2168 ea
965 2145 1107 2179 quoque
1128 2145 1213 2170 con-

123 2176 246 2211 tineri:
281 2187 352 2212 non
377 2177 469 2212 enim
495 2188 538 2212 ex
563 2178 787 2222 opinionibus
813 2179 1049 2224 singulorum,
1083 2180 1145 2214 sed
1171 2190 1213 2214 ex

122 2222 298 2256 communi
331 2233 398 2256 usu
428 2223 571 2257 nomina
607 2224 767 2259 exaudiri
806 2224 945 2260 debere.
1001 2224 1038 2259 id
1068 2225 1212 2260 Tubero

121 2277 248 2311 parum
273 2267 341 2302 sibi
364 2267 498 2312 liquere
522 2268 589 2303 ait:
616 2279 698 2303 nam
717 2280 889 2314 quorsum
907 2270 1060 2313 nomina,
1086 2270 1212 2315 inquit,

121 2312 190 2347 nisi
214 2316 253 2347 ut
277 2313 563 2349 demonstrarent
586 2314 805 2350 voluntatem
829 2315 1006 2350 dicentis?
1052 2316 1213 2360 equidem

121 2369 192 2393 non
225 2357 380 2394 arbitror
409 2369 622 2404 quemquam
654 2359 787 2403 dicere,
826 2360 922 2413 quod
951 2372 1023 2396 non
1054 2361 1211 2404 sentiret,

122 2407 161 2437 ut
184 2403 335 2455 maxime
358 2404 501 2439 nomine
524 2415 611 2440 usus
635 2405 699 2447 sit,
730 2416 799 2450 quo
829 2406 868 2441 1d
896 2406 1071 2451 appellari
1101 2407 1210 2442 solet:

121 2459 202 2482 nam
234 2459 330 2484 voels
363 2449 558 2484 ministerio
584 2450 734 2485 utimur:
769 2455 927 2486 ceterum
956 2461 1058 2487 nemo
1090 2452 1211 2487 existi-

123 2494 271 2529 mandus
296 2498 350 2529 est
373 2494 522 2538 dixisse,
548 2495 643 2539 quod
667 2507 739 2531 non
762 2501 879 2532 mente
903 2497 1100 2541 agitaverit.
1149 2498 1212 2532 sed

122 2538 188 2574 etsi
211 2550 423 2584 magnopere
447 2551 503 2575 me
528 2540 729 2576 Tuberonis
763 2546 798 2576 et
827 2542 919 2577 ratio
949 2546 986 2577 et
1015 2543 1211 2578 auctoritas

121 2589 246 2627 movet,
268 2595 340 2620 non
358 2589 477 2620 tamen
497 2596 519 2620 a
539 2585 659 2621 Servio
681 2587 851 2622 dissentio
870 2598 941 2623 non
959 2587 1072 2623 videri
1089 2598 1212 2634 quem-

121 2640 226 2673 quam
251 2629 400 2671 dixisse,
434 2631 535 2665 cuius
560 2641 631 2665 non
656 2643 721 2666 suo
746 2633 888 2667 nomine
912 2643 999 2669 usus
1023 2633 1080 2670 sit.
1129 2645 1212 2670 nam

121 2675 188 2710 etsi
211 2674 309 2719 prior
331 2679 439 2720 atque
461 2676 642 2721 potentior
666 2681 720 2712 est
744 2688 851 2722 quam
873 2689 943 2714 vox
967 2690 1066 2715 mens
1091 2679 1211 2715 dicen-

121 2719 184 2762 tis,
217 2724 337 2755 tamen
369 2731 472 2755 nemo
504 2720 580 2756 sine
604 2732 692 2758 voce
715 2721 846 2759 dixisse
872 2724 1113 2760 existimatur:
1145 2726 1213 2760 nisi

122 2764 213 2800 forte
236 2769 272 2800 et
295 2775 372 2807 eos,
404 2766 466 2813 qui
488 2765 587 2812 loqui
610 2779 682 2803 non
705 2773 874 2813 possunt,
909 2774 1038 2805 conato
1068 2770 1147 2815 ipso
1177 2775 1213 2805 et

121 2821 208 2846 sono
239 2810 394 2857 quodam
423 2816 483 2846 καὶ
506 2814 550 2858 τῇ
575 2809 755 2860 ἀνάρθρῳ
780 2815 909 2861 φωνῇ3
941 2814 1060 2850 dicere
1090 2815 1212 2851 existi-

121 2868 269 2893 mamus.

462 2975 505 3014 (2)
530 2973 647 3006 fictilia
661 2975 695 3007 F

499 3019 546 3059 (s)
569 3018 612 3051 ad
623 3019 658 3051 F

122 2975 161 3013 (1)
184 2972 318 3014 proprie
332 2973 360 3005 S

121 3018 164 3058 (7)
188 3018 369 3059 repositum
382 3018 410 3050 S

791 2978 833 3015 (3)
861 2974 897 3008 id
907 2981 975 3008 est.-
999 2983 1078 3007 voce
1090 2974 1306 3007 inarticulata

2106 150 2297 193 XXXIII
2332 154 2380 192 10

1337 271 1360 310 8
1386 273 1640 310 Moossmvvs
1661 274 1751 309 libro
1776 286 1870 310 nono
1895 285 2150 321 responsorum
2192 274 2280 310 Cum
2304 274 2380 319 qui-

1290 319 1372 354 dam
1396 320 1498 355 uxori
1524 330 1610 355 suae
1634 320 1814 364 legaverat
1838 320 1980 355 domum
2005 331 2086 355 cum
2105 319 2183 355 iure
2202 330 2267 355 suo
2287 320 2381 354 omni

1289 370 1325 400 et
1345 365 1581 400 instrumento
1600 368 1636 400 et
1658 365 1879 409 supellectili,
1906 366 2155 408 quaerebatur,
2181 376 2227 400 an
2245 365 2380 400 videre-

1289 414 1349 445 tur
1373 414 1408 444 et
1432 415 1619 455 argentum
1643 411 1761 445 escale
1789 414 1824 445 et
1848 410 2027 454 potorium
2052 412 2168 456 legato
2194 410 2378 446 contineri.

1289 456 1484 500 respondit,
1511 455 1542 491 si
1563 455 1647 499 quid
1665 455 1701 489 in
1722 455 1934 500 supellectili
1954 460 2139 500 argentum
2157 460 2221 498 est,
2247 456 2380 497 deberI,

1290 501 1406 536 escale
1430 506 1548 536 autem
1573 501 1630 536 vel
1652 501 1832 546 potorium
1856 506 2039 543 argentum
2064 512 2136 536 non
2156 501 2288 543 deberi,
2314 502 2380 536 nisi

1289 547 1357 581 hoc
1383 557 1523 591 quoque
1548 549 1756 581 testatorem
1780 546 1934 581 sensisse
1957 546 2149 590 legatarius
2175 547 2310 582 doceat.

1336 589 1360 628 9
1387 591 1743 627 &nmmos-libro
1767 592 1918 637 septimo
1942 602 2197 637 responsorum
2244 592 2379 634 Legata

1289 636 1502 680 supellectili
1526 647 1606 671 cum
1631 636 1769 681 species
1794 647 1838 671 ex
1862 635 2059 672 abundanti
2083 648 2147 680 per
2170 638 2380 681 imperitiam

1289 687 1551 724 enumerentur,
1576 682 1732 726 generali
1749 682 1867 726 legato
1884 692 1957 716 non
1975 681 2061 717 dero
2086 686 2184 716 atur:
2211 683 2241 717 si
2261 686 2380 717 tamen

1289 727 1426 772 species
1467 727 1555 762 certi
1592 728 1728 762 numeri
1768 728 2031 762 demonstratae
2079 727 2214 770 uerint,
2255 728 2380 763 modus

1287 772 1409 817 generi
1433 771 1538 807 datus
1562 772 1600 807 in
1623 773 1679 808 his
1704 772 1893 817 speciebus
1917 772 2145 817 intellegitur.
2190 773 2282 808 idem
2306 784 2379 808 ser-

1289 818 1431 852 vabitur
1454 818 1630 853 instructo
1653 818 1803 863 praedio
1827 818 1964 862 legato,
1992 817 2022 853 si
2046 818 2221 862 quaedam
2245 819 2380 863 species

1294 866 1305 897 l
1357 873 1542 898 numerum
1568 867 1705 898 certum
1729 863 1945 908 acceperint.
1983 863 2219 908 Supellectilis
2240 874 2379 899 mensas

1288 918 1366 943 esse
1392 908 1648 952 cuiuscumque
1668 908 1850 950 materiae,
1877 908 2014 944 scilicet
2038 909 2092 943 vel
2116 913 2301 953 argenteas
2326 909 2380 944 vel

1287 957 1434 998 argento
1470 954 1627 990 inclusas
1688 955 1799 989 lacet:
1840 964 1922 988 nam
1958 958 1994 988 et
2033 958 2219 998 argenteos
2257 954 2379 997 lectos,

1287 999 1372 1033 item
1396 1004 1565 1043 argentea
1590 966 1807 1035 candelabra
1829 999 2040 1044 supellectili
2061 999 2186 1034 cedere
2204 1000 2381 1044 posterior

1288 1048 1386 1079 aetas
1419 1045 1571 1089 recepit:
1607 1046 1713 1080 cum4
1745 1049 1781 1080 et
1805 1045 1944 1080 Ulixem
1976 1055 2018 1079 ex
2049 1055 2136 1079 auro
2167 1049 2201 1079 et
2234 1050 2379 1089 argento

1286 1090 1417 1124 lectum
1450 1090 1598 1125 viventis
1629 1090 1769 1126 arboris
1801 1090 1939 1125 truncis
1972 1090 2199 1125 aedificatum
2223 1101 2379 1132 ornasse,

1287 1146 1391 1180 quem
1407 1135 1588 1180 Penelopa
1606 1135 1887 1180 recognoscendi
1904 1136 1968 1170 viri
1988 1136 2127 1180 signum
2148 1136 2298 1180 accepit,
2318 1137 2381 1169 ut5

1288 1186 1307 1214 2
1354 1180 1465 1215 voluit
1498 1181 1677 1216 Homerus
1688 1183 1712 1216 ⁶.
1770 1181 1990 1226 Supellectili
2031 1191 2097 1216 sua
2135 1181 2230 1216 omni
2266 1181 2381 1224 legata

1286 1237 1371 1261 acce
1399 1229 1474 1260 tum
1509 1231 1694 1271 argentum
1730 1226 1869 1271 pignori
1903 1237 1974 1262 non
2005 1226 2258 1267 continebitur,
2299 1226 2382 1271 quia

1287 1281 1374 1316 supe
1404 1271 1544 1306 ectilem
1569 1283 1670 1307 suam
1695 1272 1832 1317 legavit,
1859 1272 1982 1316 utique
2007 1272 2037 1307 si
2062 1283 2133 1306 non
2157 1272 2194 1306 in
2217 1283 2284 1306 usu
2305 1282 2377 1306 cre-

1287 1316 1412 1351 ditoris
1436 1317 1474 1351 id
1498 1322 1686 1361 argentum
1711 1318 1894 1352 voluntate
1918 1317 2087 1353 debitoris
2113 1317 2190 1359 fuit,
2216 1317 2279 1352 sed
2298 1328 2380 1362 pro-

1286 1362 1469 1406 positum⁷
1507 1367 1654 1407 propter
1691 1367 1897 1398 contractus
1929 1362 2035 1398 fidem
2065 1373 2108 1398 ac
2139 1363 2382 1398 restituendae

1285 1407 1336 1441 rei
1361 1407 1552 1442 vinculum.

1336 1451 1385 1489 10
1418 1452 1463 1487 IA
1474 1462 1645 1487 VOLENUS
1673 1453 1764 1488 libro
1799 1454 1903 1487 lertio
1936 1464 1986 1488 ex
2011 1454 2280 1500 posterioribus
2312 1453 2379 1488 La-

1287 1498 1408 1532 beonis
1455 1497 1525 1542 Qui
1555 1501 1689 1533 vestem
1720 1508 1859 1533 omnem
1889 1502 1925 1533 et
1952 1509 2009 1534 res
2033 1499 2188 1544 plurium
2212 1509 2380 1544 generum

1285 1543 1515 1588 supellectilis
1541 1554 1697 1588 expenso
1717 1542 1810 1578 ferre
1830 1544 1957 1579 solitus
1977 1549 2065 1585 erat,
2090 1545 2119 1579 is
2140 1545 2242 1579 uxori
2262 1544 2380 1589 supel-

1285 1588 1439 1624 lectilem
1464 1589 1654 1634 legaverat.
1697 1593 1794 1623 recte
1813 1590 1992 1633 negabant
2011 1594 2143 1625 vestem
2165 1590 2281 1634 legato
2303 1600 2379 1624 ces-

1286 1645 1406 1669 suram
1420 1634 1542 1669 Labeo
1560 1634 1686 1670 Ofilius
1702 1634 1908 1676 Cascellius,
1935 1635 2019 1679 quia
2039 1646 2111 1670 non
2129 1639 2251 1680 posset
2270 1635 2379 1670 videri

1285 1680 1393 1715 vestis
1419 1680 1660 1725 appellatione
1685 1680 1915 1724 supellectilis
1941 1681 2126 1716 contineri.

1335 1724 1381 1762 11
1411 1724 1519 1759 IDEM
1544 1725 1634 1760 libro
1665 1725 1801 1760 decimo
1832 1737 1882 1761 ea:
1908 1726 2171 1771 posterioribus
2200 1725 2380 1761 Labeonis

1285 1770 1382 1805 Vasa
1406 1780 1518 1805 aenea
1542 1770 1700 1805 salientis
1726 1781 1841 1815 aquae
1865 1772 1994 1815 posita,
2019 1771 2103 1806 item
2127 1771 2158 1806 si
2179 1771 2263 1815 quid
2282 1771 2380 1806 aliud

1285 1816 1409 1860 magis,
1428 1816 1636 1851 deliciarum
1672 1826 1779 1860 quam
1817 1827 1902 1851 usus
1936 1827 2046 1851 causa
2076 1820 2243 1861 paratum
2274 1820 2379 1858 esset,

1285 1872 1357 1896 non
1380 1871 1458 1896 esse
1483 1861 1714 1905 supellectilis
1738 1861 1862 1896 Labeo
1889 1862 2080 1897 Trebatius
2104 1865 2246 1907 putant.
2283 1872 2379 1896 mur-

1284 1917 1346 1941 rea
1369 1910 1490 1941 autem
1513 1917 1600 1941 vasa
1624 1911 1659 1941 et
1683 1906 1812 1949 vitrea,
1845 1918 1936 1951 quae
1961 1907 2008 1942 ad
2034 1918 2154 1948 usum,
2190 1907 2314 1942 edendi
2345 1911 2381 1942 et

1285 1952 1429 1987 bibendi
1460 1962 1587 1996 causa,
1619 1956 1750 1997 parata
1781 1957 1916 1996 essent,
1949 1953 1986 1987 in
2017 1953 2229 1997 supellectili
2253 1952 2374 1988 dicun-

1283 2001 1345 2032 tur
1367 2007 1456 2034 esse.

1333 2040 1384 2079 12
1408 2042 1542 2077 LABEO
1571 2043 1663 2078 libro
1693 2047 1825 2088 quarto
1850 2042 2033 2089 pe'clzanon
2063 2055 2087 2078 a
2116 2043 2234 2079 Paulo
2265 2045 2376 2089 epico-

1284 2093 1461 2123 matorum
1509 2087 1813 2132 Quemadmodum
1839 2089 1999 2124 urbanus
2024 2099 2147 2124 servus
2169 2092 2204 2124 et
2223 2089 2379 2124 rusticus

1285 2134 1514 2178 distinguitur
1546 2144 1619 2168 non
1648 2133 1746 2175 loco,
1781 2134 1845 2169 sed
1868 2144 1997 2178 genere
2022 2145 2127 2175 usus,
2160 2134 2211 2169 ita
2242 2135 2380 2170 urbana

1283 2189 1397 2224 penus
1423 2183 1459 2214 et
1483 2179 1643 2223 supellex
1668 2179 1713 2213 ad
1738 2190 1843 2215 usum
1868 2180 2061 2221 urbanum,
2096 2190 2167 2215 non
2191 2179 2238 2219 ad
2261 2180 2379 2215 locum

1284 2225 1461 2259 urbanum
1492 2229 1555 2259 aut
1584 2224 1811 2269 peregrinum
1842 2225 2026 2269 dirigenda
2056 2229 2127 2267 est,
2159 2225 2380 2272 multumque

1283 2270 1448 2313 interest,
1483 2281 1596 2315 penus
1628 2274 1663 2304 et
1696 2270 1856 2314 supellex
1885 2280 1929 2305 ea
1958 2281 2050 2315 quae
2079 2271 2116 2307 in
2147 2273 2236 2308 urbe
2262 2273 2308 2308 sit
2332 2284 2378 2307 an

1284 2316 1423 2350 urbana
1447 2315 1585 2360 legetur
1608 2315 1663 2350 vel
1712 2315 1926 2351 romittatur.

1332 2358 1381 2398 13
1407 2360 1664 2396 Mooesmws
1698 2361 1776 2396 z’bro
1800 2371 1896 2398 nono
1920 2374 2175 2408 responsorum
2214 2362 2376 2407 Respon-

1283 2406 1351 2441 dit:
1395 2416 1589 2451 numquam
1628 2417 1672 2441 ex
1711 2416 1771 2449 eo,
1821 2407 1918 2452 quod
1955 2408 2211 2453 supellectilem
2249 2408 2378 2452 legavit

1282 2451 1430 2487 maritus
1461 2454 1693 2496 testamento,
1731 2453 2005 2495 habitationem,
2043 2454 2079 2488 in
2139 2464 2186 2488 ua
2217 2454 2377 2498 supellex

1281 2496 1367 2539 fuit,
1401 2497 1539 2544 legasse
1570 2498 1720 2533 videtur.
1768 2509 1878 2543 quare
1911 2502 2038 2534 contra
2069 2498 2112 2533 de
2132 2499 2229 2533 uncti
2253 2499 2375 2534 volun-

1282 2546 1392 2624 tlatem
1428 2544 1686 2579 habitationem
1722 2544 1790 2579 sibi
1824 2544 2006 2579 mulierem
2036 2543 2217 2579 vindicare
2249 2545 2376 2589 procul

1308 2589 1390 2624 ubio
1416 2593 1481 2625 est.

1332 2633 1382 2671 14
1418 2635 1704 2670 CALLISTRATUS
1743 2635 1835 2670 libro
1878 2635 1981 2669 tercio
2025 2634 2070 2670 de
2110 2635 2376 2680 cognitionibus

1282 2680 1410 2715 Fundo
1444 2680 1562 2725 legato
1593 2681 1869 2715 instrumentum
1906 2680 1982 2715 eius
2015 2690 2088 2715 non
2123 2680 2226 2715 aliter
2257 2680 2375 2725 legato

1283 2725 1387 2767 cedit,
1413 2725 1482 2760 nisi
1505 2726 1707 2770 specialiter
1730 2725 1765 2760 id
1789 2735 1998 2770 expressum
2021 2725 2085 2761 sit:
2112 2736 2194 2760 nam
2215 2729 2250 2760 et
2270 2726 2374 2760 domo

1281 2771 1399 2815 legata
1423 2781 1538 2815 neque
1562 2771 1835 2805 instrumentum
1860 2770 1937 2805 eius
1956 2781 2072 2815 neque
2089 2771 2253 2816 supellex
2272 2771 2376 2806 aliter

1281 2816 1396 2860 legato
1418 2816 1521 2858 cedit,
1548 2826 1654 2860 quam
1674 2816 1704 2851 si
1721 2815 1785 2851 id⁸
1800 2816 1918 2860 ipsum
1938 2816 2148 2852 nominatim
2167 2827 2374 2862 expressum

1282 2872 1304 2896 a
1327 2865 1501 2897 testatore
1524 2861 1644 2896 fuerit.

1400 2978 1441 3016 (4)
1468 2975 1550 3016 quin
1563 2988 1623 3008 scr.
1718 2976 1761 3017 (5)
1787 2977 1826 3008 ut
1838 2976 1901 3009 del.
1983 2977 2027 3017 (a)
2058 2977 2176 3022 odyss.
2189 2979 2244 3019 23,
2258 2986 2310 3012 190
2323 2991 2360 3020 sq
