2528 3918
179 108 278 150 VIII
309 109 348 150 3.
364 109 388 149 4

177 232 190 264 1
240 228 391 264 maxime
414 227 444 263 si
467 230 573 273 pacto
597 227 643 262 sti
669 226 780 263 ulatio
804 227 948 263 subdita
970 228 1027 264 sit.
1073 227 1143 262 Per
1173 227 1252 272 plu-

172 274 262 309 rium
296 272 442 319 praedia
479 282 609 318 aquam
673 271 748 307 ucis
779 283 849 325 quo
875 283 921 308 uo
953 273 1057 308 modo
1088 272 1254 316 imposita

173 318 358 354 servitute:
400 317 467 353 nisi
497 321 643 363 pactum
672 317 727 352 vel
758 322 828 363 stip
868 317 940 353 atio
973 318 1077 353 etiam
1109 316 1153 352 de
1185 317 1253 352 hoc

173 364 365 399 subsecuta
396 366 468 404 est,
499 371 614 407 neque
637 372 759 398 eorum
783 362 894 398 cuivis
917 372 1031 408 neque
1055 362 1115 397 alii
1137 361 1252 397 vicino

172 408 306 453 poteris
330 408 498 443 haustum
522 417 565 442 ex
586 406 664 445 ,rivo
689 406 832 443 cedere:
866 412 972 453 pacto
997 407 1088 442 enim
1112 406 1166 442 vel
1190 406 1251 441 sti-

172 452 356 499 pulatione
366 452 680 488 intervenientibus
694 455 730 487 et
739 451 809 488 hoc
819 452 966 488 concedi
978 452 1079 494 solet,
1092 451 1252 496 quamvis

172 497 307 533 nullum
330 497 513 543 praedium
536 497 654 543 ipsum
676 496 744 533 sibi
767 498 899 533 servire
930 507 1044 542 neque
1075 496 1253 531 servitutis

171 542 311 578 fructus
335 541 504 578 constitui
526 546 656 587 potest.

218 584 271 625 34
296 586 543 623 Pxpmmws
570 586 662 623 libro
685 587 834 634 septimo
858 587 1106 632 quaestionum
1152 585 1253 621 Unus

172 642 216 667 ex
246 631 350 669 sociis
380 631 482 667 fundi
515 632 710 668 communis
767 630 975 667 ermittendo
1006 631 1062 666 ius
1094 641 1172 666 esse
1202 630 1254 666 ire

172 687 275 722 agere
297 676 385 712 nihil
408 677 499 723 agit:
524 680 559 713 et
582 677 661 712 ideo
685 677 715 712 si
739 643 807 712 duo
831 676 988 722 praedia,
1013 685 1105 727 quae
1127 679 1252 710 mutuo

171 721 389 764 serviebant,
419 722 513 757 inter
535 721 676 758 eosdem
699 722 832 757 fuerint
856 725 1132 763 commumcata,
1165 731 1252 765 quo-

171 767 266 802 niam
290 767 478 803 servitutes
500 777 566 813 pro
590 771 692 812 parte
722 766 863 801 retineri
894 766 1029 811 placet,
1062 766 1107 801 ab
1139 765 1251 801 altero

172 812 323 848 servitus
335 812 437 848 alteri
447 812 580 848 remitti
599 823 671 848 non
687 815 825 864 potest:
852 811 1010 856 quamvis
1031 811 1123 846 enim
1142 821 1251 846 unus-

172 858 322 903 quisque
345 857 522 893 sociorum
545 857 642 892 solus
666 861 723 899 sit,
749 857 806 891 cui
829 856 979 891 servitus
1004 855 1171 898 debetur,
1196 859 1250 890 ta-

171 913 253 938 men
276 902 443 948 quoniam
474 913 546 938 non
575 911 768 947 personae,
801 901 863 937 sed
894 900 1040 946 praedia
1071 901 1251 943 deberent,

170 957 286 993 neque
309 947 448 993 adquiri
470 948 615 983 libertas
635 957 749 992 neque
768 947 898 981 remitti
916 946 1066 982 servitus
1086 956 1151 991 per
1169 956 1252 991 par-

174 996 189 1028 1
239 996 311 1028 tem
333 992 474 1038 poterit.
523 992 561 1028 Si
590 991 672 1027 fons
703 991 898 1034 exaruerit,
932 1002 975 1026 ex
1006 1001 1075 1036 quo
1108 991 1253 1027 ductum

172 1047 287 1083 aquae
309 1037 425 1074 habeo
448 1037 550 1083 isque
571 1041 655 1082 post
678 1036 910 1072 constitutum
933 1040 1074 1081 tempus
1098 1036 1145 1071 ad
1168 1046 1253 1072 suas

170 1092 279 1119 venas
289 1082 443 1126 redierit,
463 1092 509 1117 an
522 1092 635 1127 aquae
647 1081 776 1116 ductus
789 1082 939 1117 amissus
953 1081 1030 1123 erit,
1050 1081 1251 1126 quaeritur:

220 1125 273 1166 35
300 1127 459 1163 Panos
487 1127 576 1163 libro
608 1127 732 1172 quinto
756 1126 891 1162 decimo
916 1126 966 1162 ad
987 1126 1171 1162 Plautium
1219 1130 1254 1161 et

170 1173 361 1209 Atilicinus
385 1173 435 1208 ait
459 1172 646 1207 Caesarem
666 1171 804 1206 Statilio
825 1171 945 1207 Tauro
969 1171 1194 1216 rescripsisse
1216 1171 1253 1206 in

171 1218 260 1254 haec
283 1218 409 1254 verba:
435 1218 503 1259 Ἧι,
529 1217 589 1262 qui
613 1226 656 1251 ex
679 1216 789 1252 fundo
811 1216 955 1252 Sutrino
975 1227 1104 1262 aquam
1124 1216 1255 1252 ducere

173 1263 280 1299 ‘soliti
300 1267 394 1305 sunt,
414 1262 578 1298 adierunt
596 1272 651 1296 me
669 1265 1004 1307 proposueruntque
1022 1272 1163 1307 aquam,
1183 1272 1255 1307 qua

171 1311 182 1327 ⁴
210 1318 248 1344 er
271 1308 406 1354 aliquot
425 1318 537 1343 annos
556 1307 612 1342 usi
632 1310 715 1342 sunt
735 1317 779 1342 ex
797 1306 907 1350 fonte,
958 1307 993 1342 ui
1013 1311 1068 1342 est
1085 1307 1123 1342 in
1141 1307 1252 1342 fundo

172 1357 182 1372 ⁸
212 1353 338 1395 uti-ino,
364 1353 494 1388 ducere
517 1362 589 1387 non
613 1352 770 1396 potuisse
783 1354 805 1395 ¹,
854 1352 925 1387 uod
960 1362 1024 1388 ons
1045 1352 1253 1394 exaruisset,

172 1402 220 1434 ‘et
242 1402 368 1444 postea
398 1408 440 1433 ex
472 1408 513 1433 eo
544 1396 645 1432 fonte
675 1407 804 1441 aquam
862 1407 945 1433 uere
977 1397 1155 1442 coepisse:
1192 1407 1253 1442 pe-

171 1444 383 1488 ‘tieruntque
414 1453 436 1477 a
467 1453 540 1484 me,
574 1446 614 1477 ut
645 1442 740 1487 quod
772 1442 828 1478 ius
851 1454 924 1479 non
947 1442 1168 1487 neglegentia
1192 1446 1255 1477 aut

171 1489 290 1534 ‘culpa
312 1498 378 1524 sua
401 1488 610 1530 amiserant,
635 1487 697 1522 sed
721 1488 806 1532 quia
829 1487 958 1523 ducere
981 1498 1054 1522 non
1076 1492 1253 1532 poterant,

172 1534 238 1568 ‘his
260 1533 515 1569 restitueretur.
553 1543 702 1578 quorum
726 1532 811 1567 mihi
841 1532 1035 1578 postulatio
1069 1543 1150 1568 cum
1180 1543 1253 1568 non

171 1579 303 1624 ‘iniqua
321 1578 396 1614 visa
415 1578 472 1621 sit,
493 1577 772 1613 succurrendum
792 1578 847 1613 his
859 1578 990 1623 putavi.
1017 1577 1140 1623 itaque
1159 1577 1255 1623 quod

172 1623 238 1658 ‘ius
261 1623 464 1658 habuerunt
486 1627 584 1665 tunc,
611 1633 691 1658 cum
714 1623 865 1668 primum
890 1633 933 1659 ea
956 1633 1050 1668 aqua
1072 1623 1255 1668 pervenire

171 1668 228 1704 ‘ad
253 1678 313 1704 eos
336 1679 410 1704 non
458 1668 560 1710 otuit‚
584 1667 621 1703 id
646 1668 695 1703 eis
720 1668 858 1703 restitui
881 1668 1025 1713 placet.'

216 1711 269 1751 36
294 1713 399 1748 IDEM
433 1714 512 1749 ibro
534 1713 690 1749 secundo
714 1724 970 1760 responsorum
1019 1713 1107 1748 Cum
1129 1713 1252 1756 fundo,

170 1769 273 1804 quem
297 1769 339 1793 ex
364 1758 503 1794 duobus
534 1758 680 1793 retinuit
709 1758 890 1801 venditor,
924 1768 1040 1804 aquae
1071 1758 1255 1794 ducendae

170 1804 318 1839 servitus
341 1803 509 1849 imposita
531 1803 586 1845 sit,
613 1813 667 1838 em
694 1807 730 1838 to
755 1803 900 1848 praedio
921 1803 1085 1849 quaesita
1103 1803 1253 1839 servitus

170 1848 379 1884 distractum
415 1848 530 1884 denuo
566 1858 652 1893 prae
680 1849 749 1883 'um
783 1849 958 1894 sequitur:
999 1859 1065 1884 nec
1098 1848 1144 1883 ad
1178 1859 1252 1884 rem

168 1894 340 1939 pertinet,
372 1893 466 1939 quod
491 1894 691 1939 stipulatio,
723 1904 794 1938 qua
815 1904 969 1939 poenam
992 1894 1152 1939 promitti
1175 1893 1251 1939 pla-

170 1939 255 1982 cuit,
279 1939 323 1974 ad
348 1949 536 1984 personam
560 1939 746 1984 emptoris,
779 1939 809 1974 si
841 1939 873 1974 ei
902 1939 996 1975 forte
1018 1939 1089 1973 frui
1114 1950 1186 1974 non
1210 1939 1251 1974 li-

170 1984 313 2026 cuisset,
338 1985 451 2020 relata
476 1988 540 2019 est.

215 2027 267 2067 37
293 2029 398 2064 Jossu
418 2029 508 2065 libro
533 2029 636 2064 tertio
658 2039 914 2075 responsorum
961 2027 1120 2064 Λούκιος
1139 2032 1253 2064 Τίτιος

169 2074 270 2118 Γαΐῳ
295 2075 394 2118 Σεΐῳ
417 2076 471 2117 τῷ
497 2070 642 2120 ἀδελφῷ
666 2073 814 2108 πλεῖστα
843 2077 991 2116 χαίρειν.
1028 2070 1158 2109 ὕδατος
1188 2076 1253 2107 τοῦ

169 2120 314 2171 ῥέοντος
327 2120 373 2155 εἰς
384 2118 451 2162 τὴν
463 2117 597 2165 κρήνην
607 2118 674 2161 τὴν
694 2121 1048 2154 κατασκευασθεῖσαν
1067 2121 1106 2152 ἐν
1126 2119 1251 2163 ἰσθμῷ

168 2164 238 2199 υπὸ
260 2166 325 2198 τοῦ
346 2164 482 2209 πατρός
503 2177 572 2209 μου
598 2161 730 2208 δίδωμι
750 2167 810 2197 καὶ
827 2165 1024 2209 χαρίζομαί
1042 2177 1100 2198 σοι
1120 2161 1251 2197 δάκτυ-

169 2208 234 2243 λον
258 2209 304 2244 εἰς
326 2209 393 2252 τὴν
424 2210 543 2243 οἰκίαν
576 2222 639 2243 σου
670 2209 737 2252 τὴν
767 2211 806 2243 ἐν
835 2212 889 2252 τῷ
923 2209 1067 2254 ἰσθμῷ,
1104 2207 1126 2252 ἢ
1160 2204 1252 2243 ὅπου

171 2250 202 2288 δ’
217 2252 262 2288 ἃν
271 2253 380 2300 βούλῃ
391 2254 416 2289 ².
474 2265 592 2297 uaero,
618 2264 663 2289 an
684 2265 727 2290 ex
744 2254 814 2290 hac
834 2254 1013 2299 scriptura
1031 2264 1118 2289 usus
1136 2263 1252 2299 aquae

170 2299 275 2335 etiam
299 2299 345 2334 ad
368 2300 452 2334 here
479 2310 516 2334 es
540 2299 620 2334 Gaii
639 2299 709 2334 Seii
733 2299 919 2344 pertineat.
956 2299 1089 2334 Paulus
1101 2309 1248 2343 respon-

170 2344 221 2379 dit
252 2354 354 2379 usum
386 2355 500 2390 aquae
530 2345 752 2390 personalem
784 2344 831 2379 ad
860 2344 1024 2380 heredem
1056 2344 1126 2379 Seii
1151 2344 1251 2389 quasi

169 2390 303 2425 usuarii
325 2389 517 2425 transmitti
541 2400 612 2424 non
637 2393 813 2434 oportere.

216 2431 268 2472 38
293 2434 398 2470 IDEM
427 2435 517 2470 libro
542 2435 665 2480 primo
689 2434 908 2470 manualium
957 2434 1119 2469 Flumine
1143 2433 1250 2468 inter-

656 2483 791 2524 potest,
834 2479 863 2515 si
895 2483 958 2514 aut
987 2479 1078 2515 vado
1109 2479 1253 2514 transiri

1061 2524 1251 2560 ontonibus

170 2480 329 2515 veniente
363 2479 420 2515 via
454 2479 622 2515 constitui

170 2529 287 2576 potest
311 2530 373 2560 aut
422 2529 539 2560 ontem
562 2525 711 2560 habeat:
747 2524 942 2566 diversum,
974 2524 1004 2559 si

170 2574 364 2604 traiciatur.
427 2580 491 2604 aec
516 2570 576 2613 ita,
601 2569 631 2605 si
649 2580 713 2614 per
731 2570 836 2605 unius
856 2569 1003 2614 praedia
1047 2580 1151 2605 umen
1171 2580 1251 2604 cur-

170 2618 244 2648 rat:
277 2614 344 2649 alio
371 2615 431 2649 uin
456 2615 485 2650 si
507 2619 571 2650 tua
594 2614 739 2660 praedia
763 2615 846 2649 mihi
870 2613 986 2650 vicina
1009 2614 1100 2656 sint,
1125 2614 1252 2649 deinde

169 2658 317 2700 flumen,
343 2626 467 2694 deinde
490 2660 574 2694 Titii
597 2659 760 2705 praedia,
793 2659 919 2695 deinde
942 2660 998 2694 via
1020 2659 1182 2704 publica,
1215 2659 1251 2693 in

171 2714 276 2747 quam
311 2704 377 2738 iter
410 2705 495 2739 mihi
527 2705 666 2749 adquiri
696 2705 794 2747 volo,
830 2704 882 2740 dis
909 2704 1057 2740 iciamus
1088 2715 1133 2740 ne
1165 2704 1252 2738 nihil

171 2753 265 2800 vetet
288 2758 309 2783 a
332 2753 367 2782 te
390 2749 473 2783 mihi
497 2750 587 2784 viam
612 2749 689 2784 dari
711 2760 822 2795 usque
846 2760 868 2785 a
916 2749 1059 2792 flumen,
1083 2748 1211 2784 deinde
1230 2759 1252 2783 a

171 2793 265 2828 Titio
297 2803 408 2837 usque
431 2793 477 2828 ad
500 2794 592 2829 viam
615 2794 804 2839 publicam.
841 2795 903 2830 sed
934 2795 1133 2837 videamus,
1167 2804 1251 2829 num

171 2842 207 2873 et
230 2838 259 2873 si
283 2842 321 2872 tu
344 2849 464 2873 eorum
488 2839 710 2883 praediorum
734 2839 898 2875 dominus
928 2840 996 2882 sis,
1029 2850 1120 2892 quae
1151 2843 1251 2874 trans

169 2882 300 2918 flumen
324 2882 418 2917 intra
440 2884 530 2918 viam
551 2885 731 2962 publicam
755 2885 837 2927 sint,
860 2885 954 2920 idem
976 2885 1063 2920 iuris
1086 2885 1144 2927 sit,
1169 2884 1252 2930 quia

170 2928 228 2962 via
250 2928 486 2963 consummari
510 2939 548 2963 so
564 2933 600 2963 et
622 2930 676 2964 vel
700 2930 842 2966 civitate
864 2934 969 2965 tenus
992 2930 1046 2965 vel
1069 2939 1182 2974 usque
1205 2928 1252 2964 ad

170 2973 262 3007 viam
285 2972 462 3017 publicam
486 2973 539 3008 vel
563 2984 674 3018 usque
697 2974 743 3009 ad
766 2974 908 3017 flumen,
932 2976 968 3010 in
1016 2986 1061 3010 uo
1085 2974 1251 3020 pontoni-

171 3017 238 3052 bus
256 3017 456 3069 traiciatur,
487 3018 541 3052 vel
565 3029 676 3098 usqiue
700 3019 746 3054 ad
770 3020 951 3065 proprium
975 3031 997 3054 a
1013 3020 1071 3055 ‘ud
1095 3019 1251 3055 eiusdem

171 3061 303 3097 dommi
321 3061 521 3107 praedium:
548 3074 616 3107 quo
661 3064 690 3098 si
711 3069 775 3105 est,
796 3076 867 3100 non
886 3065 1025 3100 videtur
1042 3064 1252 3109 interrumpi

171 3107 333 3149 servitus,
353 3107 510 3152 quamvis
529 3107 620 3143 inter
638 3108 791 3144 eiusdem
813 3109 944 3145 domini
963 3110 1110 3155 praedia
1121 3110 1250 3145 flumen

171 3151 352 3197 publicum
374 3152 579 3188 intercedat.

652 3246 727 3284 1111
737 3245 763 3284 ³.

217 3309 459 3343 COMMUNJA
484 3309 779 3342 PRAEDIORUM
805 3311 895 3343 TAM
923 3312 1203 3345 URBANORUM

486 3354 613 3391 QUAM
637 3355 935 3390 RUSTICORUM.

221 3419 267 3457 1⁴
297 3419 491 3457 Urmfflvs
518 3419 610 3456 libro
640 3421 797 3456 secundo
828 3423 1086 3458 institutionum
1140 3423 1246 3459 Aedi-

1255 103 1330 150 118

1845 120 2082 152 commun
2110 121 2401 153 PRAEmontm

1322 227 1387 263 etsi
1410 227 1446 262 in
1469 227 1552 263 villa
1574 228 1736 264 aedificia
1767 231 1856 274 sint,
1888 240 2001 276 aeque
2031 230 2218 266 servitutes
2249 230 2403 266 urbano-

1324 275 1337 307 1
1388 282 1467 307 rum
1492 272 1722 324 praediorum
1753 275 1922 311 constitui
1978 278 2114 311 ossunt.
2169 274 2254 311 Ideo
2286 279 2405 311 autem

1320 317 1388 352 hae
1411 322 1597 369 servitutes
1616 318 1846 371 praediorum
1870 331 1962 366 appe
1975 321 2116 362 lantur,
2141 320 2307 365 quoniam
2330 320 2406 356 sine

1320 362 1474 407 praedus
1511 363 1679 398 constitui
1712 375 1785 400 non
1844 370 1986 401 ossunt:
2022 375 2124 400 nemo
2161 365 2253 400 enim
2288 370 2406 410 potest

1321 406 1548 459 servitutem⁶
1571 407 1756 453 adquirere
1777 376 1842 446 ves
1855 411 1982 446 urbani
2014 410 2069 446 vel
2101 410 2224 446 rustici
2257 410 2404 455 praedii,

1321 462 1388 486 niSi
1436 463 1473 487 ιιι
1495 452 1604 488 habet
1626 454 1819 498 praedium.

1367 494 1393 534 2
1412 463 1524 532 (llum
1539 497 1632 533 libro
1649 500 1800 544 septimo
1819 500 1955 537 decimo
1976 500 2025 535 ad
2043 499 2197 536 edictum
2244 499 2299 535 De
2311 510 2406 545 aqua

1321 551 1385 594 per
1407 545 1523 594 rotam
1546 542 1702 579 tollenda
1725 554 1768 580 ex
1790 544 1936 580 flumine
1957 545 2011 580 vel
2042 544 2255 586 haurienda,
2287 545 2342 580 vel
2377 545 2406 580 si

1322 597 1401 631 quis
1426 591 1629 623 servitutem
1653 589 1799 625 castello
1831 590 2057 635 imposuerit,
2090 589 2231 634 quidam
2264 589 2405 625 dubita-

1321 635 1466 683 yerunt,
1499 642 1544 683 ne
1573 632 1642 668 hae
1664 634 1849 670 servitutes
1873 645 1945 670 non
1968 638 2103 670 essent:
2138 634 2202 669 sed
2232 634 2405 679 rescripto

1320 680 1544 721 imperatoris
1579 678 1750 714 Antonini
1783 679 1830 715 ad
1864 680 2068 715 Tullianum
2108 678 2280 722 adicitur,
2324 679 2407 714 licet

1322 722 1472 774 servitus
1496 722 1574 757 iure
1596 733 1668 758 non
1691 724 1811 767 valuit,
1837 725 1866 760 si
1889 729 2008 759 tamen
2030 724 2099 759 hac
2122 724 2198 768 lege
2221 734 2405 769 compara-

1323 770 1372 801 vit
1387 776 1451 818 seu
1467 767 1537 802 alio
1554 778 1777 814 quocumque
1795 770 1948 814 legitimo
1969 769 2074 804 modo
2095 769 2163 804 sibi
2180 769 2249 804 hoc
2267 769 2323 804 ius
2343 769 2406 804 ad-

1323 811 1474 857 quisivit,
1498 812 1668 849 tuendum
1693 824 1771 850 esse
1794 825 1885 856 eum,
1935 814 1971 848 ui
1995 814 2064 849 hoc
2087 814 2142 849 ius
2166 813 2334 859 possedit.

1369 853 1393 894 3
1422 856 1546 909 GAws
1561 857 1652 893 libro
1663 860 1813 905 septimo
1827 860 1906 895 ade
1932 861 2039 895 ictum
2045 859 2273 905 provinciale
2307 858 2405 894 Duo·

1322 912 1400 937 rum
1423 902 1649 947 praediorum
1672 903 1836 940 dominus
1861 905 1890 940 si
1914 905 2065 940 alterum
2089 914 2132 939 ea
2158 904 2234 949 lege
2257 904 2322 939 tibi
2346 903 2406 939 de-

1323 946 1432 999 derit,
1468 951 1510 999 ut
1539 947 1576 983 id
1607 948 1791 993 praedium
1827 949 1922 995 quod
1953 949 2058 984 datur
2088 948 2219 984 serviat
2250 949 2281 984 ei
2313 948 2407 993 quod

1322 1002 1407 1072 ipse:
1422 996 1561 1034 retinet,
1586 993 1641 1028 vel
1665 999 1810 1037 contra,
1841 995 1918 1030 iure
1941 994 2108 1039 imposita
2131 994 2280 1029 servitus
2304 993 2406 1029 intel-

1337 1047 1391 1082 egi
1408 1048 1460 1072 ur.

1369 1081 1394 1119 4
1419 1082 1466 1117 ΙΑ
1475 1091 1645 1118 vomitos
1672 1083 1763 1119 libro
1788 1083 1923 1119 decimo
1947 1094 1997 1119 οτι·
2023 1083 2144 1119 Cassio
2191 1083 2335 1126 Caveri,
2369 1086 2410 1118 ut

1323 1127 1370 1162 ad
1394 1131 1527 1163 certam
1551 1127 1773 1163 altitudinem
1796 1132 2062 1163 monumentum
2085 1127 2311 1171 aedificetur,
2336 1139 2407 1164 non

1322 1176 1451 1218 potest,
1477 1172 1561 1218 quia
1583 1173 1630 1215 id,
1655 1173 1750 1218 quod
1773 1173 1919 1208 humani
1942 1173 2028 1209 iuris
2052 1183 2129 1209 esse
2152 1173 2274 1216 desiit,
2300 1173 2406 1209 servi—

1322 1222 1435 1253 tutem
1458 1228 1530 1253 non
1553 1218 1697 1263 recipit:
1722 1218 1815 1254 sicut
1838 1229 1883 1254 ne
1906 1218 1967 1253 illa
1990 1218 2130 1264 quidem
2150 1219 2299 1254 servitus
2322 1229 2406 1254 con·

1323 1263 1447 1299 sistere
1470 1266 1608 1308 potest,
1639 1267 1680 1298 ut
1712 1267 1830 1299 certus
1861 1274 2030 1299 numerus
2061 1264 2243 1299 hominum
2275 1263 2312 1298 in
2335 1275 2406 1299 uno

1322 1308 1402 1344 loco
1426 1308 1604 1344 humetur.

1369 1351 1393 1390 5
1418 1352 1527 1388 IDEM
1554 1354 1645 1389 libro
1669 1353 1826 1390 secundo
1851 1353 2086 1400 epistularum
2133 1353 2319 1399 Proprium
2351 1363 2407 1389 so-

1321 1398 1394 1434 lum
1432 1398 1587 1434 vendo⁷:
1625 1409 1672 1434 an
1714 1399 1917 1435 servitutem
1959 1399 2066 1434 talem
2104 1398 2286 1443 iniungere
2325 1409 2407 1444 pos-

1323 1444 1400 1486 sim,
1424 1447 1466 1478 ιιι
1488 1444 1574 1478 mihi
1598 1448 1633 1479 et
1655 1444 1770 1480 vicino
1795 1444 1951 1480 serviat?
1987 1444 2146 1480 similiter
2168 1444 2198 1479 si
2223 1453 2409 1479 commune

1322 1489 1436 1525 solum
1459 1489 1592 1531 vendo,
1623 1493 1665 1524 ut
1687 1489 1773 1524 mihi
1797 1493 1833 1524 et
1856 1489 1954 1525 socio
1979 1489 2127 1532 serviat,
2160 1499 2206 1524 aii
2239 1488 2409 1533 consequi

1321 1533 1481 1580 possim?
1515 1533 1699 1579 respondi:
1724 1535 1927 1570 servitutem
1950 1535 2108 1580 recipere
2128 1534 2196 1569 nisi
2216 1534 2282 1569 sibi
2302 1543 2405 1569 nemo

1321 1582 1458 1625 potest:
1478 1578 1629 1614 adiectio
1650 1579 1770 1624 itaque
1789 1579 1894 1615 vicini
1910 1590 1976 1624 pro
1996 1589 2215 1624 supervacuo
2238 1578 2404 1614 habenda

1323 1627 1396 1667 est,
1420 1624 1472 1659 ita
1495 1628 1536 1659 ut
1558 1628 1636 1660 tota
1660 1624 1809 1660 servitus
1834 1624 1880 1659 ad
1904 1635 2001 1667 eum,
2026 1625 2087 1670 qui
2109 1624 2303 1669 receperit,
2327 1634 2406 1676 per-

1321 1669 1445 1704 tineat.
1482 1670 1597 1705 solum
1621 1674 1740 1705 autem
1764 1680 1949 1705 commune
1971 1669 2154 1705 vendendo
2186 1673 2227 1704 ut
2258 1669 2342 1704 mihi
2374 1673 2409 1703 et

1323 1715 1420 1750 socio
1446 1714 1594 1756 serviat,
1629 1714 1770 1750 efficere
1793 1725 1864 1750 non
1894 1725 2059 1760 possum,
2093 1714 2176 1760 quia
2206 1725 2270 1759 per
2299 1725 2407 1749 unum

1322 1759 1458 1795 socium
1482 1760 1660 1795 communi
1683 1760 1759 1795 solo
1784 1760 1934 1795 servitus
1959 1759 2097 1805 adquiri
2119 1770 2192 1795 non
2215 1763 2345 1804 potest.

1369 1802 1394 1842 6
1425 1803 1620 1840 ULPJANUS
1656 1804 1747 1840 libro
1779 1806 1969 1841 vicensimo
2000 1809 2125 1841 octavo
2156 1804 2206 1839 ad
2235 1803 2407 1840 Sabinum

1322 1850 1360 1885 Si
1384 1849 1463 1895 quis
1487 1849 1576 1885 duas
1599 1849 1706 1885 aedes
1729 1850 1861 1885 habeat
1893 1854 1928 1885 et
1961 1850 2091 1885 alteras
2120 1849 2259 1892 tradat,
2291 1853 2409 1895 potest

1321 1896 1433 1941 legem
1455 1895 1639 1930 traditioni
1662 1894 1798 1938 dicere,
1832 1900 1872 1930 ut
1902 1895 1957 1930 vel
1987 1896 2078 1931 istae
2109 1905 2200 1940 quae
2230 1905 2302 1929 non
2333 1898 2406 1929 tra-

1322 1940 1456 1976 duntur
1480 1950 1601 1975 servae
1624 1940 1696 1976 sint
1718 1940 1773 1975 his
1799 1951 1889 1985 quae
1912 1940 2113 1983 traduntur,
2138 1940 2193 1975 vel
2218 1944 2345 1975 contra
2367 1944 2408 1974 ut

1320 1985 1477 2021 traditae
1507 1985 1653 2021 retentis
1690 1985 1838 2021 aedibus
1874 1986 2047 2021 serviant:
2083 1985 2253 2037 parvique
2287 1984 2407 2027 refert,

1320 2031 1458 2066 vicinae
1487 2030 1559 2065 sint
1589 2031 1715 2066 ambae
1745 2030 1852 2066 aedes
1884 2041 1932 2066 an
1955 2041 2037 2066 non.
2081 2031 2174 2066 idem
2208 2030 2275 2065 erit
2304 2033 2340 2066 et
2370 2030 2406 2064 in

1321 2075 1474 2121 praediis
1497 2075 1658 2111 rusticis:
1684 2086 1767 2111 nam
1791 2080 1827 2111 et
1849 2075 1880 2111 si
1903 2076 1982 2121 quis
2007 2075 2094 2111 duos
2113 2075 2243 2111 fundos
2263 2075 2407 2117 habeat,

1321 2121 1430 2156 alium
1451 2120 1511 2155 alii
1529 2125 1649 2165 potest
1669 2131 1808 2156 servum
1828 2120 1948 2156 facere
1959 2120 2141 2156 tradendo.
2179 2120 2267 2155 duas
2288 2124 2407 2155 autem

1321 2166 1427 2202 aedes
1451 2165 1556 2201 simul
1579 2165 1750 2201 tradendo
1776 2176 1848 2201 non
1865 2170 1985 2211 potest
2005 2165 2147 2201 efficere
2167 2165 2297 2200 alteras
2318 2165 2405 2200 alte-

1320 2212 1369 2246 ris
1394 2221 1525 2253 servaS,
1550 2211 1634 2255 quia
1653 2221 1768 2255 neque
1788 2210 1974 2255 adquirere
1993 2211 2117 2246 alienis
2138 2210 2286 2246 aedibus
2299 2210 2405 2244 servi-

1325 2259 1337 2291 l
1387 2260 1499 2290 tutem
1522 2266 1636 2300 neque
1659 2256 1841 2301 imponere
1863 2260 1991 2300 potest.
2030 2256 2067 2290 Si
2089 2255 2167 2300 quis
2187 2259 2323 2300 partem
2344 2265 2400 2289 ae-

1320 2301 1416 2336 dium
1439 2300 1557 2335 tradet
1579 2300 1632 2335 vel
1655 2305 1794 2345 partem
1817 2300 1937 2342 fundi,
1962 2311 2034 2335 non
2057 2304 2176 2345 potest
2199 2300 2403 2335 servitutem

1319 2346 1519 2390 imponere,
1553 2346 1638 2390 quia
1667 2356 1731 2390 per
1754 2350 1873 2390 partes
1898 2346 2049 2381 servitus
2072 2346 2119 2380 im
2146 2345 2206 2380 oni
2229 2355 2301 2380 non
2344 2356 2406 2390 po-

1316 2394 1400 2435 test,
1409 2390 1472 2426 sed
1495 2401 1563 2425 nec
1586 2390 1736 2435 adquiri.
1773 2391 1879 2435 plane
1901 2391 1932 2426 si
1964 2390 2082 2426 divisit
2128 2390 2261 2425 undum
2292 2390 2404 2434 regio-

1320 2436 1424 2471 nibus
1449 2438 1485 2471 et
1507 2435 1558 2471 sic
1581 2440 1720 2481 partem
1743 2435 1890 2470 tradidit
1912 2446 1977 2480 pro
2003 2435 2132 2478 diviso,
2157 2438 2275 2481 potest
2299 2435 2404 2470 alter-

1321 2481 1390 2515 utri
1414 2480 1616 2515 servitutem
1639 2481 1838 2526 imponere,
1896 2481 1955 2516 uia
1986 2491 2059 2516 non
2093 2484 2147 2516 est
2177 2490 2262 2526 pars
2292 2479 2404 2521 fundi,

1320 2526 1383 2561 sed
1404 2525 1547 2560 fundus.
1584 2525 1679 2571 quod
1704 2530 1739 2560 et
1761 2526 1798 2560 in
1822 2536 1865 2561 ae
1890 2526 1970 2561 ibus
1993 2529 2112 2571 potest
2135 2525 2215 2567 dici,
2240 2525 2270 2560 si
2294 2525 2403 2560 domi-

1321 2581 1386 2606 nus
1410 2571 1545 2615 pariete
1568 2570 1683 2606 medio
1716 2570 1903 2606 aedificato
1934 2581 2042 2606 unam
2075 2570 2216 2606 domum
2246 2570 2283 2605 in
2315 2570 2404 2605 duas

1321 2615 1487 2657 diviserit,
1511 2620 1551 2650 ut
1573 2615 1732 2667 plerique
1754 2615 1909 2651 faciunt:
1935 2626 2017 2650 nam
2041 2619 2077 2651 et
2097 2615 2154 2651 hic
2176 2626 2241 2660 pro
2264 2614 2403 2650 duabus

1321 2664 1340 2696 2
1389 2660 1551 2696 domibus
1571 2661 1685 2705 accipi
1707 2660 1822 2695 debet.
1870 2661 1958 2696 Item
1982 2661 2012 2695 si
2033 2660 2103 2695 duo
2123 2660 2281 2695 homines
2301 2660 2404 2694 binas

1321 2705 1426 2741 aedes
1451 2716 1654 2741 communes
1673 2706 1880 2748 habeamus,
1900 2706 2003 2741 simul
2022 2705 2194 2740 tradendo
2214 2704 2306 2740 idem
2326 2704 2402 2739 effi-

1321 2761 1400 2786 cere
1423 2761 1630 2796 possumus,
1655 2761 1698 2786 ac
1722 2751 1751 2786 si
1776 2761 1840 2796 ego
1864 2751 1961 2786 solus
1984 2750 2148 2795 proprias
2171 2750 2275 2784 binas
2299 2749 2403 2785 aedes

1320 2796 1497 2832 haberem.
1535 2796 1598 2831 sed
1622 2800 1658 2831 et
1675 2796 1706 2831 si
1725 2796 1914 2841 separatim
1933 2795 2193 2837 tradiderimus,
2217 2794 2309 2830 idem
2330 2794 2402 2836 fiet,

1320 2841 1372 2876 sic
1402 2845 1540 2883 tamen,
1572 2844 1613 2876 ut
1635 2841 1826 2876 novissima
1847 2840 1990 2875 traditio
2015 2840 2146 2875 efficiat
2169 2840 2274 2875 etiam
2322 2849 2399 2874 rae-

1322 2889 1340 2921 3
1389 2885 1569 2921 cedentem
1593 2886 1818 2921 traditionem
1843 2885 2036 2920 efficacem.
2073 2885 2110 2920 Si
2130 2890 2250 2920 tamen
2305 2888 2403 2919 terae

1320 2931 1424 2966 unius
1447 2931 1613 2976 propriae
1636 2931 1707 2966 sint
1729 2930 1847 2972 aedes,
1873 2931 2007 2965 alterae
2030 2940 2243 2971 communes,
2267 2929 2401 2964 neutris

1321 2976 1523 3011 servitutem
1547 2976 1603 3011 vel
1620 2975 1806 3021 adquirere
1823 2975 1878 3010 vel
1897 2975 1943 3010 im
1971 2985 2078 3010 onere
2097 2985 2153 3010 me
2172 2984 2278 3020 posse
2294 2974 2400 3009 Pom-

1321 3023 1365 3055 3a
1412 3021 1540 3073 ponius
1571 3021 1661 3055 libro
1693 3024 1819 3055 octavo
1853 3030 1897 3056 ex
1955 3020 2061 3055 abino
2094 3020 2244 3064 scripsit.
2293 3018 2330 3054 Si
2364 3019 2400 3054 in

1319 3065 1520 3101 venditione
1542 3065 1620 3110 quis
1643 3065 1771 3100 dixerit
1794 3075 1914 3100 servas
1937 3064 2014 3100 fore
2038 3064 2143 3100 aedes
2168 3074 2256 3110 quas
2280 3063 2399 3099 vendi-

1320 3109 1382 3152 dit,
1403 3120 1549 3145 necesse
1568 3120 1641 3145 non
1659 3110 1769 3145 habet
1787 3110 1916 3145 liberas
1936 3110 2095 3145 tradere:
2122 3119 2232 3161 quare
2252 3109 2306 3144 vel
2327 3109 2400 3144 suis

1320 3155 1466 3191 aedibus
1491 3165 1551 3191 eas
1575 3165 1694 3190 servas
1717 3155 1837 3191 facere
1860 3159 1979 3200 potest
1996 3154 2050 3189 vel
2070 3154 2185 3190 vicino
2206 3153 2400 3189 concedere

1319 3200 1539 3243 servitutem,
1573 3199 1708 3235 scilicet
1737 3204 1820 3235 ante
1851 3200 2086 3235 traditionem.
2122 3199 2228 3244 plane
2251 3198 2281 3233 si
2305 3198 2398 3234 Titio

1318 3255 1438 3280 servas
1463 3245 1541 3281 fore
1564 3244 1662 3288 dixit,
1687 3245 1716 3280 si
1741 3245 1882 3290 quidem
1906 3244 1999 3280 Titio
2024 3244 2227 3279 servitutem
2251 3253 2397 3278 conces-

1318 3290 1413 3332 serit,
1435 3289 1637 3325 absolutum
1657 3294 1727 3325 est:
1754 3290 1783 3325 si
1796 3300 1877 3325 vero
1890 3289 1949 3325 alii
1969 3288 2196 3331 concesserit,
2217 3299 2262 3323 ex
2280 3298 2334 3323 em
2363 3292 2397 3323 ω

1317 3335 1505 3370 tenebitur.
1538 3345 1561 3370 a
1584 3345 1653 3380 quo
1678 3345 1748 3370 non
1772 3335 1951 3377 abhorret,
1975 3333 2070 3379 quod
2092 3333 2284 3369 Marcellus
2297 3299 2397 3385 ‘ligi-'o

1317 3383 1418 3415 sexto
1443 3379 1656 3459 digrestorum
1680 3380 1821 3422 scribit,
1853 3379 1882 3415 si
1899 3379 1991 3432 ‘quis
2014 3378 2050 3414 in
2074 3377 2246 3414 tradendo
2271 3377 2399 3413 dixerit

1315 3423 1464 3459 fundum
1519 3424 1582 3460 itio
1606 3425 1747 3466 servire,
1773 3435 1853 3460 cum
1877 3434 1909 3460 ei
1932 3434 2003 3459 non
2027 3423 2191 3466 serviret,
2217 3426 2311 3459 esset
2333 3431 2397 3457 au-

171 3465 276 3501 ficia‘
306 3465 445 3501 urbana
474 3464 614 3510 quidem
645 3465 790 3510 praedia
823 3467 1059 3511 appellamus:
1093 3473 1247 3504 ceterum
1316 3474 1388 3505 tem
1411 3469 1588 3514 obligatus
1611 3469 1772 3505 venditor
1796 3468 1890 3504 Titio
1913 3468 1961 3504 ad
1984 3468 2187 3504 servitutem
2211 3470 2396 3513 praestan·

173 3579 212 3618 (ι)
237 3588 272 3610 ιο
280 3578 341 3611 ine.
449 3578 493 3620 (²)
514 3574 683 3621 βουλειΡ,
691 3579 808 3620 βουαν
819 3579 860 3612 Ρ.
867 3597 912 3603 -—
920 3581 963 3613 Id
971 3589 1017 3614 est
1026 3593 1038 3613 .·
1055 3581 1183 3614 Lucius
1193 3581 1251 3614 Ti-

171 3622 240 3655 tius
249 3621 336 3655 Gaio
345 3621 422 3655 Seio
430 3621 528 3655 fratri
536 3621 677 3655 salutem
685 3622 873 3666 plurimam.
897 3627 1022 3667 Aquae,
1033 3636 1119 3667 quae
1128 3626 1206 3659 fluit
1214 3626 1250 3659 in

171 3666 281 3699 lacum
297 3677 318 3699 a
326 3670 422 3710 patre
429 3677 503 3701 meo
513 3666 637 3700 fuctum
646 3668 683 3700 in
693 3668 827 3708 isthmo,
839 3667 984 3711 digitum
1002 3670 1067 3702 tibi
1085 3671 1128 3703 do
1144 3671 1248 3704 dono—

172 3711 281 3752 quein
293 3711 427 3745 domum
436 3714 528 3746 tunm
538 3712 575 3745 in
583 3712 707 3746 isthmo
715 3713 767 3746 vel
776 3723 976 3756 quocunque
985 3714 1078 3748 velis.

1367 3583 1410 3623 (3)
1434 3582 1599 3621 Ed.2...⁶;
1615 3581 1845 3619 Sab.1.e...¹e;
1864 3579 1948 3622 Pap.
1962 3587 2113 3615 17.is.-
2132 3581 2308 3620 Bas.58,⁴

1320 3628 1363 3668 (4)
1391 3627 1575 3665 §1-Ime.
1585 3627 1616 3666 2,
1627 3633 1681 3669 ³,3
1752 3627 1795 3668 (5)
1820 3624 2070 3667 inoppidisine.
2137 3627 2180 3667 (θ)
2205 3625 2402 3658 servitemF

1319 3673 1363 3713 (7)
1387 3671 1560 3704 vendendo
1569 3670 1622 3704 Γ*
