2528 3918
50 645 53 647 Α
277 639 338 664 11111

47 695 51 697 -
115 641 355 712 &ganam
387 684 472 716 nos,
508 677 550 709 ut
580 684 645 719 per
676 673 786 709 denos
819 673 893 708 dies
925 683 988 718 ego
1021 673 1054 709 ei
1086 677 1121 709 et
1143 672 1203 709 ille

112 113 276 145 ί1111113111

69 269 70 272 ¹
117 233 190 260 rem
213 222 278 258 tibi
301 220 560 275 inspiciendam
581 220 663 274 dedi
687 223 723 255 et
746 219 844 273 dicas
866 222 901 272 te
920 219 1127 273 perdidisse,
1152 219 1203 272 ita

64 298 73 302 ,.
117 269 257 305 demum
287 268 374 302 1111111
403 269 634 320 praescnptls
665 266 783 302 verbis
819 268 913 301 act1o
951 268 1136 311 competit,
1173 275 1202 300 sl

116 315 272 360 ignorem
296 313 359 348 ubi
382 315 447 348 s1t:
480 321 563 346 nam
596 311 627 347 si
658 311 744 346 mihi
774 311 908 356 liqueat
933 311 1030 356 apud
1053 314 1089 346 te
1112 320 1201 353 esse,

116 359 201 395 furti
232 368 337 404 agere
359 367 505 403 possum
527 356 583 392 vel
607 356 796 392 condicere
817 356 873 391 vel
897 356 944 391 ad
966 355 1203 392 exhibendum

47 407 61 438 ,Τ
116 414 230 450 agere.
266 402 462 439 secundum
484 402 585 443 haec,
610 402 641 437 si
665 402 723 437 cui
744 402 799 437 ins
826 400 1003 437 iciendum
1027 401 1107 437 dedi
1130 401 1204 436 sive

115 449 225 496 ipsius
250 447 455 485 causasssive
478 446 674 493 utriusque,
699 450 735 482 et
758 447 802 482 do
818 457 878 481 um
903 450 938 482 et
958 447 1099 492 culpam
1118 446 1204 481 mihi

50 503 56 522 1
115 493 366 541 praestandam
389 502 467 528 esse
491 492 570 528 dico
594 495 741 538 propter
763 491 972 535 utilitatem,
1005 491 1203 538 periculum

48 560 51 563 Δ
114 551 203 576 non:
235 539 267 575 si
288 549 370 574 vero
396 537 465 573 mei
490 537 676 573 dumtaxat
699 547 809 573 causa
832 537 954 572 datum
979 541 1052 580 est,
1084 537 1203 573 dolum

115 589 135 622 3
182 584 314 627 solum,
375 584 434 619 uia
467 593 581 629 prope
616 583 814 628 depositum
849 582 919 618 hoc
954 583 1104 618 accedit.
1153 582 1201 625 Si,

394 638 494 665 ovem
524 629 694 665 haberem
725 632 760 664 et
790 627 927 664 vicinus
959 639 1088 671 unum,
1124 628 1201 674 pla-

113 721 199 757 mihi
221 720 345 757 bovem
366 718 681 762 commodaremus,
705 722 746 754 ut
767 729 857 764 opus
876 718 1024 762 faceret,
1049 722 1085 755 et
1105 717 1202 764 apud

114 767 264 803 alterum
295 765 362 801 bos
393 765 515 810 periit,
552 763 767 801 commodati
797 774 870 800 non
902 764 1072 810 competit
1095 763 1202 806 actio,

114 812 198 858 quia
220 822 293 846 non
315 810 385 846 fuit
406 809 599 855 gratuitum
632 809 913 851 commodatum,
946 820 1069 845 verum
1097 819 1201 855 prae-

49 868 57 876 ²
113 861 135 893 4
180 856 321 902 scriptis
345 856 460 892 verbis
485 855 661 900 agendum
685 859 750 891 est.
799 854 854 898 Si,
880 866 961 890 cum
984 855 1070 890 mihi
1093 854 1200 890 vesti-

113 905 232 938 menta
254 901 442 944 venderes,
466 911 657 946 rogavero,
682 903 724 935 ut
747 910 789 936 ea
813 910 834 935 a
860 900 909 935 ud
932 911 988 936 me
1011 900 1202 953 relinquas,

113 951 155 983 ut
188 946 415 993 peritioribus
447 946 687 989 ostenderem,
723 957 807 982 mox
867 956 930 980 aec
964 946 1136 991 periermt
1169 945 1203 981 vi

112 993 202 1039 ignis
226 994 290 1028 aut
313 992 383 1028 alia
405 992 549 1035 maiore,
574 991 769 1036 periculum
792 1001 849 1026 me
872 991 1014 1026 minime
1038 993 1199 1037 praesta-

112 1042 250 1074 turum:
275 1047 319 1073 ex
365 1047 412 1073 uo
437 1041 588 1089 apparet
610 1037 733 1082 utique
757 1036 957 1072 custodiam
980 1037 1026 1072 ad
1045 1047 1102 1072 me
1120 1046 1201 1082 per-

113 1087 132 1120 5
179 1083 302 1119 tinere.
376 1082 389 1118 i
420 1083 521 1128 qms¹
552 1082 755 1128 sponsionis
791 1092 901 1117 causa
935 1082 1062 1118 anulos
1098 1091 1201 1118 acce-

111 1128 204 1176 perit
226 1139 293 1164 nec
315 1127 455 1163 reddit²
478 1127 622 1171 victori,
653 1127 883 1173 praescriptis
907 1127 1023 1163 verbis
1048 1127 1142 1163 actio
1165 1127 1202 1162 in

113 1185 193 1211 eum
225 1173 411 1219 competit:
444 1182 511 1209 nec
543 1173 636 1209 enim
667 1172 871 1219 recipienda
896 1176 950 1209 est
974 1173 1098 1208 Sabini
1122 1172 1200 1218 opi-

111 1221 191 1263 nio,
251 1220 289 1255 ui
323 1218 463 1255 condici
495 1221 530 1254 et
560 1218 648 1254 furti
679 1218 737 1271 agi
767 1228 811 1253 ex
841 1218 910 1254 hac
943 1228 1053 1254 causa
1076 1221 1200 1264 putat:

111 1231 406 1319 quemaffimodum
430 1264 522 1300 enim
545 1264 598 1299 rei
620 1274 773 1307 nomme,
800 1264 900 1299 cuius
924 1273 1040 1310 neque
1059 1273 1200 1310 posses-

110 1321 247 1348 sionem
277 1320 392 1355 neque
423 1309 617 1345 dominium
648 1309 763 1345 victor
793 1309 937 1349 habuit.
974 1312 1055 1354 aget
1088 1308 1201 1344 furti?

109 1357 217 1438 {lane
241 1355 271 1391 si
301 1355 491 1391 inhonesta
523 1365 633 1390 causa
664 1354 865 1400 sponsionis
897 1354 984 1398 fuit,
1018 1354 1074 1390 sui
1105 1353 1202 1389 anuli

135 1404 298 1438 umtaxat
319 1400 485 1446 repetitio
510 1400 587 1436 erit.

163 1444 212 1485 18
237 1446 348 1482 IDEM
373 1445 465 1482 libro
490 1446 672 1492 triqesz'mo
696 1445 747 1481 ad
768 1445 922 1482 edictum
970 1444 1008 1480 Si
1039 1444 1135 1490 apud
1166 1447 1203 1480 te

110 1492 298 1540 pecuniam
329 1491 569 1536 deposuerim,
602 1494 644 1526 ut
675 1491 779 1527 dares
811 1491 924 1534 Titio,
957 1490 987 1527 si
1017 1490 1202 1535 fugitivum

110 1549 227 1574 meum
250 1536 470 1579 reduxisset,
501 1546 569 1572 nec
593 1535 749 1580 dederis,
798 1536 859 1572 uia
882 1547 956 1572 non
978 1535 1138 1571 reduxit:
1172 1535 1203 1571 si

109 1583 298 1630 pecuniam
327 1581 413 1617 mihi
443 1592 516 1617 non
546 1581 696 1625 reddas,
728 1592 783 1618 me
797 1582 853 1618 ius
886 1585 940 1617 est
969 1581 1201 1627 praescriptis

109 1629 226 1666 verbis
250 1638 371 1673 agere:
404 1638 478 1663 non
502 1627 596 1663 enim
619 1627 724 1664 ambo
748 1627 937 1674 pecuniam
961 1638 1025 1672 ego
1050 1629 1086 1662 et
1108 1626 1200 1672 fugi-

109 1674 256 1756 givarius
288 1672 536 1719 deposuimus,
570 1676 612 1708 ut
643 1673 746 1718 quasi
775 1673 872 1719 apud
903 1675 1124 1718 sequestrem
1156 1671 1202 1707 sit

134 1730 152 1756 e
179 1720 321 1756 ositum.

184 1763 209 1804 9
234 1764 342 1800 IDEM
367 1763 458 1800 libro
491 1764 673 1811 triqesz‘mo
697 1764 822 1810 primo
854 1763 904 1799 ad
926 1762 1080 1799 edictum
1127 1761 1200 1798 Ro-

108 1811 201 1858 gasti
223 1821 298 1853 me,
329 1812 370 1845 ut
392 1809 459 1844 tibi
481 1819 644 1845 nummos
675 1811 818 1845 mutuos
850 1808 989 1844 darem:
1023 1818 1086 1853 ego
1121 1818 1202 1843 cum

109 1868 182 1893 non
205 1857 392 1898 haberem,
425 1854 507 1890 dedi
537 1854 603 1890 tibi
632 1864 707 1890 rem
738 1853 979 1897 vendendam,
1011 1857 1052 1888 ut
1082 1853 1198 1898 pretio

109 1902 271 1938 utereris.
307 1901 338 1936 si
362 1910 435 1936 non
457 1899 647 1935 vendidisti
670 1903 734 1935 aut
751 1899 941 1935 vendidisti
960 1898 1113 1951 quidem,
1138 1908 1200 1943 pe-

109 1947 251 1984 cuniam
274 1950 394 1982 autem
417 1955 490 1981 non
515 1945 686 1990 accepisti
708 1948 886 1988 mutuam,
918 1947 1031 1980 tutius
1063 1946 1118 1979 est
1149 1943 1202 1978 ita

109 2003 224 2040 agere,
249 1995 290 2028 ut
311 1991 435 2027 Labeo
460 1990 529 2034 ait,
553 1990 784 2036 praescriptis
807 1990 943 2034 verbis,
968 1989 1071 2035 quasi
1094 1999 1200 2034 nego-

111 2043 126 2075 1
176 2039 226 2074 tio
251 2036 406 2084 quodam
428 2035 521 2071 inter
543 2047 609 2072 nos
632 2040 732 2082 gesto
777 2035 886 2081 roprii
907 2037 1125 2071 contractus.
1163 2033 1201 2069 Si

108 2084 292 2131 praedium
326 2093 391 2128 pro
422 2085 459 2117 te
490 2081 710 2126 obligavero,
744 2047 872 2117 ‹feinde
902 2080 1078 2127 placuerit
1107 2079 1201 2115 inter

108 2141 186 2173 nos,
211 2133 252 2165 ut
274 2128 361 2164 mihi
382 2127 626 2163 fideiussorem
649 2130 864 2172 praestares,
889 2137 956 2162 nec
975 2126 1101 2169 facias,
1124 2135 1197 2161 me-

108 2176 176 2212 lius
212 2185 291 2210 esse
325 2173 404 2210 dico
439 2173 671 2219 praescriptis
703 2173 820 2208 verbis
852 2172 927 2217 agi,
964 2171 1033 2207 nisi
1066 2180 1201 2206 merces

108 2220 314 2257 intervenit:
335 2229 420 2254 nam
439 2218 470 2254 si
488 2218 687 2261 intervenit,
709 2229 753 2254 ex
772 2218 891 2253 locato
913 2227 991 2253 esse
1010 2216 1199 2252 actionem.

154 2264 208 2304 20
232 2265 341 2301 IDEM
356 2264 447 2300 libro
468 2264 652 2310 tre‘qese'mo
669 2263 827 2299 secundo
840 2263 890 2299 ad
900 2262 1054 2299 edictum
1090 2261 1200 2307 Apud

108 2312 314 2348 Labeonem
338 2309 539 2355 quaeritur,
572 2309 601 2344 si
625 2309 690 2344 tibi
715 2319 825 2354 equos
848 2308 991 2344 venales
1016 2308 1200 2352 experien-

109 2358 174 2393 dos
201 2356 344 2398 dedero,
369 2358 427 2397 ut,
453 2355 484 2390 si
507 2355 544 2390 in
567 2354 685 2390 triduo
711 2354 992 2407 displicuissent,
1017 2352 1196 2395 redderes,

108 2407 219 2449 tuque
250 2401 410 2437 desultor
440 2400 478 2435 in
507 2400 563 2435 his
596 2410 797 2435 cucurreris
830 2403 865 2435 et
897 2398 1037 2441 viceris,
1075 2397 1201 2433 deinde

110 2458 226 2485 emere
258 2446 430 2489 nolueris,
463 2453 510 2481 an
535 2445 581 2481 sit
605 2445 775 2481 adversus
798 2448 835 2480 te
859 2455 903 2480 ex
925 2444 1067 2480 vendito
1093 2443 1199 2479 actio.

109 2497 145 2530 et
167 2496 254 2539 puto
279 2492 395 2528 verius
415 2502 494 2528 esse
513 2490 743 2536 praescriptis
761 2490 878 2526 verbis
899 2489 1092 2535 agendum:
1117 2499 1200 2524 nam

109 2540 202 2575 inter
237 2548 303 2574 nos
337 2537 408 2573 hoc
443 2540 582 2579 actum,
617 2540 657 2571 ut
693 2536 971 2581 experimentum
1005 2534 1200 2580 gratuitum

114 2589 127 2620 1
178 2584 370 2629 acciperes,
394 2593 467 2618 non
491 2585 531 2617 ut
555 2581 661 2617 etiam
681 2585 848 2616 certares.
896 2581 986 2616 Item
1006 2579 1102 2625 apud
1122 2580 1199 2615 Me-

109 2631 180 2666 lam
205 2629 396 2674 quaeritur,
421 2628 452 2663 si
475 2627 614 2663 mulas³
637 2627 703 2662 tibi
727 2626 856 2662 dedero
877 2630 918 2661 ut
938 2625 1132 2671 experiaris
1153 2628 1199 2668 et,

109 2676 140 2712 si
170 2675 407 2721 placuissent,
440 2683 592 2713 emeres,
625 2673 655 2707 si
686 2671 967 2717 displicuissent,
1000 2674 1041 2706 ut
1063 2671 1100 2706 in
1124 2670 1199 2706 dies

110 2721 265 2766 singulos
289 2718 422 2771 aliquid
445 2721 666 2799 praestares,
699 2717 826 2753 deinde
855 2717 974 2752 mulae
1005 2727 1028 2752 a
1057 2726 1198 2761 grassa-

110 2766 247 2802 toribus
271 2764 405 2800 fuermt
427 2774 449 2800 a
474 2764 569 2799 latae
599 2763 695 2798 intra
726 2763 802 2798 dies
833 2762 1083 2807 experimenti,
1116 2761 1200 2807 quid

111 2814 205 2848 esset
234 2810 508 2856 praestandum,
544 2812 664 2844 utrum
697 2808 853 2854 pretium
888 2810 924 2843 et
958 2807 1116 2843 merces⁴
1153 2817 1200 2842 an

110 2868 244 2893 merces
268 2859 419 2891 tantum.
457 2858 492 2890 et
515 2855 565 2889 ait
588 2854 685 2890 Mela
707 2854 898 2896 interesse,
923 2857 1043 2888 utrum
1067 2852 1199 2904 emptio

109 2904 181 2938 iam
205 2905 281 2938 erat
305 2904 492 2937 contracta
516 2910 563 2934 an
585 2899 726 2942 futura,
750 2902 802 2942 ut,
827 2899 880 2934 si⁵
903 2898 1021 2941 facta,
1045 2901 1200 2943 pretium

137 2951 265 2990 etatur,
292 2947 323 2982 si
345 2946 479 2988 futura,
504 2955 639 2980 merces
662 2948 824 2990 petatur:
850 2943 913 2979 sed
937 2955 1009 2979 non
1033 2943 1200 2989 exprimit

110 2960 156 3029 ge
179 2992 392 3029 actionibus.
429 2994 516 3037 puto
542 2994 680 3032 autem,
713 2990 743 3025 si
773 2989 915 3035 quidem
948 2988 1110 3035 perfecta
1132 2987 1200 3023 fuit

111 3039 253 3084 emptio,
279 3040 479 3083 competere
504 3047 547 3072 ex
569 3036 711 3071 vendito
736 3035 923 3078 actionem,
949 3034 980 3070 si
1001 3044 1085 3070 vero
1110 3044 1199 3069 non-

111 3084 194 3120 dum
216 3082 376 3130 perfecta
399 3085 510 3125 esset,
537 3081 713 3117 actionem
735 3080 843 3116 talem
868 3080 1008 3126 qualem
1031 3079 1200 3115 adversus

112 3133 131 3164 2
180 3129 393 3164 desultorem
417 3127 504 3163 dari.
554 3126 602 3170 Si,
628 3137 709 3162 cum
733 3135 849 3161 emere
872 3128 1057 3171 argentum
1080 3125 1199 3167 velles,

110 3174 330 3210 vascularius
355 3173 401 3208 ad
424 3177 460 3208 te
483 3172 648 3208 detulerit
672 3175 707 3207 et
729 3171 912 3216 reliquerit
935 3174 990 3213 et,
1023 3181 1104 3206 cum
1128 3170 1198 3205 dis-

111 3219 295 3265 plicuisset
323 3218 408 3262 tibi,
440 3228 541 3254 servo
573 3220 636 3252 tuo
661 3216 887 3253 referendum
911 3216 1040 3252 dedisti
1063 3218 1100 3251 et
1123 3215 1200 3251 sine

113 3265 192 3301 dolo
216 3265 310 3300 malo
335 3267 371 3299 et
391 3264 498 3316 culpa
516 3267 580 3298 tua
594 3262 749 3308 perierit,
774 3262 965 3297 vascularii
989 3271 1066 3297 esse
1090 3261 1198 3296 detri-

112 3313 287 3352 mentum,
321 3309 404 3355 quia
434 3319 510 3344 exus
543 3318 685 3353 quoque
710 3317 819 3343 causa
842 3307 889 3343 sit
911 3307 1067 3342 missum.
1103 3309 1200 3342 certe

113 3356 254 3401 culpam
285 3365 425 3397 eorum,
457 3354 584 3399 quibus
617 3352 887 3389 custodiendum
910 3351 1200 3397 perferendumve

38 3392 49 3403 λ
113 3401 268 3443 dederis,
302 3403 487 3453 praestare
519 3402 556 3434 te
589 3401 752 3444 oportere
781 3397 905 3433 Labeo
938 3397 1006 3440 ait,
1042 3400 1078 3433 et
1111 3400 1198 3442 puto

113 3445 342 3491 praescriptls
364 3445 480 3481 verbis
504 3444 680 3480 actionem
703 3445 741 3478 in
763 3443 833 3478 hoc
857 3445 1069 3488 competere.

1195 93 1277 141 259

2137 98 2305 140 XVIIII
2336 101 2359 140 5

1319 217 1369 257 21
1403 218 1512 255 IDEM
1539 220 1630 256 libro
1665 221 1822 256 secundo
1858 221 2142 268 disputationum
2190 221 2361 267 Quotiens

1273 264 1393 300 deficit
1415 265 1509 301 actio
1523 265 1589 301 ‚vel
1609 266 1782 310 exceptio,
1808 267 1903 302 utilis
1923 267 2016 303 actio
2036 267 2091 302 vel
2111 268 2274 313 exceptio
2296 271 2360 303 est.

1319 307 1373 347 22
1401 311 1525 347 amos
1544 310 1635 346 libro
1659 310 1795 346 decimo
1820 312 1869 347 ad
1891 313 2044 348 edictum
2061 312 2290 359 provinciale
2325 312 2361 348 Si

1272 355 1338 391 tibi
1356 355 1523 401 polienda
1542 355 1796 391 sarciendave⁰
1815 357 2023 393 vestimenta
2043 358 2210 401 dederim,
2235 358 2265 394 si
2285 358 2360 404 qui-

1273 400 1351 436 dem
1373 402 1483 446 gratis
1506 401 1601 436 hanc
1625 410 1769 446 operam
1793 404 1828 436 te
1852 403 2085 448 suscipiente,
2117 403 2277 439 mandati
2309 407 2361 439 est

1272 446 1461 499 obligatio,
1485 447 1517 482 si
1538 457 1620 482 vero
1645 446 1808 482 mercede
1833 446 1917 482 data
1941 451 2004 482 aut
2028 449 2240 492 constituta,
2264 449 2360 485 loca-

1272 492 1378 528 tion1s
1402 490 1721 537 conductionisque
1744 492 1924 537 negotium
1946 493 2089 537 geritur.
2127 494 2221 540 quod
2246 494 2276 530 si
2299 504 2360 530 ne-

1273 547 1341 582 que
1372 537 1483 582 gratis
1514 537 1609 573 hanc
1641 547 1787 590 operam
1819 538 2017 582 susceperis
2050 550 2164 584 neque
2198 540 2361 585 protinus

1272 585 1335 618 aut
1359 583 1445 618 data
1468 586 1532 618 aut
1557 585 1753 619 constltuta
1776 582 1823 618 sit
1846 592 1993 626 merces,
2018 584 2081 619 sed
2100 595 2142 620 eo
2163 586 2281 621 animo
2299 596 2360 621 ne-

1270 628 1405 673 gotium
1428 631 1566 674 gestum
1588 627 1708 671 fuerit,
1732 631 1774 664 ut
1795 630 1922 674 postea
1945 631 2085 664 tantum
2104 631 2275 666 mercedis
2295 640 2360 666 no-

1271 673 1365 709 mine
1389 673 1545 717 daretur,
1570 676 1743 719 quantum
1766 673 1859 709 inter
1882 683 1948 709 nos
1968 677 2142 710 statutum
2162 676 2219 717 sit,
2244 676 2362 722 placet

1271 718 1374 764 quasi
1406 719 1450 755 de
1480 729 1572 755 novo
1604 719 1746 764 negotio
1770 718 1808 754 in
1830 717 1967 754 factum
1992 718 2147 755 dandum
2170 730 2247 757 esse
2270 721 2360 756 iudi-

1272 764 1375 807 cium,
1400 764 1437 799 id
1462 768 1518 800 est
1540 764 1772 810 praescriptis
1795 764 1922 799 verbis.

1318 807 1370 847 23
1396 810 1580 845 ALFENUS
1609 809 1700 846 libro
1726 810 1829 845 tertio
1854 809 1894 845 dz·
1919 812 2074 845 estorum
2099 821 2122 846 α
2146 810 2263 847 Paulo
2288 812 2362 859 epi-

1272 857 1488 891 tomatorum
1534 855 1616 891 Duo
1636 855 1830 891 secundum
1851 854 1894 890 Ti
1921 854 2007 890 erim
2027 865 2108 891 cum
2128 856 2362 900 ambularent,

1271 900 1362 936 alter
1385 910 1507 936 eorum
1531 900 1582 944 ei,
1617 900 1678 946 qui
1701 910 1822 937 secum
1847 900 2071 943 ambulabat,
2104 905 2249 947 rogatus
2274 913 2361 938 anu-

1271 946 1345 981 lum
1369 946 1545 989 ostendit,
1577 949 1618 980 ut
1640 946 1855 992 respiceret:
1886 946 1937 982 illi
1961 946 2092 982 excidit
2115 947 2243 982 anulus
2268 951 2303 982 et
2325 947 2362 982 in

1272 991 1429 1027 Tiberim
1463 990 1648 1027 devolutus
1679 995 1743 1027 est.
1781 991 1966 1037 respondit
1989 1001 2096 1037 posse
2119 992 2176 1036 agi
2208 1003 2289 1028 cum
2321 1002 2362 1028 eo

1270 1036 1308 1071 in
1330 1035 1469 1072 factum
1493 1036 1644 1073 actione.

1319 1079 1372 1119 24
1408 1084 1636 1118 AFRICANUS
1663 1081 1755 1118 libro
1788 1084 1913 1118 octavo
1948 1083 2198 1128 quaestionum
2246 1082 2362 1118 Titius

1271 1126 1481 1173 Sempronio
1506 1127 1652 1173 triginta
1676 1126 1773 1162 dedit
1795 1127 1963 1173 pactique
1987 1130 2089 1171 sunt,
2114 1130 2155 1163 ut
2179 1138 2223 1164 ex
2245 1127 2363 1163 reditu

1272 1173 1347 1209 eius
1371 1173 1546 1218 pecuniae
1570 1172 1751 1216 tributum,
1778 1172 1874 1218 quod
1893 1172 2008 1208 Titius
2028 1173 2184 1219 pendere
2209 1173 2363 1216 deberet,

1271 1217 1503 1264 Sempronius
1532 1221 1736 1272 praestaret
1761 1218 1975 1264 computatis
1999 1218 2118 1255 usuris
2142 1219 2360 1262 semissibus,

1271 1268 1476 1310 quantoque
1493 1274 1611 1300 minus
1631 1263 1847 1299 tributorum
1867 1263 2009 1300 nomine
2029 1264 2241 1310 praestitum
2259 1263 2364 1307 foret,

1271 1320 1379 1355 quam
1403 1319 1526 1345 earum
1556 1319 1746 1345 usurarum
1778 1309 1960 1355 quantitas
1993 1313 2104 1352 esset,
2136 1313 2178 1345 ut
2207 1309 2245 1345 id
2269 1309 2363 1345 Titio

1270 1355 1486 1398 restitueret,
1508 1355 1604 1401 quod
1623 1355 1775 1400 amplius
1795 1355 2007 1400 praestitum
2020 1358 2124 1398 esset,
2144 1355 2182 1391 id
2202 1365 2247 1391 ex
2268 1358 2364 1391 sorte

1271 1400 1476 1443 decederet,
1501 1403 1583 1444 aut,
1608 1400 1639 1436 si
1663 1404 1698 1436 et
1721 1403 1854 1436 sortem
1878 1403 1913 1436 et
1936 1410 2064 1436 usuras
2088 1411 2227 1437 summa
2249 1400 2362 1435 tribu-

1270 1449 1388 1482 torum
1413 1445 1634 1488 excessisset,
1659 1445 1696 1481 id
1720 1445 1816 1491 quod
1840 1445 1992 1491 amplius
2013 1449 2109 1481 esset
2128 1445 2243 1482 Titius
2264 1445 2363 1481 Sem-

1270 1491 1398 1544 pronio
1431 1494 1654 1544 praestaret:
1690 1501 1807 1536 neque
1842 1491 1886 1526 de
1921 1501 1963 1526 ea
1997 1502 2036 1527 re
2070 1491 2144 1527 ulla
2179 1491 2363 1537 stipulatio

1270 1540 1481 1582 interposita
1507 1540 1572 1572 est.
1610 1536 1727 1572 Titius
1753 1536 1982 1580 consulebat,
2013 1536 2050 1572 id
2082 1536 2178 1582 quod
2210 1537 2362 1582 amplius

1272 1592 1315 1618 ex
1348 1582 1467 1618 usuris
1500 1581 1731 1635 Sempronius
1762 1581 1975 1627 redeg1sset‚
2008 1592 2116 1628 quam
2147 1582 2363 1618 tributorum

1270 1627 1414 1663 nomine
1432 1628 1683 1673 maestius-set,
1708 1637 1780 1673 qua
1799 1627 1941 1663 actione
1960 1627 2005 1662 ab
2026 1637 2068 1663 eo
2087 1627 2258 1673 consequi
2277 1638 2362 1673 pos-

1272 1673 1328 1709 sit.
1365 1683 1422 1708 res
1450 1672 1550 1709 ondit
1572 1673 1747 1718 pecuniae
1770 1672 1912 1718 quidem
1945 1672 2102 1708 creditae
2133 1683 2263 1708 usuras
2294 1673 2363 1708 nisi

1270 1717 1308 1753 in
1332 1718 1401 1764 stip
1441 1718 1596 1754 ationem
1620 1717 1792 1754 deductas
1816 1728 1889 1754 non
1914 1717 2051 1754 deberi:
2076 1729 2198 1754 verum
2221 1719 2259 1754 in
2279 1729 2362 1764 pro-

1271 1764 1387 1809 posito
1419 1763 1627 1807 videndum,
1660 1774 1705 1800 ne
1729 1774 1802 1799 non
1827 1767 1901 1799 tam
1924 1763 2109 1799 faenerata
2132 1763 2286 1809 pecunia
2307 1763 2361 1799 in-

1271 1809 1388 1854 tellegi
1414 1809 1561 1852 debeat,
1586 1819 1694 1854 quam
1718 1809 1820 1854 quasi
1843 1808 2052 1844 mandatum
2074 1809 2168 1845 inter
2192 1819 2252 1845 eos
2277 1819 2362 1845 con-

1270 1858 1438 1897 tractum,
1458 1854 1527 1889 nisi
1547 1854 1643 1900 quod
1660 1854 1757 1890 ultra
1776 1854 1958 1890 semissem
1980 1858 2238 1890 consecuturus
2252 1858 2361 1890 esset:

1271 1899 1334 1935 sed
1358 1910 1402 1935 ne
1425 1899 1537 1952 ipsius
1563 1899 1705 1945 quidem
1729 1899 1835 1935 sortis
1858 1899 2065 1945 petitionem
2088 1900 2262 1945 pecuniae
2286 1910 2362 1935 cre—

1271 1944 1367 1980 ditae
1390 1944 1520 1988 fuisse,
1553 1945 1716 1990 quando,
1750 1944 1781 1980 si
1805 1944 2033 1990 Sempronius
2065 1954 2144 1980 eam
2175 1944 2364 1990 pecuniam

1271 1990 1348 2026 sine
1380 1990 1461 2026 dolo
1494 1991 1589 2026 malo
1613 1990 1669 2026 vel
1693 1989 1869 2026 amisisset
1891 1990 1948 2026 vel
1970 1991 2144 2026 vacuam⁷
2167 1990 2363 2033 habuisset,

1272 2035 1462 2071 dicendum
1492 2035 1580 2071 nihil
1611 2046 1692 2072 eum
1727 2046 1770 2071 eo
1803 2035 1946 2071 nomine
2002 2039 2162 2071 raestare
2185 2035 2361 2072 debuisse.

1271 2082 1407 2126 quare⁸
1430 2081 1542 2116 tutius
1568 2091 1646 2117 esse
1669 2081 1900 2127 praescriptis
1924 2091 1985 2116 ver
2010 2082 2041 2116 is
2064 2081 2102 2116 in
2133 2080 2270 2117 factum
2302 2091 2362 2117 ac-

1271 2127 1403 2162 tionem
1428 2126 1524 2169 dari,
1557 2126 1770 2172 praesertim
1795 2137 1876 2162 cum
1898 2126 1987 2162 illud
2011 2137 2151 2172 quoque
2176 2127 2361 2162 convenis-

1271 2175 1336 2215 set,
1361 2175 1402 2207 ut
1426 2172 1522 2218 quod
1545 2172 1696 2218 amplius
1720 2172 1930 2218 praestitum
1954 2175 2060 2215 esset,
2085 2183 2191 2225 quam
2214 2182 2259 2207 ex
2277 2183 2362 2208 usu-

1272 2217 1321 2253 ris
1346 2217 1583 2263 redigeretur,
1616 2217 1704 2253 sorti
1728 2217 1932 2264 decederet:
1965 2217 2062 2263 quod
2092 2228 2210 2263 1psum
2242 2218 2297 2253 ius
2329 2221 2362 2253 et

1272 2273 1418 2298 causam
1441 2263 1614 2308 pecuniae
1639 2263 1796 2298 creditae
1821 2263 1981 2298 excedat.

1317 2306 1370 2345 25
1395 2307 1634 2346 Malacam
1662 2308 1753 2344 libro
1778 2309 1883 2344 tertio
1907 2319 1947 2343 re
1974 2308 2117 2344 alarum
2165 2307 2203 2343 Si
2234 2318 2362 2353 operas

1269 2353 1415 2389 fabriles
1440 2354 1544 2399 quis⁹
1568 2354 1660 2389 servi
1683 2354 1759 2389 vice
1783 2357 1906 2389 mutua
1962 2353 2111 2396 edisset,
2144 2356 2185 2389 ut
2215 2353 2360 2389 totidem

1269 2399 1454 2444 reciperet,
1478 2409 1585 2444 posse
1608 2409 1689 2434 eum
1713 2399 1943 2444 praescriptis
1967 2399 2083 2434 verbis
2108 2409 2231 2444 agere,
2256 2399 2361 2435 sicuti

1270 2445 1300 2480 si
1323 2445 1498 2490 paenulas
1523 2444 1698 2487 dedisset,
1730 2448 1771 2479 ut
1794 2444 1937 2479 tunicas
1961 2444 2160 2489 acciperet:
2194 2453 2260 2479 nec
2286 2454 2362 2479 esse

1269 2490 1338 2525 hoc
1372 2490 1608 2533 contrarium,
1641 2490 1755 2535 quod,
1788 2490 1819 2524 si
1841 2500 1907 2535 per
1930 2499 2085 2524 errorem
2110 2499 2240 2535 operae
2261 2489 2361 2525 inde-

1268 2535 1364 2571 bitae
1384 2535 1491 2571 datae
1510 2539 1604 2579 sunt,
1624 2535 1724 2580 ipsae
1741 2535 1855 2580 repeti
1874 2546 1947 2570 non
1964 2537 2127 2580 possunt.
2161 2545 2245 2570 nam
2265 2534 2361 2570 aliud

1269 2581 1398 2624 dando,
1422 2584 1464 2616 ut
1487 2581 1585 2616 aliud
1608 2581 1796 2623 reddatur,
1822 2580 1970 2625 obligari
1993 2580 2071 2615 iure
2093 2580 2251 2625 gentium
2275 2590 2359 2625 pos-

1268 2637 1410 2662 sumus:
1445 2626 1541 2671 quod
1565 2629 1684 2661 autem
1708 2626 1904 2661 indebitum
1928 2625 2050 2668 datur,
2076 2629 2140 2660 aut
2163 2625 2281 2671 ipsum
2305 2635 2360 2660 re-

1267 2671 1342 2717 peti
1366 2671 1470 2707 debet
1494 2675 1558 2707 aut
1581 2671 1792 2706 tantundem
1817 2681 1860 2706 ex
1884 2670 2007 2706 eodem
2030 2681 2178 2716 genere,
2209 2681 2360 2716 quorum

1268 2720 1395 2753 neutro
1420 2716 1526 2753 modo
1551 2727 1680 2762 operae
1702 2716 1815 2762 repeti
1839 2719 2001 2761 possunt.

1871 2762 1878 2769 '
1990 2762 2081 2797 rimo
2113 2761 2163 2796 ad
2185 2760 2360 2797 Sabinum

1997 2807 2004 2814 '
2025 2806 2191 2842 redderes
2203 2807 2242 2848 ¹⁰,
2264 2816 2359 2841 com-

1315 2760 1368 2800 26
1394 2762 1624 2798 ΡοΜΡοΜσε
1644 2762 1736 2798 libro
1767 2763 1932 2797 viceszmo

1269 2807 1307 2843 Si
1327 2807 1393 2843 tibi
1413 2808 1568 2854 scyphos
1589 2807 1681 2850 dedi,
1700 2810 1741 2842 ut
1763 2806 1903 2842 eosdem

1268 2853 1402 2889 modati
1414 2854 1508 2888 actio
1530 2856 1602 2888 est:
1623 2853 1665 2895 si,
1685 2856 1727 2887 ut
1744 2852 1885 2897 pondus
1903 2852 2040 2898 argenti
2058 2851 2226 2887 redderes
2246 2861 2358 2896 quan-

1267 2902 1344 2934 tum
1366 2898 1404 2933 in
1434 2898 1504 2933 illis
1537 2901 1650 2940 esset,
1681 2897 1855 2932 tantidem
1878 2897 2045 2942 ponderis
2069 2897 2193 2942 petitio
2219 2900 2274 2932 est
2296 2907 2360 2942 per

1269 2944 1445 2979 actionem
1467 2943 1625 2989 praescri
1652 2943 1697 2978 tis
1721 2942 1848 2985 verbis,
1872 2946 1946 2978 tam
1964 2942 2051 2978 boni
2069 2947 2190 2978 tamen
2211 2942 2358 2987 argenti,

1269 2999 1375 3035 quam
1397 2988 1448 3024 illi
1471 2988 1597 3034 scyphi
1636 2991 1783 3024 uerunt:
1816 2988 1880 3024 sed
1910 2988 1940 3024 si
1973 2991 2014 3024 ut
2036 2988 2092 3024 vel
2114 2988 2181 3023 hos
2205 2988 2358 3032 scyphos

1268 3035 1323 3070 vel
1346 3038 1388 3069 ut
1419 3034 1575 3069 eiusdem
1606 3033 1773 3078 ponderis
1805 3037 1991 3079 argentum
2024 3033 2148 3076 dares,
2181 3032 2357 3074 convenit,

1269 3079 1457 3115 dicendum
1488 3082 1560 3122 est,
1585 3079 1644 3114 *si
1675 3078 1815 3124 quidem
1845 3082 1909 3114 tua
1941 3082 1995 3114 est
2026 3078 2171 3120 electio,
2204 3078 2357 3124 scyphos

1269 3125 1419 3161 *statim
1449 3127 1532 3160 tuos
1564 3123 1642 3159 fieri
1673 3127 1709 3159 et
1738 3127 1775 3160 te
1805 3124 1891 3159 mihi
1922 3124 2009 3159 dare
2033 3127 2096 3159 aut
2119 3123 2271 3169 scyphos
2295 3125 2358 3157 aut

1268 3171 1483 3215 *argentum
1505 3172 1624 3205 utrum
1648 3169 1768 3205 malis:
1793 3169 1889 3215 quod
1912 3170 1942 3205 si
1966 3169 2052 3204 mihi
2075 3169 2282 3214 permissum
2303 3170 2358 3202 est

1268 3215 1442 3260 *eligere,
1475 3214 1600 3260 scyphi
1630 3214 1683 3250 tui
1713 3225 1786 3256 non
1816 3214 1904 3250 fient
1934 3218 2125 3260 antequam
2155 3213 2275 3248 dixero
2299 3222 2356 3247 me

1271 3264 1285 3295 1
1336 3262 1426 3296 *eos
1461 3260 1593 3295 habere
1627 3260 1732 3295 nolle.
1791 3260 1895 3304 Quod
1928 3259 2090 3295 kalendis
2128 3257 2314 3301 [Ianuariis
2323 3257 2354 3298 ἲ]

1268 3306 1374 3341 *dari
1397 3305 1488 3340 solet
1518 3304 1664 3341 medicis
1696 3308 1732 3341 et
1783 3305 1978 3347 scaenicis,
2014 3315 2086 3339 non
2118 3307 2171 3339 est
2202 3312 2353 3337 merces:

1268 3351 1418 3396 *itaque
1449 3350 1479 3385 si
1510 3349 1596 3395 quid
1626 3350 1663 3385 in
1686 3350 1785 3386 hisce
1808 3350 2010 3386 ministeriis
2033 3350 2135 3384 aliter
2158 3348 2222 3382 fiat
2246 3357 2353 3392 quam

1268 3395 1480 3476 *ffnveflit’
1513 3406 1585 3431 non
1617 3405 1661 3431 ex
1690 3396 1828 3439 locato,
1861 3395 1924 3432 sed
1954 3396 1991 3430 in
2013 3394 2148 3430 factum
2172 3392 2265 3428 actio
2290 3391 2352 3426 da-

1269 3443 1288 3464 *
1322 3441 1395 3476 itur
1438 3467 1447 3476 .

112 3523 153 3603 (ι)
180 3559 239 3603 qui
250 3559 285 3592 F

380 3559 423 3600 (2)
448 3558 531 3591 victi
543 3559 603 3592 ins.
617 3558 788 3592 secundum
801 3558 837 3591 B
941 3558 982 3599 (3)
1008 3556 1132 3589 mulam
1144 3555 1197 3589 F²

114 3607 157 3648 (4)
182 3608 216 3638 et
227 3615 352 3637 merces
364 3605 425 3637 del.
553 3604 596 3646 (5)
622 3603 668 3636 sit
678 3605 738 3637 ins.
880 3602 925 3646 (6)
950 3602 1158 3635 sarcientave
1170 3601 1205 3634 F

115 3650 158 3693 (7)
183 3660 324 3692 vaquam
336 3649 370 3682 F
442 3649 486 3691 (8)
511 3659 596 3690 quae
607 3649 642 3682 F
713 3649 757 3691 (9)
783 3648 888 3690 (1111ΙῖΙ
959 3647 1019 3689 (10)
1043 3647 1161 3680 reddes
1172 3647 1206 3679 F

1269 3556 1322 3597 (11)
1349 3562 1424 3589 ante
1435 3554 1614 3588 dicendum
1627 3557 1678 3588 est
1690 3556 1749 3589 ins.
1764 3554 1854 3587 idem
1866 3554 1900 3586 F
1904 3553 1935 3585 ²:
1951 3565 2034 3596 quae
2045 3557 2221 3594 sequuntur
2233 3549 2352 3582 omissa

1270 3602 1303 3634 in
1316 3601 1350 3633 F
1355 3601 1546 3644 supplentur
1556 3602 1729 3635 secundum
1741 3601 1778 3633 B

2011 3786 2075 3819 33*
