<?xml version="1.0" encoding="UTF-8"?>
<!DOCTYPE html PUBLIC "-//W3C//DTD XHTML 1.0 Transitional//EN"
    "http://www.w3.org/TR/xhtml1/DTD/xhtml1-transitional.dtd">
<html xmlns="http://www.w3.org/1999/xhtml" xml:lang="en" lang="en">
 <head>
  <title>
</title>
<meta http-equiv="Content-Type" content="text/html;charset=utf-8" />
  <meta name='ocr-system' content='tesseract 3.04.00' />
  <meta name='ocr-capabilities' content='ocr_page ocr_carea ocr_par ocr_line ocrx_word'/>
</head>
<body>
  <div class='ocr_page' id='page_1' title='image "./corpusjuriscivil01krueuoft_0830.png"; bbox 0 0 2528 3918; ppageno 0'>
   <div class='ocr_carea' id='block_1_1' title="bbox 150 109 464 154">
    <p class='ocr_par' dir='ltr' id='par_1_1' title="bbox 150 109 464 154">
     <span class='ocr_line' id='line_1_1' title="bbox 150 109 464 154; baseline -0.01 -1"><span class='ocrx_word' id='word_1_1' title='bbox 150 109 464 154; x_wconf 82' lang='lat' dir='ltr'>XXXXIIII4</span> 
     </span>
    </p>
   </div>
   <div class='ocr_carea' id='block_1_2' title="bbox 114 229 1247 3528">
    <p class='ocr_par' dir='ltr' id='par_1_2' title="bbox 114 229 1241 1449">
     <span class='ocr_line' id='line_1_2' title="bbox 151 229 1235 275; baseline -0.003 -7"><span class='ocrx_word' id='word_1_2' title='bbox 151 231 290 268; x_wconf 82' lang='lat' dir='ltr'><strong>Maevio</strong></span> <span class='ocrx_word' id='word_1_3' title='bbox 314 230 512 268; x_wconf 74' lang='lat' dir='ltr'><strong>vendiderit</strong></span> <span class='ocrx_word' id='word_1_4' title='bbox 534 235 572 267; x_wconf 91' lang='lat' dir='ltr'><strong>et</strong></span> <span class='ocrx_word' id='word_1_5' title='bbox 594 230 797 267; x_wconf 75' lang='lat' dir='ltr'><strong>tradiderit:</strong></span> <span class='ocrx_word' id='word_1_6' title='bbox 829 230 990 267; x_wconf 81' lang='lat' dir='ltr'><strong>Iulianus</strong></span> <span class='ocrx_word' id='word_1_7' title='bbox 1014 231 1065 266; x_wconf 88' lang='lat' dir='ltr'><strong>ait</strong></span> <span class='ocrx_word' id='word_1_8' title='bbox 1087 229 1235 275; x_wconf 85' lang='lat' dir='ltr'><strong>aequius</strong></span> 
     </span>
     <span class='ocr_line' id='line_1_3' title="bbox 151 274 1235 328; baseline -0.003 -15"><span class='ocrx_word' id='word_1_9' title='bbox 151 287 230 313; x_wconf 90' lang='lat' dir='ltr'><strong>esse</strong></span> <span class='ocrx_word' id='word_1_10' title='bbox 251 279 454 322; x_wconf 88' lang='lat' dir='ltr'><strong>praetorem</strong></span> <span class='ocrx_word' id='word_1_11' title='bbox 477 280 514 312; x_wconf 93' lang='lat' dir='ltr'><strong>te</strong></span> <span class='ocrx_word' id='word_1_12' title='bbox 536 276 645 319; x_wconf 87' lang='lat' dir='ltr'><strong>tueri,</strong></span> <span class='ocrx_word' id='word_1_13' title='bbox 669 276 754 328; x_wconf 83' lang='lat' dir='ltr'><strong>quia</strong></span> <span class='ocrx_word' id='word_1_14' title='bbox 776 278 829 320; x_wconf 90' lang='lat' dir='ltr'><strong>et,</strong></span> <span class='ocrx_word' id='word_1_15' title='bbox 861 276 893 312; x_wconf 88' lang='lat' dir='ltr'><strong>si</strong></span> <span class='ocrx_word' id='word_1_16' title='bbox 914 276 991 321; x_wconf 89' lang='lat' dir='ltr'><strong>ipse</strong></span> <span class='ocrx_word' id='word_1_17' title='bbox 1014 275 1132 311; x_wconf 85' lang='lat' dir='ltr'><strong>Titius</strong></span> <span class='ocrx_word' id='word_1_18' title='bbox 1153 274 1235 310; x_wconf 80' lang='lat' dir='ltr'><strong>fun-</strong></span> 
     </span>
     <span class='ocr_line' id='line_1_4' title="bbox 152 321 1237 367; baseline -0.003 -9"><span class='ocrx_word' id='word_1_19' title='bbox 152 323 236 358; x_wconf 90' lang='lat' dir='ltr'><strong>dum</strong></span> <span class='ocrx_word' id='word_1_20' title='bbox 264 331 287 356; x_wconf 92' lang='lat' dir='ltr'><strong>a</strong></span> <span class='ocrx_word' id='word_1_21' title='bbox 308 325 346 358; x_wconf 90' lang='lat' dir='ltr'><strong>te</strong></span> <span class='ocrx_word' id='word_1_22' title='bbox 367 325 524 367; x_wconf 87' lang='lat' dir='ltr'><strong>peteret,</strong></span> <span class='ocrx_word' id='word_1_23' title='bbox 556 326 766 367; x_wconf 80' lang='lat' dir='ltr'><strong>exceptione</strong></span> <span class='ocrx_word' id='word_1_24' title='bbox 795 321 832 357; x_wconf 92' lang='lat' dir='ltr'><strong>in</strong></span> <span class='ocrx_word' id='word_1_25' title='bbox 862 321 998 357; x_wconf 85' lang='lat' dir='ltr'><strong>factum</strong></span> <span class='ocrx_word' id='word_1_26' title='bbox 1029 324 1237 366; x_wconf 87' lang='lat' dir='ltr'><strong>comparata</strong></span> 
     </span>
     <span class='ocr_line' id='line_1_5' title="bbox 151 364 1236 412; baseline -0.004 -9"><span class='ocrx_word' id='word_1_27' title='bbox 151 368 207 403; x_wconf 89' lang='lat' dir='ltr'><strong>vel</strong></span> <span class='ocrx_word' id='word_1_28' title='bbox 238 367 310 402; x_wconf 89' lang='lat' dir='ltr'><strong>doli</strong></span> <span class='ocrx_word' id='word_1_29' title='bbox 341 366 426 402; x_wconf 83' lang='lat' dir='ltr'><strong>mali</strong></span> <span class='ocrx_word' id='word_1_30' title='bbox 455 370 735 402; x_wconf 86' lang='lat' dir='ltr'><strong>summoveretur</strong></span> <span class='ocrx_word' id='word_1_31' title='bbox 765 370 819 410; x_wconf 89' lang='lat' dir='ltr'><strong>et,</strong></span> <span class='ocrx_word' id='word_1_32' title='bbox 850 366 882 402; x_wconf 88' lang='lat' dir='ltr'><strong>si</strong></span> <span class='ocrx_word' id='word_1_33' title='bbox 904 365 989 412; x_wconf 84' lang='lat' dir='ltr'><strong>&#39;ipse</strong></span> <span class='ocrx_word' id='word_1_34' title='bbox 1016 375 1098 401; x_wconf 90' lang='lat' dir='ltr'><strong>eum</strong></span> <span class='ocrx_word' id='word_1_35' title='bbox 1119 364 1236 410; x_wconf 90' lang='lat' dir='ltr'><strong>possi-</strong></span> 
     </span>
     <span class='ocr_line' id='line_1_6' title="bbox 114 410 1238 456; baseline -0.003 -8"><span class='ocrx_word' id='word_1_36' title='bbox 114 413 115 418; x_wconf 78' lang='grc'>’</span> <span class='ocrx_word' id='word_1_37' title='bbox 151 413 253 448; x_wconf 86' lang='lat' dir='ltr'><strong>deret</strong></span> <span class='ocrx_word' id='word_1_38' title='bbox 287 416 324 447; x_wconf 91' lang='lat' dir='ltr'><strong>et</strong></span> <span class='ocrx_word' id='word_1_39' title='bbox 353 411 565 448; x_wconf 85' lang='lat' dir='ltr'><strong>Publiciana</strong></span> <span class='ocrx_word' id='word_1_40' title='bbox 596 414 754 456; x_wconf 87' lang='lat' dir='ltr'><strong>peteres,</strong></span> <span class='ocrx_word' id='word_1_41' title='bbox 797 410 966 447; x_wconf 88' lang='lat' dir='ltr'><strong>adversus</strong></span> <span class='ocrx_word' id='word_1_42' title='bbox 1005 410 1238 455; x_wconf 80' lang='lat' dir='ltr'><strong>excipientem</strong></span> 
     </span>
     <span class='ocr_line' id='line_1_7' title="bbox 152 455 1237 502; baseline -0.004 -8"><span class='ocrx_word' id='word_1_43' title='bbox 152 458 196 494; x_wconf 87' lang='lat' dir='ltr'><strong>‘si</strong></span> <span class='ocrx_word' id='word_1_44' title='bbox 217 468 291 493; x_wconf 90' lang='lat' dir='ltr'><strong>non</strong></span> <span class='ocrx_word' id='word_1_45' title='bbox 314 467 402 493; x_wconf 86' lang='lat' dir='ltr'><strong>suus</strong></span> <span class='ocrx_word' id='word_1_46' title='bbox 425 457 530 493; x_wconf 86' lang='lat' dir='ltr'><strong>esset’</strong></span> <span class='ocrx_word' id='word_1_47' title='bbox 554 456 786 502; x_wconf 66' lang='lat' dir='ltr'><strong>replicatione</strong></span> <span class='ocrx_word' id='word_1_48' title='bbox 809 456 978 497; x_wconf 87' lang='lat' dir='ltr'><strong>utereris,</strong></span> <span class='ocrx_word' id='word_1_49' title='bbox 1010 466 1054 491; x_wconf 91' lang='lat' dir='ltr'><strong>ac</strong></span> <span class='ocrx_word' id='word_1_50' title='bbox 1080 465 1145 500; x_wconf 89' lang='lat' dir='ltr'><strong>per</strong></span> <span class='ocrx_word' id='word_1_51' title='bbox 1168 455 1237 490; x_wconf 86' lang='lat' dir='ltr'><strong>hoc</strong></span> 
     </span>
     <span class='ocr_line' id='line_1_8' title="bbox 151 499 1238 547; baseline -0.005 -8"><span class='ocrx_word' id='word_1_52' title='bbox 151 503 415 547; x_wconf 77' lang='lat' dir='ltr'><strong>intellegeretur</strong></span> <span class='ocrx_word' id='word_1_53' title='bbox 438 511 519 537; x_wconf 91' lang='lat' dir='ltr'><strong>eum</strong></span> <span class='ocrx_word' id='word_1_54' title='bbox 544 500 695 537; x_wconf 84' lang='lat' dir='ltr'><strong>fundum</strong></span> <span class='ocrx_word' id='word_1_55' title='bbox 718 512 860 537; x_wconf 88' lang='lat' dir='ltr'><strong>rursum</strong></span> <span class='ocrx_word' id='word_1_56' title='bbox 884 499 1103 543; x_wconf 85' lang='lat' dir='ltr'><strong>vendidisse,</strong></span> <span class='ocrx_word' id='word_1_57' title='bbox 1134 510 1238 545; x_wconf 88' lang='lat' dir='ltr'><strong>quem</strong></span> 
     </span>
     <span class='ocr_line' id='line_1_9' title="bbox 152 545 1237 591; baseline -0.004 -7"><span class='ocrx_word' id='word_1_58' title='bbox 152 551 196 584; x_wconf 90' lang='grc'><strong>33</strong></span> <span class='ocrx_word' id='word_1_59' title='bbox 242 547 281 582; x_wconf 90' lang='grc'><strong>111</strong></span> <span class='ocrx_word' id='word_1_60' title='bbox 304 547 406 583; x_wconf 90' lang='lat' dir='ltr'><strong>bonis</strong></span> <span class='ocrx_word' id='word_1_61' title='bbox 430 557 503 583; x_wconf 89' lang='lat' dir='ltr'><strong>non</strong></span> <span class='ocrx_word' id='word_1_62' title='bbox 525 547 684 584; x_wconf 88' lang='lat' dir='ltr'><strong>haberet.</strong></span> <span class='ocrx_word' id='word_1_63' title='bbox 719 547 841 582; x_wconf 84' lang='lat' dir='ltr'><strong>Metus</strong></span> <span class='ocrx_word' id='word_1_64' title='bbox 862 556 973 581; x_wconf 87' lang='lat' dir='ltr'><strong>causa</strong></span> <span class='ocrx_word' id='word_1_65' title='bbox 991 545 1237 591; x_wconf 80' lang='lat' dir='ltr'><strong>exceptionem</strong></span> 
     </span>
     <span class='ocr_line' id='line_1_10' title="bbox 153 590 1237 644; baseline -0.003 -16"><span class='ocrx_word' id='word_1_66' title='bbox 153 593 298 629; x_wconf 89' lang='lat' dir='ltr'><strong>Cassius</strong></span> <span class='ocrx_word' id='word_1_67' title='bbox 328 603 400 628; x_wconf 91' lang='lat' dir='ltr'><strong>non</strong></span> <span class='ocrx_word' id='word_1_68' title='bbox 431 595 670 644; x_wconf 69' lang='lat' dir='ltr'><strong>proposuerat</strong></span> <span class='ocrx_word' id='word_1_69' title='bbox 699 594 888 628; x_wconf 88' lang='lat' dir='ltr'><strong>contentus</strong></span> <span class='ocrx_word' id='word_1_70' title='bbox 923 590 994 626; x_wconf 90' lang='lat' dir='ltr'><strong>doli</strong></span> <span class='ocrx_word' id='word_1_71' title='bbox 1018 590 1237 635; x_wconf 84' lang='lat' dir='ltr'><strong>exceptione,</strong></span> 
     </span>
     <span class='ocr_line' id='line_1_11' title="bbox 152 635 1239 684; baseline -0.003 -11"><span class='ocrx_word' id='word_1_72' title='bbox 152 648 244 684; x_wconf 84' lang='lat' dir='ltr'><strong>quae</strong></span> <span class='ocrx_word' id='word_1_73' title='bbox 273 641 330 673; x_wconf 92' lang='lat' dir='ltr'><strong>est</strong></span> <span class='ocrx_word' id='word_1_74' title='bbox 357 637 551 682; x_wconf 82' lang='lat' dir='ltr'><strong>generahs:</strong></span> <span class='ocrx_word' id='word_1_75' title='bbox 584 636 647 673; x_wconf 83' lang='lat' dir='ltr'><strong>sed</strong></span> <span class='ocrx_word' id='word_1_76' title='bbox 678 637 799 672; x_wconf 89' lang='lat' dir='ltr'><strong>utilius</strong></span> <span class='ocrx_word' id='word_1_77' title='bbox 827 636 942 671; x_wconf 89' lang='lat' dir='ltr'><strong>visum</strong></span> <span class='ocrx_word' id='word_1_78' title='bbox 972 639 1026 671; x_wconf 90' lang='lat' dir='ltr'><strong>est</strong></span> <span class='ocrx_word' id='word_1_79' title='bbox 1057 635 1164 671; x_wconf 85' lang='lat' dir='ltr'><strong>etiam</strong></span> <span class='ocrx_word' id='word_1_80' title='bbox 1194 635 1239 670; x_wconf 90' lang='lat' dir='ltr'><strong>de</strong></span> 
     </span>
     <span class='ocr_line' id='line_1_12' title="bbox 152 679 1239 728; baseline -0.003 -10"><span class='ocrx_word' id='word_1_81' title='bbox 152 686 251 719; x_wconf 91' lang='lat' dir='ltr'><strong>metu</strong></span> <span class='ocrx_word' id='word_1_82' title='bbox 283 692 466 728; x_wconf 90' lang='lat' dir='ltr'><strong>opponere</strong></span> <span class='ocrx_word' id='word_1_83' title='bbox 496 692 583 718; x_wconf 86' lang='lat' dir='ltr'><strong>exce</strong></span> <span class='ocrx_word' id='word_1_84' title='bbox 608 682 751 718; x_wconf 89' lang='lat' dir='ltr'><strong>tionem.</strong></span> <span class='ocrx_word' id='word_1_85' title='bbox 803 681 934 716; x_wconf 89' lang='lat' dir='ltr'><strong>etenim</strong></span> <span class='ocrx_word' id='word_1_86' title='bbox 965 680 1076 716; x_wconf 89' lang='lat' dir='ltr'><strong>distat</strong></span> <span class='ocrx_word' id='word_1_87' title='bbox 1105 679 1239 725; x_wconf 89' lang='lat' dir='ltr'><strong>aliquid</strong></span> 
     </span>
     <span class='ocr_line' id='line_1_13' title="bbox 153 725 1239 781; baseline -0.004 -17"><span class='ocrx_word' id='word_1_88' title='bbox 153 728 226 764; x_wconf 91' lang='grc'>(1011</span> <span class='ocrx_word' id='word_1_89' title='bbox 248 727 477 773; x_wconf 83' lang='lat' dir='ltr'><strong>exceptione,</strong></span> <span class='ocrx_word' id='word_1_90' title='bbox 509 737 579 781; x_wconf 85' lang='lat' dir='ltr'><strong>quo</strong></span> <span class='ocrx_word' id='word_1_91' title='bbox 632 726 796 779; x_wconf 81' lang='lat' dir='ltr'><strong>exceptio</strong></span> <span class='ocrx_word' id='word_1_92' title='bbox 826 725 900 762; x_wconf 93' lang='lat' dir='ltr'><strong>doli</strong></span> <span class='ocrx_word' id='word_1_93' title='bbox 927 735 1118 771; x_wconf 91' lang='lat' dir='ltr'><strong>personam</strong></span> <span class='ocrx_word' id='word_1_94' title='bbox 1142 736 1239 761; x_wconf 92' lang='lat' dir='ltr'><strong>com-</strong></span> 
     </span>
     <span class='ocr_line' id='line_1_14' title="bbox 152 771 1239 819; baseline -0.002 -11"><span class='ocrx_word' id='word_1_95' title='bbox 152 773 322 819; x_wconf 84' lang='lat' dir='ltr'><strong>plectitur</strong></span> <span class='ocrx_word' id='word_1_96' title='bbox 345 772 441 815; x_wconf 75' lang='lat' dir='ltr'><strong>eius,</strong></span> <span class='ocrx_word' id='word_1_97' title='bbox 465 783 527 818; x_wconf 85' lang='lat' dir='ltr'><strong>qm</strong></span> <span class='ocrx_word' id='word_1_98' title='bbox 550 771 633 808; x_wconf 88' lang='lat' dir='ltr'><strong>dolo</strong></span> <span class='ocrx_word' id='word_1_99' title='bbox 657 772 759 807; x_wconf 78' lang='lat' dir='ltr'><strong>fecit:</strong></span> <span class='ocrx_word' id='word_1_100' title='bbox 786 772 963 807; x_wconf 90' lang='lat' dir='ltr'><strong>enimvero</strong></span> <span class='ocrx_word' id='word_1_101' title='bbox 988 774 1103 807; x_wconf 90' lang='lat' dir='ltr'><strong>metus</strong></span> <span class='ocrx_word' id='word_1_102' title='bbox 1128 780 1239 806; x_wconf 89' lang='lat' dir='ltr'><strong>causa</strong></span> 
     </span>
     <span class='ocr_line' id='line_1_15' title="bbox 153 815 1238 863; baseline -0.004 -9"><span class='ocrx_word' id='word_1_103' title='bbox 153 817 317 863; x_wconf 88' lang='lat' dir='ltr'><strong>exceptio</strong></span> <span class='ocrx_word' id='word_1_104' title='bbox 339 817 378 853; x_wconf 90' lang='lat' dir='ltr'><strong>in</strong></span> <span class='ocrx_word' id='word_1_105' title='bbox 401 828 476 854; x_wconf 92' lang='lat' dir='ltr'><strong>rem</strong></span> <span class='ocrx_word' id='word_1_106' title='bbox 499 817 635 862; x_wconf 85' lang='lat' dir='ltr'><strong>scripta</strong></span> <span class='ocrx_word' id='word_1_107' title='bbox 658 821 713 853; x_wconf 91' lang='lat' dir='ltr'><strong>est</strong></span> <span class='ocrx_word' id='word_1_108' title='bbox 745 817 785 852; x_wconf 92' lang='lat' dir='ltr'><strong>‘si</strong></span> <span class='ocrx_word' id='word_1_109' title='bbox 816 817 854 851; x_wconf 93' lang='lat' dir='ltr'><strong>in</strong></span> <span class='ocrx_word' id='word_1_110' title='bbox 883 826 927 852; x_wconf 91' lang='lat' dir='ltr'><strong>ea</strong></span> <span class='ocrx_word' id='word_1_111' title='bbox 949 826 989 852; x_wconf 87' lang='lat' dir='ltr'><strong>re</strong></span> <span class='ocrx_word' id='word_1_112' title='bbox 1011 815 1100 851; x_wconf 89' lang='lat' dir='ltr'><strong>nihil</strong></span> <span class='ocrx_word' id='word_1_113' title='bbox 1122 820 1238 851; x_wconf 88' lang='lat' dir='ltr'><strong>metus</strong></span> 
     </span>
     <span class='ocr_line' id='line_1_16' title="bbox 153 861 1239 906; baseline -0.003 -7"><span class='ocrx_word' id='word_1_114' title='bbox 153 867 276 900; x_wconf 86' lang='lat' dir='ltr'><strong>‘causa</strong></span> <span class='ocrx_word' id='word_1_115' title='bbox 303 862 441 899; x_wconf 83' lang='lat' dir='ltr'><strong>factum</strong></span> <span class='ocrx_word' id='word_1_116' title='bbox 472 863 548 906; x_wconf 91' lang='lat' dir='ltr'><strong>est’,</strong></span> <span class='ocrx_word' id='word_1_117' title='bbox 580 866 620 897; x_wconf 98' lang='grc' dir='ltr'><strong>ιιι</strong></span> <span class='ocrx_word' id='word_1_118' title='bbox 651 873 724 897; x_wconf 88' lang='grc' dir='ltr'>ιιοιι</span> <span class='ocrx_word' id='word_1_119' title='bbox 754 861 1006 906; x_wconf 87' lang='lat' dir='ltr'><strong>inspiciamus,</strong></span> <span class='ocrx_word' id='word_1_120' title='bbox 1037 871 1085 896; x_wconf 93' lang='lat' dir='ltr'><strong>an</strong></span> <span class='ocrx_word' id='word_1_121' title='bbox 1115 861 1146 896; x_wconf 93' lang='lat' dir='ltr'><strong>is</strong></span> <span class='ocrx_word' id='word_1_122' title='bbox 1178 861 1239 906; x_wconf 91' lang='lat' dir='ltr'><strong>qui</strong></span> 
     </span>
     <span class='ocr_line' id='line_1_17' title="bbox 153 906 1239 954; baseline -0.004 -10"><span class='ocrx_word' id='word_1_123' title='bbox 153 909 227 954; x_wconf 79' lang='lat' dir='ltr'><strong>agit</strong></span> <span class='ocrx_word' id='word_1_124' title='bbox 248 912 365 944; x_wconf 90' lang='lat' dir='ltr'><strong>metus</strong></span> <span class='ocrx_word' id='word_1_125' title='bbox 389 918 501 944; x_wconf 89' lang='lat' dir='ltr'><strong>causa</strong></span> <span class='ocrx_word' id='word_1_126' title='bbox 523 907 609 943; x_wconf 84' lang='lat' dir='ltr'><strong>fecit</strong></span> <span class='ocrx_word' id='word_1_127' title='bbox 632 906 779 952; x_wconf 87' lang='lat' dir='ltr'><strong>aliquid,</strong></span> <span class='ocrx_word' id='word_1_128' title='bbox 803 906 867 942; x_wconf 81' lang='lat' dir='ltr'><strong>sed</strong></span> <span class='ocrx_word' id='word_1_129' title='bbox 890 917 938 942; x_wconf 90' lang='lat' dir='ltr'><strong>an</strong></span> <span class='ocrx_word' id='word_1_130' title='bbox 961 906 1103 943; x_wconf 90' lang='lat' dir='ltr'><strong>omnino</strong></span> <span class='ocrx_word' id='word_1_131' title='bbox 1124 910 1239 941; x_wconf 89' lang='lat' dir='ltr'><strong>metus</strong></span> 
     </span>
     <span class='ocr_line' id='line_1_18' title="bbox 154 952 1239 997; baseline -0.003 -7"><span class='ocrx_word' id='word_1_132' title='bbox 154 964 266 990; x_wconf 86' lang='lat' dir='ltr'><strong>causa</strong></span> <span class='ocrx_word' id='word_1_133' title='bbox 288 953 424 989; x_wconf 84' lang='lat' dir='ltr'><strong>factum</strong></span> <span class='ocrx_word' id='word_1_134' title='bbox 447 956 503 988; x_wconf 89' lang='lat' dir='ltr'><strong>est</strong></span> <span class='ocrx_word' id='word_1_135' title='bbox 524 953 562 987; x_wconf 93' lang='lat' dir='ltr'><strong>in</strong></span> <span class='ocrx_word' id='word_1_136' title='bbox 585 952 655 987; x_wconf 88' lang='lat' dir='ltr'><strong>hac</strong></span> <span class='ocrx_word' id='word_1_137' title='bbox 677 962 716 987; x_wconf 90' lang='lat' dir='ltr'><strong>re</strong></span> <span class='ocrx_word' id='word_1_138' title='bbox 740 962 763 987; x_wconf 88' lang='lat' dir='ltr'><strong>a</strong></span> <span class='ocrx_word' id='word_1_139' title='bbox 786 963 940 997; x_wconf 91' lang='lat' dir='ltr'><strong>quocum</strong></span> <span class='ocrx_word' id='word_1_140' title='bbox 964 962 1029 995; x_wconf 91' lang='lat' dir='ltr'><strong>ue,</strong></span> <span class='ocrx_word' id='word_1_141' title='bbox 1061 962 1134 987; x_wconf 93' lang='lat' dir='ltr'><strong>non</strong></span> <span class='ocrx_word' id='word_1_142' title='bbox 1159 955 1239 986; x_wconf 87' lang='lat' dir='ltr'><strong>tan-</strong></span> 
     </span>
     <span class='ocr_line' id='line_1_19' title="bbox 153 997 1238 1051; baseline -0.002 -17"><span class='ocrx_word' id='word_1_143' title='bbox 153 1005 230 1034; x_wconf 90' lang='lat' dir='ltr'><strong>tum</strong></span> <span class='ocrx_word' id='word_1_144' title='bbox 252 999 299 1035; x_wconf 90' lang='lat' dir='ltr'><strong>ab</strong></span> <span class='ocrx_word' id='word_1_145' title='bbox 328 1009 371 1034; x_wconf 90' lang='lat' dir='ltr'><strong>eo</strong></span> <span class='ocrx_word' id='word_1_146' title='bbox 403 998 464 1044; x_wconf 89' lang='lat' dir='ltr'><strong>qui</strong></span> <span class='ocrx_word' id='word_1_147' title='bbox 494 999 578 1051; x_wconf 76' lang='lat' dir='ltr'><strong>agit.</strong></span> <span class='ocrx_word' id='word_1_148' title='bbox 626 1002 662 1033; x_wconf 90' lang='lat' dir='ltr'><strong>et</strong></span> <span class='ocrx_word' id='word_1_149' title='bbox 691 997 849 1042; x_wconf 89' lang='lat' dir='ltr'><strong>quamvis</strong></span> <span class='ocrx_word' id='word_1_150' title='bbox 880 997 924 1033; x_wconf 90' lang='lat' dir='ltr'><strong>de</strong></span> <span class='ocrx_word' id='word_1_151' title='bbox 978 997 1035 1033; x_wconf 91' lang='lat' dir='ltr'><strong>olo</strong></span> <span class='ocrx_word' id='word_1_152' title='bbox 1059 997 1238 1032; x_wconf 88' lang='lat' dir='ltr'><strong>auctoris¹</strong></span> 
     </span>
     <span class='ocr_line' id='line_1_20' title="bbox 153 1042 1238 1090; baseline -0.004 -10"><span class='ocrx_word' id='word_1_153' title='bbox 153 1045 316 1090; x_wconf 84' lang='lat' dir='ltr'><strong>exceptio</strong></span> <span class='ocrx_word' id='word_1_154' title='bbox 339 1054 413 1079; x_wconf 91' lang='lat' dir='ltr'><strong>non</strong></span> <span class='ocrx_word' id='word_1_155' title='bbox 437 1043 626 1086; x_wconf 78' lang='lat' dir='ltr'><strong>obiciatur,</strong></span> <span class='ocrx_word' id='word_1_156' title='bbox 650 1046 891 1078; x_wconf 83' lang='lat' dir='ltr'><strong>verumtamen</strong></span> <span class='ocrx_word' id='word_1_157' title='bbox 912 1043 982 1078; x_wconf 91' lang='lat' dir='ltr'><strong>hoc</strong></span> <span class='ocrx_word' id='word_1_158' title='bbox 999 1042 1077 1078; x_wconf 88' lang='lat' dir='ltr'><strong>iure</strong></span> <span class='ocrx_word' id='word_1_159' title='bbox 1096 1042 1238 1084; x_wconf 86' lang='lat' dir='ltr'><strong>utimur,</strong></span> 
     </span>
     <span class='ocr_line' id='line_1_21' title="bbox 154 1088 1239 1130; baseline -0.004 -4"><span class='ocrx_word' id='word_1_160' title='bbox 154 1094 195 1125; x_wconf 92' lang='lat' dir='ltr'><strong>ut</strong></span> <span class='ocrx_word' id='word_1_161' title='bbox 223 1089 269 1126; x_wconf 87' lang='lat' dir='ltr'><strong>de</strong></span> <span class='ocrx_word' id='word_1_162' title='bbox 296 1093 394 1125; x_wconf 91' lang='lat' dir='ltr'><strong>metu</strong></span> <span class='ocrx_word' id='word_1_163' title='bbox 426 1100 499 1124; x_wconf 89' lang='lat' dir='ltr'><strong>non</strong></span> <span class='ocrx_word' id='word_1_164' title='bbox 527 1093 667 1124; x_wconf 91' lang='lat' dir='ltr'><strong>tantum</strong></span> <span class='ocrx_word' id='word_1_165' title='bbox 690 1088 737 1123; x_wconf 87' lang='lat' dir='ltr'><strong>ab</strong></span> <span class='ocrx_word' id='word_1_166' title='bbox 761 1091 926 1130; x_wconf 88' lang='lat' dir='ltr'><strong>auctore,</strong></span> <span class='ocrx_word' id='word_1_167' title='bbox 958 1098 1082 1123; x_wconf 90' lang='lat' dir='ltr'><strong>verum</strong></span> <span class='ocrx_word' id='word_1_168' title='bbox 1105 1097 1128 1122; x_wconf 88' lang='lat' dir='ltr'><strong>a</strong></span> <span class='ocrx_word' id='word_1_169' title='bbox 1175 1098 1239 1122; x_wconf 92' lang='lat' dir='ltr'><strong>uo-</strong></span> 
     </span>
     <span class='ocr_line' id='line_1_22' title="bbox 155 1132 1240 1180; baseline -0.005 -9"><span class='ocrx_word' id='word_1_170' title='bbox 155 1138 197 1171; x_wconf 77' lang='grc'><strong>34</strong></span> <span class='ocrx_word' id='word_1_171' title='bbox 244 1144 396 1180; x_wconf 88' lang='lat' dir='ltr'><strong>cumque</strong></span> <span class='ocrx_word' id='word_1_172' title='bbox 437 1134 597 1169; x_wconf 90' lang='lat' dir='ltr'><strong>adhibito</strong></span> <span class='ocrx_word' id='word_1_173' title='bbox 636 1133 799 1178; x_wconf 88' lang='lat' dir='ltr'><strong>exceptio</strong></span> <span class='ocrx_word' id='word_1_174' title='bbox 838 1133 933 1168; x_wconf 90' lang='lat' dir='ltr'><strong>obici</strong></span> <span class='ocrx_word' id='word_1_175' title='bbox 967 1132 1093 1178; x_wconf 84' lang='lat' dir='ltr'><strong>possit.</strong></span> <span class='ocrx_word' id='word_1_176' title='bbox 1192 1132 1240 1167; x_wconf 92' lang='lat' dir='ltr'><strong>ud</strong></span> 
     </span>
     <span class='ocr_line' id='line_1_23' title="bbox 154 1177 1240 1223; baseline -0.004 -7"><span class='ocrx_word' id='word_1_177' title='bbox 154 1180 336 1216; x_wconf 89' lang='lat' dir='ltr'><strong>sciendum</strong></span> <span class='ocrx_word' id='word_1_178' title='bbox 360 1183 416 1215; x_wconf 92' lang='lat' dir='ltr'><strong>est</strong></span> <span class='ocrx_word' id='word_1_179' title='bbox 439 1180 532 1214; x_wconf 88' lang='lat' dir='ltr'><strong>hanc</strong></span> <span class='ocrx_word' id='word_1_180' title='bbox 556 1178 801 1223; x_wconf 86' lang='lat' dir='ltr'><strong>exceptionem</strong></span> <span class='ocrx_word' id='word_1_181' title='bbox 822 1178 866 1213; x_wconf 90' lang='lat' dir='ltr'><strong>de</strong></span> <span class='ocrx_word' id='word_1_182' title='bbox 882 1182 979 1213; x_wconf 90' lang='lat' dir='ltr'><strong>metu</strong></span> <span class='ocrx_word' id='word_1_183' title='bbox 1000 1188 1080 1213; x_wconf 88' lang='lat' dir='ltr'><strong>eum</strong></span> <span class='ocrx_word' id='word_1_184' title='bbox 1099 1177 1240 1213; x_wconf 90' lang='lat' dir='ltr'><strong>obicere</strong></span> 
     </span>
     <span class='ocr_line' id='line_1_24' title="bbox 154 1223 1241 1270; baseline -0.004 -9"><span class='ocrx_word' id='word_1_185' title='bbox 154 1225 301 1268; x_wconf 90' lang='lat' dir='ltr'><strong>debere,</strong></span> <span class='ocrx_word' id='word_1_186' title='bbox 339 1225 401 1270; x_wconf 91' lang='lat' dir='ltr'><strong>qui</strong></span> <span class='ocrx_word' id='word_1_187' title='bbox 432 1228 563 1260; x_wconf 90' lang='lat' dir='ltr'><strong>metum</strong></span> <span class='ocrx_word' id='word_1_188' title='bbox 596 1234 669 1259; x_wconf 91' lang='lat' dir='ltr'><strong>non</strong></span> <span class='ocrx_word' id='word_1_189' title='bbox 700 1233 722 1258; x_wconf 91' lang='lat' dir='ltr'><strong>a</strong></span> <span class='ocrx_word' id='word_1_190' title='bbox 753 1227 902 1268; x_wconf 85' lang='lat' dir='ltr'><strong>parente</strong></span> <span class='ocrx_word' id='word_1_191' title='bbox 932 1233 1061 1268; x_wconf 89' lang='lat' dir='ltr'><strong>passus</strong></span> <span class='ocrx_word' id='word_1_192' title='bbox 1093 1227 1166 1265; x_wconf 88' lang='lat' dir='ltr'><strong>est,</strong></span> <span class='ocrx_word' id='word_1_193' title='bbox 1203 1223 1241 1257; x_wconf 91' lang='lat' dir='ltr'><strong>in</strong></span> 
     </span>
     <span class='ocr_line' id='line_1_25' title="bbox 155 1267 1239 1315; baseline -0.003 -9"><span class='ocrx_word' id='word_1_194' title='bbox 155 1270 256 1306; x_wconf 89' lang='lat' dir='ltr'><strong>cuius</strong></span> <span class='ocrx_word' id='word_1_195' title='bbox 279 1270 348 1305; x_wconf 82' lang='lat' dir='ltr'><strong>fuit</strong></span> <span class='ocrx_word' id='word_1_196' title='bbox 371 1273 567 1315; x_wconf 85' lang='lat' dir='ltr'><strong>potestate:</strong></span> <span class='ocrx_word' id='word_1_197' title='bbox 600 1272 757 1304; x_wconf 90' lang='lat' dir='ltr'><strong>ceterum</strong></span> <span class='ocrx_word' id='word_1_198' title='bbox 787 1269 927 1314; x_wconf 87' lang='lat' dir='ltr'><strong>parenti</strong></span> <span class='ocrx_word' id='word_1_199' title='bbox 956 1268 1063 1304; x_wconf 89' lang='lat' dir='ltr'><strong>licere</strong></span> <span class='ocrx_word' id='word_1_200' title='bbox 1087 1267 1239 1304; x_wconf 87' lang='lat' dir='ltr'><strong>deterio-</strong></span> 
     </span>
     <span class='ocr_line' id='line_1_26' title="bbox 154 1312 1239 1358; baseline -0.003 -7"><span class='ocrx_word' id='word_1_201' title='bbox 154 1326 228 1351; x_wconf 90' lang='lat' dir='ltr'><strong>rem</strong></span> <span class='ocrx_word' id='word_1_202' title='bbox 261 1315 505 1351; x_wconf 91' lang='lat' dir='ltr'><strong>condicionem</strong></span> <span class='ocrx_word' id='word_1_203' title='bbox 535 1314 729 1350; x_wconf 88' lang='lat' dir='ltr'><strong>liberorum</strong></span> <span class='ocrx_word' id='word_1_204' title='bbox 759 1314 797 1348; x_wconf 91' lang='lat' dir='ltr'><strong>in</strong></span> <span class='ocrx_word' id='word_1_205' title='bbox 826 1314 934 1349; x_wconf 87' lang='lat' dir='ltr'><strong>rebus</strong></span> <span class='ocrx_word' id='word_1_206' title='bbox 958 1313 1162 1358; x_wconf 86' lang='lat' dir='ltr'><strong>peculiariis</strong></span> <span class='ocrx_word' id='word_1_207' title='bbox 1184 1312 1239 1348; x_wconf 87' lang='lat' dir='ltr'><strong>fa-</strong></span> 
     </span>
     <span class='ocr_line' id='line_1_27' title="bbox 155 1358 1239 1411; baseline -0.002 -15"><span class='ocrx_word' id='word_1_208' title='bbox 155 1371 247 1396; x_wconf 90' lang='lat' dir='ltr'><strong>cere.</strong></span> <span class='ocrx_word' id='word_1_209' title='bbox 295 1360 359 1396; x_wconf 86' lang='lat' dir='ltr'><strong>sed</strong></span> <span class='ocrx_word' id='word_1_210' title='bbox 383 1359 414 1395; x_wconf 90' lang='lat' dir='ltr'><strong>si</strong></span> <span class='ocrx_word' id='word_1_211' title='bbox 437 1370 477 1395; x_wconf 84' lang='lat' dir='ltr'><strong>se</strong></span> <span class='ocrx_word' id='word_1_212' title='bbox 500 1359 713 1395; x_wconf 82' lang='lat' dir='ltr'><strong>abstinuerit</strong></span> <span class='ocrx_word' id='word_1_213' title='bbox 736 1358 934 1394; x_wconf 85' lang='lat' dir='ltr'><strong>hereditate</strong></span> <span class='ocrx_word' id='word_1_214' title='bbox 955 1362 1127 1411; x_wconf 88' lang='lat' dir='ltr'><strong>paterna,</strong></span> <span class='ocrx_word' id='word_1_215' title='bbox 1158 1368 1239 1394; x_wconf 90' lang='lat' dir='ltr'><strong>suc-</strong></span> 
     </span>
     <span class='ocr_line' id='line_1_28' title="bbox 144 1404 1036 1449; baseline -0.006 -5"><span class='ocrx_word' id='word_1_216' title='bbox 144 1405 369 1445; x_wconf 81' lang='lat' dir='ltr'><strong>currendum</strong></span> <span class='ocrx_word' id='word_1_217' title='bbox 393 1405 425 1440; x_wconf 90' lang='lat' dir='ltr'><strong>ei</strong></span> <span class='ocrx_word' id='word_1_218' title='bbox 449 1405 528 1447; x_wconf 89' lang='lat' dir='ltr'><strong>erit,</strong></span> <span class='ocrx_word' id='word_1_219' title='bbox 555 1407 597 1440; x_wconf 90' lang='lat' dir='ltr'><strong>ut</strong></span> <span class='ocrx_word' id='word_1_220' title='bbox 619 1404 777 1449; x_wconf 89' lang='lat' dir='ltr'><strong>alioquin</strong></span> <span class='ocrx_word' id='word_1_221' title='bbox 801 1408 1036 1440; x_wconf 72' lang='lat' dir='ltr'><strong>succurritur.</strong></span> 
     </span>
    </p>

    <p class='ocr_par' dir='ltr' id='par_1_3' title="bbox 154 1448 1247 3157">
     <span class='ocr_line' id='line_1_29' title="bbox 200 1448 1241 1496; baseline -0.005 -8"><span class='ocrx_word' id='word_1_222' title='bbox 200 1450 224 1489; x_wconf 85' lang='lat'>5</span> <span class='ocrx_word' id='word_1_223' title='bbox 251 1450 306 1486; x_wconf 74' lang='grc' dir='ltr'><strong>ΡΑ</strong></span> <span class='ocrx_word' id='word_1_224' title='bbox 314 1459 410 1486; x_wconf 66' lang='lat' dir='ltr'><strong>vaus</strong></span> <span class='ocrx_word' id='word_1_225' title='bbox 436 1450 528 1486; x_wconf 84' lang='lat' dir='ltr'><strong>libro</strong></span> <span class='ocrx_word' id='word_1_226' title='bbox 551 1451 843 1496; x_wconf 60' lang='lat' dir='ltr'><strong>septuagensimo</strong></span> <span class='ocrx_word' id='word_1_227' title='bbox 858 1450 983 1496; x_wconf 80' lang='lat' dir='ltr'><strong>primo</strong></span> <span class='ocrx_word' id='word_1_228' title='bbox 1015 1449 1066 1485; x_wconf 84' lang='lat' dir='ltr'><strong>ad</strong></span> <span class='ocrx_word' id='word_1_229' title='bbox 1087 1448 1241 1485; x_wconf 76' lang='lat' dir='ltr'><strong>edictum</strong></span> 
     </span>
     <span class='ocr_line' id='line_1_30' title="bbox 154 1494 1240 1532; baseline -0.002 0"><span class='ocrx_word' id='word_1_230' title='bbox 154 1497 249 1532; x_wconf 91' lang='lat' dir='ltr'><strong>Pure</strong></span> <span class='ocrx_word' id='word_1_231' title='bbox 272 1495 359 1532; x_wconf 89' lang='lat' dir='ltr'><strong>mihi</strong></span> <span class='ocrx_word' id='word_1_232' title='bbox 381 1495 490 1531; x_wconf 89' lang='lat' dir='ltr'><strong>debes</strong></span> <span class='ocrx_word' id='word_1_233' title='bbox 514 1494 653 1530; x_wconf 88' lang='lat' dir='ltr'><strong>decem:</strong></span> <span class='ocrx_word' id='word_1_234' title='bbox 687 1505 730 1530; x_wconf 90' lang='lat' dir='ltr'><strong>ea</strong></span> <span class='ocrx_word' id='word_1_235' title='bbox 758 1494 826 1530; x_wconf 91' lang='lat' dir='ltr'><strong>tibi</strong></span> <span class='ocrx_word' id='word_1_236' title='bbox 856 1495 924 1530; x_wconf 89' lang='lat' dir='ltr'><strong>sub</strong></span> <span class='ocrx_word' id='word_1_237' title='bbox 956 1494 1166 1530; x_wconf 88' lang='lat' dir='ltr'><strong>condicione</strong></span> <span class='ocrx_word' id='word_1_238' title='bbox 1190 1494 1240 1530; x_wconf 90' lang='lat' dir='ltr'><strong>le-</strong></span> 
     </span>
     <span class='ocr_line' id='line_1_31' title="bbox 154 1539 1243 1587; baseline -0.002 -10"><span class='ocrx_word' id='word_1_239' title='bbox 154 1542 244 1587; x_wconf 81' lang='lat' dir='ltr'><strong>gavi.</strong></span> <span class='ocrx_word' id='word_1_240' title='bbox 279 1540 421 1576; x_wconf 89' lang='lat' dir='ltr'><strong>interim</strong></span> <span class='ocrx_word' id='word_1_241' title='bbox 443 1541 548 1576; x_wconf 85' lang='lat' dir='ltr'><strong>heres</strong></span> <span class='ocrx_word' id='word_1_242' title='bbox 573 1541 601 1575; x_wconf 87' lang='lat' dir='ltr'><strong>si</strong></span> <span class='ocrx_word' id='word_1_243' title='bbox 626 1543 736 1584; x_wconf 88' lang='lat' dir='ltr'><strong>petat,</strong></span> <span class='ocrx_word' id='word_1_244' title='bbox 761 1539 834 1576; x_wconf 91' lang='lat' dir='ltr'><strong>doli</strong></span> <span class='ocrx_word' id='word_1_245' title='bbox 857 1540 1067 1585; x_wconf 88' lang='lat' dir='ltr'><strong>exceptione</strong></span> <span class='ocrx_word' id='word_1_246' title='bbox 1091 1550 1164 1575; x_wconf 92' lang='lat' dir='ltr'><strong>non</strong></span> <span class='ocrx_word' id='word_1_247' title='bbox 1186 1543 1243 1575; x_wconf 87' lang='lat' dir='ltr'><strong>est</strong></span> 
     </span>
     <span class='ocr_line' id='line_1_32' title="bbox 156 1584 1240 1630; baseline -0.002 -8"><span class='ocrx_word' id='word_1_248' title='bbox 156 1586 446 1628; x_wconf 89' lang='lat' dir='ltr'><strong>summovendus,</strong></span> <span class='ocrx_word' id='word_1_249' title='bbox 479 1596 560 1620; x_wconf 91' lang='lat' dir='ltr'><strong>cum</strong></span> <span class='ocrx_word' id='word_1_250' title='bbox 591 1584 707 1630; x_wconf 86' lang='lat' dir='ltr'><strong>possit</strong></span> <span class='ocrx_word' id='word_1_251' title='bbox 734 1585 842 1621; x_wconf 91' lang='lat' dir='ltr'><strong>etiam</strong></span> <span class='ocrx_word' id='word_1_252' title='bbox 873 1585 1026 1621; x_wconf 87' lang='lat' dir='ltr'><strong>deficere</strong></span> <span class='ocrx_word' id='word_1_253' title='bbox 1057 1585 1240 1621; x_wconf 87' lang='lat' dir='ltr'><strong>condicio:</strong></span> 
     </span>
     <span class='ocr_line' id='line_1_33' title="bbox 155 1629 1240 1677; baseline -0.002 -10"><span class='ocrx_word' id='word_1_254' title='bbox 155 1633 276 1677; x_wconf 89' lang='lat' dir='ltr'><strong>itaque</strong></span> <span class='ocrx_word' id='word_1_255' title='bbox 305 1632 503 1676; x_wconf 88' lang='lat' dir='ltr'><strong>legatorum</strong></span> <span class='ocrx_word' id='word_1_256' title='bbox 534 1630 801 1676; x_wconf 79' lang='lat' dir='ltr'><strong>stipulationem</strong></span> <span class='ocrx_word' id='word_1_257' title='bbox 828 1630 1056 1677; x_wconf 88' lang='lat' dir='ltr'><strong>interponere</strong></span> <span class='ocrx_word' id='word_1_258' title='bbox 1085 1629 1240 1666; x_wconf 87' lang='lat' dir='ltr'><strong>debebit.</strong></span> 
     </span>
     <span class='ocr_line' id='line_1_34' title="bbox 156 1675 1241 1721; baseline -0.002 -8"><span class='ocrx_word' id='word_1_259' title='bbox 156 1678 244 1714; x_wconf 80' lang='lat' dir='ltr'><strong>sed²</strong></span> <span class='ocrx_word' id='word_1_260' title='bbox 266 1677 297 1712; x_wconf 89' lang='lat' dir='ltr'><strong>si</strong></span> <span class='ocrx_word' id='word_1_261' title='bbox 319 1687 393 1712; x_wconf 91' lang='lat' dir='ltr'><strong>non</strong></span> <span class='ocrx_word' id='word_1_262' title='bbox 418 1680 542 1711; x_wconf 78' lang='lat' dir='ltr'><strong>caveat</strong></span> <span class='ocrx_word' id='word_1_263' title='bbox 563 1676 684 1718; x_wconf 88' lang='lat' dir='ltr'><strong>heres,</strong></span> <span class='ocrx_word' id='word_1_264' title='bbox 715 1675 789 1711; x_wconf 92' lang='grc'>(1011</span> <span class='ocrx_word' id='word_1_265' title='bbox 812 1676 1021 1721; x_wconf 90' lang='lat' dir='ltr'><strong>exceptione</strong></span> <span class='ocrx_word' id='word_1_266' title='bbox 1045 1685 1241 1711; x_wconf 89' lang='lat' dir='ltr'><strong>summove-</strong></span> 
     </span>
     <span class='ocr_line' id='line_1_35' title="bbox 156 1721 1242 1774; baseline -0.002 -16"><span class='ocrx_word' id='word_1_267' title='bbox 156 1723 272 1758; x_wconf 89' lang='lat' dir='ltr'><strong>bitur:</strong></span> <span class='ocrx_word' id='word_1_268' title='bbox 297 1721 441 1774; x_wconf 87' lang='lat' dir='ltr'><strong>expedit</strong></span> <span class='ocrx_word' id='word_1_269' title='bbox 454 1721 547 1757; x_wconf 91' lang='lat' dir='ltr'><strong>enim</strong></span> <span class='ocrx_word' id='word_1_270' title='bbox 562 1721 734 1766; x_wconf 85' lang='lat' dir='ltr'><strong>legatario</strong></span> <span class='ocrx_word' id='word_1_271' title='bbox 751 1721 905 1757; x_wconf 89' lang='lat' dir='ltr'><strong>retinere</strong></span> <span class='ocrx_word' id='word_1_272' title='bbox 926 1731 1111 1764; x_wconf 88' lang='lat' dir='ltr'><strong>summam,</strong></span> <span class='ocrx_word' id='word_1_273' title='bbox 1136 1731 1242 1766; x_wconf 86' lang='lat' dir='ltr'><strong>quam</strong></span> 
     </span>
     <span class='ocr_line' id='line_1_36' title="bbox 159 1766 1243 1820; baseline -0.001 -17"><span class='ocrx_word' id='word_1_274' title='bbox 159 1773 174 1803; x_wconf 84' lang='lat'>1</span> <span class='ocrx_word' id='word_1_275' title='bbox 223 1767 317 1803; x_wconf 87' lang='lat' dir='ltr'><strong>mitti</strong></span> <span class='ocrx_word' id='word_1_276' title='bbox 346 1778 383 1802; x_wconf 89' lang='grc' dir='ltr'><strong>ιιι</strong></span> <span class='ocrx_word' id='word_1_277' title='bbox 412 1766 678 1820; x_wconf 84' lang='lat' dir='ltr'><strong>possessionem</strong></span> <span class='ocrx_word' id='word_1_278' title='bbox 708 1777 827 1802; x_wconf 88' lang='lat' dir='ltr'><strong>rerum</strong></span> <span class='ocrx_word' id='word_1_279' title='bbox 850 1766 1157 1802; x_wconf 82' lang='lat' dir='ltr'><strong>hereditariamm.</strong></span> <span class='ocrx_word' id='word_1_280' title='bbox 1206 1766 1243 1801; x_wconf 88' lang='lat' dir='ltr'><strong>Si</strong></span> 
     </span>
     <span class='ocr_line' id='line_1_37' title="bbox 157 1811 1243 1858; baseline -0.003 -9"><span class='ocrx_word' id='word_1_281' title='bbox 157 1813 215 1849; x_wconf 90' lang='lat' dir='ltr'><strong>cui</strong></span> <span class='ocrx_word' id='word_1_282' title='bbox 243 1813 361 1858; x_wconf 83' lang='lat' dir='ltr'><strong>legata</strong></span> <span class='ocrx_word' id='word_1_283' title='bbox 392 1816 439 1848; x_wconf 77' lang='lat' dir='ltr'><strong>sit</strong></span> <span class='ocrx_word' id='word_1_284' title='bbox 466 1812 524 1847; x_wconf 87' lang='lat' dir='ltr'><strong>via</strong></span> <span class='ocrx_word' id='word_1_285' title='bbox 547 1815 583 1847; x_wconf 89' lang='lat' dir='ltr'><strong>et</strong></span> <span class='ocrx_word' id='word_1_286' title='bbox 604 1812 635 1847; x_wconf 89' lang='lat' dir='ltr'><strong>is</strong></span> <span class='ocrx_word' id='word_1_287' title='bbox 658 1811 736 1856; x_wconf 88' lang='lat' dir='ltr'><strong>lege</strong></span> <span class='ocrx_word' id='word_1_288' title='bbox 758 1812 922 1847; x_wconf 88' lang='lat' dir='ltr'><strong>Falcidia</strong></span> <span class='ocrx_word' id='word_1_289' title='bbox 945 1812 1064 1848; x_wconf 92' lang='lat' dir='ltr'><strong>locum</strong></span> <span class='ocrx_word' id='word_1_290' title='bbox 1088 1812 1243 1847; x_wconf 78' lang='lat' dir='ltr'><strong>habente</strong></span> 
     </span>
     <span class='ocr_line' id='line_1_38' title="bbox 156 1856 1244 1894; baseline -0.002 -1"><span class='ocrx_word' id='word_1_291' title='bbox 156 1863 270 1894; x_wconf 84' lang='lat' dir='ltr'><strong>totam</strong></span> <span class='ocrx_word' id='word_1_292' title='bbox 301 1868 380 1893; x_wconf 88' lang='lat' dir='ltr'><strong>eam</strong></span> <span class='ocrx_word' id='word_1_293' title='bbox 402 1856 558 1893; x_wconf 88' lang='lat' dir='ltr'><strong>vindicet</strong></span> <span class='ocrx_word' id='word_1_294' title='bbox 580 1867 653 1892; x_wconf 91' lang='lat' dir='ltr'><strong>non</strong></span> <span class='ocrx_word' id='word_1_295' title='bbox 677 1857 798 1892; x_wconf 87' lang='lat' dir='ltr'><strong>oblata</strong></span> <span class='ocrx_word' id='word_1_296' title='bbox 822 1857 1069 1893; x_wconf 79' lang='lat' dir='ltr'><strong>aestimatione</strong></span> <span class='ocrx_word' id='word_1_297' title='bbox 1116 1861 1244 1892; x_wconf 89' lang='lat' dir='ltr'><strong>uartae</strong></span> 
     </span>
     <span class='ocr_line' id='line_1_39' title="bbox 157 1902 1243 1949; baseline -0.002 -10"><span class='ocrx_word' id='word_1_298' title='bbox 157 1904 280 1949; x_wconf 90' lang='lat' dir='ltr'><strong>partis,</strong></span> <span class='ocrx_word' id='word_1_299' title='bbox 306 1902 518 1939; x_wconf 89' lang='lat' dir='ltr'><strong>summoveri</strong></span> <span class='ocrx_word' id='word_1_300' title='bbox 541 1912 622 1937; x_wconf 92' lang='lat' dir='ltr'><strong>eum</strong></span> <span class='ocrx_word' id='word_1_301' title='bbox 646 1902 719 1937; x_wconf 94' lang='grc'>(1011</span> <span class='ocrx_word' id='word_1_302' title='bbox 738 1902 949 1948; x_wconf 88' lang='lat' dir='ltr'><strong>exceptione</strong></span> <span class='ocrx_word' id='word_1_303' title='bbox 964 1902 1088 1938; x_wconf 89' lang='lat' dir='ltr'><strong>Marce</strong></span> <span class='ocrx_word' id='word_1_304' title='bbox 1117 1913 1159 1938; x_wconf 92' lang='lat' dir='ltr'><strong>us</strong></span> <span class='ocrx_word' id='word_1_305' title='bbox 1179 1902 1243 1944; x_wconf 90' lang='lat' dir='ltr'><strong>ait,</strong></span> 
     </span>
     <span class='ocr_line' id='line_1_40' title="bbox 157 1947 1245 1994; baseline -0.002 -10"><span class='ocrx_word' id='word_1_306' title='bbox 157 1953 177 1984; x_wconf 79' lang='lat'><strong>‘2</strong></span> <span class='ocrx_word' id='word_1_307' title='bbox 224 1949 394 1994; x_wconf 89' lang='lat' dir='ltr'><strong>quoniam</strong></span> <span class='ocrx_word' id='word_1_308' title='bbox 416 1958 481 1983; x_wconf 87' lang='lat' dir='ltr'><strong>suo</strong></span> <span class='ocrx_word' id='word_1_309' title='bbox 507 1947 691 1983; x_wconf 87' lang='lat' dir='ltr'><strong>commodo</strong></span> <span class='ocrx_word' id='word_1_310' title='bbox 715 1948 819 1983; x_wconf 87' lang='lat' dir='ltr'><strong>heres</strong></span> <span class='ocrx_word' id='word_1_311' title='bbox 844 1948 1009 1983; x_wconf 90' lang='lat' dir='ltr'><strong>consulit.</strong></span> <span class='ocrx_word' id='word_1_312' title='bbox 1052 1947 1091 1983; x_wconf 91' lang='lat' dir='ltr'><strong>Si</strong></span> <span class='ocrx_word' id='word_1_313' title='bbox 1115 1947 1245 1983; x_wconf 88' lang='lat' dir='ltr'><strong>donavi</strong></span> 
     </span>
     <span class='ocr_line' id='line_1_41' title="bbox 158 1992 1241 2034; baseline -0.001 -5"><span class='ocrx_word' id='word_1_314' title='bbox 158 1994 265 2029; x_wconf 91' lang='lat' dir='ltr'><strong>alicui</strong></span> <span class='ocrx_word' id='word_1_315' title='bbox 287 2004 363 2029; x_wconf 87' lang='lat' dir='ltr'><strong>rem</strong></span> <span class='ocrx_word' id='word_1_316' title='bbox 386 2003 452 2028; x_wconf 89' lang='lat' dir='ltr'><strong>nec</strong></span> <span class='ocrx_word' id='word_1_317' title='bbox 476 1992 670 2034; x_wconf 83' lang='lat' dir='ltr'><strong>tradidero,</strong></span> <span class='ocrx_word' id='word_1_318' title='bbox 695 1996 731 2028; x_wconf 91' lang='lat' dir='ltr'><strong>et</strong></span> <span class='ocrx_word' id='word_1_319' title='bbox 753 1993 814 2028; x_wconf 90' lang='lat' dir='ltr'><strong>ille</strong></span> <span class='ocrx_word' id='word_1_320' title='bbox 837 1993 896 2028; x_wconf 89' lang='lat' dir='ltr'><strong>cui</strong></span> <span class='ocrx_word' id='word_1_321' title='bbox 919 1993 1049 2028; x_wconf 85' lang='lat' dir='ltr'><strong>donavi</strong></span> <span class='ocrx_word' id='word_1_322' title='bbox 1072 2003 1146 2028; x_wconf 88' lang='lat' dir='ltr'><strong>non</strong></span> <span class='ocrx_word' id='word_1_323' title='bbox 1168 1996 1241 2027; x_wconf 82' lang='lat' dir='ltr'><strong>tra-</strong></span> 
     </span>
     <span class='ocr_line' id='line_1_42' title="bbox 159 2038 1243 2084; baseline -0.002 -9"><span class='ocrx_word' id='word_1_324' title='bbox 159 2040 233 2074; x_wconf 88' lang='lat' dir='ltr'><strong>dita</strong></span> <span class='ocrx_word' id='word_1_325' title='bbox 255 2038 483 2084; x_wconf 88' lang='lat' dir='ltr'><strong>possessione</strong></span> <span class='ocrx_word' id='word_1_326' title='bbox 506 2038 543 2072; x_wconf 88' lang='lat' dir='ltr'><strong>in</strong></span> <span class='ocrx_word' id='word_1_327' title='bbox 567 2048 609 2073; x_wconf 92' lang='lat' dir='ltr'><strong>eo</strong></span> <span class='ocrx_word' id='word_1_328' title='bbox 633 2038 713 2073; x_wconf 91' lang='lat' dir='ltr'><strong>loco</strong></span> <span class='ocrx_word' id='word_1_329' title='bbox 743 2038 984 2074; x_wconf 89' lang='lat' dir='ltr'><strong>aedificaverit</strong></span> <span class='ocrx_word' id='word_1_330' title='bbox 1011 2048 1068 2073; x_wconf 91' lang='lat' dir='ltr'><strong>me</strong></span> <span class='ocrx_word' id='word_1_331' title='bbox 1098 2038 1243 2080; x_wconf 90' lang='lat' dir='ltr'><strong>sciente,</strong></span> 
     </span>
     <span class='ocr_line' id='line_1_43' title="bbox 159 2083 1244 2129; baseline -0.003 -8"><span class='ocrx_word' id='word_1_332' title='bbox 159 2089 194 2121; x_wconf 90' lang='lat' dir='ltr'><strong>et</strong></span> <span class='ocrx_word' id='word_1_333' title='bbox 217 2095 299 2120; x_wconf 91' lang='lat' dir='ltr'><strong>cum</strong></span> <span class='ocrx_word' id='word_1_334' title='bbox 322 2083 582 2126; x_wconf 86' lang='lat' dir='ltr'><strong>aedificaverit,</strong></span> <span class='ocrx_word' id='word_1_335' title='bbox 614 2086 767 2118; x_wconf 87' lang='lat' dir='ltr'><strong>nanctus</strong></span> <span class='ocrx_word' id='word_1_336' title='bbox 790 2083 857 2118; x_wconf 87' lang='lat' dir='ltr'><strong>sim</strong></span> <span class='ocrx_word' id='word_1_337' title='bbox 881 2093 945 2129; x_wconf 80' lang='lat' dir='ltr'><strong>ego</strong></span> <span class='ocrx_word' id='word_1_338' title='bbox 969 2083 1244 2129; x_wconf 88' lang='lat' dir='ltr'><strong>possessionem,</strong></span> 
     </span>
     <span class='ocr_line' id='line_1_44' title="bbox 158 2127 1244 2175; baseline -0.002 -10"><span class='ocrx_word' id='word_1_339' title='bbox 158 2135 194 2165; x_wconf 90' lang='lat' dir='ltr'><strong>et</strong></span> <span class='ocrx_word' id='word_1_340' title='bbox 215 2133 316 2175; x_wconf 89' lang='lat' dir='ltr'><strong>petat</strong></span> <span class='ocrx_word' id='word_1_341' title='bbox 339 2139 361 2163; x_wconf 94' lang='lat' dir='ltr'><strong>a</strong></span> <span class='ocrx_word' id='word_1_342' title='bbox 383 2138 438 2163; x_wconf 89' lang='lat' dir='ltr'><strong>me</strong></span> <span class='ocrx_word' id='word_1_343' title='bbox 461 2138 537 2163; x_wconf 89' lang='lat' dir='ltr'><strong>rem</strong></span> <span class='ocrx_word' id='word_1_344' title='bbox 561 2128 745 2171; x_wconf 85' lang='lat' dir='ltr'><strong>donatam,</strong></span> <span class='ocrx_word' id='word_1_345' title='bbox 777 2132 812 2163; x_wconf 89' lang='lat' dir='ltr'><strong>et</strong></span> <span class='ocrx_word' id='word_1_346' title='bbox 835 2139 900 2173; x_wconf 86' lang='lat' dir='ltr'><strong>ego</strong></span> <span class='ocrx_word' id='word_1_347' title='bbox 925 2129 1117 2174; x_wconf 86' lang='lat' dir='ltr'><strong>excipiam,</strong></span> <span class='ocrx_word' id='word_1_348' title='bbox 1148 2127 1244 2173; x_wconf 89' lang='lat' dir='ltr'><strong>quod</strong></span> 
     </span>
     <span class='ocr_line' id='line_1_45' title="bbox 157 2173 1243 2220; baseline -0.001 -10"><span class='ocrx_word' id='word_1_349' title='bbox 157 2185 269 2220; x_wconf 87' lang='lat' dir='ltr'><strong>supra</strong></span> <span class='ocrx_word' id='word_1_350' title='bbox 304 2174 500 2219; x_wconf 83' lang='lat' dir='ltr'><strong>legitimum</strong></span> <span class='ocrx_word' id='word_1_351' title='bbox 536 2173 703 2208; x_wconf 89' lang='lat' dir='ltr'><strong>modum³</strong></span> <span class='ocrx_word' id='word_1_352' title='bbox 739 2173 839 2208; x_wconf 86' lang='lat' dir='ltr'><strong>facta</strong></span> <span class='ocrx_word' id='word_1_353' title='bbox 874 2177 945 2209; x_wconf 87' lang='lat' dir='ltr'><strong>est:</strong></span> <span class='ocrx_word' id='word_1_354' title='bbox 984 2175 1054 2209; x_wconf 69' lang='lat' dir='ltr'><strong>an⁴</strong></span> <span class='ocrx_word' id='word_1_355' title='bbox 1085 2173 1130 2210; x_wconf 89' lang='lat' dir='ltr'><strong>de</strong></span> <span class='ocrx_word' id='word_1_356' title='bbox 1161 2173 1243 2209; x_wconf 91' lang='lat' dir='ltr'><strong>dolo</strong></span> 
     </span>
     <span class='ocr_line' id='line_1_46' title="bbox 158 2218 1244 2266; baseline -0.003 -10"><span class='ocrx_word' id='word_1_357' title='bbox 158 2219 402 2266; x_wconf 85' lang='lat' dir='ltr'><strong>replicandum</strong></span> <span class='ocrx_word' id='word_1_358' title='bbox 430 2219 511 2254; x_wconf 75' lang='lat' dir='ltr'><strong>est?</strong></span> <span class='ocrx_word' id='word_1_359' title='bbox 549 2218 631 2254; x_wconf 91' lang='lat' dir='ltr'><strong>dolo</strong></span> <span class='ocrx_word' id='word_1_360' title='bbox 664 2218 757 2254; x_wconf 86' lang='lat' dir='ltr'><strong>enim</strong></span> <span class='ocrx_word' id='word_1_361' title='bbox 786 2218 873 2261; x_wconf 81' lang='lat' dir='ltr'><strong>feci,</strong></span> <span class='ocrx_word' id='word_1_362' title='bbox 914 2218 975 2264; x_wconf 89' lang='lat' dir='ltr'><strong>qui</strong></span> <span class='ocrx_word' id='word_1_363' title='bbox 1003 2229 1133 2264; x_wconf 87' lang='lat' dir='ltr'><strong>passus</strong></span> <span class='ocrx_word' id='word_1_364' title='bbox 1165 2229 1244 2254; x_wconf 89' lang='lat' dir='ltr'><strong>sum</strong></span> 
     </span>
     <span class='ocr_line' id='line_1_47' title="bbox 159 2263 1243 2309; baseline 0.001 -11"><span class='ocrx_word' id='word_1_365' title='bbox 159 2269 179 2298; x_wconf 75' lang='grc'><strong>3</strong></span> <span class='ocrx_word' id='word_1_366' title='bbox 227 2274 308 2300; x_wconf 91' lang='lat' dir='ltr'><strong>eum</strong></span> <span class='ocrx_word' id='word_1_367' title='bbox 330 2263 520 2300; x_wconf 86' lang='lat' dir='ltr'><strong>aedificare</strong></span> <span class='ocrx_word' id='word_1_368' title='bbox 553 2267 590 2299; x_wconf 92' lang='lat' dir='ltr'><strong>et</strong></span> <span class='ocrx_word' id='word_1_369' title='bbox 619 2274 692 2299; x_wconf 88' lang='lat' dir='ltr'><strong>non</strong></span> <span class='ocrx_word' id='word_1_370' title='bbox 714 2263 824 2299; x_wconf 86' lang='lat' dir='ltr'><strong>reddo</strong></span> <span class='ocrx_word' id='word_1_371' title='bbox 849 2264 1039 2309; x_wconf 86' lang='lat' dir='ltr'><strong>impensas.</strong></span> <span class='ocrx_word' id='word_1_372' title='bbox 1086 2263 1243 2308; x_wconf 86' lang='lat' dir='ltr'><strong>Actoris,</strong></span> 
     </span>
     <span class='ocr_line' id='line_1_48' title="bbox 159 2309 1244 2356; baseline -0.001 -10"><span class='ocrx_word' id='word_1_373' title='bbox 159 2310 220 2356; x_wconf 92' lang='lat' dir='ltr'><strong>qui</strong></span> <span class='ocrx_word' id='word_1_374' title='bbox 243 2309 422 2354; x_wconf 87' lang='lat' dir='ltr'><strong>exigendis</strong></span> <span class='ocrx_word' id='word_1_375' title='bbox 446 2309 606 2354; x_wconf 90' lang='lat' dir='ltr'><strong>pecuniis</strong></span> <span class='ocrx_word' id='word_1_376' title='bbox 630 2309 856 2354; x_wconf 87' lang='lat' dir='ltr'><strong>praepositus</strong></span> <span class='ocrx_word' id='word_1_377' title='bbox 881 2312 953 2353; x_wconf 89' lang='lat' dir='ltr'><strong>est,</strong></span> <span class='ocrx_word' id='word_1_378' title='bbox 985 2309 1092 2345; x_wconf 84' lang='lat' dir='ltr'><strong>etiam</strong></span> <span class='ocrx_word' id='word_1_379' title='bbox 1123 2312 1244 2354; x_wconf 89' lang='lat' dir='ltr'><strong>poste-</strong></span> 
     </span>
     <span class='ocr_line' id='line_1_49' title="bbox 159 2353 1243 2398; baseline -0.001 -8"><span class='ocrx_word' id='word_1_380' title='bbox 159 2360 180 2390; x_wconf 85' lang='grc'>4</span> <span class='ocrx_word' id='word_1_381' title='bbox 226 2356 301 2391; x_wconf 94' lang='lat' dir='ltr'><strong>rior</strong></span> <span class='ocrx_word' id='word_1_382' title='bbox 324 2355 426 2390; x_wconf 88' lang='lat' dir='ltr'><strong>dolus</strong></span> <span class='ocrx_word' id='word_1_383' title='bbox 451 2353 594 2390; x_wconf 90' lang='lat' dir='ltr'><strong>domino</strong></span> <span class='ocrx_word' id='word_1_384' title='bbox 618 2358 735 2389; x_wconf 89' lang='lat' dir='ltr'><strong>nocet.</strong></span> <span class='ocrx_word' id='word_1_385' title='bbox 778 2353 817 2390; x_wconf 88' lang='lat' dir='ltr'><strong>Si</strong></span> <span class='ocrx_word' id='word_1_386' title='bbox 840 2364 964 2390; x_wconf 84' lang='lat' dir='ltr'><strong>servus</strong></span> <span class='ocrx_word' id='word_1_387' title='bbox 987 2354 1097 2390; x_wconf 89' lang='lat' dir='ltr'><strong>veniit</strong></span> <span class='ocrx_word' id='word_1_388' title='bbox 1120 2355 1165 2389; x_wconf 88' lang='lat' dir='ltr'><strong>ab</strong></span> <span class='ocrx_word' id='word_1_389' title='bbox 1190 2364 1243 2398; x_wconf 94' lang='lat' dir='ltr'><strong>eo,</strong></span> 
     </span>
     <span class='ocr_line' id='line_1_50' title="bbox 160 2398 1242 2444; baseline -0.002 -8"><span class='ocrx_word' id='word_1_390' title='bbox 160 2400 219 2436; x_wconf 90' lang='lat' dir='ltr'><strong>cui</strong></span> <span class='ocrx_word' id='word_1_391' title='bbox 241 2401 311 2436; x_wconf 90' lang='lat' dir='ltr'><strong>hoc</strong></span> <span class='ocrx_word' id='word_1_392' title='bbox 335 2399 498 2435; x_wconf 91' lang='lat' dir='ltr'><strong>dominus</strong></span> <span class='ocrx_word' id='word_1_393' title='bbox 522 2399 699 2444; x_wconf 84' lang='lat' dir='ltr'><strong>permisit,</strong></span> <span class='ocrx_word' id='word_1_394' title='bbox 728 2402 764 2434; x_wconf 90' lang='lat' dir='ltr'><strong>et</strong></span> <span class='ocrx_word' id='word_1_395' title='bbox 786 2398 985 2435; x_wconf 90' lang='lat' dir='ltr'><strong>redhibitus</strong></span> <span class='ocrx_word' id='word_1_396' title='bbox 1009 2399 1057 2435; x_wconf 89' lang='lat' dir='ltr'><strong>sit</strong></span> <span class='ocrx_word' id='word_1_397' title='bbox 1080 2399 1242 2435; x_wconf 91' lang='lat' dir='ltr'><strong>domino:</strong></span> 
     </span>
     <span class='ocr_line' id='line_1_51' title="bbox 159 2443 1243 2498; baseline -0.001 -17"><span class='ocrx_word' id='word_1_398' title='bbox 159 2446 278 2498; x_wconf 79' lang='lat' dir='ltr'><strong>agenti</strong></span> <span class='ocrx_word' id='word_1_399' title='bbox 301 2444 475 2481; x_wconf 88' lang='lat' dir='ltr'><strong>venditori</strong></span> <span class='ocrx_word' id='word_1_400' title='bbox 499 2444 543 2479; x_wconf 89' lang='lat' dir='ltr'><strong>de</strong></span> <span class='ocrx_word' id='word_1_401' title='bbox 566 2443 682 2496; x_wconf 84' lang='lat' dir='ltr'><strong>pretio</strong></span> <span class='ocrx_word' id='word_1_402' title='bbox 706 2454 792 2480; x_wconf 89' lang='lat' dir='ltr'><strong>exce</strong></span> <span class='ocrx_word' id='word_1_403' title='bbox 818 2444 869 2480; x_wconf 89' lang='lat' dir='ltr'><strong>tio</strong></span> <span class='ocrx_word' id='word_1_404' title='bbox 901 2455 922 2480; x_wconf 96' lang='grc'><strong>0</strong></span> <span class='ocrx_word' id='word_1_405' title='bbox 948 2445 1097 2490; x_wconf 90' lang='lat' dir='ltr'><strong>ponitur</strong></span> <span class='ocrx_word' id='word_1_406' title='bbox 1124 2444 1243 2480; x_wconf 89' lang='lat' dir='ltr'><strong>redhi-</strong></span> 
     </span>
     <span class='ocr_line' id='line_1_52' title="bbox 160 2489 1245 2535; baseline -0.002 -9"><span class='ocrx_word' id='word_1_407' title='bbox 160 2491 321 2534; x_wconf 77' lang='lat' dir='ltr'><strong>bitionis,</strong></span> <span class='ocrx_word' id='word_1_408' title='bbox 359 2490 445 2526; x_wconf 89' lang='lat' dir='ltr'><strong>licet</strong></span> <span class='ocrx_word' id='word_1_409' title='bbox 473 2489 545 2524; x_wconf 87' lang='lat' dir='ltr'><strong>iam</strong></span> <span class='ocrx_word' id='word_1_410' title='bbox 575 2500 606 2524; x_wconf 81' lang='lat' dir='ltr'><strong>is</strong></span> <span class='ocrx_word' id='word_1_411' title='bbox 638 2489 700 2534; x_wconf 91' lang='lat' dir='ltr'><strong>qui</strong></span> <span class='ocrx_word' id='word_1_412' title='bbox 730 2499 796 2524; x_wconf 92' lang='lat' dir='ltr'><strong>ven</strong></span> <span class='ocrx_word' id='word_1_413' title='bbox 823 2489 887 2524; x_wconf 90' lang='lat' dir='ltr'><strong>&#39;dit</strong></span> <span class='ocrx_word' id='word_1_414' title='bbox 942 2490 1060 2526; x_wconf 88' lang='lat' dir='ltr'><strong>omino</strong></span> <span class='ocrx_word' id='word_1_415' title='bbox 1090 2490 1245 2535; x_wconf 87' lang='lat' dir='ltr'><strong>pretium</strong></span> 
     </span>
     <span class='ocr_line' id='line_1_53' title="bbox 160 2534 1244 2578; baseline -0.001 -7"><span class='ocrx_word' id='word_1_416' title='bbox 160 2536 304 2572; x_wconf 88' lang='lat' dir='ltr'><strong>solverit</strong></span> <span class='ocrx_word' id='word_1_417' title='bbox 326 2535 470 2578; x_wconf 78' lang='lat' dir='ltr'><strong>(³etiam</strong></span> <span class='ocrx_word' id='word_1_418' title='bbox 493 2534 620 2570; x_wconf 92' lang='lat' dir='ltr'><strong>mercis</strong></span> <span class='ocrx_word' id='word_1_419' title='bbox 644 2545 717 2570; x_wconf 91' lang='lat' dir='ltr'><strong>non</strong></span> <span class='ocrx_word' id='word_1_420' title='bbox 740 2535 894 2570; x_wconf 84' lang='lat' dir='ltr'><strong>traditae</strong></span> <span class='ocrx_word' id='word_1_421' title='bbox 917 2544 1002 2571; x_wconf 89' lang='lat' dir='ltr'><strong>exce</strong></span> <span class='ocrx_word' id='word_1_422' title='bbox 1029 2536 1125 2571; x_wconf 89' lang='lat' dir='ltr'><strong>tione</strong></span> <span class='ocrx_word' id='word_1_423' title='bbox 1148 2546 1244 2571; x_wconf 89' lang='lat' dir='ltr'><strong>sum-</strong></span> 
     </span>
     <span class='ocr_line' id='line_1_54' title="bbox 160 2579 1244 2625; baseline 0 -9"><span class='ocrx_word' id='word_1_424' title='bbox 160 2584 322 2616; x_wconf 88' lang='lat' dir='ltr'><strong>movetur</strong></span> <span class='ocrx_word' id='word_1_425' title='bbox 343 2584 381 2616; x_wconf 89' lang='lat' dir='ltr'><strong>et</strong></span> <span class='ocrx_word' id='word_1_426' title='bbox 427 2580 464 2615; x_wconf 92' lang='lat' dir='ltr'><strong>ui</strong></span> <span class='ocrx_word' id='word_1_427' title='bbox 487 2580 676 2625; x_wconf 89' lang='lat' dir='ltr'><strong>pecuniam</strong></span> <span class='ocrx_word' id='word_1_428' title='bbox 699 2579 840 2615; x_wconf 90' lang='lat' dir='ltr'><strong>domino</strong></span> <span class='ocrx_word' id='word_1_429' title='bbox 864 2580 934 2615; x_wconf 91' lang='lat' dir='ltr'><strong>iam</strong></span> <span class='ocrx_word' id='word_1_430' title='bbox 958 2591 999 2616; x_wconf 87' lang='lat' dir='ltr'><strong>so</strong></span> <span class='ocrx_word' id='word_1_431' title='bbox 1014 2581 1076 2622; x_wconf 94' lang='lat' dir='ltr'><strong>vit)</strong></span> <span class='ocrx_word' id='word_1_432' title='bbox 1105 2584 1142 2616; x_wconf 91' lang='lat' dir='ltr'><strong>et</strong></span> <span class='ocrx_word' id='word_1_433' title='bbox 1163 2580 1244 2616; x_wconf 90' lang='lat' dir='ltr'><strong>ideo</strong></span> 
     </span>
     <span class='ocr_line' id='line_1_55' title="bbox 159 2591 1244 2671; baseline 0 -10"><span class='ocrx_word' id='word_1_434' title='bbox 159 2627 190 2662; x_wconf 92' lang='lat' dir='ltr'><strong>is</strong></span> <span class='ocrx_word' id='word_1_435' title='bbox 215 2626 275 2671; x_wconf 88' lang='lat' dir='ltr'><strong>qui</strong></span> <span class='ocrx_word' id='word_1_436' title='bbox 297 2591 455 2661; x_wconf 55' lang='lat' dir='ltr'><strong>vendidit</strong></span> <span class='ocrx_word' id='word_1_437' title='bbox 478 2625 552 2669; x_wconf 84' lang='lat' dir='ltr'><strong>agit</strong></span> <span class='ocrx_word' id='word_1_438' title='bbox 574 2624 744 2660; x_wconf 87' lang='lat' dir='ltr'><strong>adversus</strong></span> <span class='ocrx_word' id='word_1_439' title='bbox 764 2624 956 2660; x_wconf 90' lang='lat' dir='ltr'><strong>dominum.</strong></span> <span class='ocrx_word' id='word_1_440' title='bbox 991 2626 1140 2661; x_wconf 90' lang='lat' dir='ltr'><strong>eandem</strong></span> <span class='ocrx_word' id='word_1_441' title='bbox 1158 2636 1244 2661; x_wconf 88' lang='lat' dir='ltr'><strong>cau-</strong></span> 
     </span>
     <span class='ocr_line' id='line_1_56' title="bbox 160 2669 1244 2716; baseline 0 -10"><span class='ocrx_word' id='word_1_442' title='bbox 160 2681 236 2706; x_wconf 90' lang='lat' dir='ltr'><strong>sam</strong></span> <span class='ocrx_word' id='word_1_443' title='bbox 261 2681 338 2707; x_wconf 86' lang='lat' dir='ltr'><strong>esse</strong></span> <span class='ocrx_word' id='word_1_444' title='bbox 362 2670 492 2706; x_wconf 90' lang='lat' dir='ltr'><strong>Pedius</strong></span> <span class='ocrx_word' id='word_1_445' title='bbox 517 2669 568 2705; x_wconf 92' lang='lat' dir='ltr'><strong>ait</strong></span> <span class='ocrx_word' id='word_1_446' title='bbox 591 2670 683 2713; x_wconf 86' lang='lat' dir='ltr'><strong>eius,</strong></span> <span class='ocrx_word' id='word_1_447' title='bbox 713 2670 773 2715; x_wconf 92' lang='lat' dir='ltr'><strong>qui</strong></span> <span class='ocrx_word' id='word_1_448' title='bbox 797 2670 977 2715; x_wconf 79' lang='lat' dir='ltr'><strong>negotium</strong></span> <span class='ocrx_word' id='word_1_449' title='bbox 999 2674 1162 2707; x_wconf 86' lang='lat' dir='ltr'><strong>nostrum</strong></span> <span class='ocrx_word' id='word_1_450' title='bbox 1184 2681 1244 2716; x_wconf 80' lang='lat' dir='ltr'><strong>ge-</strong></span> 
     </span>
     <span class='ocr_line' id='line_1_57' title="bbox 161 2714 1246 2760; baseline 0 -9"><span class='ocrx_word' id='word_1_451' title='bbox 161 2721 180 2751; x_wconf 83' lang='lat'>5</span> <span class='ocrx_word' id='word_1_452' title='bbox 227 2726 310 2751; x_wconf 90' lang='lat' dir='ltr'><strong>rens</strong></span> <span class='ocrx_word' id='word_1_453' title='bbox 334 2715 501 2751; x_wconf 88' lang='lat' dir='ltr'><strong>vendidit.</strong></span> <span class='ocrx_word' id='word_1_454' title='bbox 549 2714 587 2751; x_wconf 82' lang='lat' dir='ltr'><strong>Si</strong></span> <span class='ocrx_word' id='word_1_455' title='bbox 610 2725 708 2760; x_wconf 89' lang='lat' dir='ltr'><strong>eum,</strong></span> <span class='ocrx_word' id='word_1_456' title='bbox 742 2715 802 2760; x_wconf 93' lang='lat' dir='ltr'><strong>qui</strong></span> <span class='ocrx_word' id='word_1_457' title='bbox 829 2715 973 2751; x_wconf 89' lang='lat' dir='ltr'><strong>volebat</strong></span> <span class='ocrx_word' id='word_1_458' title='bbox 1003 2716 1089 2751; x_wconf 91' lang='lat' dir='ltr'><strong>mihi</strong></span> <span class='ocrx_word' id='word_1_459' title='bbox 1112 2716 1246 2752; x_wconf 86' lang='lat' dir='ltr'><strong>donare</strong></span> 
     </span>
     <span class='ocr_line' id='line_1_58' title="bbox 161 2760 1244 2807; baseline 0 -10"><span class='ocrx_word' id='word_1_460' title='bbox 161 2771 272 2807; x_wconf 88' lang='lat' dir='ltr'><strong>supra</strong></span> <span class='ocrx_word' id='word_1_461' title='bbox 299 2761 492 2805; x_wconf 80' lang='lat' dir='ltr'><strong>legitimum</strong></span> <span class='ocrx_word' id='word_1_462' title='bbox 523 2760 686 2803; x_wconf 92' lang='lat' dir='ltr'><strong>modum,</strong></span> <span class='ocrx_word' id='word_1_463' title='bbox 719 2760 926 2806; x_wconf 81' lang='lat' dir='ltr'><strong>delegavero</strong></span> <span class='ocrx_word' id='word_1_464' title='bbox 958 2761 1125 2797; x_wconf 86' lang='lat' dir='ltr'><strong>creditori</strong></span> <span class='ocrx_word' id='word_1_465' title='bbox 1153 2771 1244 2805; x_wconf 91' lang='lat' dir='ltr'><strong>meo,</strong></span> 
     </span>
     <span class='ocr_line' id='line_1_59' title="bbox 162 2806 1242 2852; baseline 0 -10"><span class='ocrx_word' id='word_1_466' title='bbox 162 2817 234 2842; x_wconf 89' lang='lat' dir='ltr'><strong>non</strong></span> <span class='ocrx_word' id='word_1_467' title='bbox 257 2806 388 2851; x_wconf 89' lang='lat' dir='ltr'><strong>poterit</strong></span> <span class='ocrx_word' id='word_1_468' title='bbox 410 2806 580 2842; x_wconf 86' lang='lat' dir='ltr'><strong>adversus</strong></span> <span class='ocrx_word' id='word_1_469' title='bbox 606 2809 786 2851; x_wconf 88' lang='lat' dir='ltr'><strong>petentem</strong></span> <span class='ocrx_word' id='word_1_470' title='bbox 815 2806 867 2841; x_wconf 81' lang='lat' dir='ltr'><strong>uti</strong></span> <span class='ocrx_word' id='word_1_471' title='bbox 895 2806 1122 2852; x_wconf 88' lang='lat' dir='ltr'><strong>exceptione,</strong></span> <span class='ocrx_word' id='word_1_472' title='bbox 1155 2817 1242 2852; x_wconf 91' lang='lat' dir='ltr'><strong>quo-</strong></span> 
     </span>
     <span class='ocr_line' id='line_1_60' title="bbox 163 2850 1244 2896; baseline 0 -10"><span class='ocrx_word' id='word_1_473' title='bbox 163 2852 257 2886; x_wconf 85' lang='lat' dir='ltr'><strong>niam</strong></span> <span class='ocrx_word' id='word_1_474' title='bbox 280 2850 435 2886; x_wconf 89' lang='lat' dir='ltr'><strong>creditor</strong></span> <span class='ocrx_word' id='word_1_475' title='bbox 459 2861 563 2886; x_wconf 88' lang='lat' dir='ltr'><strong>suum</strong></span> <span class='ocrx_word' id='word_1_476' title='bbox 586 2851 686 2896; x_wconf 89' lang='lat' dir='ltr'><strong>petit.</strong></span> <span class='ocrx_word' id='word_1_477' title='bbox 732 2851 771 2886; x_wconf 91' lang='lat' dir='ltr'><strong>in</strong></span> <span class='ocrx_word' id='word_1_478' title='bbox 794 2851 918 2886; x_wconf 85' lang='lat' dir='ltr'><strong>eadem</strong></span> <span class='ocrx_word' id='word_1_479' title='bbox 945 2861 1056 2888; x_wconf 88' lang='lat' dir='ltr'><strong>causa</strong></span> <span class='ocrx_word' id='word_1_480' title='bbox 1085 2855 1140 2887; x_wconf 91' lang='lat' dir='ltr'><strong>est</strong></span> <span class='ocrx_word' id='word_1_481' title='bbox 1169 2862 1244 2887; x_wconf 89' lang='lat' dir='ltr'><strong>ma-</strong></span> 
     </span>
     <span class='ocr_line' id='line_1_61' title="bbox 164 2896 1244 2942; baseline 0.001 -10"><span class='ocrx_word' id='word_1_482' title='bbox 164 2897 270 2932; x_wconf 85' lang='lat' dir='ltr'><strong>ritus:</strong></span> <span class='ocrx_word' id='word_1_483' title='bbox 309 2906 375 2931; x_wconf 91' lang='lat' dir='ltr'><strong>nec</strong></span> <span class='ocrx_word' id='word_1_484' title='bbox 410 2896 468 2931; x_wconf 90' lang='lat' dir='ltr'><strong>hic</strong></span> <span class='ocrx_word' id='word_1_485' title='bbox 504 2896 599 2931; x_wconf 91' lang='lat' dir='ltr'><strong>enim</strong></span> <span class='ocrx_word' id='word_1_486' title='bbox 635 2896 740 2932; x_wconf 86' lang='lat' dir='ltr'><strong>debet</strong></span> <span class='ocrx_word' id='word_1_487' title='bbox 776 2897 987 2941; x_wconf 88' lang='lat' dir='ltr'><strong>exceptione</strong></span> <span class='ocrx_word' id='word_1_488' title='bbox 1021 2896 1244 2942; x_wconf 88' lang='lat' dir='ltr'><strong>summoveri,</strong></span> 
     </span>
     <span class='ocr_line' id='line_1_62' title="bbox 163 2941 1244 2987; baseline 0.002 -11"><span class='ocrx_word' id='word_1_489' title='bbox 163 2942 247 2987; x_wconf 81' lang='lat' dir='ltr'><strong>qui⁶</strong></span> <span class='ocrx_word' id='word_1_490' title='bbox 278 2951 344 2976; x_wconf 84' lang='lat' dir='ltr'><strong>suo</strong></span> <span class='ocrx_word' id='word_1_491' title='bbox 376 2942 518 2976; x_wconf 91' lang='lat' dir='ltr'><strong>nomine</strong></span> <span class='ocrx_word' id='word_1_492' title='bbox 546 2941 630 2986; x_wconf 80' lang='lat' dir='ltr'><strong>agit.</strong></span> <span class='ocrx_word' id='word_1_493' title='bbox 678 2941 849 2986; x_wconf 89' lang='lat' dir='ltr'><strong>numquid</strong></span> <span class='ocrx_word' id='word_1_494' title='bbox 879 2952 961 2987; x_wconf 81' lang='lat' dir='ltr'><strong>ergo</strong></span> <span class='ocrx_word' id='word_1_495' title='bbox 994 2952 1058 2978; x_wconf 92' lang='lat' dir='ltr'><strong>nec</strong></span> <span class='ocrx_word' id='word_1_496' title='bbox 1089 2942 1133 2978; x_wconf 88' lang='lat' dir='ltr'><strong>de</strong></span> <span class='ocrx_word' id='word_1_497' title='bbox 1162 2942 1244 2978; x_wconf 91' lang='lat' dir='ltr'><strong>dolo</strong></span> 
     </span>
     <span class='ocr_line' id='line_1_63' title="bbox 164 2985 1245 3032; baseline 0.001 -10"><span class='ocrx_word' id='word_1_498' title='bbox 164 2986 321 3022; x_wconf 88' lang='lat' dir='ltr'><strong>mulieris</strong></span> <span class='ocrx_word' id='word_1_499' title='bbox 345 2985 592 3031; x_wconf 87' lang='lat' dir='ltr'><strong>excipiendum</strong></span> <span class='ocrx_word' id='word_1_500' title='bbox 616 2986 663 3022; x_wconf 92' lang='lat' dir='ltr'><strong>sit</strong></span> <span class='ocrx_word' id='word_1_501' title='bbox 686 2986 856 3023; x_wconf 85' lang='lat' dir='ltr'><strong>adversus</strong></span> <span class='ocrx_word' id='word_1_502' title='bbox 879 2988 1060 3031; x_wconf 89' lang='lat' dir='ltr'><strong>maritum,</strong></span> <span class='ocrx_word' id='word_1_503' title='bbox 1093 2987 1154 3032; x_wconf 91' lang='lat' dir='ltr'><strong>qui</strong></span> <span class='ocrx_word' id='word_1_504' title='bbox 1182 2987 1245 3024; x_wconf 91' lang='grc'>(10-</span> 
     </span>
     <span class='ocr_line' id='line_1_64' title="bbox 163 3031 1245 3077; baseline 0.001 -10"><span class='ocrx_word' id='word_1_505' title='bbox 163 3037 234 3067; x_wconf 92' lang='lat' dir='ltr'><strong>tem</strong></span> <span class='ocrx_word' id='word_1_506' title='bbox 257 3031 363 3077; x_wconf 89' lang='lat' dir='ltr'><strong>petit,</strong></span> <span class='ocrx_word' id='word_1_507' title='bbox 396 3041 469 3066; x_wconf 89' lang='lat' dir='ltr'><strong>nou</strong></span> <span class='ocrx_word' id='word_1_508' title='bbox 500 3031 675 3067; x_wconf 86' lang='lat' dir='ltr'><strong>ducturus</strong></span> <span class='ocrx_word' id='word_1_509' title='bbox 697 3042 861 3075; x_wconf 88' lang='lat' dir='ltr'><strong>uxorem,</strong></span> <span class='ocrx_word' id='word_1_510' title='bbox 891 3032 960 3067; x_wconf 87' lang='lat' dir='ltr'><strong>nisi</strong></span> <span class='ocrx_word' id='word_1_511' title='bbox 991 3032 1111 3069; x_wconf 90' lang='lat' dir='ltr'><strong>dotem</strong></span> <span class='ocrx_word' id='word_1_512' title='bbox 1142 3042 1245 3068; x_wconf 89' lang='lat' dir='ltr'><strong>acce-</strong></span> 
     </span>
     <span class='ocr_line' id='line_1_65' title="bbox 162 3075 1247 3157; baseline 0.001 -44"><span class='ocrx_word' id='word_1_513' title='bbox 162 3077 298 3157; x_wconf 58' lang='lat' dir='ltr'><strong>pisset?</strong></span> <span class='ocrx_word' id='word_1_514' title='bbox 335 3076 404 3112; x_wconf 91' lang='lat' dir='ltr'><strong>nisi</strong></span> <span class='ocrx_word' id='word_1_515' title='bbox 426 3076 497 3111; x_wconf 92' lang='lat' dir='ltr'><strong>iam</strong></span> <span class='ocrx_word' id='word_1_516' title='bbox 521 3075 672 3111; x_wconf 90' lang='lat' dir='ltr'><strong>divertit.</strong></span> <span class='ocrx_word' id='word_1_517' title='bbox 712 3076 834 3122; x_wconf 91' lang='lat' dir='ltr'><strong>itaque</strong></span> <span class='ocrx_word' id='word_1_518' title='bbox 857 3077 1082 3114; x_wconf 89' lang='lat' dir='ltr'><strong>condictione</strong></span> <span class='ocrx_word' id='word_1_519' title='bbox 1105 3081 1247 3114; x_wconf 90' lang='lat' dir='ltr'><strong>tenetur</strong></span> 
     </span>
    </p>

    <p class='ocr_par' dir='ltr' id='par_1_4' title="bbox 163 3121 1245 3304">
     <span class='ocr_line' id='line_1_66' title="bbox 187 3121 1244 3166; baseline 0.001 -9"><span class='ocrx_word' id='word_1_520' title='bbox 187 3122 303 3158; x_wconf 91' lang='lat' dir='ltr'><strong>ebitor</strong></span> <span class='ocrx_word' id='word_1_521' title='bbox 326 3121 387 3166; x_wconf 90' lang='lat' dir='ltr'><strong>qui</strong></span> <span class='ocrx_word' id='word_1_522' title='bbox 409 3121 582 3166; x_wconf 83' lang='lat' dir='ltr'><strong>delegavit</strong></span> <span class='ocrx_word' id='word_1_523' title='bbox 604 3122 656 3156; x_wconf 86' lang='lat' dir='ltr'><strong>vel</strong></span> <span class='ocrx_word' id='word_1_524' title='bbox 682 3122 823 3166; x_wconf 89' lang='lat' dir='ltr'><strong>mulier,</strong></span> <span class='ocrx_word' id='word_1_525' title='bbox 855 3126 897 3157; x_wconf 91' lang='lat' dir='ltr'><strong>ut</strong></span> <span class='ocrx_word' id='word_1_526' title='bbox 918 3122 974 3158; x_wconf 89' lang='lat' dir='ltr'><strong>vel</strong></span> <span class='ocrx_word' id='word_1_527' title='bbox 996 3123 1124 3159; x_wconf 88' lang='lat' dir='ltr'><strong>liberet</strong></span> <span class='ocrx_word' id='word_1_528' title='bbox 1146 3123 1244 3159; x_wconf 91' lang='lat' dir='ltr'><strong>debi-</strong></span> 
     </span>
     <span class='ocr_line' id='line_1_67' title="bbox 164 3165 1245 3212; baseline 0.001 -9"><span class='ocrx_word' id='word_1_529' title='bbox 164 3171 184 3202; x_wconf 87' lang='lat'><strong>6</strong></span> <span class='ocrx_word' id='word_1_530' title='bbox 230 3170 343 3203; x_wconf 91' lang='lat' dir='ltr'><strong>torem</strong></span> <span class='ocrx_word' id='word_1_531' title='bbox 366 3166 432 3210; x_wconf 86' lang='lat' dir='ltr'><strong>vel,</strong></span> <span class='ocrx_word' id='word_1_532' title='bbox 457 3166 487 3201; x_wconf 91' lang='lat' dir='ltr'><strong>si</strong></span> <span class='ocrx_word' id='word_1_533' title='bbox 510 3165 623 3209; x_wconf 88' lang='lat' dir='ltr'><strong>solvit,</strong></span> <span class='ocrx_word' id='word_1_534' title='bbox 649 3170 689 3200; x_wconf 90' lang='lat' dir='ltr'><strong>ut</strong></span> <span class='ocrx_word' id='word_1_535' title='bbox 712 3167 863 3212; x_wconf 89' lang='lat' dir='ltr'><strong>pecunia</strong></span> <span class='ocrx_word' id='word_1_536' title='bbox 887 3167 918 3202; x_wconf 93' lang='lat' dir='ltr'><strong>ei</strong></span> <span class='ocrx_word' id='word_1_537' title='bbox 943 3167 1124 3203; x_wconf 87' lang='lat' dir='ltr'><strong>reddatur.</strong></span> <span class='ocrx_word' id='word_1_538' title='bbox 1162 3168 1245 3204; x_wconf 84' lang='lat' dir='ltr'><strong>Non</strong></span> 
     </span>
     <span class='ocr_line' id='line_1_68' title="bbox 163 3211 1245 3257; baseline 0 -9"><span class='ocrx_word' id='word_1_539' title='bbox 163 3212 258 3248; x_wconf 90' lang='lat' dir='ltr'><strong>sicut</strong></span> <span class='ocrx_word' id='word_1_540' title='bbox 279 3212 324 3247; x_wconf 93' lang='lat' dir='ltr'><strong>de</strong></span> <span class='ocrx_word' id='word_1_541' title='bbox 348 3211 431 3247; x_wconf 90' lang='grc'>(1010</span> <span class='ocrx_word' id='word_1_542' title='bbox 454 3211 548 3246; x_wconf 86' lang='lat' dir='ltr'><strong>actio</strong></span> <span class='ocrx_word' id='word_1_543' title='bbox 572 3214 669 3246; x_wconf 86' lang='lat' dir='ltr'><strong>certo</strong></span> <span class='ocrx_word' id='word_1_544' title='bbox 701 3216 770 3246; x_wconf 90' lang='lat' dir='ltr'><strong>tem</strong></span> <span class='ocrx_word' id='word_1_545' title='bbox 798 3222 860 3248; x_wconf 92' lang='lat' dir='ltr'><strong>ore</strong></span> <span class='ocrx_word' id='word_1_546' title='bbox 887 3212 1027 3257; x_wconf 84' lang='lat' dir='ltr'><strong>finitur,</strong></span> <span class='ocrx_word' id='word_1_547' title='bbox 1058 3213 1110 3248; x_wconf 92' lang='lat' dir='ltr'><strong>ita</strong></span> <span class='ocrx_word' id='word_1_548' title='bbox 1138 3214 1245 3250; x_wconf 88' lang='lat' dir='ltr'><strong>etiam</strong></span> 
     </span>
     <span class='ocr_line' id='line_1_69' title="bbox 164 3255 1244 3304; baseline 0.002 -12"><span class='ocrx_word' id='word_1_549' title='bbox 164 3257 325 3302; x_wconf 84' lang='lat' dir='ltr'><strong>exceptio</strong></span> <span class='ocrx_word' id='word_1_550' title='bbox 354 3256 479 3292; x_wconf 90' lang='lat' dir='ltr'><strong>eodem</strong></span> <span class='ocrx_word' id='word_1_551' title='bbox 506 3260 666 3301; x_wconf 89' lang='lat' dir='ltr'><strong>tempore</strong></span> <span class='ocrx_word' id='word_1_552' title='bbox 690 3255 760 3291; x_wconf 86' lang='lat' dir='ltr'><strong>dau</strong></span> <span class='ocrx_word' id='word_1_553' title='bbox 785 3267 808 3291; x_wconf 90' lang='lat' dir='ltr'><strong>a</strong></span> <span class='ocrx_word' id='word_1_554' title='bbox 830 3262 903 3293; x_wconf 88' lang='lat' dir='ltr'><strong>est:</strong></span> <span class='ocrx_word' id='word_1_555' title='bbox 934 3267 1016 3293; x_wconf 85' lang='lat' dir='ltr'><strong>nam</strong></span> <span class='ocrx_word' id='word_1_556' title='bbox 1044 3258 1134 3294; x_wconf 86' lang='grc'>11000</span> <span class='ocrx_word' id='word_1_557' title='bbox 1162 3268 1244 3304; x_wconf 89' lang='lat' dir='ltr'><strong>per-</strong></span> 
     </span>
    </p>

    <p class='ocr_par' dir='ltr' id='par_1_5' title="bbox 164 3301 1246 3436">
     <span class='ocr_line' id='line_1_70' title="bbox 189 3301 1246 3348; baseline 0.003 -12"><span class='ocrx_word' id='word_1_558' title='bbox 189 3306 272 3337; x_wconf 91' lang='lat' dir='ltr'><strong>etuo</strong></span> <span class='ocrx_word' id='word_1_559' title='bbox 297 3301 483 3347; x_wconf 91' lang='lat' dir='ltr'><strong>competit,</strong></span> <span class='ocrx_word' id='word_1_560' title='bbox 513 3312 595 3337; x_wconf 93' lang='lat' dir='ltr'><strong>cum</strong></span> <span class='ocrx_word' id='word_1_561' title='bbox 623 3304 725 3336; x_wconf 86' lang='lat' dir='ltr'><strong>actor</strong></span> <span class='ocrx_word' id='word_1_562' title='bbox 755 3301 896 3344; x_wconf 75' lang='lat' dir='ltr'><strong>quidem</strong></span> <span class='ocrx_word' id='word_1_563' title='bbox 918 3302 956 3338; x_wconf 91' lang='lat' dir='ltr'><strong>in</strong></span> <span class='ocrx_word' id='word_1_564' title='bbox 979 3313 1046 3338; x_wconf 88' lang='lat' dir='ltr'><strong>sua</strong></span> <span class='ocrx_word' id='word_1_565' title='bbox 1067 3306 1246 3348; x_wconf 85' lang='lat' dir='ltr'><strong>potestate</strong></span> 
     </span>
     <span class='ocr_line' id='line_1_71' title="bbox 189 3346 1245 3394; baseline 0.003 -12"><span class='ocrx_word' id='word_1_566' title='bbox 189 3347 311 3390; x_wconf 88' lang='lat' dir='ltr'><strong>abeat,</strong></span> <span class='ocrx_word' id='word_1_567' title='bbox 346 3346 485 3391; x_wconf 90' lang='lat' dir='ltr'><strong>quando</strong></span> <span class='ocrx_word' id='word_1_568' title='bbox 510 3350 633 3381; x_wconf 90' lang='lat' dir='ltr'><strong>utatur</strong></span> <span class='ocrx_word' id='word_1_569' title='bbox 654 3356 721 3382; x_wconf 89' lang='lat' dir='ltr'><strong>suo</strong></span> <span class='ocrx_word' id='word_1_570' title='bbox 744 3357 837 3390; x_wconf 76' lang='lat' dir='ltr'><strong>iure,</strong></span> <span class='ocrx_word' id='word_1_571' title='bbox 869 3348 901 3383; x_wconf 93' lang='lat' dir='ltr'><strong>is</strong></span> <span class='ocrx_word' id='word_1_572' title='bbox 925 3352 1045 3383; x_wconf 90' lang='lat' dir='ltr'><strong>autem</strong></span> <span class='ocrx_word' id='word_1_573' title='bbox 1069 3359 1150 3384; x_wconf 90' lang='lat' dir='ltr'><strong>cum</strong></span> <span class='ocrx_word' id='word_1_574' title='bbox 1174 3359 1245 3394; x_wconf 91' lang='lat' dir='ltr'><strong>quo</strong></span> 
     </span>
     <span class='ocr_line' id='line_1_72' title="bbox 164 3391 1210 3436; baseline 0.002 -9"><span class='ocrx_word' id='word_1_575' title='bbox 164 3393 281 3436; x_wconf 79' lang='lat' dir='ltr'><strong>agitur</strong></span> <span class='ocrx_word' id='word_1_576' title='bbox 303 3402 375 3427; x_wconf 92' lang='lat' dir='ltr'><strong>non</strong></span> <span class='ocrx_word' id='word_1_577' title='bbox 397 3391 531 3427; x_wconf 90' lang='lat' dir='ltr'><strong>habeat</strong></span> <span class='ocrx_word' id='word_1_578' title='bbox 553 3394 776 3436; x_wconf 88' lang='lat' dir='ltr'><strong>potestatem,</strong></span> <span class='ocrx_word' id='word_1_579' title='bbox 825 3392 943 3428; x_wconf 91' lang='lat' dir='ltr'><strong>uando</strong></span> <span class='ocrx_word' id='word_1_580' title='bbox 968 3393 1210 3429; x_wconf 86' lang='lat' dir='ltr'><strong>conveniatur.</strong></span> 
     </span>
    </p>

    <p class='ocr_par' dir='ltr' id='par_1_6' title="bbox 165 3434 1246 3528">
     <span class='ocr_line' id='line_1_73' title="bbox 210 3434 1246 3484; baseline 0 -10"><span class='ocrx_word' id='word_1_581' title='bbox 210 3434 235 3474; x_wconf 87' lang='grc'>6</span> <span class='ocrx_word' id='word_1_582' title='bbox 262 3436 384 3473; x_wconf 62' lang='lat' dir='ltr'><strong>Gamo</strong></span> <span class='ocrx_word' id='word_1_583' title='bbox 410 3436 501 3472; x_wconf 77' lang='lat' dir='ltr'><strong>libro</strong></span> <span class='ocrx_word' id='word_1_584' title='bbox 526 3436 734 3483; x_wconf 73' lang='lat' dir='ltr'><strong>triyensimo</strong></span> <span class='ocrx_word' id='word_1_585' title='bbox 765 3447 788 3471; x_wconf 82' lang='lat' dir='ltr'><strong>a</strong></span> <span class='ocrx_word' id='word_1_586' title='bbox 841 3437 994 3472; x_wconf 75' lang='lat' dir='ltr'><strong>edicmm</strong></span> <span class='ocrx_word' id='word_1_587' title='bbox 1018 3438 1246 3484; x_wconf 75' lang='lat' dir='ltr'><strong>provinciale</strong></span> 
     </span>
     <span class='ocr_line' id='line_1_74' title="bbox 165 3480 1244 3528; baseline 0.003 -12"><span class='ocrx_word' id='word_1_588' title='bbox 165 3481 202 3517; x_wconf 89' lang='lat' dir='ltr'><strong>Si</strong></span> <span class='ocrx_word' id='word_1_589' title='bbox 232 3491 342 3527; x_wconf 88' lang='lat' dir='ltr'><strong>opera</strong></span> <span class='ocrx_word' id='word_1_590' title='bbox 371 3481 555 3517; x_wconf 87' lang='lat' dir='ltr'><strong>creditoris</strong></span> <span class='ocrx_word' id='word_1_591' title='bbox 586 3480 773 3524; x_wconf 88' lang='lat' dir='ltr'><strong>acciderit,</strong></span> <span class='ocrx_word' id='word_1_592' title='bbox 806 3484 846 3516; x_wconf 93' lang='lat' dir='ltr'><strong>ut</strong></span> <span class='ocrx_word' id='word_1_593' title='bbox 876 3482 1015 3518; x_wconf 90' lang='lat' dir='ltr'><strong>debitor</strong></span> <span class='ocrx_word' id='word_1_594' title='bbox 1045 3483 1244 3528; x_wconf 88' lang='lat' dir='ltr'><strong>pecuniam,</strong></span> 
     </span>
    </p>
   </div>
   <div class='ocr_carea' id='block_1_3' title="bbox 1236 104 1319 152">
    <p class='ocr_par' dir='ltr' id='par_1_7' title="bbox 1236 104 1319 152">
     <span class='ocr_line' id='line_1_75' title="bbox 1236 104 1319 152; baseline 0 0"><span class='ocrx_word' id='word_1_595' title='bbox 1236 104 1319 152; x_wconf 80' lang='lat'><strong>714</strong></span> 
     </span>
    </p>
   </div>
   <div class='ocr_carea' id='block_1_4' title="bbox 1477 0 1486 23">
    <p class='ocr_par' dir='ltr' id='par_1_8' title="bbox 1477 0 1486 23">
     <span class='ocr_line' id='line_1_76' title="bbox 1477 0 1486 23; baseline 0 0"><span class='ocrx_word' id='word_1_596' title='bbox 1477 0 1486 23; x_wconf 75' lang='grc'><strong>1</strong></span> 
     </span>
    </p>
   </div>
   <div class='ocr_carea' id='block_1_5' title="bbox 1487 19 1549 99">
    <p class='ocr_par' dir='ltr' id='par_1_9' title="bbox 1487 19 1549 99">
     <span class='ocr_line' id='line_1_77' title="bbox 1487 19 1549 99; baseline 0 -68"><span class='ocrx_word' id='word_1_597' title='bbox 1487 19 1549 99; x_wconf 35' lang='grc' dir='ltr'>Ὗ</span> 
     </span>
    </p>
   </div>
   <div class='ocr_carea' id='block_1_6' title="bbox 1549 110 2382 154">
    <p class='ocr_par' dir='ltr' id='par_1_10' title="bbox 1549 110 2382 154">
     <span class='ocr_line' id='line_1_78' title="bbox 1549 110 2382 154; baseline 0.002 -2"><span class='ocrx_word' id='word_1_598' title='bbox 1549 110 1633 152; x_wconf 56' lang='lat' dir='ltr'><strong>‘mr</strong></span> <span class='ocrx_word' id='word_1_599' title='bbox 1663 120 1774 152; x_wconf 80' lang='lat' dir='ltr'><strong>nom</strong></span> <span class='ocrx_word' id='word_1_600' title='bbox 1801 121 1914 153; x_wconf 71' lang='lat' dir='ltr'><strong>mm</strong></span> <span class='ocrx_word' id='word_1_601' title='bbox 1940 121 1997 152; x_wconf 77' lang='lat' dir='ltr'><strong>m</strong></span> <span class='ocrx_word' id='word_1_602' title='bbox 2024 120 2169 153; x_wconf 69' lang='lat' dir='ltr'><strong>umus</strong></span> <span class='ocrx_word' id='word_1_603' title='bbox 2195 120 2382 154; x_wconf 68' lang='lat' dir='ltr'><strong>nxcar&#39;r.</strong></span> 
     </span>
    </p>
   </div>
   <div class='ocr_carea' id='block_1_7' title="bbox 1305 230 2399 3529">
    <p class='ocr_par' dir='ltr' id='par_1_11' title="bbox 1305 230 2388 366">
     <span class='ocr_line' id='line_1_79' title="bbox 1305 230 2388 313; baseline 0.001 -2"><span class='ocrx_word' id='word_1_604' title='bbox 1305 230 1734 312; x_wconf 46' lang='lat' dir='ltr'><strong>qmfflmffffibissss’</strong></span> <span class='ocrx_word' id='word_1_605' title='bbox 1764 230 1958 313; x_wconf 52' lang='grc' dir='ltr'>ἳῗιὲῗῖἓι</span> <span class='ocrx_word' id='word_1_606' title='bbox 1976 231 2248 313; x_wconf 56' lang='grc' dir='ltr'>ῗι“ῗ.1“ἕῖθὼω“</span> <span class='ocrx_word' id='word_1_607' title='bbox 2199 231 2283 312; x_wconf 59' lang='lat'><strong>³¹⁰3</strong></span> <span class='ocrx_word' id='word_1_608' title='bbox 2303 231 2388 312; x_wconf 56' lang='lat' dir='ltr'><strong>{iffi</strong></span> 
     </span>
     <span class='ocr_line' id='line_1_80' title="bbox 1305 321 2319 366; baseline 0.003 -11"><span class='ocrx_word' id='word_1_609' title='bbox 1305 323 1529 356; x_wconf 86' lang='lat' dir='ltr'><strong>numeratam</strong></span> <span class='ocrx_word' id='word_1_610' title='bbox 1550 321 1739 366; x_wconf 85' lang='lat' dir='ltr'><strong>pecuniam</strong></span> <span class='ocrx_word' id='word_1_611' title='bbox 1762 326 1878 357; x_wconf 89' lang='lat' dir='ltr'><strong>ratam</strong></span> <span class='ocrx_word' id='word_1_612' title='bbox 1902 321 2058 358; x_wconf 88' lang='lat' dir='ltr'><strong>creditor</strong></span> <span class='ocrx_word' id='word_1_613' title='bbox 2080 332 2154 358; x_wconf 88' lang='lat' dir='ltr'><strong>nou</strong></span> <span class='ocrx_word' id='word_1_614' title='bbox 2175 321 2319 358; x_wconf 74' lang='lat' dir='ltr'><strong>habeat.</strong></span> 
     </span>
    </p>

    <p class='ocr_par' dir='ltr' id='par_1_12' title="bbox 1306 362 2393 953">
     <span class='ocr_line' id='line_1_81' title="bbox 1353 362 2387 413; baseline 0 -13"><span class='ocrx_word' id='word_1_615' title='bbox 1353 362 1375 401; x_wconf 90' lang='lat'><strong>7</strong></span> <span class='ocrx_word' id='word_1_616' title='bbox 1409 364 1603 401; x_wconf 63' lang='lat' dir='ltr'><strong>Uzpumm</strong></span> <span class='ocrx_word' id='word_1_617' title='bbox 1623 366 1714 402; x_wconf 83' lang='lat' dir='ltr'><strong>libro</strong></span> <span class='ocrx_word' id='word_1_618' title='bbox 1733 368 2022 413; x_wconf 71' lang='lat' dir='ltr'><strong>septuaqensimo</strong></span> <span class='ocrx_word' id='word_1_619' title='bbox 2041 370 2147 402; x_wconf 79' lang='lat' dir='ltr'><strong>sexto</strong></span> <span class='ocrx_word' id='word_1_620' title='bbox 2166 367 2216 402; x_wconf 83' lang='lat' dir='ltr'><strong>ad</strong></span> <span class='ocrx_word' id='word_1_621' title='bbox 2234 366 2387 402; x_wconf 71' lang='lat' dir='ltr'><strong>edictum</strong></span> 
     </span>
     <span class='ocr_line' id='line_1_82' title="bbox 1306 410 2389 457; baseline 0.002 -13"><span class='ocrx_word' id='word_1_622' title='bbox 1306 410 1491 445; x_wconf 84' lang='lat' dir='ltr'><strong>Iulianus⁷</strong></span> <span class='ocrx_word' id='word_1_623' title='bbox 1523 410 1592 446; x_wconf 84' lang='lat' dir='ltr'><strong>ait:</strong></span> <span class='ocrx_word' id='word_1_624' title='bbox 1631 411 1662 446; x_wconf 90' lang='lat' dir='ltr'><strong>si</strong></span> <span class='ocrx_word' id='word_1_625' title='bbox 1692 412 1898 456; x_wconf 87' lang='lat' dir='ltr'><strong>pecuniam,</strong></span> <span class='ocrx_word' id='word_1_626' title='bbox 1937 422 2044 457; x_wconf 86' lang='lat' dir='ltr'><strong>quam</strong></span> <span class='ocrx_word' id='word_1_627' title='bbox 2078 422 2135 447; x_wconf 90' lang='lat' dir='ltr'><strong>me</strong></span> <span class='ocrx_word' id='word_1_628' title='bbox 2164 412 2230 447; x_wconf 88' lang='lat' dir='ltr'><strong>tibi</strong></span> <span class='ocrx_word' id='word_1_629' title='bbox 2260 411 2389 447; x_wconf 89' lang='lat' dir='ltr'><strong>debere</strong></span> 
     </span>
     <span class='ocr_line' id='line_1_83' title="bbox 1306 454 2390 502; baseline 0.001 -12"><span class='ocrx_word' id='word_1_630' title='bbox 1306 454 1570 500; x_wconf 84' lang='lat' dir='ltr'><strong>existimabam,</strong></span> <span class='ocrx_word' id='word_1_631' title='bbox 1599 455 1701 491; x_wconf 89' lang='lat' dir='ltr'><strong>iussu</strong></span> <span class='ocrx_word' id='word_1_632' title='bbox 1732 460 1795 492; x_wconf 90' lang='lat' dir='ltr'><strong>tuo</strong></span> <span class='ocrx_word' id='word_1_633' title='bbox 1825 457 2076 502; x_wconf 87' lang='lat' dir='ltr'><strong>spoponderim</strong></span> <span class='ocrx_word' id='word_1_634' title='bbox 2107 456 2140 492; x_wconf 91' lang='lat' dir='ltr'><strong>ei</strong></span> <span class='ocrx_word' id='word_1_635' title='bbox 2169 457 2228 493; x_wconf 89' lang='lat' dir='ltr'><strong>cui</strong></span> <span class='ocrx_word' id='word_1_636' title='bbox 2257 456 2390 492; x_wconf 89' lang='lat' dir='ltr'><strong>donare</strong></span> 
     </span>
     <span class='ocr_line' id='line_1_84' title="bbox 1307 499 2391 548; baseline 0 -13"><span class='ocrx_word' id='word_1_637' title='bbox 1307 499 1473 544; x_wconf 92' lang='lat' dir='ltr'><strong>volebas,</strong></span> <span class='ocrx_word' id='word_1_638' title='bbox 1510 510 1598 536; x_wconf 88' lang='lat' dir='ltr'><strong>exce</strong></span> <span class='ocrx_word' id='word_1_639' title='bbox 1623 500 1720 536; x_wconf 89' lang='lat' dir='ltr'><strong>tione</strong></span> <span class='ocrx_word' id='word_1_640' title='bbox 1755 501 1828 538; x_wconf 87' lang='lat' dir='ltr'><strong>doli</strong></span> <span class='ocrx_word' id='word_1_641' title='bbox 1864 502 1950 537; x_wconf 89' lang='lat' dir='ltr'><strong>mali</strong></span> <span class='ocrx_word' id='word_1_642' title='bbox 1984 506 2111 548; x_wconf 90' lang='lat' dir='ltr'><strong>potero</strong></span> <span class='ocrx_word' id='word_1_643' title='bbox 2145 512 2202 537; x_wconf 90' lang='lat' dir='ltr'><strong>me</strong></span> <span class='ocrx_word' id='word_1_644' title='bbox 2231 502 2324 537; x_wconf 90' lang='lat' dir='ltr'><strong>tueri</strong></span> <span class='ocrx_word' id='word_1_645' title='bbox 2354 505 2391 536; x_wconf 88' lang='lat' dir='ltr'><strong>et</strong></span> 
     </span>
     <span class='ocr_line' id='line_1_85' title="bbox 1308 546 2390 593; baseline 0.002 -13"><span class='ocrx_word' id='word_1_646' title='bbox 1308 549 1497 590; x_wconf 87' lang='lat' dir='ltr'><strong>praeterea</strong></span> <span class='ocrx_word' id='word_1_647' title='bbox 1520 556 1588 582; x_wconf 90' lang='lat' dir='ltr'><strong>con</strong></span> <span class='ocrx_word' id='word_1_648' title='bbox 1615 546 1697 582; x_wconf 86' lang='lat' dir='ltr'><strong>&#39;ctio</strong></span> <span class='ocrx_word' id='word_1_649' title='bbox 1720 546 1805 582; x_wconf 88' lang='lat' dir='ltr'><strong>mihi</strong></span> <span class='ocrx_word' id='word_1_650' title='bbox 1829 546 1999 583; x_wconf 89' lang='lat' dir='ltr'><strong>adversus</strong></span> <span class='ocrx_word' id='word_1_651' title='bbox 2022 547 2270 593; x_wconf 85' lang='lat' dir='ltr'><strong>stipulatorem</strong></span> <span class='ocrx_word' id='word_1_652' title='bbox 2293 557 2390 582; x_wconf 86' lang='lat' dir='ltr'><strong>com·</strong></span> 
     </span>
     <span class='ocr_line' id='line_1_86' title="bbox 1311 590 2390 636; baseline 0.001 -11"><span class='ocrx_word' id='word_1_653' title='bbox 1311 595 1324 624; x_wconf 88' lang='lat'>1</span> <span class='ocrx_word' id='word_1_654' title='bbox 1374 590 1483 636; x_wconf 90' lang='lat' dir='ltr'><strong>petit,</strong></span> <span class='ocrx_word' id='word_1_655' title='bbox 1515 595 1558 626; x_wconf 90' lang='lat' dir='ltr'><strong>ut</strong></span> <span class='ocrx_word' id='word_1_656' title='bbox 1585 601 1642 627; x_wconf 87' lang='lat' dir='ltr'><strong>me</strong></span> <span class='ocrx_word' id='word_1_657' title='bbox 1670 591 1805 628; x_wconf 89' lang='lat' dir='ltr'><strong>liberet.</strong></span> <span class='ocrx_word' id='word_1_658' title='bbox 1859 591 1959 628; x_wconf 91' lang='lat' dir='ltr'><strong>Idem</strong></span> <span class='ocrx_word' id='word_1_659' title='bbox 1985 592 2147 627; x_wconf 89' lang='lat' dir='ltr'><strong>Iulianus</strong></span> <span class='ocrx_word' id='word_1_660' title='bbox 2178 592 2247 635; x_wconf 92' lang='lat' dir='ltr'><strong>ait,</strong></span> <span class='ocrx_word' id='word_1_661' title='bbox 2285 591 2316 626; x_wconf 92' lang='lat' dir='ltr'><strong>si</strong></span> <span class='ocrx_word' id='word_1_662' title='bbox 2347 591 2390 635; x_wconf 90' lang='lat' dir='ltr'><strong>ei,</strong></span> 
     </span>
     <span class='ocr_line' id='line_1_87' title="bbox 1308 635 2390 689; baseline 0.001 -19"><span class='ocrx_word' id='word_1_663' title='bbox 1308 645 1413 680; x_wconf 92' lang='lat' dir='ltr'><strong>quem</strong></span> <span class='ocrx_word' id='word_1_664' title='bbox 1438 635 1648 672; x_wconf 89' lang='lat' dir='ltr'><strong>creditorem</strong></span> <span class='ocrx_word' id='word_1_665' title='bbox 1671 639 1773 671; x_wconf 92' lang='lat' dir='ltr'><strong>tuum</strong></span> <span class='ocrx_word' id='word_1_666' title='bbox 1795 637 1961 689; x_wconf 89' lang='lat' dir='ltr'><strong>putabas,</strong></span> <span class='ocrx_word' id='word_1_667' title='bbox 1985 638 2086 674; x_wconf 88' lang='lat' dir='ltr'><strong>iussu</strong></span> <span class='ocrx_word' id='word_1_668' title='bbox 2108 641 2171 673; x_wconf 91' lang='lat' dir='ltr'><strong>tuo</strong></span> <span class='ocrx_word' id='word_1_669' title='bbox 2191 637 2390 683; x_wconf 87' lang='lat' dir='ltr'><strong>pecuniam,</strong></span> 
     </span>
     <span class='ocr_line' id='line_1_88' title="bbox 1307 681 2391 772; baseline 0 -11"><span class='ocrx_word' id='word_1_670' title='bbox 1307 681 1583 761; x_wconf 59' lang='grc' dir='ltr'><strong>ἓὲέἓᾟῗξὲὲῗέ</strong></span> <span class='ocrx_word' id='word_1_671' title='bbox 1606 681 2391 772; x_wconf 50' lang='lat' dir='ltr'><strong>{iiiiissifftsimmambfflzri&#39;rffiff’03²3:</strong></span> 
     </span>
     <span class='ocr_line' id='line_1_89' title="bbox 1308 755 2392 818; baseline 0 -12"><span class='ocrx_word' id='word_1_672' title='bbox 1308 771 1401 816; x_wconf 90' lang='lat' dir='ltr'><strong>plius</strong></span> <span class='ocrx_word' id='word_1_673' title='bbox 1437 771 1574 817; x_wconf 82' lang='lat' dir='ltr'><strong>agendo</strong></span> <span class='ocrx_word' id='word_1_674' title='bbox 1613 782 1694 807; x_wconf 90' lang='lat' dir='ltr'><strong>cum</strong></span> <span class='ocrx_word' id='word_1_675' title='bbox 1729 772 1940 818; x_wconf 89' lang='lat' dir='ltr'><strong>stipulatore</strong></span> <span class='ocrx_word' id='word_1_676' title='bbox 1979 782 2087 809; x_wconf 85' lang='lat' dir='ltr'><strong>conse</strong></span> <span class='ocrx_word' id='word_1_677' title='bbox 2111 783 2180 807; x_wconf 92' lang='lat' dir='ltr'><strong>uar</strong></span> <span class='ocrx_word' id='word_1_678' title='bbox 2210 755 2270 807; x_wconf 81' lang='lat' dir='ltr'><strong>’ut</strong></span> <span class='ocrx_word' id='word_1_679' title='bbox 2306 771 2392 807; x_wconf 89' lang='lat' dir='ltr'><strong>mihi</strong></span> 
     </span>
     <span class='ocr_line' id='line_1_90' title="bbox 1309 800 2391 868; baseline 0 -17"><span class='ocrx_word' id='word_1_680' title='bbox 1309 819 1495 868; x_wconf 79' lang='lat' dir='ltr'><strong>acceptam</strong></span> <span class='ocrx_word' id='word_1_681' title='bbox 1522 816 1635 852; x_wconf 86' lang='lat' dir='ltr'><strong>faciat</strong></span> <span class='ocrx_word' id='word_1_682' title='bbox 1665 817 1941 862; x_wconf 86' lang='lat' dir='ltr'><strong>stipulationem.</strong></span> <span class='ocrx_word' id='word_1_683' title='bbox 1988 821 2025 853; x_wconf 91' lang='lat' dir='ltr'><strong>et</strong></span> <span class='ocrx_word' id='word_1_684' title='bbox 2051 818 2099 853; x_wconf 84' lang='lat' dir='ltr'><strong>ha</strong></span> <span class='ocrx_word' id='word_1_685' title='bbox 2125 821 2161 853; x_wconf 91' lang='lat' dir='ltr'><strong>et</strong></span> <span class='ocrx_word' id='word_1_686' title='bbox 2187 800 2281 853; x_wconf 71' lang='lat' dir='ltr'><strong>llaec</strong></span> <span class='ocrx_word' id='word_1_687' title='bbox 2312 826 2391 852; x_wconf 86' lang='lat' dir='ltr'><strong>sen-</strong></span> 
     </span>
     <span class='ocr_line' id='line_1_91' title="bbox 1307 861 2393 906; baseline 0.001 -11"><span class='ocrx_word' id='word_1_688' title='bbox 1307 864 1420 896; x_wconf 79' lang='lat' dir='ltr'><strong>tentia</strong></span> <span class='ocrx_word' id='word_1_689' title='bbox 1443 861 1573 896; x_wconf 86' lang='lat' dir='ltr'><strong>Iuliani</strong></span> <span class='ocrx_word' id='word_1_690' title='bbox 1596 861 1871 906; x_wconf 83' lang='lat' dir='ltr'><strong>humanitatem,</strong></span> <span class='ocrx_word' id='word_1_691' title='bbox 1902 867 1943 898; x_wconf 92' lang='lat' dir='ltr'><strong>ut</strong></span> <span class='ocrx_word' id='word_1_692' title='bbox 1974 863 2082 898; x_wconf 87' lang='lat' dir='ltr'><strong>etiam</strong></span> <span class='ocrx_word' id='word_1_693' title='bbox 2104 862 2274 899; x_wconf 85' lang='lat' dir='ltr'><strong>adversus</strong></span> <span class='ocrx_word' id='word_1_694' title='bbox 2298 862 2393 897; x_wconf 91' lang='lat' dir='ltr'><strong>hunc</strong></span> 
     </span>
     <span class='ocr_line' id='line_1_92' title="bbox 1309 907 2341 953; baseline 0.002 -12"><span class='ocrx_word' id='word_1_695' title='bbox 1309 910 1392 941; x_wconf 90' lang='lat' dir='ltr'><strong>utar</strong></span> <span class='ocrx_word' id='word_1_696' title='bbox 1415 907 1625 953; x_wconf 88' lang='lat' dir='ltr'><strong>exceptione</strong></span> <span class='ocrx_word' id='word_1_697' title='bbox 1649 911 1685 943; x_wconf 90' lang='lat' dir='ltr'><strong>et</strong></span> <span class='ocrx_word' id='word_1_698' title='bbox 1708 907 1942 952; x_wconf 88' lang='lat' dir='ltr'><strong>condictione,</strong></span> <span class='ocrx_word' id='word_1_699' title='bbox 1968 907 2026 943; x_wconf 89' lang='lat' dir='ltr'><strong>cui</strong></span> <span class='ocrx_word' id='word_1_700' title='bbox 2049 918 2128 943; x_wconf 89' lang='lat' dir='ltr'><strong>sum</strong></span> <span class='ocrx_word' id='word_1_701' title='bbox 2151 908 2223 943; x_wconf 89' lang='lat' dir='ltr'><strong>obli</strong></span> <span class='ocrx_word' id='word_1_702' title='bbox 2270 911 2341 942; x_wconf 86' lang='lat' dir='ltr'><strong>tus.</strong></span> 
     </span>
    </p>

    <p class='ocr_par' dir='ltr' id='par_1_13' title="bbox 1308 949 2394 1133">
     <span class='ocr_line' id='line_1_93' title="bbox 1355 949 2393 996; baseline -0.003 -7"><span class='ocrx_word' id='word_1_703' title='bbox 1355 949 1406 989; x_wconf 80' lang='lat'><strong>8⁸</strong></span> <span class='ocrx_word' id='word_1_704' title='bbox 1428 951 1587 987; x_wconf 57' lang='lat' dir='ltr'><strong>Pavws</strong></span> <span class='ocrx_word' id='word_1_705' title='bbox 1614 952 1705 988; x_wconf 78' lang='lat' dir='ltr'><strong>libro</strong></span> <span class='ocrx_word' id='word_1_706' title='bbox 1735 956 1841 988; x_wconf 74' lang='lat' dir='ltr'><strong>seoeto</strong></span> <span class='ocrx_word' id='word_1_707' title='bbox 1869 953 1920 988; x_wconf 83' lang='lat' dir='ltr'><strong>ad</strong></span> <span class='ocrx_word' id='word_1_708' title='bbox 1941 952 2126 988; x_wconf 80' lang='lat' dir='ltr'><strong>Plautium</strong></span> <span class='ocrx_word' id='word_1_709' title='bbox 2171 952 2228 988; x_wconf 93' lang='lat' dir='ltr'><strong>Do</strong></span> <span class='ocrx_word' id='word_1_710' title='bbox 2243 963 2264 988; x_wconf 95' lang='grc'><strong>0</strong></span> <span class='ocrx_word' id='word_1_711' title='bbox 2294 951 2393 996; x_wconf 88' lang='lat' dir='ltr'><strong>facit,</strong></span> 
     </span>
     <span class='ocr_line' id='line_1_94' title="bbox 1319 997 2393 1049; baseline 0 -18"><span class='ocrx_word' id='word_1_712' title='bbox 1319 1000 1329 1031; x_wconf 87' lang='grc'><strong>1</strong></span> <span class='ocrx_word' id='word_1_713' title='bbox 1380 997 1441 1042; x_wconf 89' lang='lat' dir='ltr'><strong>qui</strong></span> <span class='ocrx_word' id='word_1_714' title='bbox 1463 997 1553 1049; x_wconf 89' lang='lat' dir='ltr'><strong>petit</strong></span> <span class='ocrx_word' id='word_1_715' title='bbox 1576 997 1672 1042; x_wconf 89' lang='lat' dir='ltr'><strong>quod</strong></span> <span class='ocrx_word' id='word_1_716' title='bbox 1694 997 1898 1033; x_wconf 87' lang='lat' dir='ltr'><strong>redditurus</strong></span> <span class='ocrx_word' id='word_1_717' title='bbox 1921 1001 1988 1034; x_wconf 87' lang='lat' dir='ltr'><strong>est.</strong></span> <span class='ocrx_word' id='word_1_718' title='bbox 2024 997 2094 1042; x_wconf 87' lang='lat' dir='ltr'><strong>Sic,</strong></span> <span class='ocrx_word' id='word_1_719' title='bbox 2118 998 2149 1033; x_wconf 92' lang='lat' dir='ltr'><strong>si</strong></span> <span class='ocrx_word' id='word_1_720' title='bbox 2171 998 2275 1033; x_wconf 89' lang='lat' dir='ltr'><strong>heres</strong></span> <span class='ocrx_word' id='word_1_721' title='bbox 2295 997 2393 1032; x_wconf 90' lang='lat' dir='ltr'><strong>dam-</strong></span> 
     </span>
     <span class='ocr_line' id='line_1_95' title="bbox 1309 1043 2394 1090; baseline 0.001 -13"><span class='ocrx_word' id='word_1_722' title='bbox 1309 1045 1416 1078; x_wconf 91' lang='lat' dir='ltr'><strong>natus</strong></span> <span class='ocrx_word' id='word_1_723' title='bbox 1449 1045 1497 1078; x_wconf 78' lang='lat' dir='ltr'><strong>sit</strong></span> <span class='ocrx_word' id='word_1_724' title='bbox 1525 1053 1598 1077; x_wconf 92' lang='lat' dir='ltr'><strong>non</strong></span> <span class='ocrx_word' id='word_1_725' title='bbox 1628 1045 1749 1088; x_wconf 89' lang='lat' dir='ltr'><strong>petere</strong></span> <span class='ocrx_word' id='word_1_726' title='bbox 1778 1053 1801 1078; x_wconf 90' lang='lat' dir='ltr'><strong>a</strong></span> <span class='ocrx_word' id='word_1_727' title='bbox 1830 1043 2008 1087; x_wconf 88' lang='lat' dir='ltr'><strong>debitore,</strong></span> <span class='ocrx_word' id='word_1_728' title='bbox 2039 1046 2160 1090; x_wconf 89' lang='lat' dir='ltr'><strong>potest</strong></span> <span class='ocrx_word' id='word_1_729' title='bbox 2189 1043 2242 1078; x_wconf 91' lang='lat' dir='ltr'><strong>uti</strong></span> <span class='ocrx_word' id='word_1_730' title='bbox 2265 1052 2394 1088; x_wconf 90' lang='lat' dir='ltr'><strong>excep-</strong></span> 
     </span>
     <span class='ocr_line' id='line_1_96' title="bbox 1308 1087 2274 1133; baseline 0.001 -11"><span class='ocrx_word' id='word_1_731' title='bbox 1308 1088 1406 1123; x_wconf 92' lang='lat' dir='ltr'><strong>tione</strong></span> <span class='ocrx_word' id='word_1_732' title='bbox 1429 1087 1502 1123; x_wconf 90' lang='lat' dir='ltr'><strong>doli</strong></span> <span class='ocrx_word' id='word_1_733' title='bbox 1525 1087 1609 1123; x_wconf 85' lang='lat' dir='ltr'><strong>mali</strong></span> <span class='ocrx_word' id='word_1_734' title='bbox 1631 1087 1771 1124; x_wconf 86' lang='lat' dir='ltr'><strong>debitor</strong></span> <span class='ocrx_word' id='word_1_735' title='bbox 1793 1092 1830 1124; x_wconf 91' lang='lat' dir='ltr'><strong>et</strong></span> <span class='ocrx_word' id='word_1_736' title='bbox 1852 1099 1958 1133; x_wconf 84' lang='lat' dir='ltr'><strong>agere</strong></span> <span class='ocrx_word' id='word_1_737' title='bbox 1981 1099 2027 1124; x_wconf 90' lang='lat' dir='ltr'><strong>ex</strong></span> <span class='ocrx_word' id='word_1_738' title='bbox 2048 1091 2274 1124; x_wconf 91' lang='lat' dir='ltr'><strong>testamento.</strong></span> 
     </span>
    </p>

    <p class='ocr_par' dir='ltr' id='par_1_14' title="bbox 1308 1130 2397 1441">
     <span class='ocr_line' id='line_1_97' title="bbox 1355 1130 2396 1180; baseline -0.003 -10"><span class='ocrx_word' id='word_1_739' title='bbox 1355 1130 1381 1170; x_wconf 85' lang='lat'>9</span> <span class='ocrx_word' id='word_1_740' title='bbox 1405 1132 1513 1168; x_wconf 66' lang='lat' dir='ltr'><strong>loru</strong></span> <span class='ocrx_word' id='word_1_741' title='bbox 1541 1132 1634 1169; x_wconf 80' lang='lat' dir='ltr'><strong>libro</strong></span> <span class='ocrx_word' id='word_1_742' title='bbox 1666 1134 1875 1180; x_wconf 76' lang='lat' dir='ltr'><strong>triqensimo</strong></span> <span class='ocrx_word' id='word_1_743' title='bbox 1898 1133 2055 1170; x_wconf 78' lang='lat' dir='ltr'><strong>secundo</strong></span> <span class='ocrx_word' id='word_1_744' title='bbox 2086 1134 2136 1169; x_wconf 84' lang='lat' dir='ltr'><strong>ad</strong></span> <span class='ocrx_word' id='word_1_745' title='bbox 2158 1133 2312 1169; x_wconf 78' lang='lat' dir='ltr'><strong>edictum</strong></span> <span class='ocrx_word' id='word_1_746' title='bbox 2357 1132 2396 1167; x_wconf 90' lang='lat' dir='ltr'><strong>Si</strong></span> 
     </span>
     <span class='ocr_line' id='line_1_98' title="bbox 1308 1177 2395 1231; baseline 0.001 -18"><span class='ocrx_word' id='word_1_747' title='bbox 1308 1181 1524 1224; x_wconf 87' lang='lat' dir='ltr'><strong>procurator</strong></span> <span class='ocrx_word' id='word_1_748' title='bbox 1553 1177 1606 1213; x_wconf 88' lang='lat' dir='ltr'><strong>rei</strong></span> <span class='ocrx_word' id='word_1_749' title='bbox 1629 1179 1788 1231; x_wconf 82' lang='lat' dir='ltr'><strong>pecunia</strong></span> <span class='ocrx_word' id='word_1_750' title='bbox 1818 1182 1970 1225; x_wconf 86' lang='lat' dir='ltr'><strong>accepta</strong></span> <span class='ocrx_word' id='word_1_751' title='bbox 1997 1178 2159 1214; x_wconf 87' lang='lat' dir='ltr'><strong>damnari</strong></span> <span class='ocrx_word' id='word_1_752' title='bbox 2193 1188 2234 1215; x_wconf 88' lang='lat' dir='ltr'><strong>se</strong></span> <span class='ocrx_word' id='word_1_753' title='bbox 2266 1187 2395 1224; x_wconf 85' lang='lat' dir='ltr'><strong>passus</strong></span> 
     </span>
     <span class='ocr_line' id='line_1_99' title="bbox 1308 1222 2396 1269; baseline 0.001 -11"><span class='ocrx_word' id='word_1_754' title='bbox 1308 1224 1357 1259; x_wconf 86' lang='lat' dir='ltr'><strong>sit</strong></span> <span class='ocrx_word' id='word_1_755' title='bbox 1379 1226 1416 1259; x_wconf 91' lang='lat' dir='ltr'><strong>et</strong></span> <span class='ocrx_word' id='word_1_756' title='bbox 1439 1233 1520 1258; x_wconf 92' lang='lat' dir='ltr'><strong>cum</strong></span> <span class='ocrx_word' id='word_1_757' title='bbox 1544 1223 1687 1259; x_wconf 81' lang='lat' dir='ltr'><strong>domino</strong></span> <span class='ocrx_word' id='word_1_758' title='bbox 1708 1223 1858 1259; x_wconf 85' lang='lat' dir='ltr'><strong>iudicati</strong></span> <span class='ocrx_word' id='word_1_759' title='bbox 1881 1228 2025 1269; x_wconf 83' lang='lat' dir='ltr'><strong>agatur,</strong></span> <span class='ocrx_word' id='word_1_760' title='bbox 2055 1224 2215 1259; x_wconf 86' lang='lat' dir='ltr'><strong>tuebitur</strong></span> <span class='ocrx_word' id='word_1_761' title='bbox 2237 1223 2300 1259; x_wconf 74' lang='lat' dir='ltr'><strong>se&#39;</strong></span> <span class='ocrx_word' id='word_1_762' title='bbox 2324 1222 2396 1258; x_wconf 84' lang='lat' dir='ltr'><strong>doli</strong></span> 
     </span>
     <span class='ocr_line' id='line_1_100' title="bbox 1309 1268 2396 1315; baseline 0 -12"><span class='ocrx_word' id='word_1_763' title='bbox 1309 1268 1393 1304; x_wconf 86' lang='lat' dir='ltr'><strong>mali</strong></span> <span class='ocrx_word' id='word_1_764' title='bbox 1414 1268 1634 1314; x_wconf 89' lang='lat' dir='ltr'><strong>exceptione.</strong></span> <span class='ocrx_word' id='word_1_765' title='bbox 1671 1278 1737 1304; x_wconf 91' lang='lat' dir='ltr'><strong>nec</strong></span> <span class='ocrx_word' id='word_1_766' title='bbox 1755 1269 1835 1313; x_wconf 90' lang='lat' dir='ltr'><strong>hoc,</strong></span> <span class='ocrx_word' id='word_1_767' title='bbox 1861 1269 1956 1314; x_wconf 94' lang='lat' dir='ltr'><strong>quod</strong></span> <span class='ocrx_word' id='word_1_768' title='bbox 1973 1269 2155 1314; x_wconf 88' lang='lat' dir='ltr'><strong>acceperit</strong></span> <span class='ocrx_word' id='word_1_769' title='bbox 2172 1272 2396 1315; x_wconf 86' lang='lat' dir='ltr'><strong>procurator,</strong></span> 
     </span>
     <span class='ocr_line' id='line_1_101' title="bbox 1310 1313 2397 1361; baseline 0 -13"><span class='ocrx_word' id='word_1_770' title='bbox 1310 1313 1444 1349; x_wconf 80' lang='lat' dir='ltr'><strong>auferri</strong></span> <span class='ocrx_word' id='word_1_771' title='bbox 1467 1314 1514 1349; x_wconf 88' lang='lat' dir='ltr'><strong>ab</strong></span> <span class='ocrx_word' id='word_1_772' title='bbox 1538 1324 1580 1349; x_wconf 90' lang='lat' dir='ltr'><strong>eo</strong></span> <span class='ocrx_word' id='word_1_773' title='bbox 1604 1317 1740 1359; x_wconf 90' lang='lat' dir='ltr'><strong>potest:</strong></span> <span class='ocrx_word' id='word_1_774' title='bbox 1773 1325 1856 1350; x_wconf 88' lang='lat' dir='ltr'><strong>nam</strong></span> <span class='ocrx_word' id='word_1_775' title='bbox 1883 1315 2037 1361; x_wconf 88' lang='lat' dir='ltr'><strong>turpiter</strong></span> <span class='ocrx_word' id='word_1_776' title='bbox 2065 1318 2216 1360; x_wconf 83' lang='lat' dir='ltr'><strong>accepta</strong></span> <span class='ocrx_word' id='word_1_777' title='bbox 2243 1314 2397 1360; x_wconf 91' lang='lat' dir='ltr'><strong>pecunia</strong></span> 
     </span>
     <span class='ocr_line' id='line_1_102' title="bbox 1310 1359 2397 1441; baseline 0 -47"><span class='ocrx_word' id='word_1_778' title='bbox 1310 1359 1440 1441; x_wconf 57' lang='lat' dir='ltr'><strong>{iustius</strong></span> <span class='ocrx_word' id='word_1_779' title='bbox 1477 1369 1586 1405; x_wconf 89' lang='lat' dir='ltr'><strong>penes</strong></span> <span class='ocrx_word' id='word_1_780' title='bbox 1624 1370 1704 1395; x_wconf 90' lang='lat' dir='ltr'><strong>eum</strong></span> <span class='ocrx_word' id='word_1_781' title='bbox 1735 1363 1790 1395; x_wconf 91' lang='lat' dir='ltr'><strong>est</strong></span> <span class='ocrx_word' id='word_1_782' title='bbox 1821 1359 1882 1405; x_wconf 90' lang='lat' dir='ltr'><strong>qui</strong></span> <span class='ocrx_word' id='word_1_783' title='bbox 1913 1359 2084 1406; x_wconf 87' lang='lat' dir='ltr'><strong>deceptus</strong></span> <span class='ocrx_word' id='word_1_784' title='bbox 2120 1360 2169 1395; x_wconf 90' lang='lat' dir='ltr'><strong>sit</strong></span> <span class='ocrx_word' id='word_1_785' title='bbox 2199 1369 2304 1405; x_wconf 85' lang='lat' dir='ltr'><strong>quam</strong></span> <span class='ocrx_word' id='word_1_786' title='bbox 2336 1359 2397 1404; x_wconf 90' lang='lat' dir='ltr'><strong>qui</strong></span> 
     </span>
    </p>

    <p class='ocr_par' dir='ltr' id='par_1_15' title="bbox 1335 1404 1462 1440">
     <span class='ocr_line' id='line_1_103' title="bbox 1335 1404 1462 1440; baseline -0.016 0"><span class='ocrx_word' id='word_1_787' title='bbox 1335 1415 1397 1440; x_wconf 89' lang='lat' dir='ltr'><strong>ece</strong></span> <span class='ocrx_word' id='word_1_788' title='bbox 1423 1404 1462 1439; x_wconf 86' lang='lat' dir='ltr'><strong>it.</strong></span> 
     </span>
    </p>

    <p class='ocr_par' dir='ltr' id='par_1_16' title="bbox 1310 1415 2398 1622">
     <span class='ocr_line' id='line_1_104' title="bbox 1358 1415 2398 1497; baseline -0.003 -10"><span class='ocrx_word' id='word_1_789' title='bbox 1358 1415 1421 1489; x_wconf 63' lang='lat'><strong>10¹³</strong></span> <span class='ocrx_word' id='word_1_790' title='bbox 1434 1449 1672 1486; x_wconf 52' lang='lat' dir='ltr'><strong>Minoaue-s</strong></span> <span class='ocrx_word' id='word_1_791' title='bbox 1701 1450 1792 1486; x_wconf 80' lang='lat' dir='ltr'><strong>libro</strong></span> <span class='ocrx_word' id='word_1_792' title='bbox 1822 1451 1927 1486; x_wconf 80' lang='lat' dir='ltr'><strong>tertio</strong></span> <span class='ocrx_word' id='word_1_793' title='bbox 1960 1450 2170 1497; x_wconf 75' lang='lat' dir='ltr'><strong>reqularum</strong></span> <span class='ocrx_word' id='word_1_794' title='bbox 2224 1450 2313 1486; x_wconf 87' lang='lat' dir='ltr'><strong>Cum</strong></span> <span class='ocrx_word' id='word_1_795' title='bbox 2343 1449 2398 1484; x_wconf 81' lang='lat' dir='ltr'><strong>vir</strong></span> 
     </span>
     <span class='ocr_line' id='line_1_105' title="bbox 1312 1494 2395 1541; baseline 0 -11"><span class='ocrx_word' id='word_1_796' title='bbox 1312 1499 1376 1530; x_wconf 89' lang='lat' dir='ltr'><strong>aut</strong></span> <span class='ocrx_word' id='word_1_797' title='bbox 1412 1506 1504 1531; x_wconf 87' lang='lat' dir='ltr'><strong>uxor</strong></span> <span class='ocrx_word' id='word_1_798' title='bbox 1538 1495 1576 1531; x_wconf 92' lang='lat' dir='ltr'><strong>in</strong></span> <span class='ocrx_word' id='word_1_799' title='bbox 1614 1505 1700 1530; x_wconf 88' lang='lat' dir='ltr'><strong>area</strong></span> <span class='ocrx_word' id='word_1_800' title='bbox 1733 1495 1801 1531; x_wconf 87' lang='lat' dir='ltr'><strong>sibi</strong></span> <span class='ocrx_word' id='word_1_801' title='bbox 1833 1495 1966 1531; x_wconf 88' lang='lat' dir='ltr'><strong>donata</strong></span> <span class='ocrx_word' id='word_1_802' title='bbox 1997 1495 2131 1541; x_wconf 89' lang='lat' dir='ltr'><strong>aliquid</strong></span> <span class='ocrx_word' id='word_1_803' title='bbox 2162 1494 2395 1537; x_wconf 86' lang='lat' dir='ltr'><strong>aedificasset,</strong></span> 
     </span>
     <span class='ocr_line' id='line_1_106' title="bbox 1310 1540 2394 1594; baseline 0 -19"><span class='ocrx_word' id='word_1_804' title='bbox 1310 1540 1487 1594; x_wconf 71' lang='lat' dir='ltr'><strong>plerisque</strong></span> <span class='ocrx_word' id='word_1_805' title='bbox 1508 1540 1630 1586; x_wconf 86' lang='lat' dir='ltr'><strong>placet</strong></span> <span class='ocrx_word' id='word_1_806' title='bbox 1653 1540 1725 1576; x_wconf 90' lang='lat' dir='ltr'><strong>doli</strong></span> <span class='ocrx_word' id='word_1_807' title='bbox 1749 1541 1831 1576; x_wconf 88' lang='lat' dir='ltr'><strong>mali</strong></span> <span class='ocrx_word' id='word_1_808' title='bbox 1854 1541 2065 1586; x_wconf 90' lang='lat' dir='ltr'><strong>exceptione</strong></span> <span class='ocrx_word' id='word_1_809' title='bbox 2088 1541 2207 1587; x_wconf 89' lang='lat' dir='ltr'><strong>posita</strong></span> <span class='ocrx_word' id='word_1_810' title='bbox 2225 1550 2300 1576; x_wconf 87' lang='lat' dir='ltr'><strong>rem</strong></span> <span class='ocrx_word' id='word_1_811' title='bbox 2319 1550 2394 1576; x_wconf 83' lang='lat' dir='ltr'><strong>ser-</strong></span> 
     </span>
     <span class='ocr_line' id='line_1_107' title="bbox 1312 1596 1529 1622; baseline 0 -1"><span class='ocrx_word' id='word_1_812' title='bbox 1312 1596 1389 1621; x_wconf 82' lang='lat' dir='ltr'><strong>van</strong></span> <span class='ocrx_word' id='word_1_813' title='bbox 1437 1596 1529 1622; x_wconf 90' lang='lat' dir='ltr'><strong>osse.</strong></span> 
     </span>
    </p>

    <p class='ocr_par' dir='ltr' id='par_1_17' title="bbox 1311 1597 2399 2216">
     <span class='ocr_line' id='line_1_108' title="bbox 1360 1597 2396 1677; baseline -0.002 -9"><span class='ocrx_word' id='word_1_814' title='bbox 1360 1597 1644 1668; x_wconf 68' lang='lat' dir='ltr'><strong>llefflzArws</strong></span> <span class='ocrx_word' id='word_1_815' title='bbox 1663 1630 1753 1666; x_wconf 79' lang='lat' dir='ltr'><strong>libro</strong></span> <span class='ocrx_word' id='word_1_816' title='bbox 1774 1635 1905 1677; x_wconf 83' lang='lat' dir='ltr'><strong>quarto</strong></span> <span class='ocrx_word' id='word_1_817' title='bbox 1923 1632 2213 1667; x_wconf 83' lang='lat' dir='ltr'><strong>membranarum</strong></span> <span class='ocrx_word' id='word_1_818' title='bbox 2258 1631 2297 1666; x_wconf 88' lang='lat' dir='ltr'><strong>Si</strong></span> <span class='ocrx_word' id='word_1_819' title='bbox 2314 1640 2396 1676; x_wconf 92' lang='lat' dir='ltr'><strong>pro-</strong></span> 
     </span>
     <span class='ocr_line' id='line_1_109' title="bbox 1314 1675 2399 1722; baseline -0.002 -10"><span class='ocrx_word' id='word_1_820' title='bbox 1314 1680 1461 1712; x_wconf 88' lang='lat' dir='ltr'><strong>curator</strong></span> <span class='ocrx_word' id='word_1_821' title='bbox 1492 1675 1582 1721; x_wconf 86' lang='lat' dir='ltr'><strong>agit,</strong></span> <span class='ocrx_word' id='word_1_822' title='bbox 1614 1675 1659 1711; x_wconf 91' lang='lat' dir='ltr'><strong>de</strong></span> <span class='ocrx_word' id='word_1_823' title='bbox 1692 1675 1773 1711; x_wconf 88' lang='lat' dir='ltr'><strong>dolo</strong></span> <span class='ocrx_word' id='word_1_824' title='bbox 1806 1676 1883 1712; x_wconf 90' lang='lat' dir='ltr'><strong>eius</strong></span> <span class='ocrx_word' id='word_1_825' title='bbox 1913 1676 2031 1722; x_wconf 89' lang='lat' dir='ltr'><strong>excipi</strong></span> <span class='ocrx_word' id='word_1_826' title='bbox 2062 1687 2134 1712; x_wconf 91' lang='lat' dir='ltr'><strong>non</strong></span> <span class='ocrx_word' id='word_1_827' title='bbox 2159 1676 2282 1720; x_wconf 87' lang='lat' dir='ltr'><strong>debet,</strong></span> <span class='ocrx_word' id='word_1_828' title='bbox 2315 1676 2399 1721; x_wconf 89' lang='lat' dir='ltr'><strong>quia</strong></span> 
     </span>
     <span class='ocr_line' id='line_1_110' title="bbox 1312 1721 2397 1767; baseline -0.001 -10"><span class='ocrx_word' id='word_1_829' title='bbox 1312 1723 1430 1758; x_wconf 86' lang='lat' dir='ltr'><strong>aliena</strong></span> <span class='ocrx_word' id='word_1_830' title='bbox 1452 1721 1496 1756; x_wconf 88' lang='lat' dir='ltr'><strong>lis</strong></span> <span class='ocrx_word' id='word_1_831' title='bbox 1521 1725 1576 1757; x_wconf 91' lang='lat' dir='ltr'><strong>est</strong></span> <span class='ocrx_word' id='word_1_832' title='bbox 1598 1721 1701 1766; x_wconf 89' lang='lat' dir='ltr'><strong>isque</strong></span> <span class='ocrx_word' id='word_1_833' title='bbox 1721 1721 1775 1757; x_wconf 88' lang='lat' dir='ltr'><strong>rei</strong></span> <span class='ocrx_word' id='word_1_834' title='bbox 1798 1725 2009 1766; x_wconf 87' lang='lat' dir='ltr'><strong>extraneus,</strong></span> <span class='ocrx_word' id='word_1_835' title='bbox 2034 1731 2150 1767; x_wconf 89' lang='lat' dir='ltr'><strong>neque</strong></span> <span class='ocrx_word' id='word_1_836' title='bbox 2173 1721 2310 1757; x_wconf 90' lang='lat' dir='ltr'><strong>alienus</strong></span> <span class='ocrx_word' id='word_1_837' title='bbox 2334 1721 2397 1756; x_wconf 93' lang='grc'>(10-</span> 
     </span>
     <span class='ocr_line' id='line_1_111' title="bbox 1311 1766 2398 1813; baseline -0.001 -11"><span class='ocrx_word' id='word_1_838' title='bbox 1311 1768 1368 1803; x_wconf 88' lang='lat' dir='ltr'><strong>lus</strong></span> <span class='ocrx_word' id='word_1_839' title='bbox 1395 1777 1528 1803; x_wconf 89' lang='lat' dir='ltr'><strong>nocere</strong></span> <span class='ocrx_word' id='word_1_840' title='bbox 1559 1767 1663 1801; x_wconf 89' lang='lat' dir='ltr'><strong>alteri</strong></span> <span class='ocrx_word' id='word_1_841' title='bbox 1695 1766 1811 1802; x_wconf 87' lang='lat' dir='ltr'><strong>debet.</strong></span> <span class='ocrx_word' id='word_1_842' title='bbox 1860 1767 1891 1802; x_wconf 87' lang='lat' dir='ltr'><strong>si</strong></span> <span class='ocrx_word' id='word_1_843' title='bbox 1919 1770 2003 1813; x_wconf 87' lang='lat' dir='ltr'><strong>post</strong></span> <span class='ocrx_word' id='word_1_844' title='bbox 2031 1767 2129 1803; x_wconf 90' lang='lat' dir='ltr'><strong>litem</strong></span> <span class='ocrx_word' id='word_1_845' title='bbox 2161 1770 2398 1803; x_wconf 88' lang='lat' dir='ltr'><strong>contestatam</strong></span> 
     </span>
     <span class='ocr_line' id='line_1_112' title="bbox 1313 1811 2397 1857; baseline -0.002 -9"><span class='ocrx_word' id='word_1_846' title='bbox 1313 1812 1394 1848; x_wconf 91' lang='lat' dir='ltr'><strong>dolo</strong></span> <span class='ocrx_word' id='word_1_847' title='bbox 1418 1812 1503 1857; x_wconf 92' lang='lat' dir='ltr'><strong>quid</strong></span> <span class='ocrx_word' id='word_1_848' title='bbox 1525 1811 1662 1854; x_wconf 88' lang='lat' dir='ltr'><strong>fecerit,</strong></span> <span class='ocrx_word' id='word_1_849' title='bbox 1688 1822 1735 1847; x_wconf 86' lang='lat' dir='ltr'><strong>an</strong></span> <span class='ocrx_word' id='word_1_850' title='bbox 1757 1812 1920 1857; x_wconf 86' lang='lat' dir='ltr'><strong>exceptio</strong></span> <span class='ocrx_word' id='word_1_851' title='bbox 1945 1822 1987 1848; x_wconf 90' lang='lat' dir='ltr'><strong>eo</strong></span> <span class='ocrx_word' id='word_1_852' title='bbox 2011 1813 2154 1848; x_wconf 89' lang='lat' dir='ltr'><strong>nomine</strong></span> <span class='ocrx_word' id='word_1_853' title='bbox 2172 1812 2211 1848; x_wconf 90' lang='lat' dir='ltr'><strong>in</strong></span> <span class='ocrx_word' id='word_1_854' title='bbox 2228 1811 2397 1847; x_wconf 89' lang='lat' dir='ltr'><strong>iudicium</strong></span> 
     </span>
     <span class='ocr_line' id='line_1_113' title="bbox 1313 1857 2398 1903; baseline -0.003 -9"><span class='ocrx_word' id='word_1_855' title='bbox 1313 1857 1502 1894; x_wconf 90' lang='lat' dir='ltr'><strong>obicienda</strong></span> <span class='ocrx_word' id='word_1_856' title='bbox 1525 1857 1582 1899; x_wconf 88' lang='lat' dir='ltr'><strong>sit,</strong></span> <span class='ocrx_word' id='word_1_857' title='bbox 1607 1857 1766 1892; x_wconf 88' lang='lat' dir='ltr'><strong>dubitari</strong></span> <span class='ocrx_word' id='word_1_858' title='bbox 1787 1860 1917 1903; x_wconf 85' lang='lat' dir='ltr'><strong>potest,</strong></span> <span class='ocrx_word' id='word_1_859' title='bbox 1942 1858 2027 1903; x_wconf 85' lang='lat' dir='ltr'><strong>quia</strong></span> <span class='ocrx_word' id='word_1_860' title='bbox 2046 1858 2118 1894; x_wconf 89' lang='lat' dir='ltr'><strong>litis</strong></span> <span class='ocrx_word' id='word_1_861' title='bbox 2140 1857 2398 1893; x_wconf 87' lang='lat' dir='ltr'><strong>contestatione</strong></span> 
     </span>
     <span class='ocr_line' id='line_1_114' title="bbox 1313 1901 2396 1948; baseline -0.001 -10"><span class='ocrx_word' id='word_1_862' title='bbox 1313 1913 1371 1938; x_wconf 86' lang='lat' dir='ltr'><strong>res</strong></span> <span class='ocrx_word' id='word_1_863' title='bbox 1402 1903 1648 1948; x_wconf 84' lang='lat' dir='ltr'><strong>procuratoris</strong></span> <span class='ocrx_word' id='word_1_864' title='bbox 1680 1902 1721 1937; x_wconf 94' lang='lat' dir='ltr'><strong>fit</strong></span> <span class='ocrx_word' id='word_1_865' title='bbox 1750 1913 1900 1948; x_wconf 88' lang='lat' dir='ltr'><strong>eamque</strong></span> <span class='ocrx_word' id='word_1_866' title='bbox 1929 1913 1995 1939; x_wconf 89' lang='lat' dir='ltr'><strong>suo</strong></span> <span class='ocrx_word' id='word_1_867' title='bbox 2028 1903 2101 1939; x_wconf 88' lang='lat' dir='ltr'><strong>iam</strong></span> <span class='ocrx_word' id='word_1_868' title='bbox 2135 1901 2396 1948; x_wconf 89' lang='lat' dir='ltr'><strong>quodammodo</strong></span> 
     </span>
     <span class='ocr_line' id='line_1_115' title="bbox 1311 1947 2397 1994; baseline -0.002 -10"><span class='ocrx_word' id='word_1_869' title='bbox 1311 1948 1454 1984; x_wconf 90' lang='lat' dir='ltr'><strong>nomine</strong></span> <span class='ocrx_word' id='word_1_870' title='bbox 1485 1948 1683 1992; x_wconf 88' lang='lat' dir='ltr'><strong>exequitur.</strong></span> <span class='ocrx_word' id='word_1_871' title='bbox 1737 1952 1774 1983; x_wconf 88' lang='lat' dir='ltr'><strong>et</strong></span> <span class='ocrx_word' id='word_1_872' title='bbox 1803 1948 1922 1994; x_wconf 90' lang='lat' dir='ltr'><strong>placet</strong></span> <span class='ocrx_word' id='word_1_873' title='bbox 1956 1948 2001 1984; x_wconf 87' lang='lat' dir='ltr'><strong>de</strong></span> <span class='ocrx_word' id='word_1_874' title='bbox 2034 1947 2281 1994; x_wconf 87' lang='lat' dir='ltr'><strong>procuratoris</strong></span> <span class='ocrx_word' id='word_1_875' title='bbox 2316 1947 2397 1984; x_wconf 89' lang='grc'>(1010</span> 
     </span>
     <span class='ocr_line' id='line_1_116' title="bbox 1313 1993 2398 2084; baseline 0 -11"><span class='ocrx_word' id='word_1_876' title='bbox 1313 1993 1825 2084; x_wconf 48' lang='grc' dir='ltr'><strong>ῗωέἓξὲὼὲῗθξεεὲιεθέἓῧῖ</strong></span> <span class='ocrx_word' id='word_1_877' title='bbox 1850 1993 1908 2074; x_wconf 61' lang='lat' dir='ltr'><strong>{it</strong></span> <span class='ocrx_word' id='word_1_878' title='bbox 1923 1996 2041 2074; x_wconf 57' lang='lat' dir='ltr'><strong>‘u‘fie</strong></span> <span class='ocrx_word' id='word_1_879' title='bbox 2047 1993 2398 2075; x_wconf 50' lang='lat' dir='ltr'><strong>an‘issmpssmpflffuss‘ss</strong></span> 
     </span>
     <span class='ocr_line' id='line_1_117' title="bbox 1313 2064 2398 2129; baseline -0.001 -10"><span class='ocrx_word' id='word_1_880' title='bbox 1313 2085 1403 2119; x_wconf 89' lang='lat' dir='ltr'><strong>haec</strong></span> <span class='ocrx_word' id='word_1_881' title='bbox 1431 2083 1470 2119; x_wconf 92' lang='lat' dir='ltr'><strong>in</strong></span> <span class='ocrx_word' id='word_1_882' title='bbox 1496 2093 1541 2120; x_wconf 85' lang='lat' dir='ltr'><strong>ea</strong></span> <span class='ocrx_word' id='word_1_883' title='bbox 1564 2064 1604 2118; x_wconf 68' lang='lat' dir='ltr'><strong>re</strong></span> <span class='ocrx_word' id='word_1_884' title='bbox 1626 2083 1748 2128; x_wconf 82' lang='lat' dir='ltr'><strong>regula</strong></span> <span class='ocrx_word' id='word_1_885' title='bbox 1771 2084 1954 2129; x_wconf 89' lang='lat' dir='ltr'><strong>sequenda</strong></span> <span class='ocrx_word' id='word_1_886' title='bbox 1976 2087 2048 2129; x_wconf 85' lang='lat' dir='ltr'><strong>est,</strong></span> <span class='ocrx_word' id='word_1_887' title='bbox 2081 2088 2123 2120; x_wconf 90' lang='lat' dir='ltr'><strong>ut</strong></span> <span class='ocrx_word' id='word_1_888' title='bbox 2153 2083 2257 2120; x_wconf 88' lang='lat' dir='ltr'><strong>dolus</strong></span> <span class='ocrx_word' id='word_1_889' title='bbox 2286 2083 2398 2120; x_wconf 87' lang='lat' dir='ltr'><strong>omni-</strong></span> 
     </span>
     <span class='ocr_line' id='line_1_118' title="bbox 1313 2128 2399 2176; baseline 0 -12"><span class='ocrx_word' id='word_1_890' title='bbox 1313 2128 1418 2165; x_wconf 89' lang='lat' dir='ltr'><strong>modo</strong></span> <span class='ocrx_word' id='word_1_891' title='bbox 1441 2129 1630 2174; x_wconf 87' lang='lat' dir='ltr'><strong>puniatur,</strong></span> <span class='ocrx_word' id='word_1_892' title='bbox 1663 2129 1730 2164; x_wconf 89' lang='lat' dir='ltr'><strong>etsi</strong></span> <span class='ocrx_word' id='word_1_893' title='bbox 1754 2139 1827 2164; x_wconf 93' lang='lat' dir='ltr'><strong>non</strong></span> <span class='ocrx_word' id='word_1_894' title='bbox 1850 2128 1898 2164; x_wconf 88' lang='lat' dir='ltr'><strong>ali</strong></span> <span class='ocrx_word' id='word_1_895' title='bbox 1921 2128 1995 2174; x_wconf 84' lang='lat' dir='ltr'><strong>cui,</strong></span> <span class='ocrx_word' id='word_1_896' title='bbox 2028 2129 2092 2166; x_wconf 87' lang='lat' dir='ltr'><strong>sed</strong></span> <span class='ocrx_word' id='word_1_897' title='bbox 2114 2129 2200 2176; x_wconf 88' lang='lat' dir='ltr'><strong>ipsi,</strong></span> <span class='ocrx_word' id='word_1_898' title='bbox 2233 2130 2295 2175; x_wconf 90' lang='lat' dir='ltr'><strong>qui</strong></span> <span class='ocrx_word' id='word_1_899' title='bbox 2318 2139 2399 2165; x_wconf 91' lang='lat' dir='ltr'><strong>eum</strong></span> 
     </span>
     <span class='ocr_line' id='line_1_119' title="bbox 1314 2173 1996 2216; baseline 0.001 -6"><span class='ocrx_word' id='word_1_900' title='bbox 1314 2173 1466 2216; x_wconf 88' lang='lat' dir='ltr'><strong>admisit,</strong></span> <span class='ocrx_word' id='word_1_901' title='bbox 1491 2173 1685 2209; x_wconf 88' lang='lat' dir='ltr'><strong>damnosus</strong></span> <span class='ocrx_word' id='word_1_902' title='bbox 1707 2174 1851 2210; x_wconf 86' lang='lat' dir='ltr'><strong>futurus</strong></span> <span class='ocrx_word' id='word_1_903' title='bbox 1876 2174 1944 2211; x_wconf 90' lang='lat' dir='ltr'><strong>erit</strong></span> <span class='ocrx_word' id='word_1_904' title='bbox 1957 2177 1996 2211; x_wconf 88' lang='lat'><strong>¹⁰.</strong></span> 
     </span>
    </p>

    <p class='ocr_par' dir='ltr' id='par_1_18' title="bbox 1313 2217 2398 2346">
     <span class='ocr_line' id='line_1_120' title="bbox 1362 2217 2398 2266; baseline -0.001 -10"><span class='ocrx_word' id='word_1_905' title='bbox 1362 2217 1413 2256; x_wconf 90' lang='lat'><strong>12</strong></span> <span class='ocrx_word' id='word_1_906' title='bbox 1451 2218 1698 2254; x_wconf 64' lang='lat' dir='ltr'><strong>PAmmAws</strong></span> <span class='ocrx_word' id='word_1_907' title='bbox 1735 2219 1827 2256; x_wconf 76' lang='lat' dir='ltr'><strong>libro</strong></span> <span class='ocrx_word' id='word_1_908' title='bbox 1871 2221 1975 2256; x_wconf 76' lang='lat' dir='ltr'><strong>tertio</strong></span> <span class='ocrx_word' id='word_1_909' title='bbox 2018 2221 2268 2266; x_wconf 68' lang='lat' dir='ltr'><strong>quaestionum</strong></span> <span class='ocrx_word' id='word_1_910' title='bbox 2331 2219 2398 2264; x_wconf 80' lang='lat' dir='ltr'><strong>Qui</strong></span> 
     </span>
     <span class='ocr_line' id='line_1_121' title="bbox 1313 2263 2397 2312; baseline 0.001 -13"><span class='ocrx_word' id='word_1_911' title='bbox 1313 2264 1494 2311; x_wconf 84' lang='lat' dir='ltr'><strong>aequitate</strong></span> <span class='ocrx_word' id='word_1_912' title='bbox 1516 2263 1733 2300; x_wconf 89' lang='lat' dir='ltr'><strong>defensionis</strong></span> <span class='ocrx_word' id='word_1_913' title='bbox 1756 2265 1947 2311; x_wconf 80' lang='lat' dir='ltr'><strong>infringere</strong></span> <span class='ocrx_word' id='word_1_914' title='bbox 1971 2267 2148 2302; x_wconf 87' lang='lat' dir='ltr'><strong>actionem</strong></span> <span class='ocrx_word' id='word_1_915' title='bbox 2170 2268 2299 2312; x_wconf 89' lang='lat' dir='ltr'><strong>potest,</strong></span> <span class='ocrx_word' id='word_1_916' title='bbox 2326 2265 2397 2301; x_wconf 87' lang='lat' dir='ltr'><strong>doli</strong></span> 
     </span>
     <span class='ocr_line' id='line_1_122' title="bbox 1315 2309 1735 2346; baseline 0 -1"><span class='ocrx_word' id='word_1_917' title='bbox 1315 2313 1401 2345; x_wconf 85' lang='lat' dir='ltr'><strong>exce</strong></span> <span class='ocrx_word' id='word_1_918' title='bbox 1427 2309 1525 2345; x_wconf 91' lang='lat' dir='ltr'><strong>tione</strong></span> <span class='ocrx_word' id='word_1_919' title='bbox 1547 2313 1648 2346; x_wconf 84' lang='lat' dir='ltr'><strong>tutus</strong></span> <span class='ocrx_word' id='word_1_920' title='bbox 1671 2313 1735 2345; x_wconf 89' lang='lat' dir='ltr'><strong>est.</strong></span> 
     </span>
    </p>

    <p class='ocr_par' dir='ltr' id='par_1_19' title="bbox 1313 2354 2398 2627">
     <span class='ocr_line' id='line_1_123' title="bbox 1363 2354 2398 2410; baseline -0.001 -18"><span class='ocrx_word' id='word_1_921' title='bbox 1363 2354 1381 2392; x_wconf 89' lang='lat'>1</span> <span class='ocrx_word' id='word_1_922' title='bbox 1439 2354 1495 2390; x_wconf 74' lang='grc' dir='ltr'><strong>ΡΑ</strong></span> <span class='ocrx_word' id='word_1_923' title='bbox 1503 2364 1598 2390; x_wconf 72' lang='lat' dir='ltr'><em>ULUS</em></span> <span class='ocrx_word' id='word_1_924' title='bbox 1618 2354 1709 2391; x_wconf 78' lang='lat' dir='ltr'><strong>libro</strong></span> <span class='ocrx_word' id='word_1_925' title='bbox 1732 2358 1863 2401; x_wconf 82' lang='lat' dir='ltr'><strong>quarto</strong></span> <span class='ocrx_word' id='word_1_926' title='bbox 1881 2355 2017 2391; x_wconf 74' lang='lat' dir='ltr'><strong>decimo</strong></span> <span class='ocrx_word' id='word_1_927' title='bbox 2042 2357 2291 2410; x_wconf 75' lang='lat' dir='ltr'><strong>quaestionum</strong></span> <span class='ocrx_word' id='word_1_928' title='bbox 2337 2356 2398 2391; x_wconf 87' lang='lat' dir='ltr'><strong>Li-</strong></span> 
     </span>
     <span class='ocr_line' id='line_1_124' title="bbox 1314 2399 2398 2446; baseline 0.002 -11"><span class='ocrx_word' id='word_1_929' title='bbox 1314 2400 1407 2436; x_wconf 89' lang='lat' dir='ltr'><strong>beris</strong></span> <span class='ocrx_word' id='word_1_930' title='bbox 1431 2399 1675 2443; x_wconf 89' lang='lat' dir='ltr'><strong>exheredatis,</strong></span> <span class='ocrx_word' id='word_1_931' title='bbox 1705 2400 1767 2446; x_wconf 88' lang='lat' dir='ltr'><strong>qui</strong></span> <span class='ocrx_word' id='word_1_932' title='bbox 1788 2400 1876 2435; x_wconf 92' lang='lat' dir='ltr'><strong>nihil</strong></span> <span class='ocrx_word' id='word_1_933' title='bbox 1900 2411 1945 2437; x_wconf 91' lang='lat' dir='ltr'><strong>ex</strong></span> <span class='ocrx_word' id='word_1_934' title='bbox 1966 2404 2081 2446; x_wconf 79' lang='lat' dir='ltr'><strong>patris</strong></span> <span class='ocrx_word' id='word_1_935' title='bbox 2104 2401 2236 2437; x_wconf 90' lang='lat' dir='ltr'><strong>iudicio</strong></span> <span class='ocrx_word' id='word_1_936' title='bbox 2259 2411 2398 2437; x_wconf 91' lang='lat' dir='ltr'><strong>merue-</strong></span> 
     </span>
     <span class='ocr_line' id='line_1_125' title="bbox 1313 2445 2398 2490; baseline 0 -9"><span class='ocrx_word' id='word_1_937' title='bbox 1313 2449 1416 2489; x_wconf 88' lang='lat' dir='ltr'><strong>runt,</strong></span> <span class='ocrx_word' id='word_1_938' title='bbox 1445 2448 1553 2490; x_wconf 89' lang='lat' dir='ltr'><strong>rupto</strong></span> <span class='ocrx_word' id='word_1_939' title='bbox 1583 2447 1797 2480; x_wconf 89' lang='lat' dir='ltr'><strong>testamento</strong></span> <span class='ocrx_word' id='word_1_940' title='bbox 1819 2445 1877 2481; x_wconf 90' lang='lat' dir='ltr'><strong>ius</strong></span> <span class='ocrx_word' id='word_1_941' title='bbox 1900 2455 2005 2481; x_wconf 91' lang='lat' dir='ltr'><strong>suum</strong></span> <span class='ocrx_word' id='word_1_942' title='bbox 2030 2446 2309 2483; x_wconf 89' lang='lat' dir='ltr'><strong>conservandum</strong></span> <span class='ocrx_word' id='word_1_943' title='bbox 2331 2450 2398 2490; x_wconf 88' lang='lat' dir='ltr'><strong>est,</strong></span> 
     </span>
     <span class='ocr_line' id='line_1_126' title="bbox 1314 2489 2398 2544; baseline 0.002 -18"><span class='ocrx_word' id='word_1_944' title='bbox 1314 2501 1379 2527; x_wconf 88' lang='lat' dir='ltr'><strong>nec</strong></span> <span class='ocrx_word' id='word_1_945' title='bbox 1404 2493 1606 2536; x_wconf 86' lang='lat' dir='ltr'><strong>opponetur</strong></span> <span class='ocrx_word' id='word_1_946' title='bbox 1629 2489 1703 2525; x_wconf 92' lang='lat' dir='ltr'><strong>doli</strong></span> <span class='ocrx_word' id='word_1_947' title='bbox 1725 2490 1810 2525; x_wconf 85' lang='lat' dir='ltr'><strong>mali</strong></span> <span class='ocrx_word' id='word_1_948' title='bbox 1835 2490 2010 2537; x_wconf 90' lang='lat' dir='ltr'><strong>exceptio.</strong></span> <span class='ocrx_word' id='word_1_949' title='bbox 2058 2491 2154 2544; x_wconf 87' lang='lat' dir='ltr'><strong>quod</strong></span> <span class='ocrx_word' id='word_1_950' title='bbox 2183 2502 2256 2528; x_wconf 91' lang='lat' dir='ltr'><strong>non</strong></span> <span class='ocrx_word' id='word_1_951' title='bbox 2282 2492 2398 2528; x_wconf 91' lang='lat' dir='ltr'><strong>solum</strong></span> 
     </span>
     <span class='ocr_line' id='line_1_127' title="bbox 1314 2535 2396 2584; baseline 0.002 -14"><span class='ocrx_word' id='word_1_952' title='bbox 1314 2536 1351 2571; x_wconf 90' lang='lat' dir='ltr'><strong>in</strong></span> <span class='ocrx_word' id='word_1_953' title='bbox 1373 2545 1529 2581; x_wconf 88' lang='lat' dir='ltr'><strong>persona</strong></span> <span class='ocrx_word' id='word_1_954' title='bbox 1554 2545 1686 2579; x_wconf 90' lang='lat' dir='ltr'><strong>eorum,</strong></span> <span class='ocrx_word' id='word_1_955' title='bbox 1712 2535 1775 2571; x_wconf 90' lang='lat' dir='ltr'><strong>sed</strong></span> <span class='ocrx_word' id='word_1_956' title='bbox 1797 2535 1834 2571; x_wconf 91' lang='lat' dir='ltr'><strong>in</strong></span> <span class='ocrx_word' id='word_1_957' title='bbox 1858 2536 2048 2572; x_wconf 86' lang='lat' dir='ltr'><strong>heredibus</strong></span> <span class='ocrx_word' id='word_1_958' title='bbox 2071 2547 2109 2572; x_wconf 88' lang='grc' dir='ltr'><strong>ιιι</strong></span> <span class='ocrx_word' id='word_1_959' title='bbox 2132 2547 2287 2584; x_wconf 84' lang='lat' dir='ltr'><strong>persona</strong></span> <span class='ocrx_word' id='word_1_960' title='bbox 2308 2537 2396 2572; x_wconf 87' lang='lat' dir='ltr'><strong>libe-</strong></span> 
     </span>
     <span class='ocr_line' id='line_1_128' title="bbox 1313 2581 2128 2627; baseline 0.002 -11"><span class='ocrx_word' id='word_1_961' title='bbox 1313 2591 1435 2617; x_wconf 88' lang='lat' dir='ltr'><strong>rorum</strong></span> <span class='ocrx_word' id='word_1_962' title='bbox 1448 2582 1475 2602; x_wconf 84' lang='lat'><strong>¹¹</strong></span> <span class='ocrx_word' id='word_1_963' title='bbox 1499 2590 1640 2626; x_wconf 89' lang='lat' dir='ltr'><strong>quoque</strong></span> <span class='ocrx_word' id='word_1_964' title='bbox 1664 2591 1786 2617; x_wconf 90' lang='lat' dir='ltr'><strong>eorum</strong></span> <span class='ocrx_word' id='word_1_965' title='bbox 1809 2581 2040 2627; x_wconf 72' lang='lat' dir='ltr'><strong>optinendum</strong></span> <span class='ocrx_word' id='word_1_966' title='bbox 2063 2586 2128 2618; x_wconf 92' lang='lat' dir='ltr'><strong>est.</strong></span> 
     </span>
    </p>

    <p class='ocr_par' dir='ltr' id='par_1_20' title="bbox 1313 2624 2398 2852">
     <span class='ocr_line' id='line_1_129' title="bbox 1362 2624 2397 2663; baseline 0 0"><span class='ocrx_word' id='word_1_967' title='bbox 1362 2624 1414 2663; x_wconf 88' lang='lat'><strong>14</strong></span> <span class='ocrx_word' id='word_1_968' title='bbox 1444 2625 1552 2661; x_wconf 66' lang='lat' dir='ltr'><strong>[vau</strong></span> <span class='ocrx_word' id='word_1_969' title='bbox 1585 2626 1677 2662; x_wconf 82' lang='lat' dir='ltr'><strong>libro</strong></span> <span class='ocrx_word' id='word_1_970' title='bbox 1710 2627 1814 2662; x_wconf 77' lang='lat' dir='ltr'><strong>tertio</strong></span> <span class='ocrx_word' id='word_1_971' title='bbox 1849 2638 1890 2662; x_wconf 85' lang='lat' dir='ltr'><strong>re</strong></span> <span class='ocrx_word' id='word_1_972' title='bbox 1935 2637 2103 2663; x_wconf 82' lang='lat' dir='ltr'><strong>onsorum</strong></span> <span class='ocrx_word' id='word_1_973' title='bbox 2156 2627 2292 2663; x_wconf 87' lang='lat' dir='ltr'><strong>Paulus</strong></span> <span class='ocrx_word' id='word_1_974' title='bbox 2323 2637 2397 2663; x_wconf 86' lang='lat' dir='ltr'><strong>res-</strong></span> 
     </span>
     <span class='ocr_line' id='line_1_130' title="bbox 1313 2637 2398 2717; baseline 0 -9"><span class='ocrx_word' id='word_1_975' title='bbox 1313 2671 1440 2717; x_wconf 90' lang='lat' dir='ltr'><strong>pondit</strong></span> <span class='ocrx_word' id='word_1_976' title='bbox 1462 2681 1553 2715; x_wconf 91' lang='lat' dir='ltr'><strong>eum,</strong></span> <span class='ocrx_word' id='word_1_977' title='bbox 1578 2670 1639 2716; x_wconf 88' lang='lat' dir='ltr'><strong>qui</strong></span> <span class='ocrx_word' id='word_1_978' title='bbox 1660 2671 1699 2706; x_wconf 92' lang='lat' dir='ltr'><strong>in</strong></span> <span class='ocrx_word' id='word_1_979' title='bbox 1722 2671 1837 2707; x_wconf 90' lang='lat' dir='ltr'><strong>alieno</strong></span> <span class='ocrx_word' id='word_1_980' title='bbox 1862 2637 1939 2708; x_wconf 43' lang='lat' dir='ltr'><strong>sosii&gt;</strong></span> <span class='ocrx_word' id='word_1_981' title='bbox 1963 2671 2165 2708; x_wconf 83' lang='lat' dir='ltr'><strong>aedificium</strong></span> <span class='ocrx_word' id='word_1_982' title='bbox 2188 2672 2398 2715; x_wconf 87' lang='lat' dir='ltr'><strong>extruxerit,</strong></span> 
     </span>
     <span class='ocr_line' id='line_1_131' title="bbox 1314 2717 2398 2770; baseline 0.001 -18"><span class='ocrx_word' id='word_1_983' title='bbox 1314 2727 1386 2753; x_wconf 92' lang='lat' dir='ltr'><strong>non</strong></span> <span class='ocrx_word' id='word_1_984' title='bbox 1409 2717 1498 2752; x_wconf 87' lang='lat' dir='ltr'><strong>alias</strong></span> <span class='ocrx_word' id='word_1_985' title='bbox 1522 2719 1687 2761; x_wconf 83' lang='lat' dir='ltr'><strong>sumptus</strong></span> <span class='ocrx_word' id='word_1_986' title='bbox 1711 2717 1880 2761; x_wconf 88' lang='lat' dir='ltr'><strong>consequi</strong></span> <span class='ocrx_word' id='word_1_987' title='bbox 1904 2727 2021 2770; x_wconf 80' lang='lat' dir='ltr'><strong>posse,</strong></span> <span class='ocrx_word' id='word_1_988' title='bbox 2045 2719 2194 2764; x_wconf 84' lang='lat' dir='ltr'><strong>quam¹²</strong></span> <span class='ocrx_word' id='word_1_989' title='bbox 2215 2717 2398 2764; x_wconf 84' lang='lat' dir='ltr'><strong>possideat</strong></span> 
     </span>
     <span class='ocr_line' id='line_1_132' title="bbox 1314 2761 2398 2814; baseline -0.001 -16"><span class='ocrx_word' id='word_1_990' title='bbox 1314 2766 1351 2798; x_wconf 91' lang='lat' dir='ltr'><strong>et</strong></span> <span class='ocrx_word' id='word_1_991' title='bbox 1373 2762 1421 2798; x_wconf 92' lang='lat' dir='ltr'><strong>ab</strong></span> <span class='ocrx_word' id='word_1_992' title='bbox 1445 2771 1491 2814; x_wconf 76' lang='lat' dir='ltr'><strong>eo</strong></span> <span class='ocrx_word' id='word_1_993' title='bbox 1512 2761 1676 2797; x_wconf 86' lang='lat' dir='ltr'><strong>dominus</strong></span> <span class='ocrx_word' id='word_1_994' title='bbox 1700 2761 1767 2797; x_wconf 86' lang='lat' dir='ltr'><strong>soli</strong></span> <span class='ocrx_word' id='word_1_995' title='bbox 1789 2772 1865 2798; x_wconf 91' lang='lat' dir='ltr'><strong>rem</strong></span> <span class='ocrx_word' id='word_1_996' title='bbox 1883 2762 2046 2807; x_wconf 75' lang='lat' dir='ltr'><strong>vindicet,</strong></span> <span class='ocrx_word' id='word_1_997' title='bbox 2070 2763 2210 2800; x_wconf 87' lang='lat' dir='ltr'><strong>scilicet</strong></span> <span class='ocrx_word' id='word_1_998' title='bbox 2231 2762 2398 2809; x_wconf 87' lang='lat' dir='ltr'><strong>opposita</strong></span> 
     </span>
     <span class='ocr_line' id='line_1_133' title="bbox 1315 2806 1738 2852; baseline -0.005 -9"><span class='ocrx_word' id='word_1_999' title='bbox 1315 2806 1387 2843; x_wconf 88' lang='lat' dir='ltr'><strong>doli</strong></span> <span class='ocrx_word' id='word_1_1000' title='bbox 1409 2806 1494 2842; x_wconf 85' lang='lat' dir='ltr'><strong>mah</strong></span> <span class='ocrx_word' id='word_1_1001' title='bbox 1517 2807 1738 2852; x_wconf 86' lang='lat' dir='ltr'><strong>exceptione.</strong></span> 
     </span>
    </p>

    <p class='ocr_par' dir='ltr' id='par_1_21' title="bbox 1313 2851 2397 3204">
     <span class='ocr_line' id='line_1_134' title="bbox 1362 2851 2396 2900; baseline 0 -11"><span class='ocrx_word' id='word_1_1002' title='bbox 1362 2851 1412 2889; x_wconf 85' lang='lat'><strong>15</strong></span> <span class='ocrx_word' id='word_1_1003' title='bbox 1439 2851 1641 2888; x_wconf 55' lang='lat' dir='ltr'><strong>Scaevoia</strong></span> <span class='ocrx_word' id='word_1_1004' title='bbox 1668 2852 1760 2888; x_wconf 77' lang='lat' dir='ltr'><strong>libro</strong></span> <span class='ocrx_word' id='word_1_1005' title='bbox 1784 2854 1909 2898; x_wconf 78' lang='lat' dir='ltr'><strong>quinto</strong></span> <span class='ocrx_word' id='word_1_1006' title='bbox 1933 2863 2188 2900; x_wconf 49' lang='lat' dir='ltr'><strong>responsorum</strong></span> <span class='ocrx_word' id='word_1_1007' title='bbox 2233 2852 2396 2889; x_wconf 88' lang='lat' dir='ltr'><strong>Fideius-</strong></span> 
     </span>
     <span class='ocr_line' id='line_1_135' title="bbox 1314 2897 2397 2944; baseline 0.001 -12"><span class='ocrx_word' id='word_1_1008' title='bbox 1314 2907 1374 2933; x_wconf 90' lang='lat' dir='ltr'><strong>sor</strong></span> <span class='ocrx_word' id='word_1_1009' title='bbox 1392 2897 1574 2933; x_wconf 91' lang='lat' dir='ltr'><strong>evictionis</strong></span> <span class='ocrx_word' id='word_1_1010' title='bbox 1593 2897 1734 2932; x_wconf 92' lang='lat' dir='ltr'><strong>nomine</strong></span> <span class='ocrx_word' id='word_1_1011' title='bbox 1754 2897 2010 2934; x_wconf 87' lang='lat' dir='ltr'><strong>condemnatus</strong></span> <span class='ocrx_word' id='word_1_1012' title='bbox 2027 2898 2066 2934; x_wconf 88' lang='lat' dir='ltr'><strong>id</strong></span> <span class='ocrx_word' id='word_1_1013' title='bbox 2083 2898 2280 2944; x_wconf 86' lang='lat' dir='ltr'><strong>praedium,</strong></span> <span class='ocrx_word' id='word_1_1014' title='bbox 2300 2898 2397 2944; x_wconf 89' lang='lat' dir='ltr'><strong>quod</strong></span> 
     </span>
     <span class='ocr_line' id='line_1_136' title="bbox 1314 2942 2397 2989; baseline 0 -11"><span class='ocrx_word' id='word_1_1015' title='bbox 1314 2942 1467 2978; x_wconf 88' lang='lat' dir='ltr'><strong>evictum</strong></span> <span class='ocrx_word' id='word_1_1016' title='bbox 1497 2945 1572 2984; x_wconf 88' lang='lat' dir='ltr'><strong>est,</strong></span> <span class='ocrx_word' id='word_1_1017' title='bbox 1603 2945 1640 2977; x_wconf 92' lang='lat' dir='ltr'><strong>et</strong></span> <span class='ocrx_word' id='word_1_1018' title='bbox 1668 2942 1787 2977; x_wconf 88' lang='lat' dir='ltr'><strong>omnia</strong></span> <span class='ocrx_word' id='word_1_1019' title='bbox 1817 2946 2002 2987; x_wconf 80' lang='lat' dir='ltr'><strong>praestare</strong></span> <span class='ocrx_word' id='word_1_1020' title='bbox 2028 2947 2178 2989; x_wconf 85' lang='lat' dir='ltr'><strong>paratus</strong></span> <span class='ocrx_word' id='word_1_1021' title='bbox 2202 2946 2273 2987; x_wconf 87' lang='lat' dir='ltr'><strong>est,</strong></span> <span class='ocrx_word' id='word_1_1022' title='bbox 2305 2953 2397 2988; x_wconf 85' lang='lat' dir='ltr'><strong>quae</strong></span> 
     </span>
     <span class='ocr_line' id='line_1_137' title="bbox 1313 2986 2394 3034; baseline 0.001 -11"><span class='ocrx_word' id='word_1_1023' title='bbox 1313 2987 1392 3023; x_wconf 90' lang='lat' dir='ltr'><strong>iure</strong></span> <span class='ocrx_word' id='word_1_1024' title='bbox 1416 2987 1524 3032; x_wconf 88' lang='lat' dir='ltr'><strong>empti</strong></span> <span class='ocrx_word' id='word_1_1025' title='bbox 1548 2986 1790 3023; x_wconf 88' lang='lat' dir='ltr'><strong>continentur:</strong></span> <span class='ocrx_word' id='word_1_1026' title='bbox 1821 2998 1971 3033; x_wconf 87' lang='lat' dir='ltr'><strong>quaero,</strong></span> <span class='ocrx_word' id='word_1_1027' title='bbox 2003 2998 2052 3024; x_wconf 84' lang='lat' dir='ltr'><strong>an</strong></span> <span class='ocrx_word' id='word_1_1028' title='bbox 2163 2992 2235 3024; x_wconf 86' lang='lat' dir='ltr'><strong>tem</strong></span> <span class='ocrx_word' id='word_1_1029' title='bbox 2258 2991 2394 3034; x_wconf 81' lang='lat' dir='ltr'><strong>empto·</strong></span> 
     </span>
     <span class='ocr_line' id='line_1_138' title="bbox 1313 2998 2394 3078; baseline 0.001 -10"><span class='ocrx_word' id='word_1_1030' title='bbox 1313 3043 1387 3069; x_wconf 89' lang='lat' dir='ltr'><strong>rem</strong></span> <span class='ocrx_word' id='word_1_1031' title='bbox 1417 3032 1625 3078; x_wconf 88' lang='lat' dir='ltr'><strong>exceptione</strong></span> <span class='ocrx_word' id='word_1_1032' title='bbox 1655 3041 1699 3067; x_wconf 91' lang='lat' dir='ltr'><strong>ex</strong></span> <span class='ocrx_word' id='word_1_1033' title='bbox 1731 3041 1842 3068; x_wconf 87' lang='lat' dir='ltr'><strong>causa</strong></span> <span class='ocrx_word' id='word_1_1034' title='bbox 1871 3033 2018 3069; x_wconf 89' lang='lat' dir='ltr'><strong>iudicati</strong></span> <span class='ocrx_word' id='word_1_1035' title='bbox 2049 2998 2268 3070; x_wconf 54' lang='lat' dir='ltr'><strong>diffiffimali¹³</strong></span> <span class='ocrx_word' id='word_1_1036' title='bbox 2299 3044 2394 3069; x_wconf 87' lang='lat' dir='ltr'><strong>sum·</strong></span> 
     </span>
     <span class='ocr_line' id='line_1_139' title="bbox 1314 3077 2395 3130; baseline 0.001 -18"><span class='ocrx_word' id='word_1_1037' title='bbox 1314 3087 1454 3114; x_wconf 88' lang='lat' dir='ltr'><strong>movere</strong></span> <span class='ocrx_word' id='word_1_1038' title='bbox 1470 3080 1604 3130; x_wconf 83' lang='lat' dir='ltr'><strong>potest.</strong></span> <span class='ocrx_word' id='word_1_1039' title='bbox 1640 3077 1825 3123; x_wconf 87' lang='lat' dir='ltr'><strong>respondit</strong></span> <span class='ocrx_word' id='word_1_1040' title='bbox 1841 3079 2085 3124; x_wconf 85' lang='lat' dir='ltr'><strong>exceptionem</strong></span> <span class='ocrx_word' id='word_1_1041' title='bbox 2103 3078 2244 3124; x_wconf 89' lang='lat' dir='ltr'><strong>quidem</strong></span> <span class='ocrx_word' id='word_1_1042' title='bbox 2263 3078 2395 3124; x_wconf 90' lang='lat' dir='ltr'><strong>opponi</strong></span> 
     </span>
     <span class='ocr_line' id='line_1_140' title="bbox 1313 3121 2395 3170; baseline 0 -11"><span class='ocrx_word' id='word_1_1043' title='bbox 1313 3133 1437 3168; x_wconf 90' lang='lat' dir='ltr'><strong>posse,</strong></span> <span class='ocrx_word' id='word_1_1044' title='bbox 1467 3121 1619 3158; x_wconf 77' lang='lat' dir='ltr'><strong>iudicem</strong></span> <span class='ocrx_word' id='word_1_1045' title='bbox 1643 3126 1762 3158; x_wconf 86' lang='lat' dir='ltr'><strong>autem</strong></span> <span class='ocrx_word' id='word_1_1046' title='bbox 1785 3123 2073 3168; x_wconf 89' lang='lat' dir='ltr'><strong>aestimaturum,</strong></span> <span class='ocrx_word' id='word_1_1047' title='bbox 2105 3127 2147 3159; x_wconf 90' lang='lat' dir='ltr'><strong>ut</strong></span> <span class='ocrx_word' id='word_1_1048' title='bbox 2168 3133 2233 3170; x_wconf 88' lang='lat' dir='ltr'><strong>pro</strong></span> <span class='ocrx_word' id='word_1_1049' title='bbox 2258 3123 2395 3159; x_wconf 83' lang='lat' dir='ltr'><strong>damnis</strong></span> 
     </span>
     <span class='ocr_line' id='line_1_141' title="bbox 1313 3166 1649 3204; baseline -0.009 0"><span class='ocrx_word' id='word_1_1050' title='bbox 1313 3178 1368 3204; x_wconf 91' lang='lat' dir='ltr'><strong>em</strong></span> <span class='ocrx_word' id='word_1_1051' title='bbox 1394 3167 1464 3203; x_wconf 78' lang='lat' dir='ltr'><strong>tori</strong></span> <span class='ocrx_word' id='word_1_1052' title='bbox 1487 3166 1649 3203; x_wconf 84' lang='lat' dir='ltr'><strong>satisfiat.</strong></span> 
     </span>
    </p>

    <p class='ocr_par' dir='ltr' id='par_1_22' title="bbox 1313 3211 2394 3435">
     <span class='ocr_line' id='line_1_142' title="bbox 1388 3211 2394 3261; baseline -0.001 -11"><span class='ocrx_word' id='word_1_1053' title='bbox 1388 3211 1413 3250; x_wconf 91' lang='grc'><strong>6</strong></span> <span class='ocrx_word' id='word_1_1054' title='bbox 1437 3212 1781 3249; x_wconf 65' lang='grc' dir='ltr'>ΗιιυιοσΕΝιΑΝυε</span> <span class='ocrx_word' id='word_1_1055' title='bbox 1801 3213 1892 3250; x_wconf 73' lang='lat' dir='ltr'><strong>libro</strong></span> <span class='ocrx_word' id='word_1_1056' title='bbox 1913 3216 2020 3250; x_wconf 76' lang='lat' dir='ltr'><strong>sexto</strong></span> <span class='ocrx_word' id='word_1_1057' title='bbox 2043 3213 2135 3248; x_wconf 64' lang='lat' dir='ltr'><strong>iuml«,-</strong></span> <span class='ocrx_word' id='word_1_1058' title='bbox 2157 3214 2394 3261; x_wconf 75' lang='lat' dir='ltr'><strong>epitomamm</strong></span> 
     </span>
     <span class='ocr_line' id='line_1_143' title="bbox 1314 3257 2393 3304; baseline -0.001 -10"><span class='ocrx_word' id='word_1_1059' title='bbox 1314 3258 1353 3294; x_wconf 87' lang='lat' dir='ltr'><strong>Si</strong></span> <span class='ocrx_word' id='word_1_1060' title='bbox 1381 3257 1524 3294; x_wconf 84' lang='lat' dir='ltr'><strong>debitor</strong></span> <span class='ocrx_word' id='word_1_1061' title='bbox 1546 3267 1568 3292; x_wconf 89' lang='lat' dir='ltr'><strong>a</strong></span> <span class='ocrx_word' id='word_1_1062' title='bbox 1599 3257 1734 3294; x_wconf 83' lang='lat' dir='ltr'><strong>furioso</strong></span> <span class='ocrx_word' id='word_1_1063' title='bbox 1767 3258 1949 3304; x_wconf 77' lang='lat' dir='ltr'><strong>delegatus</strong></span> <span class='ocrx_word' id='word_1_1064' title='bbox 1973 3257 2139 3294; x_wconf 75' lang='lat' dir='ltr'><strong>creditori</strong></span> <span class='ocrx_word' id='word_1_1065' title='bbox 2168 3259 2245 3295; x_wconf 81' lang='lat' dir='ltr'><strong>eius</strong></span> <span class='ocrx_word' id='word_1_1066' title='bbox 2267 3258 2393 3301; x_wconf 82' lang='lat' dir='ltr'><strong>solvat,</strong></span> 
     </span>
     <span class='ocr_line' id='line_1_144' title="bbox 1313 3303 2394 3349; baseline 0.002 -11"><span class='ocrx_word' id='word_1_1067' title='bbox 1313 3313 1417 3349; x_wconf 88' lang='lat' dir='ltr'><strong>quem</strong></span> <span class='ocrx_word' id='word_1_1068' title='bbox 1449 3305 1647 3347; x_wconf 89' lang='lat' dir='ltr'><strong>compotem</strong></span> <span class='ocrx_word' id='word_1_1069' title='bbox 1688 3304 1815 3339; x_wconf 89' lang='lat' dir='ltr'><strong>mentis</strong></span> <span class='ocrx_word' id='word_1_1070' title='bbox 1851 3313 1930 3339; x_wconf 87' lang='lat' dir='ltr'><strong>esse</strong></span> <span class='ocrx_word' id='word_1_1071' title='bbox 1960 3303 2187 3339; x_wconf 89' lang='lat' dir='ltr'><strong>existimabat</strong></span> <span class='ocrx_word' id='word_1_1072' title='bbox 2198 3304 2227 3327; x_wconf 81' lang='lat'><strong>¹⁴</strong></span> <span class='ocrx_word' id='word_1_1073' title='bbox 2275 3306 2314 3340; x_wconf 86' lang='lat' dir='ltr'><strong>et</strong></span> <span class='ocrx_word' id='word_1_1074' title='bbox 2342 3303 2394 3339; x_wconf 87' lang='lat' dir='ltr'><strong>ita</strong></span> 
     </span>
     <span class='ocr_line' id='line_1_145' title="bbox 1314 3331 2393 3394; baseline 0 -10"><span class='ocrx_word' id='word_1_1075' title='bbox 1314 3358 1395 3384; x_wconf 89' lang='lat' dir='ltr'><strong>cum</strong></span> <span class='ocrx_word' id='word_1_1076' title='bbox 1417 3356 1460 3383; x_wconf 91' lang='grc'><strong>00</strong></span> <span class='ocrx_word' id='word_1_1077' title='bbox 1485 3350 1631 3392; x_wconf 82' lang='lat' dir='ltr'><strong>agatur:</strong></span> <span class='ocrx_word' id='word_1_1078' title='bbox 1663 3348 1871 3394; x_wconf 88' lang='lat' dir='ltr'><strong>exceptione</strong></span> <span class='ocrx_word' id='word_1_1079' title='bbox 1893 3348 1966 3384; x_wconf 91' lang='lat' dir='ltr'><strong>doli</strong></span> <span class='ocrx_word' id='word_1_1080' title='bbox 1994 3348 2032 3383; x_wconf 91' lang='lat' dir='ltr'><strong>in</strong></span> <span class='ocrx_word' id='word_1_1081' title='bbox 2053 3348 2109 3392; x_wconf 88' lang='lat' dir='ltr'><strong>id,</strong></span> <span class='ocrx_word' id='word_1_1082' title='bbox 2140 3331 2236 3394; x_wconf 77' lang='lat' dir='ltr'><strong>quod</strong></span> <span class='ocrx_word' id='word_1_1083' title='bbox 2257 3347 2296 3384; x_wconf 86' lang='lat' dir='ltr'><strong>in</strong></span> <span class='ocrx_word' id='word_1_1084' title='bbox 2318 3358 2393 3384; x_wconf 89' lang='lat' dir='ltr'><strong>rem</strong></span> 
     </span>
     <span class='ocr_line' id='line_1_146' title="bbox 1313 3392 1888 3435; baseline -0.002 -6"><span class='ocrx_word' id='word_1_1085' title='bbox 1313 3392 1439 3429; x_wconf 83' lang='lat' dir='ltr'><strong>furiosi</strong></span> <span class='ocrx_word' id='word_1_1086' title='bbox 1486 3392 1652 3435; x_wconf 84' lang='lat' dir='ltr'><strong>recessit,</strong></span> <span class='ocrx_word' id='word_1_1087' title='bbox 1677 3392 1888 3429; x_wconf 77' lang='lat' dir='ltr'><strong>defenditur.</strong></span> 
     </span>
    </p>

    <p class='ocr_par' dir='ltr' id='par_1_23' title="bbox 1313 3435 2393 3529">
     <span class='ocr_line' id='line_1_147' title="bbox 1362 3435 2392 3485; baseline 0 -11"><span class='ocrx_word' id='word_1_1088' title='bbox 1362 3435 1411 3474; x_wconf 88' lang='lat'><strong>17</strong></span> <span class='ocrx_word' id='word_1_1089' title='bbox 1469 3446 1639 3472; x_wconf 68' lang='grc' dir='ltr'>σΑΕνοιΔ</span> <span class='ocrx_word' id='word_1_1090' title='bbox 1672 3438 1763 3474; x_wconf 80' lang='lat' dir='ltr'><strong>libro</strong></span> <span class='ocrx_word' id='word_1_1091' title='bbox 1786 3439 1976 3474; x_wconf 73' lang='lat' dir='ltr'><strong>vicensimo</strong></span> <span class='ocrx_word' id='word_1_1092' title='bbox 1999 3439 2149 3485; x_wconf 75' lang='lat' dir='ltr'><strong>septimo</strong></span> <span class='ocrx_word' id='word_1_1093' title='bbox 2173 3438 2392 3485; x_wconf 65' lang='lat' dir='ltr'><strong>digestor-um</strong></span> 
     </span>
     <span class='ocr_line' id='line_1_148' title="bbox 1313 3482 2393 3529; baseline 0.001 -11"><span class='ocrx_word' id='word_1_1094' title='bbox 1313 3482 1421 3519; x_wconf 87' lang='lat' dir='ltr'><strong>Pater</strong></span> <span class='ocrx_word' id='word_1_1095' title='bbox 1443 3492 1508 3527; x_wconf 89' lang='lat' dir='ltr'><strong>pro</strong></span> <span class='ocrx_word' id='word_1_1096' title='bbox 1533 3482 1607 3517; x_wconf 86' lang='lat' dir='ltr'><strong>filia</strong></span> <span class='ocrx_word' id='word_1_1097' title='bbox 1629 3482 1749 3519; x_wconf 88' lang='lat' dir='ltr'><strong>dotem</strong></span> <span class='ocrx_word' id='word_1_1098' title='bbox 1778 3483 1990 3529; x_wconf 83' lang='lat' dir='ltr'><strong>promiserat</strong></span> <span class='ocrx_word' id='word_1_1099' title='bbox 2012 3487 2049 3519; x_wconf 88' lang='lat' dir='ltr'><strong>et</strong></span> <span class='ocrx_word' id='word_1_1100' title='bbox 2070 3487 2197 3529; x_wconf 87' lang='lat' dir='ltr'><strong>pactus</strong></span> <span class='ocrx_word' id='word_1_1101' title='bbox 2221 3485 2316 3527; x_wconf 85' lang='lat' dir='ltr'><strong>erat,</strong></span> <span class='ocrx_word' id='word_1_1102' title='bbox 2353 3486 2393 3519; x_wconf 88' lang='lat' dir='ltr'><strong>ut</strong></span> 
     </span>
    </p>
   </div>
   <div class='ocr_carea' id='block_1_8' title="bbox 164 3594 2390 3736">
    <p class='ocr_par' dir='ltr' id='par_1_24' title="bbox 164 3594 2390 3736">
     <span class='ocr_line' id='line_1_149' title="bbox 164 3594 2390 3639; baseline 0.001 -12"><span class='ocrx_word' id='word_1_1103' title='bbox 164 3597 205 3634; x_wconf 98' lang='grc'><strong>(1)</strong></span> <span class='ocrx_word' id='word_1_1104' title='bbox 229 3595 350 3628; x_wconf 67' lang='lat' dir='ltr'><strong>notoria</strong></span> <span class='ocrx_word' id='word_1_1105' title='bbox 373 3594 420 3628; x_wconf 70' lang='lat' dir='ltr'><strong>F’</strong></span> <span class='ocrx_word' id='word_1_1106' title='bbox 556 3595 600 3637; x_wconf 81' lang='lat'><strong>(2)</strong></span> <span class='ocrx_word' id='word_1_1107' title='bbox 624 3594 693 3638; x_wconf 76' lang='lat' dir='ltr'><strong>sed]</strong></span> <span class='ocrx_word' id='word_1_1108' title='bbox 713 3596 747 3628; x_wconf 79' lang='lat' dir='ltr'><strong>et</strong></span> <span class='ocrx_word' id='word_1_1109' title='bbox 764 3606 827 3629; x_wconf 78' lang='lat' dir='ltr'><strong>ser.</strong></span> <span class='ocrx_word' id='word_1_1110' title='bbox 957 3596 1000 3636; x_wconf 81' lang='grc'>(3)</span> <span class='ocrx_word' id='word_1_1111' title='bbox 1026 3596 1162 3630; x_wconf 82' lang='lat' dir='ltr'><strong>donatio</strong></span> <span class='ocrx_word' id='word_1_1112' title='bbox 1182 3597 1243 3630; x_wconf 72' lang='lat' dir='ltr'><strong>ine.</strong></span> <span class='ocrx_word' id='word_1_1113' title='bbox 1311 3597 1368 3638; x_wconf 88' lang='grc'>(11)</span> <span class='ocrx_word' id='word_1_1114' title='bbox 1392 3595 1428 3628; x_wconf 85' lang='lat' dir='ltr'><strong>in</strong></span> <span class='ocrx_word' id='word_1_1115' title='bbox 1446 3606 1586 3639; x_wconf 83' lang='lat' dir='ltr'><strong>persona</strong></span> <span class='ocrx_word' id='word_1_1116' title='bbox 1603 3596 1785 3630; x_wconf 85' lang='lat' dir='ltr'><strong>liberorum</strong></span> <span class='ocrx_word' id='word_1_1117' title='bbox 1807 3596 1869 3630; x_wconf 73' lang='lat' dir='ltr'><strong>del.</strong></span> <span class='ocrx_word' id='word_1_1118' title='bbox 1890 3607 1954 3629; x_wconf 81' lang='lat' dir='ltr'><strong>van</strong></span> <span class='ocrx_word' id='word_1_1119' title='bbox 1972 3598 2013 3631; x_wconf 83' lang='lat' dir='ltr'><strong>de</strong></span> <span class='ocrx_word' id='word_1_1120' title='bbox 2034 3596 2143 3630; x_wconf 76' lang='lat' dir='ltr'><strong>Water</strong></span> <span class='ocrx_word' id='word_1_1121' title='bbox 2277 3596 2338 3639; x_wconf 75' lang='lat' dir='ltr'><strong>(n)</strong></span> <span class='ocrx_word' id='word_1_1122' title='bbox 2361 3597 2390 3630; x_wconf 79' lang='lat' dir='ltr'><strong>si</strong></span> 
     </span>
     <span class='ocr_line' id='line_1_150' title="bbox 165 3639 2388 3684; baseline 0.001 -11"><span class='ocrx_word' id='word_1_1123' title='bbox 165 3641 208 3681; x_wconf 76' lang='grc'><strong>(1)</strong></span> <span class='ocrx_word' id='word_1_1124' title='bbox 233 3649 276 3672; x_wconf 86' lang='grc'><strong>011</strong></span> <span class='ocrx_word' id='word_1_1125' title='bbox 288 3640 351 3673; x_wconf 76' lang='lat' dir='ltr'><strong>del.</strong></span> <span class='ocrx_word' id='word_1_1126' title='bbox 364 3639 414 3672; x_wconf 76' lang='lat' dir='ltr'><strong>F²</strong></span> <span class='ocrx_word' id='word_1_1127' title='bbox 482 3642 526 3679; x_wconf 69' lang='lat' dir='ltr'><strong>(e)</strong></span> <span class='ocrx_word' id='word_1_1128' title='bbox 550 3650 627 3672; x_wconf 83' lang='lat' dir='ltr'><strong>nam</strong></span> <span class='ocrx_word' id='word_1_1129' title='bbox 639 3641 699 3674; x_wconf 80' lang='lat' dir='ltr'><strong>im.</strong></span> <span class='ocrx_word' id='word_1_1130' title='bbox 771 3640 815 3682; x_wconf 75' lang='lat' dir='ltr'><strong>(o)</strong></span> <span class='ocrx_word' id='word_1_1131' title='bbox 840 3639 921 3683; x_wconf 66' lang='lat' dir='ltr'><strong>quia</strong></span> <span class='ocrx_word' id='word_1_1132' title='bbox 930 3651 992 3673; x_wconf 74' lang='lat' dir='ltr'><strong>scr.</strong></span> <span class='ocrx_word' id='word_1_1133' title='bbox 1062 3643 1105 3683; x_wconf 76' lang='lat'><strong>(¹1)</strong></span> <span class='ocrx_word' id='word_1_1134' title='bbox 1129 3642 1176 3675; x_wconf 89' lang='lat' dir='ltr'><strong>D.</strong></span> <span class='ocrx_word' id='word_1_1135' title='bbox 1189 3642 1244 3683; x_wconf 82' lang='lat'><strong>39,</strong></span> <span class='ocrx_word' id='word_1_1136' title='bbox 1312 3642 1373 3675; x_wconf 67' lang='lat' dir='ltr'><strong>im·</strong></span> <span class='ocrx_word' id='word_1_1137' title='bbox 1385 3640 1435 3674; x_wconf 59' lang='grc' dir='ltr'><strong>Γ*</strong></span> <span class='ocrx_word' id='word_1_1138' title='bbox 1536 3644 1593 3682; x_wconf 78' lang='grc'>(13)</span> <span class='ocrx_word' id='word_1_1139' title='bbox 1618 3644 1797 3684; x_wconf 88' lang='lat' dir='ltr'><strong>emptorem</strong></span> <span class='ocrx_word' id='word_1_1140' title='bbox 1815 3651 1855 3675; x_wconf 88' lang='lat' dir='ltr'><strong>ex</strong></span> <span class='ocrx_word' id='word_1_1141' title='bbox 1873 3651 1970 3674; x_wconf 79' lang='lat' dir='ltr'><strong>eausa</strong></span> <span class='ocrx_word' id='word_1_1142' title='bbox 1990 3641 2129 3674; x_wconf 81' lang='lat' dir='ltr'><strong>iudicati</strong></span> <span class='ocrx_word' id='word_1_1143' title='bbox 2148 3641 2217 3675; x_wconf 90' lang='lat' dir='ltr'><strong>doli</strong></span> <span class='ocrx_word' id='word_1_1144' title='bbox 2233 3641 2313 3675; x_wconf 82' lang='lat' dir='ltr'><strong>mali</strong></span> <span class='ocrx_word' id='word_1_1145' title='bbox 2333 3651 2388 3675; x_wconf 83' lang='lat' dir='ltr'><strong>ex-</strong></span> 
     </span>
     <span class='ocr_line' id='line_1_151' title="bbox 164 3684 2387 3736; baseline 0.001 -18"><span class='ocrx_word' id='word_1_1146' title='bbox 164 3693 193 3723; x_wconf 74' lang='grc'><strong>5,</strong></span> <span class='ocrx_word' id='word_1_1147' title='bbox 208 3691 235 3722; x_wconf 76' lang='lat'><strong>2.</strong></span> <span class='ocrx_word' id='word_1_1148' title='bbox 248 3691 265 3717; x_wconf 78' lang='lat'>³</span> <span class='ocrx_word' id='word_1_1149' title='bbox 344 3685 391 3726; x_wconf 84' lang='lat'><strong>(8)</strong></span> <span class='ocrx_word' id='word_1_1150' title='bbox 411 3697 463 3736; x_wconf 63' lang='lat' dir='ltr'><strong>ps.</strong></span> <span class='ocrx_word' id='word_1_1151' title='bbox 477 3685 579 3718; x_wconf 79' lang='lat' dir='ltr'><strong>==D.</strong></span> <span class='ocrx_word' id='word_1_1152' title='bbox 592 3686 807 3726; x_wconf 77' lang='lat'><strong>50,1·1‚1⁷³‚³</strong></span> <span class='ocrx_word' id='word_1_1153' title='bbox 882 3684 928 3726; x_wconf 79' lang='lat'><strong>(⁹)</strong></span> <span class='ocrx_word' id='word_1_1154' title='bbox 952 3684 1055 3718; x_wconf 80' lang='lat' dir='ltr'><strong>sedF</strong></span> <span class='ocrx_word' id='word_1_1155' title='bbox 1126 3688 1186 3728; x_wconf 88' lang='grc'>(10)</span> <span class='ocrx_word' id='word_1_1156' title='bbox 1211 3688 1245 3719; x_wconf 82' lang='grc' dir='ltr'><strong>οι</strong></span> <span class='ocrx_word' id='word_1_1157' title='bbox 1309 3685 1461 3728; x_wconf 80' lang='lat' dir='ltr'><strong>ceptione</strong></span> <span class='ocrx_word' id='word_1_1158' title='bbox 1480 3686 1510 3719; x_wconf 86' lang='lat' dir='ltr'><strong><em>S</em></strong></span> <span class='ocrx_word' id='word_1_1159' title='bbox 1645 3691 1703 3727; x_wconf 83' lang='grc'>(11)</span> <span class='ocrx_word' id='word_1_1160' title='bbox 1728 3695 1825 3728; x_wconf 82' lang='lat' dir='ltr'><strong>quem</strong></span> <span class='ocrx_word' id='word_1_1161' title='bbox 1845 3688 2027 3729; x_wconf 78' lang='lat' dir='ltr'><strong>compotem</strong></span> <span class='ocrx_word' id='word_1_1162' title='bbox 2048 3687 2167 3720; x_wconf 76' lang='lat' dir='ltr'><strong>mentis</strong></span> <span class='ocrx_word' id='word_1_1163' title='bbox 2188 3696 2254 3720; x_wconf 77' lang='lat' dir='ltr'><strong>esse</strong></span> <span class='ocrx_word' id='word_1_1164' title='bbox 2275 3687 2387 3720; x_wconf 81' lang='lat' dir='ltr'><strong>existi-</strong></span> 
     </span>
    </p>
   </div>
   <div class='ocr_carea' id='block_1_9' title="bbox 164 3728 1497 3772">
    <p class='ocr_par' dir='ltr' id='par_1_25' title="bbox 164 3728 1497 3772">
     <span class='ocr_line' id='line_1_152' title="bbox 164 3728 1497 3772; baseline 0.002 -10"><span class='ocrx_word' id='word_1_1165' title='bbox 164 3729 208 3762; x_wconf 86' lang='lat' dir='ltr'><strong>sit</strong></span> <span class='ocrx_word' id='word_1_1166' title='bbox 227 3739 293 3762; x_wconf 87' lang='lat' dir='ltr'><strong>uon</strong></span> <span class='ocrx_word' id='word_1_1167' title='bbox 314 3729 374 3762; x_wconf 84' lang='grc'>0111</span> <span class='ocrx_word' id='word_1_1168' title='bbox 392 3740 464 3772; x_wconf 83' lang='grc'>0111,</span> <span class='ocrx_word' id='word_1_1169' title='bbox 486 3730 542 3763; x_wconf 85' lang='lat' dir='ltr'><strong>sed</strong></span> <span class='ocrx_word' id='word_1_1170' title='bbox 566 3729 629 3772; x_wconf 81' lang='lat' dir='ltr'><strong>ipsi</strong></span> <span class='ocrx_word' id='word_1_1171' title='bbox 653 3730 711 3771; x_wconf 92' lang='lat' dir='ltr'><strong>qui</strong></span> <span class='ocrx_word' id='word_1_1172' title='bbox 737 3740 811 3763; x_wconf 89' lang='lat' dir='ltr'><strong>eum</strong></span> <span class='ocrx_word' id='word_1_1173' title='bbox 830 3728 964 3762; x_wconf 81' lang='lat' dir='ltr'><strong>admisit</strong></span> <span class='ocrx_word' id='word_1_1174' title='bbox 982 3729 1158 3763; x_wconf 81' lang='lat' dir='ltr'><strong>damnosus</strong></span> <span class='ocrx_word' id='word_1_1175' title='bbox 1180 3744 1241 3764; x_wconf 77' lang='lat' dir='ltr'><strong>scr.</strong></span> <span class='ocrx_word' id='word_1_1176' title='bbox 1311 3730 1421 3764; x_wconf 81' lang='lat' dir='ltr'><strong>mabat</strong></span> <span class='ocrx_word' id='word_1_1177' title='bbox 1435 3731 1497 3764; x_wconf 78' lang='lat' dir='ltr'><strong>del.</strong></span> 
     </span>
    </p>
   </div>
   <div class='ocr_carea' id='block_1_10' title="bbox 2497 2987 2528 3918">
    <p class='ocr_par' dir='ltr' id='par_1_26' title="bbox 2497 2987 2528 3918">
     <span class='ocr_line' id='line_1_153' title="bbox 2497 2987 2528 3918; baseline 0 0"><span class='ocrx_word' id='word_1_1178' title='bbox 2497 2987 2528 3918; x_wconf 95' lang='lat' dir='ltr'><strong> </strong></span> 
     </span>
    </p>
   </div>
  </div>
 </body>
</html>
