2528 3918
183 94 391 138 XXXVII
425 99 488 138 10.
514 98 558 138 11

233 217 306 256 10¹
330 217 590 254 Meuaniae
616 217 708 255 libro
735 218 887 266 septinio
909 218 1130 265 diqestorum
1177 217 1265 253 Cum

183 263 311 299 mulier
332 262 513 298 deferente
536 262 668 299 herede
690 263 860 300 iuraverit
879 274 918 300 se
930 266 1160 308 praegnatem
1176 273 1265 307 esse,

185 309 359 344 bonorum
382 308 561 353 possessio
585 318 629 344 ex
652 307 770 344 edicto
796 308 1023 344 Carboniano
1047 307 1125 343 dari
1148 307 1264 351 debet,

183 353 236 387 vel
261 352 439 398 denegari,
463 352 493 388 si
515 352 579 388 illa
600 352 723 389 heredi
747 353 875 389 detulit
896 353 1152 395 iusiurandum,
1184 363 1265 388 cum

183 407 295 433 causa
317 398 461 443 cognita
483 396 589 433 detur
637 399 789 434 ossessio
800 400 824 440 ³,
852 409 896 433 ne
920 403 984 433 aut
1007 397 1129 433 heredi
1154 398 1264 433 bono-

182 453 261 477 rum
284 443 464 488 possessio
487 442 574 478 data
595 409 708 479 {goin
730 443 987 496 praeiudicium
1011 447 1074 478 aut
1091 442 1265 487 denegata

181 487 239 522 ius
262 487 480 523 ordinarium
505 487 632 534 eripiat
653 488 801 533 pupillo.

232 531 277 569 11
313 532 559 568 Pammms
589 533 682 568 libro
713 534 818 569 tertio
846 532 984 568 decimo
1013 532 1262 578 quaestionum

183 576 272 611 Cum
302 577 379 612 sine
407 576 581 613 beneficio
607 577 785 623 praetoris
814 578 874 622 qui
897 576 1035 622 patitur
1058 579 1262 613 controver-

181 621 270 657 siam
294 621 390 657 filius
412 621 516 658 heres
540 631 618 659 esse
640 626 770 668 potest,
793 621 888 658 forte
911 622 994 667 quia
1017 622 1173 675 scriptus
1197 626 1263 664 est,

181 666 298 702 edicto
324 666 549 703 Carboniano
578 667 681 703 locus
709 678 782 702 non
814 671 885 702 est:
918 677 962 702 ac
992 667 1153 702 similiter
1182 677 1263 702 cum

181 715 317 747 certum
348 715 418 756 est,
450 712 608 757 quamvis
639 712 732 747 filius
756 712 818 755 sit,
851 722 931 747 eum
954 716 1075 747 tamen
1097 712 1263 747 heredem

180 767 253 792 non
280 756 359 792 fore
405 756 515 792 veluti
546 757 575 793 si
600 757 695 792 Titio
724 756 854 792 herede
881 756 1046 792 instituto
1075 761 1262 802 postumus

180 805 245 837 aut
265 784 428 847 impulies
452 801 687 838 exheredatus
712 806 860 854 negetur
882 801 988 838 filius.
1027 812 1093 837 nec
1117 802 1164 837 ad
1187 812 1262 837 rem

178 846 343 892 pertinet,
367 846 464 892 quod
481 848 629 882 interest
645 847 739 883 illius
755 857 793 882 in
811 845 1023 892 quibusdam
1042 847 1154 882 filium
1173 857 1262 889 esse,

180 892 288 927 veluti
307 897 455 938 propter
471 891 593 928 fratris
612 902 656 927 ex
675 892 746 927 alia
763 896 877 927 matre
894 891 970 927 nati
988 892 1083 927 bona
1105 892 1160 927 vel
1183 892 1263 927 iura

179 937 390 973 libertorum
424 942 461 973 et
494 938 783 983 sepulchrorum:
821 937 910 972 istos
945 936 1038 972 enim
1074 947 1179 972 casus
1216 937 1263 972 ad

180 982 444 1018 Carbonianum
468 987 611 1018 constat
634 992 705 1018 non
727 981 918 1028 pertinere.

229 1025 279 1065 12
303 1027 412 1063 loru
430 1028 521 1063 libro
545 1032 676 1074 quarto
700 1027 837 1063 decimo
855 1028 1106 1073 quaestionum
1141 1026 1261 1072 Scrip-

179 1076 238 1109 tus
262 1073 378 1114 heres,
403 1076 530 1108 contra
553 1082 657 1117 quem
679 1071 775 1108 filius
797 1072 972 1117 impubes,
996 1071 1056 1117 qui
1079 1073 1262 1108 subiectus

179 1118 321 1160 dicitur,
345 1127 390 1153 ex
413 1117 531 1153 edicto
555 1117 669 1163 primo
687 1117 864 1153 bonorum
882 1117 1144 1162 possessionem
1161 1118 1261 1171 petit,

178 1163 341 1208 exemplo
364 1162 510 1208 legitimi
532 1163 728 1199 secundum
753 1163 897 1198 tabulas
926 1162 1069 1197 interim
1098 1172 1262 1208 accipere

178 1218 251 1244 non
274 1211 404 1253 potest.
443 1207 539 1252 quod
563 1207 593 1243 si
616 1207 732 1243 medio
755 1211 916 1252 tempore
939 1207 1094 1252 scriptus
1117 1208 1173 1243 vel
1191 1207 1261 1250 ille,

178 1253 239 1298 qni
262 1252 420 1288 intestati
444 1253 727 1298 possessionem*
752 1252 885 1288 habere
909 1252 1083 1298 potuerit,
1106 1253 1261 1288 morian-

177 1302 249 1341 tur,
273 1298 463 1334 heredibus
488 1308 610 1333 eorum
635 1297 915 1333 succurrendum
939 1298 1024 1333 erit:
1049 1297 1134 1343 quid
1158 1298 1261 1339 enim,

178 1343 208 1379 si
231 1353 304 1378 non
326 1346 523 1388 potuerunt
546 1342 644 1378 adire
667 1342 902 1378 hereditatem
925 1342 1004 1378 iure
1024 1346 1188 1379 cessante
1207 1343 1262 1379 vel

179 1389 224 1424 ob
248 1388 346 1424 litem
368 1388 406 1423 in
430 1387 540 1423 dubio
565 1387 775 1424 constituti?

227 1431 276 1470 13
309 1433 364 1468 ΡΑ
373 1442 468 1468 Ubus
503 1433 594 1468 libro
629 1433 818 1468 undecimo
853 1443 1109 1480 responsorum
1167 1433 1264 1470 Titia

203 1482 260 1514 ost
287 1482 438 1514 mortem
466 1479 586 1513 mariti
613 1478 670 1514 sui
719 1482 896 1514 ostumam
919 1478 1025 1514 enixa
1048 1483 1119 1515 est:
1149 1479 1263 1515 eidem

211 1524 294 1559 ‘tiae
324 1523 457 1559 crimen
487 1523 654 1559 adulterii
705 1523 908 1569 empronins
938 1523 1034 1569 apud
1062 1524 1262 1570 praesidem

177 1568 381 1614 provinciae
404 1568 553 1604 obiecit:
586 1578 737 1622 quaero,
767 1579 814 1604 an
836 1569 874 1604 in
896 1572 1038 1614 tempus
1061 1570 1263 1615 pubertatis

176 1613 340 1659 quaestio
375 1613 544 1650 adulterii
574 1613 709 1650 differri
739 1613 885 1657 debeat,
924 1624 970 1649 ne
1005 1614 1263 1660 praeiudicium

174 1664 363 1705 postumae
386 1658 462 1694 fiat.
508 1659 643 1695 Paulus
668 1659 870 1704 respondit,
901 1659 933 1695 si
957 1659 990 1695 ei
1012 1660 1188 1705 pupillae,
1219 1660 1263 1696 de

177 1714 249 1750 qua
280 1704 481 1749 quaeritur,
519 1705 694 1740 bonorum
730 1707 961 1750 paternorum
996 1705 1159 1750 quaestio
1190 1716 1263 1741 non

175 1754 379 1793 moveatur,
420 1750 498 1786 sine
539 1759 652 1785 causa
686 1753 825 1785 tutores
860 1749 1062 1787 desiderare
1096 1750 1263 1787 adulterii

175 1804 318 1876 ffi‘m?
354 1794 600 1841 quaestionem
634 1795 673 1830 in
703 1799 845 1840 tempus
873 1795 1076 1841 pubertatis
1103 1796 1263 1842 pupillae

239 1850 321 1876 erri.

224 1884 275 1923 14
299 1884 504 1922 Seuerou
535 1885 627 1922 libro
655 1885 812 1922 secundo
842 1896 1097 1933 responsorum
1144 1885 1261 1930 Quae-

175 1930 282 1974 ritur,
313 1940 361 1966 an
390 1931 555 1976 impubes
565 1933 590 1974 ⁶,
628 1930 690 1985 qui
718 1931 895 1967 bonorum
926 1931 1189 1977 possessionem
1217 1941 1262 1967 ex

176 1976 403 2012 Carboniano
426 1977 583 2022 accepit,
613 1987 661 2019 si,
691 1980 883 2022 antequam
906 1976 1085 2022 possessio
1109 1976 1155 2012 ad
1178 1986 1261 2012 eum

174 2022 350 2057 translata
372 2021 498 2065 fuerit,
529 2022 644 2067 pubes
675 2020 794 2057 factus
819 2021 882 2064 sit,
911 2021 1074 2067 petitoris
1097 2021 1262 2066 partibus

174 2066 274 2112 fungi
304 2066 444 2102 debeat.
499 2066 685 2112 respondit
712 2066 750 2102 in
779 2077 839 2109 eo,
877 2066 974 2111 quod
1003 2075 1026 2101 a
1053 2075 1262 2112 possessore

174 2115 282 2158 petet,
331 2112 554 2147 robationem
576 2112 610 2148 ei
632 2111 852 2147 incumbere.

223 2155 274 2195 15
341 2165 645 2192 enuoenmsnos
665 2157 756 2192 libro
782 2157 885 2192 tertio
910 2157 1002 2192 iuris
1022 2156 1261 2203 epitoniorum

174 2201 274 2238 Haec
304 2202 481 2238 bonorum
510 2201 709 2247 possessio,
747 2201 778 2237 si
812 2202 901 2238 satis
935 2201 1059 2237 datum
1089 2202 1153 2245 sit,
1188 2212 1262 2238 non

174 2251 314 2283 tantum
350 2247 397 2283 ad
430 2247 693 2292 possessionem
731 2246 977 2292 apiscendam,
1019 2245 1083 2283 sed
1118 2246 1165 2282 ad
1203 2257 1261 2283 res

174 2293 282 2328 etiam
310 2293 574 2338 persequendas
604 2296 640 2328 et
669 2291 827 2328 debitum
857 2291 1065 2337 exigendum
1091 2296 1127 2328 et
1150 2292 1259 2328 colla-

173 2338 307 2373 tionem
338 2338 512 2373 bonorum
539 2341 577 2373 et
606 2337 699 2373 dotis
731 2341 767 2373 et
795 2337 953 2372 omnium
982 2346 1074 2382 quae
1105 2337 1260 2373 conferri

174 2383 328 2419 diximus
350 2382 510 2428 prodest.
779 2390 782 2391 ’

224 2426 275 2465 16
299 2427 356 2463 ΡΑ
364 2437 459 2463 ozas
479 2428 570 2464 libro
589 2427 895 2475 quadragensimo
905 2428 1031 2482 primo
1045 2427 1095 2463 ad
1105 2427 1259 2464 edictum

174 2472 245 2508 Sed
269 2472 376 2509 sicuti
399 2472 444 2508 de
467 2472 570 2509 bonis
593 2473 753 2519 paternis
777 2475 1001 2518 emancipato
1027 2476 1183 2516 cavetur,
1207 2472 1260 2508 ita

174 2518 220 2553 de
242 2518 321 2554 istis
344 2528 437 2564 quae
459 2518 527 2564 ipsi
552 2517 692 2554 confert
715 2518 911 2554 cavendum
935 2521 1001 2554 est.

670 2655 762 2696 XI‘.

242 2723 304 2756 DE
341 2723 560 2756 BONORUM
589 2710 912 2801 ΡἸῼὲΞῙὸἷΒέἓΝΕΊ
941 2721 1191 2756 SECUNDUM

223 2832 241 2870 1
289 2832 485 2869 mmmm
517 2833 608 2869 libro
644 2833 852 2880 triqensim0
891 2843 988 2869 nono
1022 2832 1073 2868 ad
1104 2833 1258 2869 edictum

173 2877 334 2913 Tabulas
349 2878 554 2914 testamenti
571 2878 648 2914 acci
674 2888 734 2915 ere
751 2878 920 2914 debemus
937 2887 1076 2914 omnem
1089 2878 1259 2914 materiae

173 2922 340 2968 flguramz
370 2924 444 2959 sive
471 2923 580 2968 igitur
609 2927 649 2959 ta
675 2924 755 2959 ulae
779 2924 851 2960 sint
878 2923 1016 2969 ligneae
1039 2923 1112 2959 sive
1137 2923 1256 2959 cuius-

173 2968 1258 3050 &⁹3:1⁸lsse‘sssszff2‘51ssffiasiffiffissdammas

179 3065 189 3095 1
241 3059 414 3095 dicentur.
461 3057 543 3093 Non
572 3062 692 3094 autem
715 3068 838 3095 omnes
866 3040 1010 3094 tabulas
1033 3062 1178 3104 praetor
1200 3069 1256 3095 se-

176 3104 295 3150 quitur
323 3104 392 3139 hac
414 3107 518 3155 parte
542 3102 663 3147 edicti,
694 3103 757 3140 sed
780 3113 983 3149 supremas,
1011 3103 1081 3139 hoc
1104 3108 1159 3139 est
1182 3114 1256 3146 eas,

198 3159 264 3185 uae
295 3148 509 3185 novissimae
536 3147 588 3183 ita
618 3149 738 3184 factae
767 3153 869 3191 sunt,
903 3151 988 3194 post
1018 3158 1108 3194 quas
1137 3149 1257 3185 nullae

188 3199 292 3230 actae
315 3194 439 3230 sunt⁹z
464 3202 652 3238 supremae
674 3195 767 3228 enim
779 3194 848 3229 hae
871 3197 956 3229 sunt
976 3203 1051 3229 non
1074 3203 1165 3238 quae
1187 3194 1255 3230 sub

172 3240 251 3285 ipso
268 3238 394 3275 mortis
410 3241 570 3284 tempore
587 3237 705 3273 factae
724 3242 817 3282 sunt,
842 3238 906 3274 sed
927 3242 1012 3284 post
1057 3248 1124 3275 uas
1135 3238 1257 3275 nullae

175 3288 193 3319 2
241 3284 359 3319 factae
383 3287 479 3326 sunt,
501 3282 586 3318 lieet
607 3282 676 3318 hae
693 3287 828 3319 veteres
852 3283 934 3319 sint.
971 3282 1022 3319 Su
1064 3284 1114 3319 cit
1135 3287 1255 3320 autem

173 3333 296 3365 extare
325 3328 486 3371 tabulas,
516 3326 585 3364 etsi
613 3338 685 3363 non
707 3328 955 3373 proferantur,
986 3328 1018 3364 si
1049 3332 1185 3364 certum
1207 3329 1256 3366 sit

172 3445 213 3483 (ι)
238 3443 281 3487 qs.
294 3442 341 3475 D.
358 3443 410 3484 12,
423 3449 452 3484 2,
465 3450 493 3484 a,
506 3449 523 3477 ³
615 3442 659 3482 (2)
681 3441 731 3475 eie
743 3441 789 3478 B.
802 3442 990 3475 marcianus
1002 3442 1036 3475 F
1122 3448 1165 3482 (s)
1181 3443 1256 3486 suit

171 3489 300 3532 siefere
309 3500 320 3519 .·
340 3497 415 3520 eum
428 3486 551 3520 mulier
561 3486 729 3520 deferente
740 3485 861 3519 herede
873 3487 1035 3519 iuraverit
1046 3497 1080 3520 se
1091 3497 1255 3531 praegna-

172 3535 238 3566 tem
251 3541 329 3573 ene,
347 3532 510 3565 bonorum
522 3530 683 3575 possessio
694 3531 821 3564 ventris
833 3532 967 3564 nomine
985 3532 1057 3565 dari
1075 3532 1183 3573 debet,
1201 3531 1254 3566 vel

173 3577 341 3619 denegari,
358 3577 386 3609 si
405 3576 465 3609 illa
478 3577 590 3610 heredi
603 3574 726 3610 detulit
736 3575 985 3608 iusiurandum:
1010 3577 1124 3620 partui
1142 3581 1252 3611 tamen

173 3625 347 3663 propterea
372 3632 433 3654 nee
457 3621 592 3655 dabitur
614 3631 675 3655 neo
699 3620 919 3663 denegabitur
934 3631 974 3654 ex
1000 3621 1109 3655 edicto
1127 3621 1252 3655 Oai-bo-

175 3668 285 3707 niano,
297 3676 373 3699 eum
385 3676 485 3699 eausa
495 3667 631 3708 cognita
644 3666 752 3705 detur,
764 3665 923 3709 posonio
977 3668 986 3699 (
996 3669 1019 3703 ι)
1044 3668 1251 3709 possesessio·

173 3720 246 3748 nem
265 3712 296 3743 F
378 3713 422 3750 (a)
446 3720 488 3743 sn
501 3710 699 3754 imimpubes
712 3710 746 3743 Ρ

1258 93 1345 140 560
1506 30 1569 110 ἢ

1499 3 1505 33 x

1783 109 1844 140 mi
1874 88 2093 140 senonim
2120 107 2411 141 possessione

1335 228 1396 254 eas
1424 222 1577 255 exstare.
1620 219 1729 265 igitur
1756 219 1822 256 etsi
1851 219 1948 266 apud
1981 219 2096 255 furem
2126 219 2198 255 sint
2233 220 2287 256 vel
2316 221 2413 267 apud

1334 273 1427 305 eum,
1451 263 1548 309 apud
1570 274 1674 310 quem
1685 264 1868 309 depositae
1891 268 1986 307 snut,
2010 265 2166 300 dubitari
2177 275 2249 300 non
2271 270 2413 311 oportet

1334 307 1475 343 admitti
1497 319 1604 354 posse
1627 309 1801 345 bonorum
1818 310 2096 355 possessionem:
2121 320 2187 345 nec
2211 310 2302 345 enim
2321 321 2341 346 ο
2369 322 2411 346 us

1334 357 1389 388 est
1423 363 1446 388 a
1472 354 1562 389 erire
1595 363 1674 396 eas,
1716 358 1756 390 ut
1790 355 1963 391 bonorum
2005 355 2184 400 possessio
2219 365 2327 391 secun
2355 366 2411 391 um

1334 401 1353 432 3
1400 364 1545 434 tegulas
1568 402 1794 444 agnoscatur.
1840 400 1954 435 Semel
1974 403 2092 435 autem
2113 399 2290 435 exstitisse
2307 401 2413 435 tabu-

1331 442 1387 478 las
1409 448 1551 478 mortno
1574 447 1746 480 testatore
1769 443 2001 486 desideratur,
2026 444 2168 480 tametsi
2185 449 2328 480 exstare
2351 445 2413 480 de—

1331 487 1456 524 sierint
1467 489 1511 523 ¹⁰:
1547 497 1657 533 quare
1677 492 1715 524 et
1737 488 1768 524 si
1791 493 1919 542 postea
1941 488 2213 533 interciderunt,
2237 490 2411 526 bonorum

1331 535 1352 567 4
1399 532 1581 578 possessio
1597 533 1670 578 peti
1692 538 1836 579 potent.
1877 534 2067 570 Scientiam
2091 537 2209 570 tamen
2221 534 2412 579 exigemus,

1332 581 1373 612 ut
1396 577 1487 612 sciat
1516 578 1621 613 heres
1649 582 1772 614 extare
1801 578 1945 614 tabulas
1969 583 2159 623 certusque
2189 579 2237 614 sit
2259 579 2411 615 delatam

1332 625 1352 656 5
1400 622 1467 658 sibi
1500 623 1677 658 bonorum
1704 624 1977 669 possessionem.
2025 623 2063 659 Si
2094 623 2173 669 quis
2208 625 2243 658 in
2273 624 2412 660 duobus

1331 667 1593 713 exemplaribus
1632 667 1758 704 fecerit
1796 672 2046 704 testamentum
2081 673 2118 704 et
2156 668 2252 704 aliud
2286 674 2412 712 exstet,

1331 712 1429 747 aliud
1464 722 1537 748 non
1571 716 1705 755 exstet,
1738 713 1885 750 tabulae
1919 718 2041 749 extare
2073 714 2238 749 videntur
2295 715 2414 760 otique

1332 761 1352 791 6
1398 760 1520 810 potest
1550 757 1726 793 bonorum
1755 758 1946 803 possessio.
1992 758 2062 795 Sed
2094 763 2130 794 et
2152 759 2184 795 si
2212 759 2250 794 in
2298 760 2412 795 uobus

1332 801 1516 838 codicibus
1554 803 1658 838 simul
1697 803 1843 848 signatis
1877 803 1967 839 alios
2002 808 2110 848 atque
2142 804 2232 840 alios
2267 804 2413 841 heredes

1332 847 1515 892 scripserit
1543 851 1580 883 et
1607 851 1796 893 utrumque
1833 852 1948 891 extet,
1983 858 2026 883 ex
2056 852 2208 894 utroque
2237 850 2339 894 quasi
2369 860 2412 885 ex

1331 902 1404 928 uno
1429 893 1598 937 competit
1627 893 1801 928 bonorum
1830 893 2025 938 possessio,
2058 894 2142 938 quia
2164 905 2230 939 pro
2256 895 2334 930 unis
2358 899 2413 930 ta·

1332 937 1425 972 bulis
1459 938 1664 973 habendum
1697 941 1752 974 est
1788 942 1824 973 et
1858 948 2061 983 supremum
2096 944 2285 984 utrumque
2319 941 2412 975 acci-

1333 985 1349 1015 7
1398 982 1549 1027 piemus.
1585 982 1655 1018 Sed
1678 983 1709 1018 si
1726 994 1836 1019 unum
1859 983 1986 1018 fecerit
2009 987 2161 1019 testator
2182 985 2284 1029 quasi
2302 987 2414 1021 testa·

1331 1031 1504 1071 mentum,
1540 1027 1638 1063 aliud
1666 1028 1768 1073 quasi
1797 1028 2014 1073 exemplum,
2040 1029 2070 1063 si
2093 1028 2233 1074 quidem
2256 1029 2292 1064 id
2317 1035 2415 1065 extat

1331 1071 1426 1117 quod
1463 1072 1575 1108 voluit
1612 1082 1691 1108 esse
1721 1077 1989 1115 testamentum,
2026 1073 2199 1109 bonorum
2262 1076 2413 1111 ossessio

1330 1121 1488 1170 petetur²
1523 1118 1553 1153 si
1585 1127 1666 1154 vero
1697 1117 1734 1154 id
1758 1118 1854 1163 quod
1883 1118 2083 1163 exemplum
2113 1123 2206 1163 erat,
2267 1130 2413 1155 enorum

1331 1172 1511 1207 possessio
1541 1163 1615 1208 peti
1651 1173 1722 1198 non
1752 1163 1902 1208 poterit,
1938 1167 1979 1198 ut
2007 1163 2224 1209 Pomponius
2259 1166 2413 1210 scripsit.

1333 1214 1351 1242 e
1397 1207 1519 1253 Exigit
1547 1211 1709 1252 praetor,
1742 1212 1784 1243 ut
1812 1208 1860 1252 is,
1894 1208 1995 1244 cuius
2028 1209 2201 1245 bonorum
2234 1212 2414 1263 possessio

1332 1252 1457 1295 datur,
1490 1257 1642 1298 utroque
1670 1258 1830 1307 tempore
1858 1254 1915 1289 ius
1938 1254 2142 1289 testamenti
2172 1254 2326 1290 faciendi
2349 1256 2414 1291 ha-

1331 1298 1467 1342 buerit,
1506 1303 1543 1333 et
1571 1308 1652 1334 cum
1680 1297 1769 1334 facit
1798 1302 2050 1335 testamentum
2079 1304 2115 1334 et
2143 1309 2224 1335 cum
2253 1302 2413 1338 moritur.

1332 1342 1480 1387 proinde
1503 1343 1535 1379 si
1557 1343 1720 1388 impubes
1744 1344 1798 1379 vel
1820 1344 1977 1379 furiosus
2001 1344 2055 1379 vel
2073 1343 2152 1389 quis
2177 1346 2268 1380 alius
2291 1356 2336 1382 ex
2358 1347 2414 1382 his

1331 1389 1392 1468 qui
1427 1391 1679 1424 testamentum
1718 1388 1838 1424 facere
1873 1399 1945 1425 non
1978 1393 2130 1442 possunt
2163 1393 2413 1427 testamentum

1348 1433 1467 1477 ecerit,
1491 1433 1617 1470 deinde
1634 1434 1770 1470 habens
1783 1437 1989 1470 testamenti
2007 1434 2198 1470 factionem
2212 1435 2414 1481 decesserit,
2428 1438 2446 1457 ·

1357 1478 1405 1513 eti
1429 1479 1603 1515 bonorum
1627 1479 1807 1525 possessio
1837 1490 1911 1516 non
1933 1480 2075 1524 poterit.
2122 1480 2186 1516 sed
2210 1485 2246 1516 et
2267 1482 2297 1517 si
2321 1482 2415 1518 filius

1331 1489 1486 1559 {amilius
1517 1529 1649 1577 putans
1680 1534 1719 1560 se
1741 1529 1879 1570 patrem
1910 1524 2063 1560 familias
2087 1527 2338 1562 testamentum
2363 1527 2414 1563 fe-

1331 1568 1439 1613 cerit,
1473 1568 1602 1605 deinde
1625 1570 1748 1606 mortis
1771 1576 1932 1615 tempore
1954 1574 2058 1615 pater
2080 1569 2235 1607 familias
2258 1572 2414 1608 invenia-

1330 1619 1406 1657 tur,
1439 1625 1511 1649 non
1535 1618 1655 1660 potest
1683 1615 1857 1651 bonorum
1906 1615 2059 1651 ossessio
2090 1616 2285 1652 secundum
2308 1618 2413 1653 tabu-

1330 1659 1385 1694 las
1397 1660 1420 1680 ¹¹
1446 1659 1531 1704 peti.
1568 1660 1631 1695 sed
1646 1659 1676 1695 si
1689 1659 1784 1696 filius
1802 1660 1890 1695 fami
1905 1660 1956 1696 ‘as
1973 1664 2162 1696 veteranus
2181 1661 2224 1696 de
2242 1663 2415 1699 castrensi

1330 1704 1457 1748 faciat,
1490 1704 1618 1740 deinde
1648 1706 1894 1750 emancipatus
1925 1705 1981 1740 vel
2011 1706 2100 1741 alias
2132 1709 2237 1751 pater
2260 1707 2414 1744 familias

1330 1749 1450 1785 factus
1475 1749 1643 1794 decedat,
1675 1755 1796 1796 potest
1819 1751 1895 1786 eius
1927 1751 2102 1786 bonorum
2125 1752 2304 1796 possessio
2327 1754 2413 1798 peti,

1330 1795 1394 1831 sed
1407 1795 1435 1816 ¹²
1465 1795 1497 1831 si
1528 1795 1608 1840 quis
1630 1798 1780 1841 iitroque
1802 1799 1962 1841 tempore
1990 1796 2193 1831 testamenti
2222 1796 2414 1834 factionem

1330 1840 1509 1882 habuerit,
1533 1840 1649 1877 medio
1666 1845 1825 1887 tempore
1842 1851 1915 1877 non
1933 1840 2107 1885 habuerit,
2132 1841 2305 1878 bonorum
2328 1854 2414 1889 pos·

1331 1888 1350 1920 9
1404 1886 1515 1921 sessio
1551 1885 1746 1922 secundum
1780 1886 1924 1922 tabulas
1984 1886 2030 1921 eti
2064 1886 2207 1932 poterit.
2263 1887 2301 1923 Si
2335 1890 2413 1934 quis

1330 1933 1450 1966 autem
1483 1934 1736 1966 testamentum
1770 1930 1912 1974 fecerit,
1980 1931 2083 1967 einde
2116 1931 2273 1968 amiserit
2303 1937 2412 1970 testa·

1329 1975 1440 2011 menti
1469 1975 1661 2012 factionem
1692 1976 1747 2012 vel
1777 1977 1900 2013 furore
1923 1976 1978 2012 vel
2002 1976 2099 2022 quod
2121 1976 2154 2012 ei
2179 1977 2280 2014 bonis
2302 1978 2412 2015 inter-

1330 2020 1463 2056 dictum
1488 2024 1553 2062 est,
1577 2024 1697 2066 potest
1720 2022 1796 2057 eius
1819 2021 1892 2067 peti
1916 2021 2091 2058 bonorum
2113 2023 2305 2068 possessio,
2330 2024 2414 2070 qnia

1329 2065 1407 2101 iure
1437 2068 1689 2102 testamentum
1722 2066 1799 2102 eius
1829 2066 1942 2102 valet:
1979 2071 2015 2102 et
2042 2067 2112 2103 hoc
2134 2068 2348 2113 generaliter
2370 2070 2414 2105 de

1330 2110 1496 2146 omnibus
1518 2110 1723 2147 huiusmodi
1746 2111 1888 2154 dicitur,
1913 2111 1974 2157 qui
1999 2112 2164 2148 amittant
2177 2114 2299 2150 mortis
2323 2118 2413 2150 tem-

1329 2156 1458 2201 pore¹⁸
1480 2156 1682 2192 testamenti
1705 2157 1915 2197 factionem,
1939 2156 2003 2193 sed
2026 2161 2110 2193 ante
2131 2157 2267 2194 factum
2291 2169 2413 2196 eorum

1336 2205 1374 2236 10
1420 2205 1674 2237 testamentum
1697 2203 1802 2238 valet.
1839 2201 1878 2238 Si
1894 2202 2016 2246 linum,
2041 2213 2111 2255 quo
2133 2202 2265 2248 ligatae
2278 2205 2304 2226 ¹⁴
2328 2210 2413 2241 sunt

1329 2246 1494 2289 tabulae,
1524 2247 1674 2283 incisum
1698 2247 1763 2290 sit,
1793 2247 1823 2283 si
1847 2247 1989 2293 quidem
2018 2247 2110 2283 alius
2135 2252 2260 2284 contra
2282 2250 2411 2285 volun-

1329 2294 1440 2327 tatem
1474 2292 1657 2328 testatoris
1692 2292 1875 2335 inciderit,
1916 2293 2091 2329 bonorum
2124 2295 2303 2338 possessio
2338 2297 2410 2341 peti

1329 2340 1465 2382 potest:
1490 2337 1586 2382 quod
1610 2338 1640 2373 si
1663 2337 1740 2383 ipse
1762 2341 1916 2373 testator
1938 2338 1975 2373 id
1998 2338 2133 2381 fecerit,
2158 2349 2230 2374 non
2249 2340 2411 2376 videntur

1328 2382 2075 2464 ῗῑῗωὲῗῖοίἓέὲῗὲιῪῗὲἓῗηξοῗέξίῗᾎέ
2088 2383 2162 2464 ¹2⁸0?
2175 2389 2412 2467 ffifmpssissss

1327 2475 1473 2518 ruptum
1503 2472 1557 2508 vel
1588 2475 1765 2508 vetustate
1787 2472 2032 2519 putrefactum
2060 2473 2114 2509 vel
2139 2474 2209 2509 situ
2233 2475 2287 2510 vel
2311 2486 2409 2520 casu,

1328 2520 1364 2553 et
1387 2517 1439 2553 sic
1451 2516 1616 2553 videntur
1638 2517 1784 2553 tabulae
1807 2518 1983 2563 signatae,
2009 2518 2159 2554 maxime
2182 2519 2212 2554 si
2229 2530 2410 2566 proponas

1327 2562 1382 2598 vel
1411 2573 1520 2598 unum
1550 2562 1662 2598 linum
1692 2566 1825 2599 tenere.
1878 2563 1910 2599 si
1937 2567 1994 2599 ter
2015 2562 2109 2599 forte
2138 2564 2194 2600 vel
2217 2570 2346 2610 quater
2366 2567 2410 2602 li-

1328 2618 1413 2643 num
1435 2611 1532 2644 esset
1554 2607 1854 2652 circumductum,
1884 2608 2073 2645 dicendum
2095 2611 2151 2645 est
2173 2608 2330 2656 signatas
2353 2615 2410 2647 w

1327 2653 1431 2689 bulas
1455 2652 1575 2721 ‘'fug'‘
1597 2657 1738 2698 extare,
1774 2653 1933 2699 quamvis
1963 2653 2018 2690 vel
2042 2653 2156 2690 incisa
2178 2655 2233 2691 vel
2254 2665 2340 2692 rosa
2362 2657 2410 2693 sit

1352 2708 1409 2734 ars
1433 2708 1497 2734 uni
1539 2725 1548 2734 .

1325 2709 1349 2744 p
1373 2740 1398 2781 2
1429 2743 1538 2779 [vau
1567 2743 1658 2780 libro
1693 2744 1997 2798 quadraqenst'mo
2177 2745 2229 2781 ad
2254 2746 2408 2783 edictum

1327 2788 1590 2843 Aequissimum
1625 2789 1782 2843 ordinem
1817 2794 1961 2835 praetor
2002 2794 2154 2843 secutus·
2182 2794 2254 2827 est:
2297 2792 2409 2828 voluit

1325 2833 2409 2933 ffiffiaznssgrsstffltl’Pffffimrim0322&

1324 2924 1493 2960 iudicium
1517 2923 1677 2960 defuncti
1701 2925 1932 2970 sequendum.
1979 2926 2212 2971 exspectandi
2233 2927 2343 2972 igitur
2365 2929 2406 2964 li·

1325 2969 1402 3005 beri
1433 2974 1556 3013 erunt,
1614 2969 1760 3005 uamdiu
1792 2970 1967 3006 bonorum
1990 2971 2258 3050 Kossessionem
2286 2978 2408 3018 petere

1325 3018 1492 3060 possunt:
1523 3024 1593 3060 quo
1643 3015 1674 3050 si
1696 3019 1837 3060 tempus
1861 3014 1968 3051 fuerit
2017 3016 2129 3051 nitum
2152 3022 2215 3052 aut
2238 3022 2322 3054 ante
2346 3019 2406 3055 de-

1325 3059 1500 3095 cesserint
1521 3059 1576 3095 vel
1594 3059 1861 3113 repudiaverint
1881 3060 1938 3096 vel
1959 3060 2016 3096 ius
2038 3060 2214 3106 petendae
2231 3062 2405 3100 bonorum

1326 3104 1561 3150 possessionis
1584 3105 1779 3148 amiserint,
1802 3110 1890 3141 tunc
1910 3108 2108 3142 revertetur
2124 3105 2298 3143 bonorum
2321 3119 2405 3154 pos·

1330 3153 1340 3183 1
1392 3149 1505 3185 sessio
1534 3148 1580 3184 ad
1611 3150 1777 3195 scriptos.
1824 3150 1862 3186 Si
1892 3150 1960 3187 sub
1994 3150 2202 3187 condicione
2223 3152 2327 3189 heres
2350 3154 2404 3189 iii-

1325 3193 1471 3230 stitutus
1495 3193 1591 3230 filius
1614 3194 1680 3239 sit,
1710 3195 1872 3231 Iulianus
1902 3204 2080 3247 peraeque
2109 3197 2248 3247 putavit
2277 3208 2404 3234 secun-

1325 3238 1409 3274 dum
1440 3238 1583 3275 tabulas
1621 3245 1823 3293 competere
1856 3239 1889 3276 ei
1923 3249 2024 3286 quasi
2061 3245 2194 3287 scripto
2228 3242 2404 3279 bonorum

1323 3283 1594 3347 possessionem,
1619 3284 1851 3337 qnahsqualis
1871 3284 2031 3321 condicio
2055 3286 2113 3328 sit,
2138 3286 2244 3322 etiam
2266 3287 2298 3323 si
2314 3288 2403 3324 haec

1334 3328 1365 3365 si
1387 3328 1487 3365 navis
1511 3338 1555 3365 ex
1577 3329 1667 3365 Asia
1688 3330 1850 3367 venerit’z
1879 3334 1917 3366 et
1938 3330 2097 3376 quamvis
2127 3330 2297 3368 defecerit
2318 3343 2403 3369 eon-

1369 3443 1413 3482 (ο)
1439 3442 1519 3476 sab.
1534 3450 1619 3482 1...s;
1643 3443 1772 3482 Ed.1o;
1796 3442 1882 3489 Pap.
1895 3451 1934 3478 ii.
1947 3445 2146 3479 12.—Ban.
2161 3447 2216 3487 35,
2229 3453 2329 3481 1¹1.—
2349 3447 2402 3481 C.

1328 3487 1404 3521 Cod.
1419 3488 1452 3529 6,
1464 3494 1492 3522 ιι
1597 3489 1643 3531 (7)
1667 3489 1793 3523 sieind.
1810 3488 1847 3530 1:
1864 3489 2123 3531 possessionibus
2137 3490 2169 3524 F
2270 3493 2316 3533 (8)
2375 3493 2401 3517 ’-

1322 3532 1418 3566 onius
1430 3530 1585 3566 animalis
1597 3533 1661 3567 del.
1752 3535 1797 3574 (ο)
1821 3537 1896 3576 post
1907 3543 1990 3576 quas
2001 3533 2115 3569 nullae
2125 3535 2233 3570 {setae
2244 3539 2324 3570 sunt
2338 3538 2400 3572 del.

1323 3581 1382 3618 (ιο)
1406 3577 1634 3611 desiderintF
1730 3579 1784 3618 m)
1809 3577 1939 3612 tabulas
1951 3581 1988 3619 S,
2008 3579 2115 3613 m?
2208 3582 2267 3623 (12)
2293 3583 2326 3615 et
2339 3583 2399 3616 ins.

1321 3626 1379 3659 (18)
1394 3623 1467 3667 fiai!
1486 3624 1580 3665 fere.-
1616 3621 1676 3665 qni
1703 3622 1861 3655 amittant
1890 3623 2089 3667 [testamenti
2119 3625 2295 3659 factionem
2322 3636 2398 3660 essu

1319 3665 1449 3709 aliquo:
1478 3677 1547 3700 non
1565 3666 1700 3710 liabent]
1719 3668 1836 3700 mortis
1857 3671 2002 3712 tempore
2144 3674 2202 3711 (14)
2226 3671 2353 3713 legatae
2370 3673 2401 3707 F

1318 3712 1379 3755 (ιι)
1404 3711 1487 3755 eius}
1500 3711 1608 3746 nihilo
1618 3712 1720 3745 setius
1732 3724 1793 3745 m.
1891 3717 1952 3754 (ie)
1975 3713 2038 3748 lini
2051 3715 2126 3750 dete.

2513 3128 2527 3299 {J

2512 3296 2525 3379 ³
