2528 3918
195 123 334 166 XII6

240 243 293 281 35
318 243 424 278 IDEM
451 242 542 278 libro
574 241 878 288 quadraqcndmo
911 243 1036 287 quinto
1061 241 1280 287 digestorum

193 289 261 334 Qui
285 288 331 324 ob
355 298 429 323 rem
452 297 524 322 non
549 285 731 322 defensam
754 286 869 329 solvit,
893 286 1053 331 quamvis
1073 289 1201 330 postea
1221 284 1281 320 de·

124 335 127 338 ⁴
193 333 338 370 fendere
361 335 511 378 paratus
535 334 602 373 est,
626 341 698 367 non
721 335 860 378 repetet
883 330 978 377 quod
1002 330 1156 366 solverit.

239 376 292 415 36
317 377 477 413 ΡΛυιυε
497 376 589 412 libro
639 377 739 412 uinto
763 377 1000 422 epitomarum
1021 375 1150 420 Alfeni
1166 374 1207 410 di
1230 385 1282 409 es-

194 427 309 459 torum
357 422 488 457 Servus
513 421 614 457 cuius
639 431 697 456 am
727 420 900 456 insciente
933 420 1079 472 domino
1108 386 1282 464 magigem

193 466 446 503 commodavit:
477 466 508 501 is
540 466 598 501 cui
629 465 915 502 commodaverat
944 465 1081 510 pignori
1114 474 1193 500 eam
1216 474 1281 509 po-

193 513 264 548 suit
294 515 329 547 et
357 510 467 556 fugit:
500 511 561 556 qui
591 511 733 556 accepit
762 521 834 546 non
866 510 969 545 aliter
1000 519 1038 544 se
1061 509 1281 561 redditurum

192 557 323 598 aiebat,
348 566 456 602 quam
479 556 510 591 si
533 556 722 601 pecuniam
745 555 963 600 accepisset:
997 558 1138 599 accepit
1161 564 1183 589 a
1207 564 1280 589 ser-

191 602 273 637 vulo
298 605 334 636 et
356 600 510 636 reddidit
532 601 724 647 magidem:
773 600 950 635 uaesitum
975 602 1039 640 est,
1064 609 1110 634 an
1129 599 1282 644 pecunia

192 647 238 682 ab
263 656 305 682 eo
329 646 443 691 repeti
492 646 591 682 ossit.
626 612 833 690 responffiit,
864 644 895 679 si
918 644 948 678 is
972 643 1033 688 qui
1056 644 1196 689 pignori
1220 653 1280 678 ac-

192 691 346 736 cepisset
375 691 468 736 magi
495 701 548 726 em
580 690 732 726 alienam
763 690 831 725 scit
862 688 956 734 apud
989 698 1027 723 se
1058 688 1196 733 pignori
1220 688 1281 724 de-

192 736 296 782 poni,
320 735 409 771 furti
432 746 511 771 eum
536 746 575 771 se
599 736 773 780 obligasse
797 734 967 786 ideoque,
993 733 1023 768 si
1045 733 1236 778 pecuniam
1260 743 1282 768 a

192 780 331 816 servulo
356 781 554 827 accepisset
577 780 771 816 redimendi
803 778 891 813 furti
923 788 1053 820 causa,
1085 788 1192 823 posse
1224 788 1280 813 re-

190 826 282 871 petit
316 825 379 862 sed
402 825 433 861 si
456 826 631 862 nescisset
653 825 805 860 alienam
819 826 828 844 ¹
852 823 949 868 apud
972 833 1011 858 se
1035 822 1184 868 deponi,
1208 834 1281 859 non

191 880 270 906 esse
280 870 406 914 furem,
426 871 522 913 item,
543 870 573 906 si
585 870 737 915 pecunia
749 869 824 904 eius
845 869 998 910 nomine,
1019 878 1042 903 a
1061 879 1131 914 quo
1153 868 1280 914 pignus

191 920 399 961 acceperat,
424 926 447 951 a
470 926 571 951 servo
597 916 628 950 ei
652 915 770 950 soluta
794 917 904 956 esset,
939 923 1013 948 non
1036 923 1144 959 posse
1167 914 1212 948 ab
1238 923 1280 948 eo

191 971 230 996 re
257 961 316 996 eti.

266 1003 290 1043 7
314 1007 508 1042 IULIANUS
524 1005 614 1040 libro
635 1005 739 1039 tertio
752 1003 802 1039 ad
820 1002 980 1039 Urseium
991 1003 1163 1039 Ferocem
1198 1002 1279 1038 Ser-

189 1062 270 1086 vum
293 1061 411 1086 meum
434 1051 588 1086 insciens
613 1060 635 1084 a
656 1053 693 1084 te
717 1048 784 1083 emi
807 1047 1068 1094 pecuniamque
1085 1048 1152 1083 tibi
1171 1048 1277 1083 solvi:

191 1106 268 1131 eam
292 1106 349 1131 me
372 1106 395 1130 a
418 1099 454 1131 te
475 1095 710 1141 repetiturum
734 1097 771 1128 et
793 1102 836 1128 eo
859 1093 1003 1129 nomine
1019 1093 1280 1129 condictionem

191 1141 276 1176 mihi
300 1150 378 1176 esse
409 1139 610 1176 omnimodo
642 1142 750 1184 puto,
786 1138 860 1174 sive
891 1138 1020 1174 scisses
1051 1148 1170 1174 meum
1201 1148 1280 1174 esse

190 1186 263 1221 sive
285 1186 499 1230 ignorasses.

236 1227 289 1268 38
314 1231 539 1266 Armenes
568 1229 658 1264 libro
689 1238 786 1263 nono
809 1228 1059 1274 quaestionum
1104 1227 1234 1264 Frater
1257 1238 1279 1263 a

189 1276 319 1318 fratre,
351 1286 433 1310 cum
455 1275 492 1310 in
516 1273 673 1309 eiusdem
695 1275 875 1318 potestate
899 1273 1064 1316 essent2,
1088 1273 1277 1318 pecuniam

189 1324 372 1355 mutuatus
406 1323 490 1365 post
521 1322 671 1354 mortem
701 1318 814 1363 patris
848 1318 880 1352 ei
916 1318 1038 1353 solvit:
1077 1318 1278 1362 quaesitum

189 1370 254 1407 est,
280 1376 326 1400 an
350 1368 509 1410 repetere
531 1363 656 1409 possit.
691 1362 878 1407 respondit
899 1363 1023 1415 utique
1047 1363 1187 1408 quidem
1211 1374 1276 1408 pro

189 1421 232 1446 ea
255 1413 373 1455 parte,
406 1420 477 1454 qua
500 1409 576 1454 ipse
599 1407 694 1453 patri
725 1408 829 1443 heres
862 1408 1074 1450 exstitisset,
1107 1409 1277 1460 repetitu-

188 1466 277 1496 rum,
301 1465 365 1500 pro
391 1465 433 1490 ea
455 1464 550 1495 vero,
576 1463 647 1498 qua
668 1453 782 1488 frater
803 1453 906 1488 heres
931 1453 1123 1496 exstiterit,
1147 1457 1199 1488 ita
1221 1464 1277 1488 re-

188 1500 399 1545 petiturum,
433 1499 463 1534 si
493 1509 566 1534 non
597 1498 712 1533 minus
738 1508 782 1533 ex
831 1498 945 1533 eculio
970 1509 1035 1533 suo
1061 1498 1108 1533 ad
1129 1498 1278 1534 fratrem

214 1545 422 1580 ervenisset:
445 1543 643 1579 naturalem
663 1543 757 1578 enim
777 1553 797 1578 o
824 1543 1027 1588 ligationem
1047 1553 1140 1588 quae
1150 1543 1278 1579 fuisset

187 1556 256 1625 Boc
279 1590 356 1634 ipso
382 1589 559 1624 sublatam
581 1588 704 1630 videri,
729 1587 825 1633 quod
848 1588 980 1633 peculii
1002 1592 1142 1633 partem
1164 1588 1278 1623 frater

187 1635 234 1670 sit
257 1638 491 1676 consecutus,
523 1633 613 1669 adeo
637 1636 696 1675 ut,
729 1634 761 1668 si
782 1633 1025 1679 praelegatum
1048 1633 1121 1668 filio
1147 1633 1276 1669 eidem-

186 1690 256 1726 que
280 1678 433 1715 debitori
455 1679 492 1714 id
514 1678 653 1720 fuisset,
677 1677 843 1713 deductio
867 1678 974 1713 huius
995 1678 1106 1714 debiti
1125 1688 1148 1713 a
1165 1678 1278 1714 fratre

186 1736 230 1760 ex
254 1735 294 1760 eo
320 1724 431 1760 fieret.
468 1723 504 1759 id
529 1734 575 1759 ue
597 1723 750 1758 maxime
774 1733 996 1768 consequens
1021 1733 1101 1758 esse
1131 1723 1164 1759 ei
1196 1734 1276 1759 sen·

185 1770 337 1812 tentiae,
369 1780 476 1815 quam
525 1769 666 1804 ulianus
698 1768 887 1814 probaret,
927 1768 958 1803 si
989 1772 1159 1804 extraneo
1192 1769 1277 1814 quid

186 1815 367 1851 debuisset
390 1819 426 1849 et
449 1815 494 1849 ab
520 1824 560 1849 eo
581 1817 666 1859 post
684 1817 835 1848 mortem
853 1814 965 1866 patris
986 1817 1151 1849 exactum
1170 1818 1275 1856 esset,

185 1864 325 1895 tantum
348 1859 479 1895 iudicio
506 1870 587 1894 eum
609 1858 767 1894 familiae
791 1858 1024 1893 erc1scundae
1053 1859 1274 1904 reciperatu-

185 1916 264 1940 rum
287 1915 310 1939 a
334 1904 569 1940 coheredibus
592 1903 723 1945 fuisse,
755 1907 929 1948 quantum
961 1903 1007 1938 ab
1041 1903 1097 1938 his
1122 1904 1277 1939 creditor

185 1950 327 1985 actione
351 1949 394 1984 de
415 1949 555 2002 peculio
581 1959 689 1985 conse
714 1948 751 1983 ui
773 1948 960 1994 potuisset.
994 1948 1102 1993 igitur
1125 1952 1160 1984 et
1183 1949 1214 1984 si
1235 1959 1276 1984 re

184 1995 322 2039 integra
344 1994 501 2029 familiae
524 1995 691 2030 erciscun‘
715 2003 758 2029 ae
781 1996 920 2038 agatur,
943 1993 994 2028 ita
1017 1994 1199 2046 peculium
1222 1993 1275 2028 di-

185 2039 257 2075 vidi
281 2050 433 2085 aequum
458 2049 554 2081 esse,
585 2042 627 2075 ut
657 2038 704 2074 ad
735 2038 969 2084 quantitatem
1001 2049 1076 2074 eius
1100 2038 1275 2074 indemnis

185 2095 208 2120 a
240 2084 413 2120 coherede
442 2088 664 2130 praestetur:
695 2094 803 2129 porro
837 2093 936 2126 eum,
968 2094 1073 2136 quem
1105 2084 1275 2119 adversus

185 2134 393 2166 extraneum
418 2129 558 2164 defendi
583 2132 742 2174 oportet,
766 2128 871 2173 longe
892 2139 1004 2173 magis
1027 2129 1065 2163 in
1089 2139 1151 2171 eo,
1177 2128 1274 2174 quod

187 2178 202 2209 1
252 2174 356 2209 fratri
369 2174 562 2216 debuisset,
573 2174 771 2209 indemnem
780 2183 858 2209 esse
866 2174 1132 2218 praestandum.
1158 2174 1274 2218 Quae-

185 2220 291 2256 situm
316 2223 391 2262 est,
416 2219 447 2254 si
469 2223 572 2264 pater
595 2219 668 2254 filio
694 2218 883 2254 crediderit
905 2218 1007 2264 isque
1030 2219 1274 2264 emancipatus

185 2265 310 2307 solvat,
335 2274 383 2299 an
405 2268 566 2309 repetere
589 2264 714 2309 possit.
749 2263 953 2309 respondit,
978 2263 1009 2299 si
1031 2263 1120 2299 nihil
1144 2274 1189 2299 ex
1211 2274 1274 2309 pe-

185 2309 279 2345 culio
299 2309 396 2354 apud
414 2313 554 2354 patrem
571 2308 791 2351 remanserit,
815 2319 889 2343 non
911 2308 1166 2354 repetiturum:
1191 2319 1274 2344 nam

184 2364 327 2390 manere
350 2354 550 2389 naturalem
566 2354 819 2399 obligationem
836 2358 1044 2398 argumento
1065 2364 1152 2396 esse,
1178 2353 1275 2398 quod

185 2404 354 2434 extraneo
386 2403 511 2444 agente
541 2399 637 2434 intra
668 2409 801 2434 annum
832 2398 877 2433 de
910 2399 1049 2444 peculio
1082 2398 1275 2434 deduceret

185 2447 204 2479 2
251 2449 364 2489 pater,
390 2444 485 2489 quod
508 2444 576 2479 sibi
598 2443 693 2479 filius
718 2443 910 2480 debuisset.
959 2443 1094 2479 Contra
1117 2444 1147 2479 si
1169 2448 1275 2489 pater

185 2489 280 2534 quod
303 2489 375 2524 filio
400 2489 582 2524 debuisset
604 2489 717 2525 eidem
748 2489 972 2534 emancipato
1005 2489 1169 2531 solverit,
1201 2499 1274 2524 non

186 2538 339 2578 repetet:
371 2544 454 2569 nam
486 2534 544 2570 hic
568 2544 710 2579 quoque
740 2543 885 2569 manere
916 2534 1116 2569 naturalem
1139 2534 1274 2579 obliga-

184 2579 315 2614 tionem
340 2579 462 2614 eodem
486 2583 693 2624 argumento
742 2579 911 2621 robatur,
944 2578 1058 2623 quod,
1092 2579 1122 2614 si
1155 2583 1273 2614 extra·

185 2634 272 2658 neus
295 2624 389 2658 intra
412 2634 544 2659 aunum
569 2624 613 2659 de
636 2590 777 2669 pecifiio
802 2628 896 2669 agat,
922 2624 1029 2658 etiam
1053 2624 1148 2669 quod
1171 2628 1276 2676 pater

184 2668 217 2703 ei
240 2668 421 2704 debuisset
445 2672 682 2714 computetur.
720 2668 912 2714 eademque
945 2672 1052 2703 erunt
1084 2673 1120 2704 et
1151 2679 1182 2704 si
1213 2679 1274 2704 ex-

185 2716 331 2747 traneus
362 2713 463 2748 heres
496 2713 710 2749 exheredato
743 2713 816 2749 filio
848 2713 992 2749 solverit
1021 2713 1078 2756 id,
1114 2713 1210 2759 quod
1243 2714 1275 2748 ei

186 2760 205 2792 3
253 2762 355 2802 pater
379 2758 569 2794 debuisset.
615 2758 742 2803 Legati
765 2758 854 2794 satis
878 2758 1002 2803 accepi
1025 2762 1062 2794 et
1085 2769 1166 2793 cum
1185 2758 1274 2794 fide-

185 2801 301 2837 iussor
325 2802 408 2837 mihi
432 2803 611 2846 solvisset,
636 2804 804 2848 apparuit
825 2802 1022 2838 indebitum
1045 2803 1156 2839 fuisse
1179 2804 1274 2849 lega-

186 2851 281 2881 tum:
333 2858 413 2882 osse
438 2858 517 2883 eum
541 2859 559 2882 r
606 2852 701 2884 etere
725 2848 949 2883 existimavit.

232 2889 285 2928 39
351 2902 546 2927 ΑιῐοΙΑΝυε
579 2894 656 2928 ibro
681 2899 807 2929 octavo
831 2894 1093 2928 institutionum
1128 2892 1167 2928 Si
1183 2893 1274 2939 quis,

186 2946 267 2971 cum
291 2947 313 2971 a
335 2936 657 2973 fideicommissario
683 2938 751 2973 sibi
774 2949 900 2973 cavere
923 2942 1083 2983 poterat,
1116 2949 1188 2973 non
1213 2948 1273 2973 ca-

186 2982 293 3023 verit,
326 2981 427 3026 quasi
458 2982 653 3017 indebitum
683 2983 763 3028 plus
788 2983 908 3018 debito
933 2993 1013 3018 eum
1037 2983 1194 3019 solutum
1217 2994 1273 3018 re-

186 3030 307 3071 petere
331 3036 435 3070 posse
459 3026 529 3061 divi
549 3026 698 3063 Severus
720 3032 754 3063 et
774 3028 978 3064 Antoninus
1000 3028 1273 3073 rescripserunt.

232 3069 286 3108 40
312 3072 418 3106 los-u
437 3070 527 3106 libro
552 3073 656 3107 tertio
680 3073 891 3119 reqularum
937 3073 1006 3118 Qui
1029 3073 1275 3118 exceptionem

185 3119 394 3161 perpetuam
416 3115 536 3158 habet,
562 3117 718 3152 solutum
740 3128 805 3162 per
828 3128 985 3153 errorem
1008 3121 1170 3163 repetere
1209 3128 1275 3171 po-

186 3164 268 3197 test:
284 3160 347 3196 sed
369 3160 439 3195 hoc
462 3171 534 3195 non
559 3165 613 3195 est
635 3167 857 3206 perpetuum.
891 3173 975 3198 nam
995 3163 1025 3198 si
1045 3162 1186 3208 quidem
1199 3173 1274 3198 eius

185 3215 298 3241 causa
321 3204 482 3250 exceptio
506 3205 613 3239 datur
637 3217 716 3241 cum
740 3218 809 3252 quo
834 3208 970 3252 agitur,
994 3208 1150 3243 solutum
1172 3218 1273 3253 repe-

185 3255 260 3286 tere
292 3253 433 3295 potest,
464 3254 506 3285 ut
529 3250 660 3285 accidit
682 3252 717 3285 in
742 3257 887 3288 senatus
912 3253 1073 3288 consulto
1099 3253 1142 3288 de
1164 3253 1274 3288 inter-

186 3294 426 3330 cessionibus:
451 3294 513 3330 ubi
536 3305 618 3330 vero
631 3296 646 3316 ³
668 3295 705 3330 in
729 3296 849 3332 odium
869 3297 945 3333 eius
966 3298 1025 3333 cui
1045 3297 1195 3333 debetur
1215 3308 1275 3332 ex-

186 3340 303 3385 ceptio
327 3339 449 3391 datur,
468 3349 657 3392 perperam
680 3341 835 3376 solutum
859 3353 930 3378 non
954 3343 1144 3387 repetitur,
1169 3342 1276 3378 veluti

187 3385 216 3420 si
241 3384 335 3420 iilius
365 3383 518 3419 familias
551 3389 678 3420 contra
700 3385 999 3423 Macedonianum
1031 3391 1190 3423 mutuam
1214 3398 1275 3433 pe-

189 3429 332 3465 cuniam
370 3429 551 3482 acceperit
587 3433 624 3463 et
653 3434 757 3474 pater
789 3431 941 3467 familias
971 3432 1090 3468 factus
1123 3433 1277 3475 solverit,

192 3478 205 3509 1
257 3485 330 3510 non
352 3477 493 3526 repetit.
541 3473 579 3509 Si
611 3484 695 3519 pars
727 3475 871 3518 domm,
904 3487 995 3522 quae
1024 3477 1061 3512 in
1092 3477 1183 3512 diem
1241 3487 1279 3512 er

189 3518 498 3554 fideicommissum
523 3518 648 3554 relicta
672 3523 744 3562 est,
778 3521 906 3555 arserit
938 3526 1021 3557 ante
1052 3522 1145 3557 diem
1176 3522 1202 3557 fi
1229 3522 1277 3557 ei-

189 3563 367 3600 commissi
398 3563 581 3599 cedentem
611 3568 648 3599 et
678 3575 755 3600 eam
789 3565 891 3600 heres
915 3576 981 3601 sua
1004 3567 1164 3612 impensa
1187 3566 1277 3602 refe·

192 3609 298 3651 cerit,
330 3608 574 3644 deducendam
607 3619 685 3644 csse
714 3609 907 3655 impensam
940 3622 981 3645 ex
1007 3612 1278 3648 fideicommisso

192 3721 228 3758 (ι)
248 3721 395 3754 alienum
405 3722 448 3755 F¹
541 3724 586 3762 (2)
612 3732 716 3755 essem
727 3722 779 3754 Γ*
871 3725 913 3758 (a)
939 3733 995 3755 ver
1006 3724 1039 3755 F'

1274 106 1363 164 172Ι

1126 3726 1168 3764 (4)
1194 3728 1228 3757 et
1238 3726 1298 3758 ins.
1309 3726 1383 3758 dett.

1352 242 1497 293 constat
1511 243 1557 283 et,
1579 240 1610 277 si
1629 241 1708 277 sine
1721 241 1934 278 deductione
1953 243 2095 279 domum
2113 243 2311 289 tradiderit,
2330 257 2440 299 posse

1351 287 1372 320 2
1418 285 1546 321 incerti
1569 286 1719 330 condici‚
1744 287 1847 333 quasi
1868 288 1950 333 plus
1974 287 2093 324 debito
2118 288 2265 325 dederit.
2302 291 2340 326 Sl
2350 303 2437 337 pac-

1350 332 1410 365 tus
1440 329 1550 365 fuerit
1583 334 1757 376 patronus
1788 343 1870 368 cum
1900 333 2047 376 liberto,
2078 343 2124 369 ne
2155 344 2287 379 operae
2317 336 2363 371 ab
2396 347 2438 373 eo

1350 377 1551 455 pmssm't
1571 375 1744 455 ᾳὲιίᾱᾳιιὶᾱ
1775 381 1903 424 postea
1933 377 2088 414 solutum
2116 377 2228 414 fuerit
2251 389 2275 415 a
2296 380 2437 424 liberto,

1350 429 1389 454 re
1415 429 1435 454 e
1512 430 1533 455 o
1552 430 1590 456 es
1608 447 1616 456 .

1378 429 1447 516 ,1311
1510 474 1683 518 gaarma
1698 465 1789 503 libro
1808 470 1914 503 sexto
1933 467 2221 504 membranarum
2257 469 2360 513 Quod
2371 481 2438 516 pt·-

1350 509 1476 562 pillus·
1490 519 1567 545 sine
1595 511 1726 546 tutoris
1757 512 1973 548 auctoritate
2004 512 2192 558 stipulanti
2213 515 2438 559 promiserit⁴

1351 554 1505 597 solvent,
1530 555 1694 600 repetitio
1719 560 1784 599 est,
1810 557 1893 602 quia
1915 567 1982 592 nec
2006 562 2137 593 natura
2160 558 2276 594 debet.

1396 596 1451 635 42
1482 599 1678 636 Uzmnvs
1697 600 1789 636 libro
1819 603 2075 648 seaeaqensimo
2107 606 2233 639 octavo
2265 604 2315 640 ad
2344 604 2439 642 edic-

1351 646 1425 678 tum
1469 644 1613 680 Poenae
1635 655 1709 681 non
1731 646 1848 682 solent
1870 647 2002 691 repeti,
2036 657 2117 682 cum
2142 647 2319 693 depensae
2342 654 2437 685 sunt.

1396 685 1448 725 43
1474 688 1635 725 PAULUS
1654 690 1745 726 libro
1771 691 1876 726 tertio
1899 691 1949 726 ad
1971 691 2156 727 Plautium
2202 692 2240 728 Si
2272 694 2351 739 quis
2383 695 2437 729 iu-

1349 736 1467 768 rasset
1501 744 1540 770 se
1572 734 1658 770 dare
1687 746 1760 771 non
1791 746 1812 771 ο
1840 739 1975 779 ortere,
2007 736 2052 771 ab
2085 737 2181 772 omni
2213 739 2439 775 contentione

1350 778 1553 814 discedetur
1576 783 1684 825 atque
1707 780 1759 815 ita
1783 791 1822 816 so
1838 784 1936 815 utam
1967 781 2155 826 pecuniam
2186 784 2300 828 repeti
2330 794 2437 829 posse

1350 822 1540 859 dicendum
1565 828 1630 860 est.

1367 912 1374 920 .
1395 866 1450 905 44
1474 868 1583 904 IDEM
1599 869 1691 906 libro
1714 874 1846 915 quarto
1870 869 2007 906 decimo
2030 870 2081 907 ad
2102 871 2286 907 Plautium
2321 872 2438 919 Repe-

1349 913 1428 965 titio
1452 914 1552 949 nulla
1575 918 1630 950 est
1653 914 1699 949 ab
1732 925 1773 950 eo
1805 915 1867 960 qui
1897 925 2002 950 suum
2031 917 2185 961 recepit,
2217 919 2360 954 tametsi
2392 919 2437 953 ab

1349 958 1419 993 alio
1444 968 1552 1004 quam
1575 969 1658 995 vero
1683 959 1843 995 debitore
1867 959 2023 995 solutum
2047 964 2112 996 est.

1395 1001 1448 1055 515
1481 1003 1527 1039 Ia
1536 1013 1707 1040 VOLENUS
1742 1004 1834 1040 libro
1866 1006 2022 1040 secundo
2053 1017 2104 1042 ex
2134 1006 2281 1042 Plautio
2328 1007 2366 1043 Si
2395 1009 2437 1050 is,

1349 1059 1409 1092 qui
1431 1048 1662 1085 hereditatem
1685 1049 1843 1084 vendidit
1866 1056 1902 1085 et
1920 1050 2071 1095 emptori
2089 1050 2247 1094 tradidit,
2271 1051 2319 1094 id,
2343 1053 2438 1097 quod

1348 1092 1416 1127 sibi
1439 1097 1601 1129 mortuus
1626 1094 1810 1136 debuerat,
1835 1104 1908 1130 non
1930 1095 2087 1135 retinuit,
2111 1100 2273 1141 repetere
2295 1098 2438 1142 poterit,

1348 1138 1431 1190 quia
1459 1139 1541 1184 plus
1565 1139 1684 1175 debito
1709 1139 1866 1175 solutum
1889 1149 1954 1185 per
1977 1140 2236 1176 condictionem
2258 1147 2357 1177 recte
2382 1153 2438 1178 re-

1348 1186 1582 1280 mpffiuhw
1599 1228 1690 1264 libro
1770 1273 1778 1281 ,
2137 1229 2206 1275 Qui
2217 1231 2359 1267 heredis
2370 1243 2436 1268 no·

1347 1283 1440 1308 mine
1463 1273 1580 1319 legata
1602 1284 1675 1308 non
1724 1274 1819 1309 eblta
1839 1283 1883 1308 ex
1902 1275 2053 1310 nummis
2072 1275 2184 1320 ipsius
2203 1276 2344 1312 heredis
2366 1278 2438 1314 sol-

1347 1318 1415 1360 vit,
1446 1318 1524 1363 ipse
1548 1318 1689 1364 quidem
1712 1321 1875 1364 repetere
1905 1329 1979 1354 non
2037 1323 2149 1356 otest:
2183 1321 2247 1357 sed
2277 1322 2308 1357 si
2336 1322 2437 1367 igno·

1347 1367 1450 1399 rante
1480 1364 1611 1399 herede
1641 1374 1802 1399 nummos
1836 1364 1911 1399 eius
1941 1367 1999 1399 tra
2026 1365 2107 1407 'dit,
2138 1365 2320 1410 dominus,
2353 1367 2404 1402 ait
2413 1369 2437 1410 ⁵,

1347 1418 1410 1488 fios
1441 1417 1540 1444 recte
1570 1408 1776 1444 vindicabit.
1821 1408 1945 1444 eadem
1977 1420 2088 1445 causa
2117 1421 2236 1446 rerum
2269 1422 2437 1458 corpora-

1362 1453 1433 1488 'um
1457 1457 1522 1489 est.

1393 1496 1447 1535 47
1475 1498 1622 1535 Cusus
1641 1499 1733 1534 libro
1755 1501 1861 1534 sexto
1885 1500 2106 1546 diqestorum
2152 1500 2352 1536 Indebitam
2401 1512 2436 1537 e·

1347 1544 1489 1579 cuniam
1511 1554 1577 1590 per
1600 1553 1755 1579 errorem
1778 1545 1990 1589 promisisti:
2016 1555 2094 1580 eam
2117 1545 2179 1597 qui
2200 1556 2266 1591 pro
2289 1549 2326 1582 te
2349 1546 2374 1581 fi
2400 1557 2437 1582 e-

1345 1589 1500 1624 iusserat
1523 1589 1637 1624 solvit.
1681 1598 1745 1634 ego
1770 1588 1953 1632 existimo,
1985 1590 2016 1624 si
2038 1600 2180 1626 nomine
2204 1594 2267 1626 tuo
2293 1591 2438 1627 solverit

1346 1633 1553 1677 fideiussor,
1586 1638 1622 1669 te
1644 1633 1863 1676 fideiussori,
1888 1634 2133 1679 stipulatorem
2155 1635 2220 1670 tibi
2243 1635 2435 1681 obligatum

1345 1678 1443 1714 fore:
1468 1689 1536 1714 nec
1561 1678 1840 1724 exspectandum
1864 1683 1937 1721 est,
1963 1683 2004 1714 ut
2025 1683 2143 1715 ratum
2165 1679 2321 1724 habeas,
2347 1692 2435 1727 quo·

1345 1723 1440 1758 niam
1463 1728 1565 1769 potes
1588 1723 1699 1759 videri
1720 1723 1758 1758 id
1779 1723 1897 1769 ipsum
1920 1723 2121 1767 mandasse,
2145 1728 2187 1760 ut
2208 1729 2271 1761 tuo
2292 1726 2435 1762 nomine

1346 1769 1560 1804 solveretur:
1595 1769 1651 1804 sin
1682 1772 1803 1804 autem
1826 1767 2016 1805 fideiussor
2038 1780 2103 1805 suo
2127 1769 2269 1805 nomine
2293 1771 2438 1806 solverit

1346 1813 1442 1858 quod
1452 1824 1524 1849 non
1545 1814 1709 1856 debebat,
1729 1814 1847 1866 ipsum
1867 1824 1890 1849 a
1909 1814 2119 1859 stipulatore
2138 1819 2297 1860 repetere
2316 1827 2435 1861 posse,

1345 1859 1513 1903 quoniam
1524 1859 1720 1894 indebitam
1737 1869 1814 1894 iure
1834 1859 1991 1904 gentium
2012 1859 2199 1904 pecuniam
2219 1860 2340 1895 solvit:
2365 1872 2436 1906 quo

1345 1903 1461 1939 minus
1485 1909 1605 1939 autem
1629 1904 1801 1949 consequi
1821 1904 1955 1948 poterit
1977 1904 2023 1939 ab
2048 1914 2090 1940 eo
2116 1905 2174 1939 cui
2197 1905 2319 1948 solvit,
2354 1916 2377 1941 a
2401 1911 2436 1941 te

1344 1949 1506 1984 mandati
1528 1948 1660 1984 iudicio
1686 1953 1972 1990 consecuturum,
1997 1949 2028 1984 si
2050 1949 2155 1985 modo
2179 1959 2245 2002 per
2266 1950 2435 1996 ignoran-

1344 1994 1431 2028 tiam
1455 1997 1635 2039 petentem
1660 1993 1869 2039 exceptione
1892 2004 1966 2029 non
1989 1999 2228 2030 summoverit.

1390 2035 1444 2076 48
1469 2038 1578 2074 lom
1596 2039 1687 2074 libro
1710 2043 1817 2074 sexto
1841 2038 2062 2085 diqestorum
2108 2039 2175 2083 Qui
2199 2040 2381 2084 promisit,
2406 2041 2436 2076 si

1344 2083 1479 2128 aliquid
1510 2094 1532 2119 a
1564 2094 1603 2119 se
1633 2083 1770 2119 factum
1802 2083 1849 2119 sit
1879 2084 1935 2119 vel
1958 2095 2040 2119 cum
2063 2084 2196 2130 aliquid
2218 2084 2354 2120 factum
2378 2086 2435 2128 sit,

1344 2129 1430 2164 dare
1453 2138 1493 2164 se
1515 2128 1650 2171 decem,
1674 2128 1716 2171 si,
1739 2128 1840 2174 prius
1864 2138 1948 2164 uam
1970 2129 2007 2164 id
2029 2129 2167 2164 factum
2188 2128 2315 2170 fuerit,
2339 2131 2435 2175 quod

1343 2173 1509 2218 promisit
1531 2173 1680 2216 dederit,
1705 2183 1779 2208 non
1801 2173 1835 2208 vi
1861 2174 1978 2209 ebitur
1999 2174 2130 2210 fecisse
2153 2174 2250 2220 quod
2271 2176 2435 2221 promisit

1343 2223 1451 2263 atque
1472 2218 1553 2254 ideo
1578 2222 1742 2264 repetere
1792 2222 1898 2254 otest.

1391 2261 1446 2301 49
1469 2263 1726 2299 Moonsmws
1765 2263 1843 2298 ebro
1876 2264 1981 2299 tertio
2004 2264 2214 2310 requtarum
2259 2264 2325 2300 His
2349 2265 2433 2301 solis

1342 2309 1497 2353 pecunia
1521 2308 1741 2351 condicitur,
1773 2308 1903 2353 quibus
1926 2318 2070 2354 quoquo
2093 2308 2199 2345 modo
2223 2309 2342 2345 soluta
2365 2315 2432 2352 est,

1343 2364 1415 2388 non
1439 2354 1570 2399 quibus
1593 2352 1748 2399 proficit.

1389 2396 1442 2436 50
1466 2398 1698 2434 Pomomvs
1724 2397 1816 2434 libro
1849 2398 1976 2444 quinto
2007 2397 2058 2433 ad
2079 2397 2250 2441 Quintum
2272 2398 2433 2435 Mucium

1343 2443 1446 2488 Quod
1458 2443 1537 2489 quis
1549 2444 1665 2479 sciens
1676 2442 1873 2478 indebitum
1893 2442 1990 2478 dedit
2012 2443 2082 2478 hac
2101 2447 2229 2486 mente,
2249 2448 2291 2479 ut
2308 2450 2435 2490 postea

1342 2499 1381 2524 re
1408 2492 1531 2531 eteret,
1555 2491 1719 2534 repetere
1740 2498 1815 2523 non
1836 2491 1967 2533 potest.

1421 2533 1439 2571 1
1474 2533 1585 2569 low
1614 2533 1706 2569 libro
1739 2536 1846 2569 sexto
1882 2532 1932 2568 ad
1961 2531 2131 2575 Qm'mmn
2166 2532 2330 2569 Muot‘um
2375 2533 2434 2569 Ex

1343 2579 1471 2624 quibus
1496 2579 1615 2614 causis
1637 2578 1873 2613 retentionem
1896 2577 2035 2623 quidem
2066 2578 2258 2621 habemus,
2289 2579 2432 2624 petitio-

1342 2634 1423 2659 nem
1447 2627 1567 2659 autem
1589 2634 1662 2659 non
1684 2622 1877 2664 habemus,
1903 2633 1946 2658 ea
1969 2623 2000 2658 si
2024 2622 2248 2666 solverimus,
2270 2628 2434 2669 repetere

1343 2679 1415 2704 non
1439 2679 1644 2714 possumus.

1389 2711 1443 2751 52
1467 2713 1574 2749 IDEM
1593 2713 1685 2749 libro
1707 2713 1899 2748 vicensimo
1922 2713 2074 2759 septimo
2097 2712 2148 2748 acl
2165 2711 2335 2755 Quintum
2351 2712 2433 2748 Mu·

1343 2759 1437 2795 cium
1484 2758 1622 2794 Damus
1645 2762 1710 2793 aut
1733 2758 1780 2793 ob
1805 2768 1951 2793 causam
1974 2761 2039 2792 aut
2061 2757 2108 2793 ob
2139 2767 2232 2792 rem:
2266 2757 2312 2793 ob
2345 2767 2431 2793 cau-

1343 2814 1420 2839 sam
1443 2804 1685 2848 praeteritam,
1711 2803 1819 2838 veluti
1844 2813 1924 2838 cum
1947 2802 2027 2837 ideo
2052 2801 2110 2845 do,
2134 2802 2230 2847 quod
2253 2802 2386 2848 aliquid
2409 2812 2432 2837 a

1342 2853 1379 2884 te
1402 2853 1614 2884 consecutus
1638 2859 1718 2883 sum
1740 2847 1797 2883 vel
1819 2847 1903 2893 quia
1926 2847 2061 2892 aliquid
2084 2857 2107 2882 a
2129 2851 2167 2883 te
2197 2847 2334 2883 factum
2365 2851 2431 2889 est,

1343 2898 1403 2936 ut,
1435 2894 1574 2929 etiamsi
1597 2893 1691 2928 falsa
1714 2902 1826 2928 causa
1857 2892 1921 2935 sit,
1953 2892 2118 2938 repetitio
2150 2892 2226 2927 eius
2257 2892 2432 2937 pecuniae

1342 2949 1415 2974 non
1439 2939 1502 2973 sit:
1528 2939 1574 2974 ob
1598 2948 1672 2973 rem
1695 2947 1779 2973 vero
1800 2937 1917 2979 datur,
1942 2941 1983 2972 ut
2002 2937 2135 2982 aliquid
2155 2940 2335 2982 sequatur,
2359 2948 2431 2983 quo

1344 2994 1414 3018 uon
1438 2993 1477 3019 se
1502 2987 1608 3019 uente
1630 2982 1795 3027 repetitio
1820 2982 2001 3027 competit.

1389 3026 1441 3066 53
1467 2993 1676 3064 flaoovws
1695 3027 1787 3063 libro
1809 3028 1961 3079 septimo
1985 3027 2221 3079 epistularum
2256 3026 2431 3062 Dominus

1342 3076 1555 3109 testamento
1579 3082 1680 3108 servo
1705 3082 1770 3107 suo
1793 3071 1994 3107 libertatem
2017 3071 2124 3114 dedit,
2149 3071 2179 3107 si
2202 3071 2324 3107 decem
2348 3072 2429 3107 det:

1343 3115 2328 3207 {⁶31⁰ifflss'ssmui‘ssniffiffgfflmoeffieffssffigim
2340 3121 2431 3196 1⁸³5?

1345 3208 1446 3244 culus
1479 3173 1684 3253 respondit:
1716 3206 1747 3242 si
1777 3187 1854 3252 ipse
1884 3215 2005 3242 servus
2036 3205 2236 3251 peculiares
2266 3217 2430 3242 nummos

1345 3253 1451 3296 dedit,
1476 3263 1558 3288 cum
1582 3252 1614 3287 ei
1637 3262 1659 3287 a
1681 3250 1822 3286 domino
1846 3250 1883 3286 id
1906 3251 2116 3296 permissum
2133 3261 2206 3286 non
2226 3256 2330 3291 esset,
2354 3261 2429 3286 ma·

1345 3301 1432 3333 nent
1461 3297 1594 3333 nummi
1625 3296 1758 3332 domini
1791 3306 1922 3341 eosque
1952 3306 2025 3332 non
2059 3306 2124 3349 per
2158 3295 2429 3338 condictionem,

1345 3342 1408 3378 sed
1429 3342 1467 3378 in
1489 3353 1565 3378 rem
1589 3341 1729 3378 actione
1751 3344 1872 3386 petere
1895 3340 2010 3376 debet.
2047 3351 2078 3376 si
2101 3345 2219 3376 autem
2249 3340 2340 3376 alius
2369 3351 2428 3376 ro·

1344 3388 1454 3433 gatu⁶
1476 3387 1568 3423 servi
1591 3397 1676 3422 suos
1699 3395 1860 3421 nummos
1885 3385 2001 3428 dedit,
2031 3385 2120 3421 facti
2152 3389 2237 3421 sunt
2258 3385 2326 3420 mei
2350 3395 2429 3421 eos·

1369 3443 1414 3468 ue
1437 3431 1601 3467 dominus
1624 3431 1727 3474 servi,
1752 3431 1852 3466 cuius
1875 3431 2017 3466 nomine
2039 3430 2115 3466 dati
2137 3435 2231 3472 sunt,
2254 3441 2320 3475 per
2343 3441 2428 3466 con·

1346 3444 1537 3513 dictionem
1571 3481 1693 3523 petere
1723 3479 1859 3521 potest:
1896 3475 1960 3511 sed
1993 3479 2066 3511 tam
2101 3475 2286 3520 benignius
2321 3484 2427 3520 quam

1740 1231 1847 1264 uarto
1871 1240 1921 1265 ex
1943 1228 2090 1265 Plautio

1346 3522 1469 3557 utilius
1501 3526 1556 3558 est
1585 3526 1685 3557 recta
1714 3520 1771 3556 via
1794 3520 1911 3565 ipsum
1934 3521 1995 3566 qui
2018 3530 2180 3555 nummos
2204 3519 2301 3556 dedit
2323 3530 2425 3555 suum

1345 3577 1727 3648 Μέἓθτῗυηωπυε
1760 3609 1851 3646 libro
1882 3609 2038 3645 secundo
2068 3610 2314 3655 quaestionum
2370 3607 2428 3643 Ex

1477 3727 1520 3765 (5)
1546 3724 1662 3758 sitm.
1674 3723 1758 3758 F²S
1848 3726 1892 3764 (ὅ)
1918 3728 2055 3765 rogatus
2063 3723 2098 3756 F

2040 134 2100 165 nn
2129 134 2439 170 conmonosm
2492 120 2497 138 ⁵
