2528 3918
185 144 327 177 (κυεῖ
354 142 598 175 morosum
1214 128 1385 172 XXXII

1132 254 1186 286 45.
1212 250 1257 286 (18
1279 249 1482 286 inofficioso
1505 252 1720 286 testamento

1133 299 1188 330 46.
1212 296 1257 331 (18
1279 294 1586 340 septemviralibus
1599 297 1609 317 ¹
1632 295 1771 332 iudiciis

1132 344 1188 375 47.
1213 340 1257 377 de
1279 341 1358 376 iure
1380 340 1551 384 singulari

1133 388 1188 420 48.
1213 385 1258 420 de
1279 384 1445 421 secundis
1468 385 1601 421 tabulis

1131 433 1186 466 49.
1212 430 1259 465 ad
1282 430 1479 466 orationem
1502 430 1571 466 (livi
1595 430 1714 466 Severi

1133 478 1187 511 50.
1213 475 1259 510 ad
1283 475 1479 511 orationem
1503 475 1573 510 divi
1596 475 1710 512 Marci

1133 523 1188 556 51.
1213 520 1259 555 ad
1282 520 1394 565 legem
1416 519 1576 555 Velleam

1133 568 1188 601 52.
1213 565 1260 600 ad
1282 565 1393 610 legem
1417 565 1575 600 Cinciam

1134 613 1188 645 53.
1215 610 1262 645 ad
1285 610 1397 655 legem
1418 610 1615 645 Falcidiam

1134 658 1188 691 54.
1215 655 1259 690 de
1281 655 1391 690 tacito
1415 654 1687 691 fideicommisso

1135 703 1190 735 55.
1216 700 1260 735 de
1281 699 1507 753 portionibus
1531 711 1623 745 quae
1645 701 1766 738 liberis
1791 701 2039 738 damnatorum
2063 702 2308 739 conceduntur

1134 748 1189 780 56.
1215 745 1259 780 de
1281 745 1369 780 iuris
1393 748 1430 780 et
1452 744 1539 781 facti
1562 746 1762 791 ignorantia

1135 793 1191 826 57.
1217 790 1261 826 de
1284 789 1466 825 adulteriis

1135 838 1191 871 58.
1216 836 1261 871 de
1284 835 1458 871 instructo
1483 838 1520 871 et
1542 835 1777 873 instrumento

1136 883 1192 916 59.
1217 880 1262 916 de
1284 879 1581 926 appellationibus

1137 929 1192 962 60.
1218 925 1263 962 (18
1286 926 1364 961 iure
1386 925 1585 962 libellorum

1137 974 1195 1007 61.
1219 971 1263 1006 de
1285 971 1509 1007 testamentis
1527 998 1537 1005 .

1138 1018 1193 1052 62.
1217 1016 1262 1051 (18
1283 1016 1363 1051 iure
1384 1019 1597 1061 patronatus

1138 1064 1193 1097 63.
1217 1060 1262 1098 de
1283 1062 1361 1097 iure
1382 1064 1595 1106 patronatus
1619 1062 1715 1108 quod
1739 1072 1782 1098 ex
1805 1062 1881 1107 lege
1904 1062 1996 1099 Iulia
2019 1066 2055 1099 et
2078 1063 2191 1110 Papia
2214 1064 2310 1100 venit

1137 1109 1192 1141 64.
1217 1106 1262 1142 de
1284 1105 1486 1142 actionibus

1137 1155 1192 1187 65.
1218 1151 1263 1187 (18
1286 1152 1583 1188 concurrentibus
1607 1152 1807 1189 actionibus

1136 1200 1191 1232 66.
1217 1196 1261 1233 de
1283 1197 1596 1232 intercessionibus
1619 1197 1832 1233 feminarum

1138 1245 1194 1278 67.
1217 1242 1262 1278 (18
1285 1242 1536 1278 donationibus
1559 1243 1652 1278 inter
1674 1244 1788 1279 virum
1811 1247 1847 1279 et
1872 1254 2019 1280 uxorem

1139 1289 1194 1323 68.
1219 1287 1263 1323 (18
1285 1287 1423 1333 legibus

1137 1335 1192 1368 69.
1217 1332 1262 1368 de
1285 1336 1431 1368 senatus
1456 1332 1628 1369 consultis

1138 1381 1193 1413 70.
1218 1377 1263 1413 (18
1284 1377 1450 1424 legitimis
1472 1378 1730 1414 hereditatibus

1139 1425 1195 1458 71.
1220 1422 1265 1458 de
1287 1423 1511 1459 libertatibus
1535 1423 1661 1459 dandis

348 1468 479 1504 XXVI.
505 1469 765 1516 Tryphoninu²
1164 1471 1194 1503 1.
1220 1467 1498 1514 disputationum
1521 1467 1649 1514 βιβλία
1672 1469 1783 1503 εἰἰιοσι
1808 1471 1848 1504 ἔν

330 1514 478 1550 XXVII.
506 1513 778 1563 Καλλιστράτου
1161 1516 1193 1549 1.
1217 1513 1262 1549 de
1287 1513 1548 1558 cognitionibus
1571 1512 1699 1559 βιβλία
1723 1514 1762 1555 ἕξ

1158 1561 1193 1594 2.
1218 1558 1359 1595 edicton
1382 1558 1598 1595 monitorion
1620 1557 1747 1604 βιβλία
1770 1560 1809 1601 ἔξ

1160 1607 1192 1639 3.
1219 1604 1264 1640 de
1286 1604 1365 1639 iure
1387 1603 1465 1639 fisci
1487 1602 1616 1649 βιβλία
1639 1607 1799 1653 τέσσαρα

1161 1652 1194 1685 4.
1217 1649 1408 1685 institumn
1429 1648 1557 1695 βιβλία
1580 1653 1664 1697 τρία

1162 1698 1195 1730 5.
1220 1694 1456 1740 quaestionon
1478 1693 1607 1741 βιβλία
1631 1692 1695 1730 δύο

315 1739 481 1775 XXVIII.
506 1738 720 1788 ΙΙΙενάνδρου
1165 1743 1195 1775 1.
1220 1739 1412 1775 1111ΠωίοΠ
1434 1738 1563 1785 βιβλία
1584 1742 1743 1787 τέσσαρα

295 1784 479 1821 XXVIIII.
507 1786 721 1834 Μαρκιανοῦ
1165 1788 1194 1820 1.
1218 1784 1407 1821 institution
1430 1783 1558 1830 βιβλία
1581 1782 1706 1826 δεκαέξ

1162 1832 1196 1865 2.
1219 1829 1424 1875 regularion
1445 1828 1574 1875 βιβλία
1596 1832 1706 1865 πέντε
2274 1843 2277 1845 ·

1162 1878 1195 1910 3.
1221 1875 1266 1911 (18
1288 1875 1590 1928 appellationibus
1613 1873 1739 1920 βιβλία
1764 1872 1828 1909 δύο
2506 1875 2528 1917 {3

1162 1923 1196 1955 4.
1219 1920 1390 1966 pubhcon
1413 1918 1541 1966 βιβλία
1565 1918 1630 1955 δύο
2494 1935 2498 1938 -
2520 1935 2522 1937 >

1302 1966 1371 2000 Τοῦ
1394 1963 1508 2000 αὐτοῦ
1528 1963 1734 2011 μονόβιβλα

1161 2013 1195 2047 5.
1220 2010 1266 2046 (18
1287 2009 1508 2046 delatoribus
1529 2009 1660 2056 μονόβι
1688 2008 1752 2045 λον

1162 2059 1195 2092 6.
1218 2051 1473 2104 ὖποθηκαρίασ
1492 2054 1652 2101 μονόβιβ

1163 2104 1196 2137 ’1.
1221 2100 1267 2136 ad
1290 2105 1436 2137 senatus
1461 2101 1663 2137 consultum
1686 2100 1948 2147 Turpillianum
1970 2099 2195 2148 μονόβιβλον

369 2145 483 2181 ΧΧΧ.
510 2143 647 2180 Γάλλου
668 2142 796 2180 ’Audiet
1166 2149 1197 2182 1.
1221 2155 1395 2192 responsa

350 2190 482 2226 XXXI.
509 2189 735 2226 Μοδεστίνου
1168 2194 1197 2226 1.
1222 2201 1421 2238 responson
1442 2190 1570 2237 βιβλία
1594 2189 1787 2226 δεκαεννέα

1165 2239 1199 2272 2.
1222 2234 1427 2272 πανδέκτου
1449 2235 1578 2282 βιβλία
1601 2234 1753 2271 δεκαδύο

1163 2284 1196 2316 3.
1221 2291 1241 2316 1·
1322 2281 1423 2317 arion
1445 2279 1573 2327 βιβλία
1596 2279 1682 2315 δέκα

1164 2329 1197 2362 4.
1249 2325 1257 2334 “
1286 2326 1446 2362 erention
1468 2324 1597 2372 βιβλία
1619 2327 1726 2361 ίννία

1164 2374 1197 2407 5.
1222 2371 1492 2408 excusationum
1542 2370 1642 2417 ιβλία
1666 2371 1705 2412 ἔξ

1164 2419 1197 2452 6.
1222 2416 1267 2453 (18
1288 2416 1414 2463 poenis
1429 2419 1505 2471 βιβ
1527 2420 1566 2451 ta
1587 2419 1747 2464 τέσσαρα

1305 2463 1373 2497 Τοῦ
1397 2462 1507 2497 αυτοῦ
1529 2460 1734 2507 μονόβιβλα

1165 2510 1199 2543 ’1.
1224 2507 1269 2543 (18
1290 2506 1633 2561 praescriptionibus

1166 2555 1199 2588 8.
1224 2552 1269 2588 (18
1290 2551 1491 2589 inofficioso
1515 2554 1728 2588 testamento

1166 2600 1198 2632 9.
1223 2597 1268 2633 (18
1289 2597 1626 2633 manumissionibus

1147 2645 1200 2678 10.
1225 2642 1271 2678 (18
1293 2642 1418 2688 legatis
1442 2645 1478 2678 et
1499 2641 1779 2679 fideicommissis

1145 2690 1198 2723 11.
1223 2687 1268 2724 (18
1289 2686 1512 2724 testamentis

1148 2735 1199 2768 12.
1225 2732 1269 2769 de
1291 2732 1516 2768 eurematicis

1148 2780 1201 2813 13.
1227 2777 1272 2814 de
1295 2777 1491 2814 enucleatis
1516 2777 1660 2814 casibus

1148 2825 1201 2858 14.
1226 2823 1270 2858 (18
1294 2822 1494 2859 differentia
1517 2822 1611 2859 dotis
2498 2866 2501 2868 ,

1148 2871 1198 2903 15.
1224 2868 1269 2904 (18
1291 2868 1363 2903 ritu
1388 2867 1592 2913 nuptiarum
2498 2873 2506 2885 ’-

335 2911 485 2947 XXXII.
517 2914 786 2960 Ταρρουντηνοῦ
810 2914 997 2961 Πατέρνου
1169 2916 1198 2949 1.
1222 2913 1414 2949 militarion
1436 2911 1564 2958 βιβλία
1586 2915 1745 2960 ’τέσσαρα
2494 2906 2509 2926 ³

320 2956 487 2992 XXXIII.
515 2958 665 3005 Μιικροῦ
1168 2961 1196 2994 1.
1221 2957 1413 2993 milimion
1437 2956 1562 3002 βιβλία
1587 2954 1652 2992 δύο
2486 2967 2504 2987 ⁵<

1166 3005 1198 3038 2.
1250 3003 1391 3039 ublicon
1415 3001 1542 3048 βιβλία
1567 3000 1630 3037 δύο
2490 3005 2515 3039 Ξ

1167 3050 1199 3083 3.
1222 3013 1268 3083 ge
1291 3047 1409 3084 officio
1434 3046 1607 3092 praesidis
1629 3045 1756 3092 βιβλία
1780 3043 1843 3081 δύο
2488 3038 2507 3096 5}

1166 3095 1198 3128 4.
1223 3092 1400 3127 εἰκοστοῖν
1420 3096 1460 3136 βι
1488 3090 1548 3126 λία
1571 3089 1635 3126 δύο
2491 3095 2510 3139 ξ’

1170 3140 1203 3173 5.
1229 3137 1274 3174 (18
1297 3136 1593 3182 appellationibus
1616 3134 1744 3181 βιβλία
1767 3133 1831 3171 δύο
2491 3146 2494 3148 ’

302 3180 487 3216 ΧΧΧῙΙΠ.
517 3177 703 3229 Ἀρκαδίαν
1169 3186 1200 3218 1.
1225 3182 1269 3218 de
1291 3182 1443 3218 testibus
1465 3179 1611 3226 βιβλίον
1634 3183 1675 3215 ἕν

1167 3229 1200 3263 2.
1226 3226 1271 3263 (18
1293 3226 1413 3262 officio
1461 3225 1609 3262 raefecti
1630 3225 1809 3272 praetorio
1832 3224 1976 3271 βιβλίον
1999 3227 2040 3260 ἐν

1168 3275 1200 3308 3.
1227 3272 1270 3308 (18
1293 3271 1429 3307 muneri
1456 3282 1498 3307 us
1523 3271 1683 3307 civilibus
1706 3269 1852 3316 βιβλίον
1875 3273 1916 3306 ἔν

2515 703 2528 1013 ..um—munna..ffl-.-=.
2523 654 2528 679 ..-
2522 629 2528 634 1
2526 599 2528 611 „.
2524 577 2528 586 -
2525 527 2528 561 .....
2526 508 2528 511 .
2523 447 2528 466 ..—

2507 1687 2528 1738 ufir·
2508 1567 2528 1656 ’W
2508 1298 2528 1559 dmm-wssz-esslns‘.
2516 1170 2528 1287 ,αα-...ω
2519 1151 2523 1154 -

2505 1905 2524 1955 5⁵⁴1*
2504 1783 2523 1876 ἋὶὟ-εῂλ.
2511 1770 2517 1774 st
2510 1739 2522 1761 τ*

341 3315 489 3351 xxxv.
514 3311 522 3324 ‘
617 3319 694 3349 (νου
1169 3320 1198 3352 1.
1223 3316 1423 3362 regularion
1446 3314 1573 3361 βιβλία
1596 3313 1748 3351 δεκαδύο

324 3359 490 3397 XXXVI.
514 3359 579 3396 Ἀν
611 3373 652 3394 ου
676 3356 753 3403 ἢτοι
779 3363 923 3408 Φωρίου
946 3358 1144 3397 Ἀνθιανοῦ
1170 3365 1200 3398 1.
1223 3365 1330 3411 μέροε
1350 3361 1469 3397 edictu
1493 3359 1620 3406 βιβλία
1642 3363 1752 3396 πέντε

307 3404 491 3442 XXXVII.
517 3405 686 3450 Μαξίμου
1167 3410 1197 3442 1.
1222 3407 1269 3443 ad
1290 3406 1403 3452 legem
1427 3405 1623 3442 Falcidiam

289 3449 490 3487 XXXVIII.
514 3446 788 3499 Ἑρμογενιανοῦ
1170 3454 1199 3487 1,
1225 3451 1409 3498 ἑπιτομῶν
1431 3454 1471 3496 βι
1499 3450 1558 3485 λία
1580 3451 1621 3493 ἕξ

831 3493 972 3538 ’Ἐχουσι
996 3498 1158 3539 στίχ(ων)
1181 3493 1316 3541 ὅλως),
1338 3498 1421 3544 [uve
1446 3495 1454 3506 '
1483 3508 1523 3531 as
1545 3496 1787 3545 τριακοσίασΡ

201 3610 243 3651 (¹)
265 3608 561 3643 centumviralibus
578 3620 641 3643 scr.
737 3609 783 3650 (2)
807 3608 1049 3652 tryphonianus
1067 3610 1145 3652 Fu,
1164 3612 1179 3642 t
1240 3610 1393 3643 bonanus
1411 3609 1489 3642 ΓΜ
1587 3609 1631 3649 (3)
1656 3607 1697 3642 In
1716 3605 1759 3641 ολ
1775 3599 1948 3650 Fam-ie,-
1972 3609 2200 3643 duidoraneur
2217 3609 2343 3644 litterae
2363 3620 2425 3644 non

197 3655 275 3699 plue
291 3667 358 3688 ux.
451 3660 494 3696 (4)
518 3655 556 3689 id
570 3660 636 3689 ase.-
660 3652 784 3687 habent
803 3663 956 3687 versuum
975 3653 1074 3696 plena
1086 3653 1131 3697 (Y)
1151 3654 1257 3699 [milia
1275 3654 1387 3688 tricies
1404 3653 1554 3697 centena]

1020 3727 1202 3734 ...X-...—
