2528 3918
186 104 356 147 XXXX
389 106 453 147 12.
481 106 532 147 13

186 238 232 263 an
263 230 403 273 emptor
437 236 539 263 servo
574 229 671 263 recte
705 226 906 263 libertatem
941 227 1080 263 dederit
1111 227 1269 263 nondum

211 273 301 308 retio
326 273 453 308 soluto.
500 271 636 308 Paulus
659 272 844 318 respondit
866 283 1025 315 servm,
1056 282 1163 317 quem
1184 283 1268 308 ven-

185 284 281 354 gitur
304 317 456 362 emptori
479 316 645 360 tradidit,
676 317 708 354 si
739 317 772 353 ei
801 328 867 371 pro
899 318 1013 363 pretio
1044 316 1271 354 satisfactum

186 366 260 406 est,
291 366 327 398 et
350 361 508 398 nondum
531 362 646 407 pretio
669 362 788 399 soluto
811 374 850 398 ιιι
872 363 975 398 bonis
999 372 1054 398 em
1080 362 1168 399 toris
1190 372 1271 399 esse

187 410 206 443 3
255 407 426 459 coepisse.
465 406 578 443 Gaius
595 406 698 443 Seius
714 407 874 443 Stichum
890 418 1029 444 servum
1076 406 1159 443 ucio
1173 407 1268 443 Titio

186 452 344 488 vendidit
365 453 427 495 ita,
452 455 493 487 ut
510 451 627 488 Titius
642 452 802 488 Stichum
825 456 909 498 post
930 451 1122 488 triennium
1145 461 1269 487 manu-

185 498 358 540 mitteret,
383 497 415 533 si
438 497 607 533 continuo
631 498 784 534 triennio
808 498 994 534 servisset:
1026 497 1090 533 sed
1112 496 1271 533 nondum

186 546 312 579 exacto
349 547 510 588 tempore
544 542 675 578 trienni
710 542 854 579 Stichus
893 542 985 588 fugit
1019 546 1056 578 et
1088 545 1173 588 post
1205 541 1270 577 ali-

186 592 359 633 quantum
393 587 563 633 temporis
597 587 765 623 defuncto
798 588 891 623 Titio
920 587 1084 623 revertit:
1124 596 1269 633 quaero,

185 644 234 668 an
263 633 384 669 obstet
414 632 537 669 Sticho
568 632 616 668 ad
646 633 954 678 consequendam¹
995 643 1039 668 ex
1070 632 1271 668 venditione

184 679 402 721 libertatem,
432 677 528 724 quod
551 681 636 714 ante
659 678 849 713 triennium
873 678 1087 714 discesserit.
1113 690 1121 700 ·
1135 677 1272 713 Paulus

185 723 371 768 respondit
405 723 602 759 secundum
638 733 681 759 ea
715 733 807 768 quae
843 727 1094 775 proponuntur
1129 723 1270 768 expleto

185 773 356 813 tempore,
379 771 465 814 post
487 768 583 814 quod
607 768 751 804 Stichus
774 768 976 803 manumitti
999 768 1133 810 debuit,
1163 768 1270 803 liber-

185 817 295 849 tatem
318 814 352 849 ei
375 814 599 859 competisse.

230 855 286 897 39
308 858 415 894 IDEM
436 859 527 894 libro
549 859 675 904 quinto
693 859 952 894 sententiarum
991 858 1057 894 Cui
1075 859 1272 894 necessitas

184 902 363 949 probandi
391 903 437 940 de
465 903 685 949 ingenuitate
708 913 775 939 sua
797 914 870 939 non
893 903 1085 946 incumbit,
1116 904 1212 939 ultro
1242 903 1273 938 si

188 953 202 983 1
251 949 330 994 ipse
352 949 507 995 probare
530 948 718 991 desideret,
741 948 941 984 audiendus
963 954 1030 984 est.
1065 948 1134 993 Qui
1153 948 1197 984 de
1217 948 1271 983 in-

184 994 366 1039 genuitate
389 998 630 1040 cognoscunt,
663 994 707 1029 de
731 994 910 1029 calumnia
932 994 1025 1038 eius,
1056 994 1116 1039 qui
1139 997 1273 1029 temere

186 1040 464 1076 controversiam
486 1040 613 1081 movit,
644 1038 691 1074 ad
719 1039 864 1074 modum
888 1038 984 1074 exilii
1005 1043 1158 1084 possunt
1180 1038 1273 1074 ferre

185 1087 206 1120 2
253 1085 476 1120 sententiam.
501 1084 655 1119 Tutores
670 1084 727 1119 vel
742 1088 927 1120 curatores
940 1085 1169 1129 pupillorum,
1184 1095 1272 1129 quo-

184 1140 264 1165 rum
292 1130 443 1165 tutelam
473 1135 510 1165 et
532 1139 590 1164 res
614 1128 969 1172 administraverunt,
1027 1134 1128 1165 ostea
1156 1133 1273 1165 status

185 1178 205 1211 3
253 1175 499 1220 quaestionem
526 1174 648 1210 facere
679 1184 754 1210 non
781 1179 944 1219 possunt.
1077 1175 1146 1211 'tus
1169 1174 1274 1210 uxori

184 1220 369 1300 {ligemque
387 1220 538 1256 libertae
555 1223 671 1256 status
690 1220 937 1266 quaestionem
949 1219 1083 1255 inferre
1098 1230 1171 1256 non
1188 1230 1272 1266 pro-

211 1266 219 1272 '
248 1270 338 1301 etur.

229 1309 284 1348 40
307 1310 654 1346 Ennoea-MANUS
674 1309 766 1346 libro
782 1310 909 1363 quinto
926 1311 1018 1346 iuris
1034 1311 1272 1357 epitomarum

185 1356 275 1392 Cum
312 1359 421 1401 pacto
459 1355 664 1401 partitionis
701 1355 810 1400 pretii
851 1355 965 1390 maior
1006 1355 1130 1400 viginti
1171 1355 1274 1390 annis

186 1401 345 1437 venalem
375 1411 415 1437 se
445 1401 631 1446 praebuit,
669 1410 737 1435 nec
771 1403 855 1445 post
884 1401 1198 1436 manumissionem
1227 1400 1275 1436 ad

185 1447 410 1482 libertatem²
431 1446 656 1491 proclamare
677 1448 809 1490 potest.

229 1490 282 1529 41
316 1490 477 1527 Pavum
507 1491 599 1527 libro
630 1490 814 1543 sinqulari
844 1491 889 1526 de
919 1490 1086 1526 articulis
1115 1490 1275 1527 liberalis

183 1547 317 1573 causae
362 1535 402 1572 Si
422 1536 462 1571 in
485 1536 640 1572 obscuro
664 1540 722 1579 sit,
745 1535 784 1570 in
806 1546 878 1580 quo
902 1535 1011 1571 fuerit
1030 1538 1127 1571 statu
1145 1535 1188 1579 is,
1213 1535 1275 1580 qui

209 1593 249 1618 ro
280 1581 446 1617 libertate
476 1591 543 1617 sua
559 1581 707 1626 ¹litigat,
746 1580 846 1625 prior
876 1580 1075 1616 audiendus
1105 1584 1160 1616 est
1189 1591 1274 1626 pro-

183 1593 271 1663 flare
292 1627 416 1663 volens
440 1636 479 1662 se
501 1627 620 1672 ipsum
642 1626 680 1661 in
702 1625 879 1661 libertatis
900 1636 980 1662 esse
998 1627 1272 1671 possessionem.

188 1676 203 1707 1
249 1672 364 1708 Iudex
386 1675 519 1714 autem,
543 1671 606 1717 qui
628 1671 673 1707 de
695 1671 862 1707 libertate
882 1671 1077 1716 cognoscit,
1101 1671 1210 1707 etiam
1231 1671 1275 1706 de

183 1718 292 1754 rebus
315 1717 445 1753 amotis
468 1716 666 1752 damnove³
688 1716 788 1752 facto
812 1726 1029 1761 cognoscere
1049 1716 1172 1753 debet:
1197 1715 1275 1752 fieri

185 1763 278 1799 enim
300 1766 440 1808 potest,
472 1766 514 1798 ut
535 1761 670 1797 fiducia
691 1761 869 1797 libertatis
893 1765 931 1797 et
953 1761 1140 1807 subripere
1164 1771 1273 1807 quae-

184 1809 267 1843 dam
291 1812 328 1843 et
350 1818 579 1853 corrumpere
602 1811 709 1853 atque
733 1816 943 1843 consumere
971 1817 1016 1843 ex
1039 1807 1164 1850 bonis,
1196 1807 1274 1852 qui-

184 1853 276 1889 bus⁴
300 1853 487 1896 serviebat,
512 1863 624 1888 ausus
648 1853 704 1888 sit.

230 1896 284 1936 42
315 1898 450 1934 LABEO
483 1898 574 1934 libro
611 1901 743 1944 quarto
771 1898 1020 1944 posteriorum
1077 1897 1116 1933 Si
1151 1908 1275 1933 servus

184 1945 313 1990 quem⁵
336 1954 472 1980 emeras
495 1943 543 1979 ad
561 1943 764 1979 libertatem
782 1943 1017 1988 proclamavit
1035 1946 1072 1979 et
1091 1943 1138 1979 ab
1156 1942 1276 1978 iudice

183 1999 376 2035 perperam
397 1999 463 2035 pro
488 1999 530 2025 eo
553 1989 750 2024 iudicatum
773 1991 830 2024 est
847 1992 883 2024 et
903 1988 1066 2024 dominus
1087 1988 1164 2024 eius
1184 1988 1276 2024 servi

184 2040 268 2080 post
295 2044 371 2070 rem
403 2038 530 2070 contra
560 2038 596 2070 te
625 2033 821 2069 iudicatam
850 2037 887 2069 te
913 2033 1080 2070 heredem
1103 2033 1189 2069 fecit
1212 2037 1276 2068 aut

185 2081 256 2117 alio
288 2090 360 2126 quo
390 2080 533 2115 nomine
555 2079 588 2115 is
610 2082 694 2115 tuus
717 2088 797 2115 esse
821 2078 1017 2125 coepisset,
1048 2082 1171 2124 petere
1193 2088 1275 2114 eum

183 2130 286 2161 tuum
310 2135 388 2161 esse
411 2124 548 2171 poteris
568 2135 635 2161 nec
652 2124 718 2159 tibi
734 2124 894 2160 obstabit
909 2124 962 2160 rei
975 2124 1155 2160 iudicatae
1170 2134 1275 2170 prae-

185 2171 257 2207 scri
282 2170 334 2206 tio
345 2171 371 2206 ⁶.
418 2169 467 2206 ΙΛ
475 2179 662 2205 romnus:
684 2170 775 2205 haec
797 2179 883 2205 vera
906 2173 1001 2205 sunt.

233 2215 259 2253 4
319 2214 551 2252 POMPONIUS
581 2215 673 2252 libro
709 2215 814 2250 tertio
845 2218 994 2250 senatus
1029 2214 1274 2250 consultorum

185 2261 242 2297 De
270 2261 345 2304 his,
381 2260 443 2305 qui
462 2260 574 2313 ‘bona
607 2270 732 2312 eorum
767 2259 896 2305 quibus
932 2259 1136 2295 serviebant
1165 2259 1275 2294 inter-

185 2305 558 2396 ffi'ffi'ti'mssssssffir
574 2304 1276 2402 ῗωὲἓξῖἒῖθῗαῗέἓΐῖξὲὲἃέἢέξὲ

184 2398 276 2433 haec
299 2401 402 2434 sunt:
436 2396 550 2432 ‘Sicut
574 2407 649 2432 non
677 2399 734 2431 est
755 2405 910 2441 aequum
931 2395 1065 2431 fiducia
1102 2395 1275 2437 'bertans,

186 2446 291 2487 ‘quae
321 2453 366 2478 ex
396 2441 660 2478 fideicommissi
687 2451 799 2477 causa
813 2440 1038 2486 praestanda
1061 2444 1134 2483 est,
1165 2441 1275 2476 inter-

187 2489 318 2533 ‘cipere
340 2487 593 2523 hereditariam
616 2486 817 2532 pecuniam,
841 2485 894 2521 ita
911 2496 978 2521 nec
994 2486 1154 2522 libertati
1171 2495 1276 2531 prae-

187 2533 348 2568 ‘standae
372 2542 508 2568 moram
532 2532 657 2578 quaeri
679 2534 834 2578 oportet.
882 2541 990 2577 quam
1012 2531 1167 2577 primum
1190 2540 1274 2584 ergo

188 2578 373 2615 ‘arbitrum
396 2578 483 2613 dare
505 2577 636 2614 debeat
644 2577 670 2622 ⁷,
702 2576 801 2623 apud
831 2586 937 2622 quem
960 2580 1159 2620 constaret,
1190 2575 1277 2622 quld

187 2624 332 2659 ‘servari
362 2627 484 2669 potest
511 2622 652 2665 heredi,
686 2626 878 2667 antequam
909 2621 956 2657 ad
986 2632 1126 2658 servum
1150 2632 1275 2656 manu-

188 2669 410 2704 ‘mittendum
434 2667 730 2715 compelleretur’.

232 2713 287 2751 44
320 2714 352 2749 V
353 2723 549 2750 ΕΝσιΕιυε
568 2713 660 2750 libro
683 2714 836 2761 septimo
860 2714 1041 2749 actionum
1087 2711 1191 2747 Licet
1208 2711 1274 2746 du-

190 2759 342 2795 bitatum
364 2763 471 2794 antea
492 2758 573 2802 fuit,
597 2762 718 2794 utrum
741 2768 865 2794 servus
889 2758 1077 2794 dumtaxat
1100 2767 1148 2792 an
1166 2757 1274 2792 liber-

187 2805 271 2839 tus⁸
299 2803 451 2839 iurando
479 2807 635 2849 patrono
666 2803 886 2848 obligaretur
913 2804 952 2839 in
974 2803 1030 2839 his
1053 2811 1146 2848 quae
1168 2802 1275 2837 liber-

186 2849 272 2885 tatis
296 2859 408 2885 causa
430 2849 680 2894 imponuntur,
711 2852 834 2885 tamen
855 2849 974 2885 verius
997 2852 1053 2884 est
1075 2858 1150 2883 non
1172 2847 1277 2882 aliter

211 2904 295 2930 uam
317 2893 469 2929 liberum
491 2894 652 2938 obligari.
698 2894 779 2930 ideo
810 2898 931 2930 autem
958 2893 1075 2929 solet⁹
1096 2892 1274 2928 iusiuran—

188 2906 274 2975 dum
296 2949 320 2974 a
342 2939 452 2975 servis
467 2939 617 2984 exigere,
641 2942 682 2974 ut
696 2939 734 2975 hi
748 2939 919 2992 religione
933 2938 1107 2980 adstricti,
1130 2941 1274 2983 postea-

187 2995 301 3066 21:¹33
312 2983 1275 3066 fflssssffissmffimfflmssdfflffissffiduffifflffiii

192 3079 208 3112 1
255 3075 387 3111 missus
410 3078 476 3119 est,
500 3056 565 3109 aut
586 3075 680 3111 iuret
702 3079 769 3111 aut
790 3075 986 3120 promittat.
1017 3055 1135 3109 'Licet
1157 3077 1276 3109 autem

189 3121 288 3157 circa
317 3120 449 3157 donum
477 3129 607 3155 munus
636 3130 765 3165 operas
795 3120 903 3156 etiam
926 3130 1079 3156 uxorum
1101 3129 1275 3164 personas

190 3170 210 3202 2
256 3166 425 3202 inserere.
470 3164 515 3200 In
536 3174 637 3207 eum,
663 3166 722 3209 qui
743 3165 907 3211 impubes
929 3164 1115 3208 iuraverit,
1139 3164 1278 3200 scilicet

190 3211 252 3258 qui
274 3215 312 3247 et
331 3211 452 3247 iurare
473 3210 650 3256 potuerit,
682 3210 804 3246 danda
829 3214 886 3247 est
908 3210 1005 3246 utilis
1029 3209 1123 3246 actio
1147 3219 1275 3254 opera-

188 3268 270 3293 rum
291 3256 452 3298 nomine,
484 3265 566 3291 cum
595 3255 710 3300 pubes
740 3260 860 3291 tamen
888 3255 1008 3292 factus
1030 3255 1110 3291 erit.
1156 3258 1277 3300 potest

190 3306 310 3338 tamen
332 3300 555 3383 etelimpnbes
578 3309 707 3346 operas
731 3300 835 3343 dare,
859 3301 970 3337 veluti
992 3300 1024 3337 si
1045 3299 1274 3336 nomencula-

189 3351 247 3384 tor
269 3347 317 3384 sit
337 3357 360 3382 v
415 3344 542 3382 histrio·
545 3371 555 3381 .

192 3509 232 3549 (ι)
255 3506 299 3540 ad
309 3505 510 3549 sequendam
522 3504 559 3539 F
619 3505 664 3548 (2)
686 3514 709 3538 a
717 3503 939 3538 libertinitate
949 3517 1012 3539 aer.
1085 3508 1127 3546 (8)
1151 3514 1274 3547 magno

192 3553 254 3586 ins.
261 3549 330 3585 P:
344 3552 615 3595 eoecidiesortane
626 3549 704 3583 dolo
714 3549 804 3602 malo
826 3594 834 3602 ¹
851 3552 892 3590 (4)
913 3549 1046 3593 quibus]
1059 3550 1132 3583 eius
1143 3550 1199 3583 oui
1210 3561 1272 3583 scr.

192 3598 235 3639 (s)
258 3595 348 3630 bona
357 3595 423 3630 fide
433 3597 496 3629 im.
590 3599 634 3635 (o)
658 3596 859 3639 proscriptio
871 3595 907 3628 F
989 3598 1031 3635 (τ)
1056 3594 1195 3628 debebas
1209 3606 1272 3628 scr.

193 3644 238 3684 (s)
262 3644 377 3674 utrum
388 3651 502 3675 servus
512 3651 557 3674 an
569 3640 743 3692 dumtaxat
752 3639 894 3673 libertus
904 3651 968 3673 ter.
1022 3640 1068 3682 (9)
1092 3639 1201 3673 solent
1210 3651 1274 3673 εον.

192 3688 254 3729 (ιο)
278 3686 369 3764 ςιῖοᾶ
379 3686 614 3765 iungit-augum
625 3695 685 3727 qm
696 3687 912 3728 praestiterit,
927 3694 1042 3727 operas
1054 3684 1132 3718 dare
1144 3693 1275 3718 necesse

192 3730 313 3764 hlbm
338 3743 434 3765 lmn
460 3743 511 3764 um
572 3742 633 3764 tm.

1258 102 1345 151 642

1500 2 1571 92 ἥ

1560 95 1563 114 <

1775 117 1935 157 Qumus
1963 117 2026 149 AD
2054 118 2230 149 numer.
2259 118 2418 152 raom..

1806 232 1955 271 X111¹⁴.

1370 295 1537 334 QUIBUS
1560 297 1620 330 AD
1645 297 1945 376 LOEERTIfiIgss'}
1963 294 2270 332 PROCLAMARE
2293 299 2387 333 NON

1386 405 1407 444 1
1441 406 1635 443 Utpuivvs
1662 408 1753 445 libro
1783 409 1941 444 secundo
1973 408 2017 443 de
2043 408 2092 454 of
2135 410 2170 444 io
2186 410 2417 456 proconsulis

1336 451 1495 488 Maiores
1526 452 1647 497 viginti
1674 453 1777 488 annis
1805 453 1857 488 ita
1880 454 2021 489 demum
2112 454 2312 490 libertatem
2335 465 2419 499 pro-

1338 497 1495 532 clamare
1511 507 1590 549 ,ιιοιι
1613 503 1774 550 possunt,
1799 499 1830 534 si
1853 499 2006 544 pretium
2030 498 2077 534 ad
2099 498 2216 544 ipsum
2235 499 2296 544 qui
2312 500 2420 535 veniit

1337 546 1554 587 pervenerit:
1586 552 1631 577 ex
1662 547 1787 579 ceteris
1815 548 1933 579 autem
1958 543 2096 586 causis,
2127 544 2285 589 quamvis
2308 546 2420 580 maior

1338 587 1461 632 viginti
1483 587 1586 623 annis
1611 597 1649 623 se
1671 598 1799 624 venum
1823 588 1900 624 dari
1923 599 2052 634 passus
2077 589 2133 631 sit,
2158 589 2205 624 ad
2220 589 2420 625 libertatem

1344 635 1357 667 1
1409 631 1442 667 ei
1467 632 1694 684 proclamare
1721 634 1816 669 licet.
1862 634 1996 669 Minori
2025 639 2144 669 autem
2172 634 2295 679 viginti
2318 635 2420 670 annis

1339 687 1385 713 ne
1416 677 1556 722 quldem
1587 687 1631 713 ex
1665 688 1775 714 causa
1805 689 1915 724 supra
1946 679 2082 724 scripta
2116 679 2223 715 debet
2256 679 2421 724 denegari

1339 722 1515 758 libertatis
1538 723 1784 768 proclamatio,
1810 724 1878 759 nisi
1899 724 2013 759 maior
2036 725 2137 760 annis
2160 724 2284 769 viginti
2302 725 2422 760 factus

1341 768 1481 802 duravit
1510 768 1548 802 in
1578 768 1766 804 servitute:
1798 773 1886 804 tunc
1915 769 2010 805 enim
2039 770 2069 805 si
2118 770 2245 805 retium
2268 770 2420 814 partitus

1341 813 1388 848 sit
1400 813 1439 855 ¹²,
1473 812 1662 848 dicendum
1693 814 1760 849 erit
1790 814 1957 858 denegari
1986 815 2019 850 ei
2047 814 2092 850 de
2117 825 2175 850 ere
2188 815 2216 836 ¹³
2246 814 2421 850 libertatis

1340 858 1664 903 proclamationem.

1388 900 1414 939 2
1445 902 1685 939 Manantes
1713 903 1803 939 libro
1835 904 2025 939 vicensimo
2049 907 2179 950 quarto
2203 904 2422 951 diqestorum

1341 947 1488 983 Servum
1519 948 1599 993 quis
1624 958 1694 1001 per
1723 948 1793 983 vim
1823 959 1846 983 a
1869 948 1963 984 Titio
1988 949 2128 994 accepit
2151 953 2187 985 et
2209 952 2421 985 testamento

1341 993 1491 1028 liberum
1521 1003 1600 1028 esse
1621 993 1744 1029 iussit:
1777 1004 1993 1045 quamquam
2021 994 2190 1030 solvendo
2219 994 2423 1037 decesserit,

1342 1048 1414 1073 non
1445 1038 1513 1074 erit
1540 1038 1601 1074 ille
1631 1038 1739 1074 liber:
1770 1039 1927 1084 alioqum
1949 1039 2176 1075 fraudabitur
2200 1039 2332 1082 Titius,
2364 1040 2424 1092 qui

1342 1094 1414 1119 non
1444 1083 1661 1128 procedente
1694 1083 1836 1128 quidem
1872 1084 2036 1119 libertate
2070 1095 2152 1120 cum
2186 1085 2315 1120 herede
2348 1095 2423 1120 elus

1344 1138 1449 1173 agere
1477 1132 1613 1173 potest,
1646 1132 1685 1163 at
1715 1129 1745 1164 si
1774 1129 1821 1164 ad
1844 1129 2045 1165 libertatem
2068 1139 2191 1165 servus
2240 1131 2423 1172 evenerit,

1342 1173 1477 1209 nullam
1507 1174 1683 1210 actionem
1713 1174 1902 1210 habiturus
1931 1178 2003 1217 est,
2035 1175 2119 1220 quia
2168 1175 2175 1182 '
2204 1175 2210 1181 '
2249 1175 2425 1210 videbitur

1342 1219 1446 1255 heres
1469 1229 1514 1255 ex
1537 1218 1699 1255 defuncti
1723 1219 1804 1255 dolo
1829 1224 2055 1256 consecutus.

1388 1261 1412 1302 3
1439 1263 1668 1300 Poupomvs
1695 1264 1786 1301 libro
1817 1265 2004 1301 undecimo
2035 1265 2271 1311 epistularum
2301 1268 2336 1300 et
2364 1276 2424 1300 va-

1342 1310 1482 1344 riarum
1505 1309 1696 1346 lectionum
1741 1309 1823 1352 Eis,
1847 1310 1909 1355 qui
1932 1320 1970 1345 se
1994 1310 2093 1355 passi
2115 1310 2189 1346 sint
2210 1310 2349 1352 venire,
2379 1310 2426 1345 ad

1342 1354 1545 1390 libertatem
1575 1354 1820 1400 proclamandi
1849 1355 2028 1391 licentiam
2054 1355 2231 1400 denegari.
2280 1365 2424 1400 quaero,

1343 1410 1390 1434 an
1418 1400 1445 1420 ¹⁴
1454 1403 1490 1435 et
1511 1399 1558 1435 ad
1582 1410 1662 1443 eos,
1696 1400 1758 1445 qui
1791 1410 1834 1435 ex
1864 1401 2089 1443 mulieribus,
2122 1410 2213 1446 quae
2237 1410 2276 1436 se
2297 1411 2427 1446 passae

1342 1446 1415 1480 sint
1444 1444 1583 1487 venire,
1614 1449 1831 1488 nascuntur,
1862 1445 1913 1480 ita
1926 1447 1953 1467 ¹⁵
1983 1450 2129 1482 senatus
2157 1445 2322 1481 consulta
2343 1456 2424 1491 per-

1341 1490 1483 1525 tinent?
1522 1490 1679 1525 dubitari
1701 1501 1775 1526 non
1797 1493 1931 1536 potest,
1964 1492 2049 1536 quin
2082 1491 2116 1527 ei
2145 1502 2216 1536 quo
2242 1501 2305 1534 ue,
2335 1501 2426 1536 quae

1343 1535 1456 1570 maior
1479 1535 1582 1571 annis
1604 1535 1727 1580 viginti
1749 1536 1869 1571 venire
1887 1546 1927 1571 se
1945 1546 2054 1581 passa
2071 1540 2136 1578 est,
2161 1535 2209 1571 ad
2241 1536 2426 1572 ‘bertatem

1367 1579 1586 1616 roclamandi
1615 1581 1760 1616 licentia
1786 1580 1896 1616 fuerit
1926 1581 2143 1627 deneganda.
2198 1581 2254 1616 his
2285 1591 2427 1626 quoque

1366 1671 1373 1678 ·
1416 1625 1463 1661 da
1492 1635 1567 1705 ιιοὲι
1595 1628 1669 1670 est,
1709 1626 1770 1671 qui
1800 1635 1845 1662 ex
1875 1636 1920 1662 ea
1950 1627 2027 1662 nati
2057 1630 2216 1672 tempore
2248 1627 2426 1662 servitutis

1343 1681 1420 1707 eius
1443 1680 1533 1706 erun
1551 1697 1559 1704 .

1389 1714 1416 1753 4
1446 1715 1607 1751 PAULUS
1637 1715 1728 1752 libro
1759 1715 1971 1752 duodecimo
2003 1717 2253 1762 quaestionum
2307 1717 2425 1752 Licin-

1343 1761 1424 1797 nius
1440 1760 1594 1796 Rufinus
1610 1760 1701 1797 Iulio
1716 1761 1844 1797 Paulo.
1884 1761 1920 1797 Is
1945 1761 2004 1797 cui
2026 1761 2298 1798 fideicommissa
2320 1763 2425 1798 liber-

1342 1810 1400 1842 tas
1424 1805 1623 1842 debebatur
1644 1810 1729 1851 post
1750 1806 1980 1842 vicensimum
2003 1817 2136 1842 annum
2155 1808 2266 1843 veniri
2285 1818 2324 1843 se
2343 1818 2426 1852 pas·

1343 1862 1405 1888 sus
1435 1855 1508 1887 est:
1549 1861 1701 1897 quaero,
1733 1851 1978 1897 denegandum
2010 1853 2056 1887 sit
2086 1853 2119 1888 ei
2150 1853 2197 1888 ad
2227 1853 2427 1889 libertatem

1342 1897 1577 1942 proclamare.
1618 1900 1736 1932 movet
1758 1907 1815 1933 me
1838 1897 2038 1943 exemplum
2061 1897 2215 1933 cuiusvis
2237 1898 2340 1933 liberi
2361 1898 2426 1934 ho-

1343 1942 1465 1978 minis:
1490 1952 1574 1978 nam
1597 1945 1634 1978 et
1656 1942 1687 1978 si
1711 1946 1925 1978 consecutus
1946 1945 2044 1979 esset'
2058 1943 2271 1986 libertatem,
2296 1943 2366 1979 si¹‘³
2389 1954 2428 1979 se

1343 1987 1572 2030 vendidisset,
1597 1987 1832 2032 denegaretur
1854 1988 1888 2023 ei
1910 1987 1958 2022 ad
1975 1987 2178 2023 libertatem
2191 1988 2423 2042 proclamare,

1343 2043 1411 2068 nec
1442 2032 1549 2068 debet
1578 2032 1716 2068 meliori
1744 2033 1825 2068 loco
1854 2033 2027 2078 intellegi,
2063 2034 2159 2078 quod
2188 2044 2227 2069 ιιι
2257 2034 2427 2070 servitute

1344 2078 1560 2114 constitutus
1581 2088 1712 2123 passus
1735 2082 1792 2114 est
1813 2088 1853 2114 se
1874 2088 2002 2114 venum
2025 2078 2120 2123 dari,
2151 2089 2258 2123 quam
2280 2080 2312 2115 si
2335 2083 2428 2116 esset

1343 2123 1546 2159 libertatem
1575 2127 1800 2159 consecutus.
1848 2123 1912 2159 sed
1943 2133 1963 2159 e
1994 2124 2174 2160 contrario
2208 2127 2327 2160 movet
2359 2135 2426 2167 me,

1344 2168 1440 2214 quod
1462 2169 1500 2204 in
1522 2168 1608 2211 hoc,
1638 2168 1683 2204 de
1706 2179 1777 2214 quo
1801 2169 2001 2213 quaeritur,
2031 2169 2185 2205 venditio
2210 2170 2369 2205 constitit
2390 2176 2428 2206 et

1345 2217 1400 2249 est
1422 2214 1483 2259 qui
1505 2217 1650 2256 veneat,
1682 2214 1719 2249 in
1748 2213 1862 2250 libero
1891 2218 2011 2249 autem
2041 2214 2183 2250 homine
2206 2225 2322 2259 neque
2344 2226 2427 2251 ven-

1344 2259 1430 2294 ditio
1456 2258 1617 2294 constitit
1639 2262 1675 2294 et
1696 2258 1786 2294 nihil
1807 2263 1864 2294 est
1887 2259 1984 2304 quod
2006 2263 2143 2295 veneat.
2191 2264 2275 2305 peto
2306 2260 2428 2305 itaque

1343 2304 1547 2349 plenissime
1568 2304 1738 2340 instruas.
1786 2304 1987 2349 respondit:
2012 2304 2166 2340 venditio
2215 2305 2331 2341 uidem
2353 2310 2428 2341 tam

1344 2349 1437 2384 servi
1470 2359 1577 2394 quam
1611 2349 1714 2384 liberi
1748 2349 1913 2384 contrahi
1946 2353 2066 2394 potest
2099 2354 2136 2385 et
2166 2350 2349 2395 stipulatio
2383 2351 2428 2386 de

1344 2394 1519 2430 evictione
1541 2394 1782 2429 contrahitur:
1808 2404 1881 2429 non
1904 2396 1998 2430 enim
2021 2394 2066 2430 de
2089 2405 2130 2430 eo
2153 2395 2341 2440 loquimur,
2368 2397 2427 2441 qui

1344 2439 1460 2476 sciens
1483 2439 1635 2474 liberum
1664 2440 1767 2474 emit:
1800 2449 1884 2474 nam
1913 2439 2084 2475 adversus
2114 2440 2211 2475 hunc
2242 2450 2309 2476 nec
2323 2443 2348 2462 ¹⁷
2381 2442 2427 2476 ad

1343 2485 1546 2521 libertatem
1569 2484 1803 2530 proclamatio
1828 2484 2032 2529 denegatur.
2071 2485 2135 2521 sed
2157 2486 2199 2529 is,
2224 2486 2285 2530 qui
2308 2486 2426 2522 adhuc

1344 2540 1466 2566 servus
1497 2533 1569 2574 est,
1602 2530 1710 2565 etiam
1737 2529 1869 2565 invitus
1899 2530 2011 2565 veniri
2039 2534 2174 2575 potest,
2208 2532 2368 2576 quamvis
2392 2537 2428 2567 et

1343 2575 1480 2656 ¹932?
1502 2585 1545 2611 ⁶⁰
1569 2574 1773 2656 Ψωῗίἓ
1803 2574 1974 2656 Ψέἕᾶωῗέ
1992 2575 2214 2656 3ἒῶἓίΜῖ
2234 2576 2427 2658 ἛιῑὲΒίἚ

1343 2632 1379 2656 ιιι
1507 2631 1588 2656 cum
1618 2631 1657 2656 m
1706 2631 1729 2655 u
1869 2631 1886 2655 s
2067 2631 2109 2656 ea
2174 2632 2198 2657 u
2237 2632 2254 2656 s

1342 2646 1545 2702 libertatem
1567 2665 1762 2711 perveniat.
1784 2631 1895 2711 I{qouod
1917 2665 2058 2711 quidem
2079 2647 2152 2702 non
2174 2669 2294 2712 potest
2311 2667 2344 2702 ei
2361 2667 2425 2702 im-

1343 2711 1475 2757 putari,
1501 2710 1559 2747 oui
1581 2711 1739 2747 nondum
1761 2710 1910 2747 libertas
1934 2711 2092 2747 debetur.
2129 2722 2223 2757 pone
2241 2712 2424 2748 statulibe-

1343 2768 1422 2792 rum
1443 2767 1592 2802 passum
1611 2766 1651 2792 se
1667 2766 1795 2791 venum
1810 2755 1907 2791 dari:
1932 2766 2034 2792 nemo
2052 2756 2213 2792 dicturus
2230 2760 2285 2792 est
2300 2767 2425 2802 super-

1344 2801 1505 2838 veniente
1529 2801 1753 2845 condicione,
1778 2811 1871 2846 quae
1894 2812 1966 2837 non
1989 2801 2058 2837 fuit
2079 2802 2117 2837 in
2140 2802 2215 2837 eius
2237 2806 2425 2846 potestate,

1343 2847 1518 2883 libertatis
1530 2846 1738 2893 petitionem
1749 2846 1782 2881 ei
1794 2846 2048 2891 denegandam.
2069 2846 2163 2882 idem
2174 2850 2275 2899 puto,
2289 2848 2424 2883 etiamsi

1342 2893 1380 2928 in
1407 2892 1520 2945 ipsius
1577 2895 1729 2928 otestate
1757 2891 1826 2926 fuit
1856 2891 2027 2927 condicio.
2076 2891 2141 2927 sed
2173 2903 2210 2927 ιιι
2242 2893 2425 2945 proposito

1342 2947 1455 2983 magis
1477 2947 1544 2983 pro
1571 2936 1703 2972 andum
1726 2940 1799 2979 est,
1827 2940 1868 2971 ut
1892 2936 2086 2982 denegetur
2108 2937 2141 2972 ei
2163 2936 2339 2973 libertatis
2361 2948 2424 2984 pe-

1342 2983 1431 3025 titio,
1455 2982 1516 3028 qui
1539 2982 1658 3028 potuit
1680 2985 1802 3027 petere
1826 2982 2024 3018 libertatem
2047 2985 2085 3018 et
2101 2981 2227 3017 maluit
2242 2993 2281 3018 se
2297 2993 2424 3018 venum

1343 3028 1430 3081 dari,
1455 3027 1539 3080 quia
1560 3026 1724 3072 indignus
1749 3027 1844 3063 est¹⁸
1874 3026 2007 3063 auxilio
2037 3027 2213 3073 praetoris
2245 3027 2423 3064 fideicom-

1342 3083 1506 3109 missam.

1389 3117 1413 3156 5
1438 3117 1598 3154 Psaros
1607 3117 1635 3139 ¹⁹
1665 3117 1757 3153 libro
1780 3116 1961 3164 sinqulan'
1983 3116 2032 3152 ad
2054 3115 2202 3152 senatus
2224 3118 2423 3154 consultum

1347 3162 1584 3216 Qlauqlt‘qnum
1630 3162 1671 3216 Si
1696 3162 1767 3198 duo
1795 3162 1945 3198 liberum
1965 3161 2145 3214 bominem
2167 3162 2337 3215 maiorem
2359 3173 2423 3198 an-

1342 3211 2039 3304 ῗωψψῗηᾞῗᾞέᾈῗέἔᾷξῖξῖ
2068 3216 2144 3287 ⁶:3⁸
2158 3207 2424 3289 εῖῖΐΐὲᾚῖῗῑ

1343 3302 1453 3334 tatem
1477 3297 1510 3334 ei
1531 3298 1755 3343 proclamare
1777 3297 2002 3343 permittitur,
2027 3306 2065 3332 se
2105 3301 2252 3342 propter
2266 3308 2347 3334 eum
2363 3299 2423 3344 qui

1343 3343 1484 3389 ignorat
1506 3352 1626 3379 servus
1650 3342 1836 3386 efficietur,
1859 3342 1922 3379 sed
1946 3353 2018 3377 non
2042 3342 2148 3378 etiam
2171 3343 2247 3378 eius
2266 3343 2328 3388 qui
2343 3344 2422 3385 scit,

1345 3387 1408 3425 sed
1431 3391 1570 3423 tantum
1592 3388 1751 3424 alterius.

1387 3503 1444 3545 (ιι)
1468 3503 1595 3541 Sab.1;
1612 3501 1677 3535 Ed.
1691 3508 1720 3536 ι.
1732 3508 1768 3540 s:
1789 3501 1872 3545 Pap.
1887 3508 1914 3534 4.
1928 3501 2169 3543 ε.-Βω.48,
2182 3507 2263 3535 9.-
2279 3501 2330 3544 Os.
2344 3501 2421 3535 Cod.

1343 3549 1375 3589 7,
1387 3554 1421 3581 18
1523 3548 1585 3589 (ιῖ)
1608 3547 1670 3579 etsi
1680 3546 1787 3579 maior
1800 3546 1897 3578 annis
1908 3546 2031 3588 viginti
2042 3546 2150 3578 factus
2161 3545 2295 3578 duravit
2306 3546 2343 3578 in
2354 3556 2421 3579 ser-

1342 3592 1459 3633 vitute,
1479 3592 1545 3624 nisi
1562 3592 1668 3625 maior
1684 3591 1783 3624 annis
1798 3591 1921 3634 viginti
1932 3591 2040 3625 factus
2050 3591 2194 3634 pretium
2206 3591 2350 3633 partitus
2360 3591 2420 3623 sit:

1343 3639 1425 3670 tuno
1437 3637 1526 3670 enim
1537 3650 1599 3671 scr.
1688 3638 1746 3678 (18)
1773 3635 1885 3669 deberi
1897 3637 1931 3669 F
2013 3639 2069 3677 (14)
2096 3638 2129 3668 et
2139 3635 2182 3668 ad
2192 3635 2348 3668 mulieres
2360 3638 2419 3669 ine.

1344 3686 1402 3722 (15)
1426 3681 1491 3715 iata
1503 3683 1575 3715 edd.
1663 3683 1723 3722 (ιο)
1748 3681 1776 3713 si
1788 3693 1847 3714 om.
1862 3681 1897 3714 F
1977 3684 2034 3722 (1¹1)
2059 3681 2171 3714 venire
2183 3690 2216 3713 se
2229 3691 2322 3723 passo
2333 3683 2416 3715 simi·

1344 3727 1428 3761 liam
1441 3728 1501 3760 ins.
1594 3729 1654 3768 (ts)
1679 3729 1712 3759 et
1725 3726 1760 3759 F
1842 3729 1902 3765 (ιο)
1927 3726 2012 3759 idem
2029 3725 2078 3759 F²
