2528 3918
175 110 341 155 XXXV
369 112 398 154 2

175 244 282 271 usum
304 232 462 269 fructum
485 230 665 278 putabant
687 232 725 267 et
745 229 798 267 ita
821 229 1125 275 constituendum,
1174 240 1265 266 uan-

176 286 253 315 tum
285 279 331 314 sit
361 278 399 314 in
426 276 556 322 legato.
611 274 677 312 sed
705 275 827 312 Aristo
859 286 882 312 a
910 280 1069 312 veterum
1100 285 1146 322 op
1187 275 1267 311 'one

174 324 340 361 recessit:
374 322 426 359 ait
454 321 548 358 enim
570 330 679 367 posse
731 325 874 358 uartam
904 324 1041 367 partem
1071 330 1117 357 ex
1141 330 1184 356 eo
1215 320 1267 357 sic

175 373 217 406 ut
240 379 284 405 ex
308 367 520 414 corporibus
534 365 679 402 retineri
701 366 715 402 i
762 376 809 403 ue
832 367 849 401 I
889 367 896 381 ⁹
947 377 990 402 us
1003 369 1101 402 recte
1122 365 1267 412 probat.

175 414 239 451 sed
263 413 381 459 operis
405 412 498 449 servi
520 411 647 457 legatis
671 422 752 448 cum
774 414 910 457 neque¹
938 421 1023 446 usus
1039 420 1156 457 neque
1179 420 1267 446 usus

175 460 314 496 fructus
348 458 386 494 in
425 467 468 494 eo
504 457 621 502 legato
661 466 740 493 eme
774 456 932 501 videtur,
972 456 1177 492 necessaria
1212 458 1268 492 est

175 508 334 541 veterum
356 502 544 546 sententia,
568 505 610 538 ut
627 501 782 538 sciamus
803 505 975 547 quantum
1000 505 1055 537 est
1077 501 1114 537 in
1137 501 1267 547 legato,

199 550 260 585 uia
282 547 486 584 necessario
513 557 560 584 ex
589 548 773 590 omnibus,
805 557 896 592 quae
929 547 1001 582 sint
1030 546 1151 590 facti¹‚
1182 556 1268 592 pars

176 561 347 630 accedere
378 593 505 636 debet,
542 602 611 629 nec
648 602 735 639 pars
773 601 905 637 operae
944 591 1099 637 intellegi
1137 595 1267 637 potest.

177 640 282 675 immo
315 642 352 675 et
379 638 417 674 in
447 648 516 674 usu
542 637 666 674 fructu
697 638 728 674 si
758 641 969 682 quaeratur,
1006 640 1180 683 quantum
1210 636 1269 672 hic

176 685 333 766 ἓὲἑέξὲἑὼ
348 682 1123 776 Ἓξέὸὲωῂὲἒὲἐέἃὲἓίεῒάἓῖῗέῒὲ
1140 682 1269 763 “iffi

175 775 307 821 ipsius,
342 785 389 811 ne
420 774 630 810 dodrantem
663 772 813 809 excedat
842 772 999 819 legatum
1009 773 1034 817 ³,
1066 772 1268 809 necessario

181 824 220 855 ιο
267 819 315 855 ad
338 823 497 856 veterum
521 818 733 855 sententiam
756 817 1005 854 revertendum
1030 822 1095 854 est.
1131 817 1169 853 Si
1188 818 1269 864 quis

176 864 345 902 creditori
367 875 433 901 suo
457 864 554 910 quod
579 864 685 900 debet
708 863 741 899 le
788 864 894 906 verit,
926 867 991 899 aut
1018 863 1143 899 inutile
1170 863 1267 908 lega-

176 916 252 946 tum
274 910 353 952 erit,
377 910 410 946 si
432 909 570 946 nullum
594 919 730 945 commo
756 919 816 944 um
840 908 878 944 in
901 918 944 945 eo
968 908 1178 951 versabitur,
1207 912 1271 943 aut

176 956 207 992 si
240 958 404 1002 (propter
434 954 771 1000 repraesentationis
803 957 892 1000 puta
920 954 1158 998 commodum)
1182 953 1271 989 utile

177 1000 261 1043 erit,
294 1001 354 1037 lex
378 1010 520 1046 quoque
543 999 704 1035 Falcidia
726 999 763 1034 in
786 1009 829 1036 eo
855 999 1040 1035 commodo
1063 999 1183 1036 locum
1204 999 1268 1035 ha-

180 1050 218 1082 11
270 1046 380 1083 bebit.
417 1045 456 1081 Si
478 1045 670 1090 legatarius
694 1045 957 1090 possessionem
980 1048 1134 1081 nanctus
1158 1047 1213 1080 est
1236 1047 1271 1079 et

176 1101 250 1128 non
286 1094 406 1144 potest
440 1090 584 1126 avocari
619 1090 652 1126 ei
683 1100 760 1133 res,
801 1090 884 1135 quia
915 1090 1099 1126 voluntate
1127 1089 1269 1126 heredis

177 1139 328 1172 errantis
358 1140 487 1172 nactus
518 1139 573 1172 est
594 1135 874 1182 possessionem,
907 1135 1051 1171 dabitur
1082 1135 1176 1171 actio
1206 1135 1268 1171 he-

176 1181 270 1224 redi,
311 1185 353 1217 ut
389 1181 426 1217 id
464 1181 559 1227 quod
590 1191 701 1226 supra
732 1180 943 1216 dodrantem
974 1184 1030 1216 est
1061 1179 1234 1216 offeratur
1243 1180 1268 1215 ⁴.

181 1230 221 1263 12
267 1226 452 1263 Interdum
492 1225 694 1261 omnimodo
738 1225 979 1261 necessarium
1022 1229 1076 1261 est
1118 1225 1270 1262 solidum

177 1272 266 1308 solvi
296 1272 467 1317 legatario
498 1271 711 1317 interposita
742 1270 972 1316 stipulatione
1012 1274 1158 1316 ‘quanto
1193 1280 1267 1306 am-

178 1317 299 1364 ‘plius,
338 1327 445 1370 quam
475 1326 540 1362 per
570 1316 683 1362 legem
711 1315 911 1351 Falcidiam
943 1316 1096 1362 ceperit,
1135 1315 1267 1352 reddi’:

176 1362 286 1399 veluti
324 1372 355 1398 si
394 1372 485 1415 quae
517 1371 539 1397 a
595 1361 706 1407 upillo
738 1361 858 1407 legata
890 1361 962 1397 sint
991 1371 1065 1397 non
1096 1361 1271 1398 excedant

176 1407 320 1444 modum
343 1407 430 1452 legis
455 1406 557 1442 Falci
584 1406 593 1414 ⁴
640 1434 649 1450 ‚
674 1416 838 1442 veremur
860 1410 992 1450 autem,
1015 1416 1062 1442 ne
1085 1407 1269 1452 impubere

177 1463 219 1489 eo
242 1455 385 1488 mortuo
406 1452 478 1487 alia
498 1452 617 1497 legata
632 1451 869 1495 inveniantur,
894 1462 987 1497 quae
1006 1451 1270 1488 contributione

176 1498 276 1534 facta
300 1497 474 1534 excedant
498 1497 718 1533 dodrantem.
756 1497 850 1533 idem
874 1496 1004 1533 dicitur
1029 1501 1065 1533 et
1088 1497 1118 1534 si
1136 1497 1269 1544 princi-

176 1543 250 1589 pali
272 1546 487 1579 testamento
512 1542 689 1588 quaedam
712 1542 779 1579 sub
803 1542 1012 1579 condicione
1035 1543 1154 1589 legata
1174 1546 1268 1587 sunt,

176 1599 268 1642 quae
301 1598 348 1624 an
379 1587 578 1624 debeantur
599 1587 776 1624 incertum
801 1591 867 1624 est.
914 1592 950 1624 et
972 1588 1072 1631 ideo,
1105 1588 1137 1624 si
1166 1588 1269 1624 heres

175 1644 253 1670 sine
283 1633 400 1669 iudice
432 1633 569 1669 solvere
598 1637 749 1680 paratus
781 1633 847 1676 sit,
910 1633 1078 1679 rospiciet
1108 1633 1176 1669 sibi
1206 1643 1271 1680 per

181 1682 221 1715 13
270 1679 364 1715 hanc
397 1678 675 1724 stipulationem.
722 1678 780 1722 Id,
814 1689 884 1731 quo
942 1689 986 1714 ex
1017 1679 1271 1715 substitutione

177 1724 364 1760 coheredis
389 1724 436 1760 ad
460 1724 671 1760 coheredem
694 1727 873 1770 per-vemt,
905 1723 1048 1770 proficit
1071 1723 1270 1769 legatariis:

179 1771 206 1807 's
237 1769 332 1806 enim
364 1769 488 1805 similis
521 1773 576 1806 est
605 1769 735 1806 heres⁶
758 1780 803 1805 ex
825 1772 929 1815 parte
950 1779 1060 1816 pure,
1093 1779 1138 1805 ex
1166 1773 1271 1815 parte

177 1814 243 1851 sub
271 1814 482 1851 condicione
505 1815 627 1850 heredi
649 1814 827 1851 instituto.
874 1814 939 1850 sed
962 1824 1015 1858 ea,
1041 1825 1134 1861 quae
1157 1815 1204 1851 ab
1228 1824 1270 1850 eo

178 1860 297 1906 legata
320 1863 422 1903 sunt,
448 1859 504 1895 si⁰
527 1860 686 1897 omiserit
708 1859 960 1903 hereditatem,
992 1871 1066 1897 non
1088 1860 1270 1905 augebun-

178 1910 248 1948 tur,
274 1905 412 1941 scilicet
435 1905 465 1941 si
483 1905 529 1941 ab
550 1916 592 1941 eo
611 1905 821 1942 nominatim
841 1904 927 1941 data
946 1909 1040 1949 sunt,
1065 1916 1138 1942 non
1162 1905 1271 1951 ‘quis-

179 1954 220 1986 14
268 1951 359 1996 ‘quis
390 1949 477 1986 mihi
506 1950 611 1987 heres
643 1950 733 1987 erit'.
781 1950 820 1987 Si
851 1950 1037 1988 coheredis
1061 1950 1130 1988 mei
1151 1951 1270 1997 portio

177 1996 354 2033 exhausta
376 1997 441 2037 sit,
471 2006 551 2032 mea
572 1996 712 2042 integra
735 2000 771 2032 et
793 1996 890 2032 illam
913 1996 1158 2040 vindicavero,
1183 1996 1270 2033 Oas-

176 2042 252 2078 sius
288 2040 559 2077 confundendas
594 2051 674 2078 esse
703 2044 825 2087 partes
858 2041 1056 2085 existimat,
1094 2041 1270 2078 Proculus

177 2089 323 2123 contra:
356 2086 395 2122 in
427 2097 498 2132 qua
530 2087 650 2133 specie
682 2090 718 2122 et
740 2086 901 2123 Iulianus
922 2086 1078 2123 Proculo
1102 2087 1270 2131 adsensit,

201 2141 285 2167 uam
314 2131 527 2167 sententiam
558 2132 837 2177 probabiliorem
869 2141 947 2168 esse
976 2135 1077 2178 puto.
1125 2131 1188 2168 sed
1212 2133 1271 2168 et⁷

203 2177 278 2212 ‘vus
301 2177 508 2212 Antoninus
531 2177 711 2215 iudicasse
734 2177 865 2213 dicitur
888 2177 1168 2214 commiscendas
1192 2187 1271 2213 esse

177 2225 278 2258 utras
304 2231 350 2257 ue
418 2226 514 2258 artes
560 2222 598 2258 in
639 2223 908 2268 computatione
949 2222 1037 2268 legis
1074 2222 1271 2258 Falcidiae.

183 2271 220 2302 15
295 2277 309 2302 ι
343 2277 385 2303 co
414 2266 554 2303 eredem
587 2277 708 2304 meum
739 2271 825 2314 post
862 2267 997 2303 aditam
1037 2267 1271 2304 hereditatem

178 2312 416 2358 adrogavero,
448 2323 522 2348 non
555 2312 798 2355 dubitabitur,
853 2312 915 2349 uin
946 2313 1169 2358 separandae
1200 2313 1272 2349 sint

178 2357 379 2404 portiones,
411 2356 559 2403 perinde
589 2361 699 2405 atque
728 2358 760 2394 si
788 2368 829 2394 co
858 2358 956 2395 eredi
978 2369 1057 2395 meo
1081 2358 1184 2395 heres
1209 2368 1269 2395 ex·

182 2407 222 2438 16
269 2403 450 2439 stitissem.
489 2402 527 2439 Si
549 2403 587 2439 in
610 2413 724 2440 annos
747 2403 906 2456 singulos
923 2403 1082 2449 legatum
1100 2403 1147 2440 sit
1163 2403 1270 2446 Titio,

178 2448 263 2495 quia
297 2448 411 2484 multa
449 2448 567 2494 legata
606 2452 643 2485 et
678 2448 939 2486 condicionalis
974 2452 1077 2492 sunt,
1114 2449 1271 2486 cautioni

178 2494 280 2530 locus
305 2498 358 2529 est
381 2503 474 2546 quae
497 2494 534 2529 in
558 2494 674 2530 edicto
696 2494 913 2541 proponitur
943 2497 1089 2541 ‘quanto
1119 2494 1271 2547 amplius

182 2543 219 2573 17
270 2539 413 2585 ‘accipit
443 2538 567 2576 reddi'.
614 2539 673 2584 Id,
706 2539 802 2586 quod
833 2543 967 2575 natura
995 2539 1186 2576 hereditati
1209 2539 1270 2576 de·

179 2584 289 2620 betur
311 2587 346 2620 et
369 2585 442 2630 peti
466 2584 607 2631 quidem
630 2595 704 2621 non
726 2588 863 2630 potest,
897 2585 1054 2621 solutum
1083 2595 1166 2621 vero
1198 2595 1271 2621 non

179 2629 895 2720 Eiffiffissssni⁰nsei⁵⁸fufissffu¹iuteinffi
912 2630 964 2711 ἓξ
974 2630 1271 2721 {21333322323332

179 2720 432 2772 patrimonium
461 2723 526 2756 aut
548 2731 621 2756 non
645 2731 774 2766 augere
797 2720 976 2757 existimat
999 2724 1035 2756 et
1058 2721 1270 2758 hereditario

179 2775 259 2801 iure
282 2764 319 2800 id
342 2775 484 2811 quoque
508 2766 587 2811 capi
611 2765 763 2812 ideoque
795 2770 831 2802 et
857 2766 896 2802 in
923 2766 1186 2803 restitutionem
1208 2766 1270 2802 he-

184 2812 224 2846 18
271 2809 432 2846 reditatis
464 2815 662 2846 venturum.
720 2811 757 2847 Si
792 2811 931 2848 debitor
968 2810 1135 2847 creditori
1167 2811 1270 2847 heres

181 2854 323 2897 existat,
348 2855 506 2900 quamvis
532 2856 742 2893 confusione
764 2857 947 2900 liberetur,
971 2860 1091 2892 tamen
1112 2856 1271 2902 locuple·

180 2900 306 2936 tiorem
319 2900 552 2936 hereditatem
569 2902 752 2954 percipere
766 2901 916 2944 videtur,
940 2906 981 2936 ut
997 2906 1225 2948 computetur
1241 2902 1273 2938 ei

185 2948 225 2981 19
272 2944 369 2990 quod
393 2945 510 2988 debet,
535 2957 695 2992 quamvis
720 2947 877 2983 aditione
901 2946 1090 2983 confusum
1114 2947 1171 2984 sit.
1215 2946 1270 2983 De

181 2990 343 3036 impensa
366 2991 583 3027 monumenti
607 2992 749 3028 nomine
771 2991 870 3028 facta
899 2992 1101 3038 quaeritur,
1132 3002 1181 3028 an
1210 2991 1271 3028 de-

181 3035 266 3072 duci
294 3035 434 3071 debeat.
481 3040 518 3071 et
541 3036 693 3073 Sabinus
726 3037 779 3073 ita
809 3036 1055 3074 deducendum
1111 3041 1208 3080 utat,
1242 3038 1272 3074 si

182 3079 427 3118 necessarium
451 3080 558 3116 fuerit
582 3086 847 3118 monumentum
871 3086 1045 3118 extruere.
1121 3082 1272 3119 arcellus

182 3126 388 3169 consultus,
412 3136 461 3162 an
484 3125 619 3162 funeris
644 3128 933 3173 monumentique
957 3128 1133 3173 impensa.
1159 3138 1271 3181 quan·

181 3177 255 3207 tam
286 3174 439 3207 testator
469 3170 547 3207 fieri
578 3172 699 3215 iussit,
731 3173 768 3207 in
799 3183 883 3209 aere
912 3172 1027 3209 alieno
1059 3172 1187 3209 deduci
1211 3173 1272 3209 de-

181 3217 283 3258 beat,
316 3215 502 3262 respondit
526 3227 597 3252 non
622 3217 772 3262 amplius
797 3228 839 3254 eo
864 3218 1021 3261 nomine,
1070 3228 1153 3253 uam
1177 3217 1272 3264 quod

183 3262 317 3297 funeris
349 3271 460 3297 causa
491 3266 741 3307 consumptum
772 3267 844 3305 est,
878 3263 1040 3299 deducen
1065 3274 1136 3299 um.
1190 3273 1272 3299 nam

183 3307 271 3349 eius,
295 3306 392 3352 quod
415 3306 453 3342 in
476 3307 734 3343 extructionem
758 3308 977 3344 monumenti
1001 3312 1183 3354 erogatum
1206 3312 1272 3352 est,

183 3351 357 3387 diversam
380 3361 458 3388 esse
478 3361 643 3388 causam:
667 3362 734 3388 nec
754 3352 846 3388 enim
867 3353 919 3389 ita
938 3353 1156 3389 monumenti
1175 3353 1271 3390 aedi-

184 3397 384 3432 ficationem
417 3396 654 3433 necessariam
686 3406 783 3440 esse,
816 3402 857 3432 ut
883 3398 930 3434 sit
951 3398 1061 3434 funus
1085 3408 1128 3434 ac
1153 3398 1271 3444 sepul·

183 3513 222 3549 (ι)
247 3518 355 3551 neque
373 3509 436 3543 del.
522 3510 566 3551 (²)
590 3507 683 3553 faeti]
705 3509 881 3553 requiritur
899 3509 1010 3553 legata
1090 3513 1133 3552 (s)
1158 3511 1270 3545 nedo-

183 3553 334 3587 drantem
347 3553 507 3589 excedant
517 3552 630 3597 legata
638 3554 714 3596 (del.
723 3558 886 3598 quantum
899 3555 940 3587 ad
953 3557 1137 3590 ceterorum
1144 3555 1270 3600 legato·

185 3608 259 3631 rum
270 3598 532 3633 aestimationem
543 3602 604 3633 aut
615 3599 715 3633 etiam
727 3598 829 3634 huius
838 3599 955 3643 ipsius)
968 3613 1029 3635 scr.
1111 3602 1154 3644 (⁴)
1178 3601 1270 3636 aufe-

185 3644 385 3721 ‘gggdffffl
396 3644 601 3727 ,sixtiana
699 3645 754 3733 (9))
769 3644 991 3723 &afflgiar
1003 3689 1040 3724 F
1133 3694 1178 3733 (ο)
1202 3701 1271 3725 e·-

184 3731 281 3765 debet
307 3731 353 3766 5¹
536 3740 543 3770 (
548 3735 595 3773 1⁰)
628 3735 835 3777 requirunt-r
862 3734 965 3768 talia:
1006 3736 1137 3770 tantun
1164 3735 1271 3770 videri

1259 104 1344 154 5⁰8
1535 95 1577 153 ‘2

1082 3647 1127 3688 (ο)
1150 3645 1192 3690 ni]
1211 3645 1271 3690 qui
1338 3643 1381 3678 ad
1397 3657 1462 3680 scr.

1474 22 1545 91 ’ὃ

2173 118 2237 151 ΑΒ
2267 119 2416 151 LEGEM

1333 233 1426 266 tura.
1471 229 1607 267 idcirco
1633 240 1735 284 eum,
1767 229 1827 266 cui
1874 228 2003 283 ecunia
2025 229 2072 266 ad
2094 228 2320 266 faciendum·
2342 242 2415 267 mo-

1335 275 1684 373 ηυέιῗέιιῐῑὲειῗῗῖῑΐ
1697 274 1985 373 ἱῗὺινῖοῈυίὲἒιῃιῃῃὲ
2007 284 2416 367 {tsczfflmuiqestmm

1334 364 1412 401 Nec
1436 364 1588 418 amphus
1611 364 1876 402 concedendum
1901 369 1984 408 erit,
2017 374 2123 410 quain
2145 365 2242 411 quod
2264 365 2420 403 sufficiat

1336 410 1383 446 ad
1406 419 1561 456 speciem
1583 410 1759 447 modicam
1780 410 2011 447 monumenti.

1382 452 1407 494 3
1450 454 1609 492 Parva
1642 454 1734 492 libro
1773 455 1956 503 sinqulari
1990 454 2041 490 ad
2076 454 2189 502 leqem
2219 455 2417 493 Falcidiam

1337 500 1376 536 Si
1404 500 1508 536 heres
1542 499 1726 537 institutus
1757 510 1835 537 eam
1868 499 2102 536 hereditatem
2131 510 2223 546 quae
2252 501 2418 538 solvendo

1336 555 1409 582 non
1440 549 1496 582 est
1525 545 1739 589 vendiderit,
1776 545 1836 582 vix
1875 545 2017 591 quidem
2076 545 2183 581 oterit
2215 546 2418 591 persuaderi

1336 601 1409 627 non
1432 590 1543 626 fuisse
1566 600 1644 627 eam
1662 590 1894 628 hmditatem
1913 556 2094 634 solvemfi'),
2118 600 2211 636 quae
2228 595 2418 637 emptorem

1335 635 1527 672 invenerit:
1558 646 1644 672 vera
1670 639 1790 672 autem
1819 636 1959 672 ratione
1988 636 2076 672 nihil
2103 635 2282 681 legatariis
2314 637 2416 673 debe-

1336 680 1445 725 bitur,
1471 681 1554 734 quia
1577 681 1688 727 magis
1712 691 1757 717 ex
1775 681 1927 718 stultitia
1946 682 2116 727 emptoris
2135 681 2267 718 habere
2283 681 2419 719 videtur

1336 725 1440 762 heres
1472 726 1655 763 institutus
1684 736 1791 773 quam
1822 737 1867 762 ex
1896 726 1998 763 bonis
2022 725 2191 763 defuncti.
2237 737 2320 762 nam
2343 731 2380 763 et
2404 739 2422 763 e

1338 771 1517 824 contrario
1557 771 1588 808 si
1621 771 1715 825 maie
1747 771 1945 824 vendiderit
1973 781 2031 808 res
2061 771 2312 824 hereditarias,
2350 783 2423 809 non

1337 816 2094 915 {fiiuffiittt‘ffat‘iffieiiifflfflz
2116 820 2174 898 ἐξ
2197 827 2421 899 iamim-{iffi

1341 911 1355 942 1
1405 906 1507 942 verit.
1545 906 1616 944 Sed
1639 911 1675 944 et
1698 908 1729 944 si
1751 918 1782 943 is
1806 917 1867 953 qm
1889 906 2059 943 solvendo
2083 917 2156 943 non
2179 911 2235 943 est
2255 907 2424 954 legaverit

1339 955 1375 987 et
1397 952 1501 988 heres
1525 962 1607 989 cum
1629 952 1865 989 creditoribus
1890 951 2079 994 deciderit,
2107 962 2153 988 ne
2176 952 2329 989 solidum
2353 954 2422 989 sol-

1338 1001 1454 1040 veret,
1488 1002 1525 1033 et
1555 998 1601 1034 ob
1634 1007 1711 1034 eam
1735 997 1950 1033 decisionem
1971 996 2108 1032 factum
2131 997 2196 1040 sit,
2227 1001 2269 1033 ut
2291 998 2423 1044 aliquid

1338 1043 1517 1087 retineret,
1541 1042 1629 1079 nihil
1650 1047 1770 1079 tamen
1792 1041 1973 1088 legatariis
1997 1041 2210 1086 debiturum,
2240 1044 2324 1088 quia
2346 1054 2422 1079 eam

1337 1088 1525 1135 pecuniam
1548 1099 1622 1124 non
1644 1099 1690 1125 ex
1711 1088 1920 1131 hereditate,
1948 1087 2012 1123 sed
2035 1097 2080 1123 ex
2102 1086 2281 1124 decisione
2303 1089 2420 1126 habet

1339 1137 1358 1168 2
1405 1133 1496 1169 Item
1527 1134 1558 1169 si
1588 1134 1640 1169 rei
1668 1133 1836 1180 publicae
1866 1132 1904 1168 in
1934 1143 2048 1169 annos
2079 1133 2107 1169 s‘
2196 1143 2237 1169 os
2270 1134 2423 1180 legatum

1339 1179 1396 1222 sit,
1421 1189 1503 1215 cum
1527 1178 1572 1215 de
1594 1178 1671 1224 lege
1694 1178 1858 1214 Falcidia
1881 1182 2083 1224 quaeratur,
2190 1178 2298 1215 celius
2321 1184 2426 1226 putat

1338 1227 1478 1260 tantum
1507 1224 1619 1260 videri
1646 1224 1820 1277 legatum,
1859 1227 2034 1269 quantum
2068 1223 2226 1259 sufficiat
2260 1225 2350 1261 sorti
2379 1225 2425 1262 ad

1338 1280 1466 1350 usuidas
1490 1270 1635 1306 trientes
1660 1280 1736 1306 eius
1759 1278 1936 1311 summae,
1967 1278 2059 1315 quae
2081 1269 2201 1315 legata
2224 1274 2294 1313 est,
2325 1271 2423 1306 eolli-

1361 1325 1405 1350 en
1431 1325 1472 1351 as
1486 1317 1524 1351 ¹⁰.

1337 1325 1361 1361 g
1385 1359 1410 1397 4
1448 1359 1696 1397 ΡΑΡΙΜΑΝυε
1726 1360 1819 1397 libro
1856 1363 1963 1396 sexto
2002 1359 2139 1396 decimo
2202 1362 2424 1397 uaestionum

1339 1405 1467 1441 Fundo
1498 1405 1618 1451 legato
1650 1405 1736 1440 mihi
1767 1405 1834 1441 sub
1866 1404 2075 1441 condicione
2108 1415 2180 1451 pen
2206 1410 2287 1442 ente
2319 1406 2424 1453 legati

1339 1451 1547 1487 condicione
1569 1451 1673 1487 heres
1696 1460 1753 1486 me
1774 1450 1941 1486 heredem
1963 1450 2118 1486 instituit
2146 1460 2190 1486 ac
2245 1455 2345 1488 ostea
2375 1452 2425 1489 le-

1338 1496 1412 1549 gati
1430 1496 1591 1532 condicio
1614 1496 1758 1532 exstitit.
1790 1496 1829 1531 in
1845 1494 2028 1532 Falcidiae
2047 1495 2186 1532 ratione
2270 1496 2335 1533 dus
2354 1508 2426 1533 non

1338 1551 1416 1577 iure
1438 1541 1666 1585 hereditario,
1691 1541 1754 1578 sed
1777 1541 1886 1587 legati
1908 1551 2007 1578 meus
2031 1550 2109 1577 esse
2131 1541 2356 1587 intellegitur.

1385 1585 1409 1625 5
1425 1588 1451 1609 ¹¹
1474 1586 1581 1623 1021
1608 1587 1699 1623 libro
1723 1591 1848 1623 octavo
1870 1596 2124 1634 responsorum
2170 1586 2298 1623 Verbis
2321 1587 2427 1634 legati

1338 1632 1396 1669 vel
1417 1631 1681 1669 fideicommissi
1710 1632 2012 1685 non-necessarie
2043 1630 2179 1685 civitati
2206 1632 2427 1679 relinquitur,

1339 1677 1516 1769 ἓιὲζῗιὲζῑ
1540 1687 1653 1758 Ξὲἓῗέ
1672 1677 2426 1775 33ἓῶωὲξίζὲὧῖἷθῗιῗέιῃῗιῗῗέἓωῗὲῖζ

1337 1767 2330 1866 fflffimuffiitffiufssffissfflffiiffl'ffffiieiuffi
2341 1780 2426 1851 0¹35?

1340 1858 1432 1895 dicio
1464 1859 1621 1904 legatum
1650 1858 1791 1902 fecerit,
1823 1869 1896 1894 non
1924 1858 2088 1895 utilitatis
2115 1859 2332 1903 aestimatio,
2365 1860 2426 1897 sed

1338 1907 1454 1940 totum
1476 1907 1621 1951 petetur
1644 1903 1741 1951 quod
1765 1904 1888 1940 datum
1912 1907 1977 1940 est.
2011 1914 2079 1940 nec
2102 1904 2133 1940 si
2156 1904 2234 1940 vivo
2254 1908 2427 1942 testatore

1340 1949 1415 1986 dies
1438 1950 1575 1986 venerit
1598 1954 1663 1986 aut
1687 1949 1848 1986 condicio
1873 1948 1982 1985 fuerit
2003 1949 2166 1995 impleta,
2190 1949 2253 1986 fiet
2274 1950 2426 1994 irritum,

1340 1995 1437 2041 quod
1460 1995 1569 2031 semel
1592 1996 1762 2042 competit
1774 1996 1813 2031 ¹².

1386 2038 1411 2078 6
1451 2041 1679 2077 szvnws
1714 2041 1805 2077 libro
1840 2041 1945 2076 tertio
1981 2039 2116 2076 decimo
2154 2040 2425 2088 stipulationum

1342 2085 1381 2122 Si
1403 2086 1455 2122 vir
1477 2086 1581 2122 uxori
1603 2086 1707 2122 heres
1732 2085 1907 2122 exstiterit
1938 2088 1974 2122 et
2003 2085 2041 2121 in
2070 2084 2178 2121 funus
2202 2085 2278 2122 eius
2300 2086 2338 2122 in
2385 2099 2425 2123 n-

1340 2131 1448 2174 derit,
1488 2142 1562 2167 non
1599 2131 1776 2167 videbitur
1811 2134 1927 2167 totum
1958 2131 2061 2176 quasi
2090 2131 2193 2167 heres
2224 2131 2332 2178 inpen
2357 2142 2426 2177 ere,

1339 2175 1404 2212 sed
1427 2176 1580 2213 deducto
1605 2187 1646 2213 eo
1683 2176 1779 2222 quod
1803 2177 1905 2222 quasi
1930 2176 2021 2212 dotis
2045 2176 2187 2213 nomine
2210 2187 2314 2223 quam
2337 2178 2426 2214 lucri

1338 2221 1427 2257 facit
1451 2221 1613 2258 conferre
1661 2222 1810 2258 ebuerit.

1387 2265 1411 2305 7
1443 2267 1691 2303 Pammazws
1723 2267 1814 2304 libro
1848 2267 1999 2313 septimo
2031 2267 2278 2313 quaestionum
2331 2267 2427 2315 Lege

1339 2312 1502 2349 Falcidia
1525 2312 1779 2349 interveniente
1801 2312 1920 2358 legata
1943 2311 2105 2355 servitus,
2130 2313 2297 2358 quoniam
2319 2313 2427 2350 dividi

1339 2368 1412 2394 non
1442 2361 1579 2404 potest,
1611 2368 1684 2393 non
1717 2357 1821 2394 aliter
1850 2358 1888 2393 in
1919 2357 2071 2393 solidum
2100 2357 2327 2401 restituetur,
2358 2359 2427 2395 nisi

1339 2402 1452 2449 partis
1477 2403 1648 2439 offeratur
1670 2402 1883 2439 aestimatio.

1386 2445 1410 2486 8
1435 2448 1543 2486 IDEM
1556 2449 1648 2485 libro
1665 2452 1796 2496 quarto
1816 2447 1952 2485 decimo
1970 2449 2219 2494 quaestionum
2253 2448 2295 2484 In
2314 2449 2424 2502 legem

1339 2493 1538 2530 Falcidiam
1569 2493 1661 2529 aeris
1693 2493 1800 2529 alieni
1826 2493 2000 2530 rationem
2023 2493 2060 2528 in
2083 2492 2277 2530 hereditate
2300 2495 2425 2538 rehcti,

1340 2539 1436 2620 qulod
1459 2549 1637 2621 ἐιιιέιεδξκ
1666 2538 1854 2575 heredibus
1883 2538 2018 2574 solvere
2043 2538 2231 2574 damnatus
2255 2539 2317 2582 sit,
2349 2540 2425 2586 ipse

1485 2594 1507 2620 a
1534 2595 1553 2620 e
1578 2596 1590 2620 i
1608 2611 1617 2620 .

1339 2595 1543 2668 8οξιὶωΙιηωι(
1566 2629 1657 2666 libro
1689 2640 1785 2665 nono
1816 2629 1952 2665 decimo
1983 2629 2232 2675 quaestionum
2276 2629 2318 2664 In
2341 2629 2423 2666 Fal·

1339 2674 1432 2711 cidia
1454 2675 1608 2721 placuit,
1633 2678 1674 2711 ut
1696 2674 1836 2710 fructus
1859 2679 1986 2720 postea
2008 2673 2168 2719 percepti
2212 2674 2273 2720 qui
2295 2676 2424 2711 maturi

1340 2720 1464 2756 mortis
1495 2725 1565 2756 tem
1593 2731 1655 2756 ore
1685 2720 1849 2764 fuerunt,
1889 2723 2044 2765 augeant
2075 2718 2160 2754 here
2187 2719 2282 2755 'tatis
2317 2721 2423 2756 aesti-

1340 2766 1531 2802 mationem
1554 2732 1656 2801 fi'mdi
1680 2765 1837 2808 nomine,
1870 2765 1932 2811 qui
1960 2764 2099 2800 videtur
2121 2764 2182 2800 illo
2205 2764 2244 2800 in
2266 2769 2424 2811 tempore

1345 2815 1357 2847 1
1406 2811 1519 2847 fuisse
1533 2811 1734 2863 pretiosior.
1767 2810 1872 2846 Circa
1887 2814 2042 2846 ventrem
2057 2809 2208 2845 ancillae
2220 2810 2320 2846 nulla
2335 2815 2423 2846 tem-

1340 2857 1437 2902 poris
1461 2856 1616 2892 admissa
1639 2855 1818 2892 distinctio
1843 2860 1898 2892 est
1921 2865 1987 2891 nec
2010 2854 2202 2898 immerito,
2234 2855 2318 2908 quia
2339 2866 2423 2901 par-

1341 2907 1399 2938 tus
1422 2901 1580 2937 nondum
1604 2901 1718 2937 editus
1743 2901 1848 2936 homo
1873 2911 1945 2936 non
1967 2904 2066 2937 recte
2087 2899 2197 2936 fuisse
2220 2900 2359 2936 dicitur.

1389 2945 1439 2985 10
1463 2946 1570 2983 IDEM
1589 2947 1680 2983 libro
1704 2946 1869 2982 vicesimo
1893 2946 2142 2993 quaestionum
2188 2944 2291 2990 Quod
2314 2956 2424 2991 supra

1363 2991 1733 3044 uadrantemppudffl
1757 2991 1921 3044 heredem
1943 2995 2063 3057 potest
2083 2990 2283 3036 pervenire,
2314 3001 2424 3037 supra

1340 3037 1565 3126 ἁξιῗδῖἑῗιῖἰ
1577 3037 2016 3134 ιζετξὲξῖἒῖᾞιρῗὶιεῗᾞιὶῃ
2023 3036 2424 3133 ἱοτιιΐῗὲμῗὶιέῗιςῗιιιιιῗεθὲἳῖ

1341 3127 1554 3164 exheredato
1603 3126 1641 3163 ui
1662 3131 1757 3172 patri
1778 3126 1905 3172 pupilli
1927 3127 2028 3162 heres
2052 3129 2197 3162 exstitit.

1389 3171 1437 3211 11
1464 3171 1572 3208 loru
1605 3172 1681 3208 ibro
1706 3173 1869 3209 vicesimo
1892 3182 1987 3207 nono
2011 3171 2258 3217 quaestionum
2298 3172 2342 3208 ln
2363 3182 2420 3208 ra-

1341 3218 1437 3254 tione
1460 3217 1546 3263 legis
1570 3216 1754 3254 Falcidiae
1781 3217 1994 3253 retentiones
2025 3215 2139 3252 omnis
2168 3216 2335 3262 temporis
2359 3217 2421 3253 he-

1345 3267 1357 3298 ι
1407 3262 1482 3299 redi
1513 3262 1551 3298 in
1607 3262 1817 3299 uadrantem
1846 3261 2092 3314 imputantur„
2131 3260 2174 3313 Si
2200 3271 2323 3314 servus
2354 3262 2422 3299 sub

1340 3307 1548 3344 condicione
1570 3307 1596 3343 li
1623 3312 1737 3343 ertate
1760 3306 1846 3343 data
1867 3310 1940 3343 vita
1959 3306 2121 3349 decessit,
2146 3317 2176 3342 si
2195 3306 2336 3352 quidem
2355 3306 2420 3342 im-

1363 3353 1436 3389 leta
1458 3352 1621 3389 condicio
1644 3351 1896 3398 quandoque¹·
1917 3351 2043 3405 fuerit,
2076 3351 2196 3387 heredi
2226 3362 2299 3387 non
2326 3351 2421 3388 vide-

1339 3365 1437 3433 Bitur
1459 3397 1612 3443 perisse:
1643 3397 1739 3443 quod
1762 3397 1793 3433 si
1816 3396 2000 3438 defecerit,
2029 3407 2067 3432 in
2090 3396 2307 3433 contrarium
2329 3397 2420 3433 ratio

1338 3510 1484 3554 legatum
1507 3511 1620 3554 sortis,
1654 3513 1816 3554 quantum
1846 3510 1991 3543 sufficiat
2015 3511 2057 3544 ad
2083 3521 2199 3544 usuras
2226 3511 2362 3545 triente·
2389 3511 2420 3545 ei

1344 3565 1490 3589 summae
1507 3566 1592 3599 quae
1613 3555 1723 3599 legata
1741 3557 1790 3588 est
1807 3554 2014 3599 colligendae
2158 3558 2212 3598 (ιι)
2236 3569 2254 3591 c
2271 3580 2279 3589 .
2292 3556 2372 3590 Inst.
2387 3557 2419 3598 2,

1339 3608 1433 3643 20,u
1522 3602 1581 3643 (ιι)
1606 3600 1756 3635 constitit
1767 3613 1836 3634 cum
1845 3601 1924 3635 [πει.
1938 3614 2000 3635 ιον.
2089 3606 2147 3644 (1³)
2171 3611 2237 3644 spu
2259 3599 2419 3644 Jalinnde

1402 3689 1468 3724 did
1502 3690 1553 3725 F·
1600 3646 1658 3689 (u)
1682 3644 1826 3688 lentam
1843 3646 1994 3680 Cuiacius
2138 3647 2196 3687 (¹5)
2222 3645 2421 3689 quandoque

1338 3699 1400 3723 oon
1468 3700 1490 3724 ο
