2528 3918
1167 152 1316 194 XXXI
1945 164 2087 195 INDEX
2116 162 2359 194 Auc'roauu

1111 302 1116 309 .
1143 274 1187 308 de
1211 274 1329 308 officio
1354 274 1580 319 proconsulis
1605 273 1731 317 βιβλία
1754 277 1913 322 τέσσαρα

1110 348 1116 354 .
1144 319 1187 353 (16
1210 319 1334 363 poenis
1358 329 1579 398 paffanorum
1602 317 1748 363 βιβλίον
1773 322 1812 352 ἔν

1113 393 1119 400 .
1147 364 1315 409 publicon
1340 368 1407 408 βιβ
1429 368 1467 398 ία
1490 368 1574 411 τρία

1145 409 1188 444 (16
1211 409 1409 445 interdictis
1433 408 1559 454 βιβλία
1586 409 1624 448 ἕξ

1113 483 1121 490 .
1146 455 1382 498 quaestionon
1407 453 1534 499 βιβλία
1558 452 1655 488 ὀκτώ

1111 527 1117 534 .
1144 499 1188 535 (16
1213 500 1386 534 castrensi
1411 499 1551 545 peculio
1575 499 1722 544 βιβλίον
1747 503 1787 533 ἓν

1113 573 1120 580 .
1147 546 1429 579 constitutionon
1453 544 1580 589 βιβλία
1604 545 1713 578 εἴκοσι

1113 617 1121 626 .
1147 591 1193 624 ad
1218 590 1370 624 edietum
1395 589 1521 635 βιβλία
1546 587 1765 636 ὀγδοήκοντα
1792 596 1873 635 τρία

1145 636 1190 670 ad
1215 635 1383 670 Sabinum
1410 635 1537 680 βιβλία
1561 636 1788 680 πεντήκοντα
1814 639 1852 670 ἕν

1113 709 1119 715 .
1146 681 1191 715 ad
1217 681 1312 724 leges
1336 681 1463 724 βιβλιά
1488 681 1597 714 εἴκοσι

1115 754 1122 761 .
1148 726 1419 770 disputationon
1442 724 1570 771 βιβλία
1594 724 1679 759 δέκα

1144 771 1427 816 protribonalion
1450 770 1578 815 βιβλία
1603 769 1688 805 δέκα

1112 844 1119 851 .
1145 817 1189 851 (16
1214 816 1333 850 officio
1358 817 1583 861 proconsulis
1607 816 1733 862 βιβλία
1759 816 1844 851 δέκα

1112 889 1120 897 .
1145 859 1350 896 πανὸἐκτου
1373 861 1500 906 βιβλία
1525 860 1612 896 δέκα

1110 934 1119 942 .
1143 907 1343 950 regularion
1367 906 1494 951 βιβλία
1519 905 1611 941 ἑπτά

1111 980 1119 987 .
1144 952 1444 1005 fideicommisson
1467 951 1594 997 βιβλία
1618 952 1658 993 ἕξ

1112 1025 1119 1077 1
1145 997 1555 1088 ἓὲιῐὲιὲἓιῗὲήξέβὲἷὲλῗξ
1575 1046 1685 1078 πέντε

1113 1115 1121 1123 .
1147 1088 1191 1123 (16
1215 1088 1516 1132 appellationibus
1540 1087 1667 1132 βιβλία
1692 1093 1849 1137 τέσσαρα

1112 1161 1119 1168 .
1146 1133 1190 1167 (16
1214 1133 1333 1168 officio
1358 1134 1515 1169 consulis
1539 1133 1666 1178 βιβλία
1690 1139 1773 1182 τρία

1111 1206 1119 1214 .
1144 1179 1332 1213 instituton
1358 1178 1485 1224 βιβλία
1511 1178 1575 1213 δύο

1113 1251 1119 1258 .
1147 1224 1349 1269 regularion
1373 1223 1519 1269 βιβλίον
1543 1226 1583 1258 ἓν

1114 1296 1121 1304 .
1147 1269 1191 1303 (16
1216 1270 1381 1305 censibus
1406 1274 1446 1314 βι
1475 1269 1534 1304 λία
1558 1270 1597 1311 ἕξ

1113 1342 1120 1349 .
1145 1324 1343 1359 responson
1367 1318 1435 1360 βιβ
1459 1319 1495 1349 ία
1520 1313 1585 1349 δύο

1204 1361 1273 1393 Τοῦ
1297 1357 1409 1394 αὐτοῦ
1433 1359 1639 1406 μονόβιβλα

1111 1432 1118 1439 .
1144 1405 1189 1440 (16
1212 1406 1441 1449 sponsalibus

1112 1478 1119 1485 .
1146 1450 1190 1485 de
1213 1450 1334 1485 officio
1359 1451 1532 1496 praefecti
1556 1451 1635 1486 urbi

1114 1522 1121 1530 .
1147 1496 1192 1530 de
1216 1495 1335 1531 officio
1359 1497 1532 1541 praefecti
1555 1496 1696 1540 vigilum

1066 1544 1120 1576 21.
1146 1541 1191 1576 de
1215 1541 1334 1576 officio
1360 1542 1535 1577 curatoris
1561 1542 1610 1577 rei
1635 1542 1802 1587 publicae

1065 1589 1120 1621 22.
1146 1586 1190 1621 de
1214 1586 1334 1621 officio
1359 1589 1560 1632 praetoris¹
1585 1588 1748 1623 tutelaris

1065 1635 1119 1666 23.
1147 1632 1191 1666 de
1216 1631 1335 1667 officio
1361 1632 1563 1677 quaestoris

1146 1677 1191 1711 ad
1218 1677 1371 1712 edictum
1395 1677 1522 1722 βιβλία
1546 1675 1768 1724 ὀγδοήκοντα

1147 1723 1382 1766 quaestionon
1406 1727 1446 1767 βι
1475 1722 1533 1757 λία
1558 1723 1669 1757 εἴκοσι
1693 1722 1733 1762 ἕξ

1114 1795 1121 1802 .
1146 1778 1344 1812 responson
1368 1772 1435 1813 βιβ
1458 1772 1496 1802 ία
1520 1769 1631 1801 εἴκοσι
1654 1772 1739 1816 τρία

1114 1840 1122 1848 .
1149 1813 1298 1848 brebion
1321 1812 1448 1858 βιβλία
1473 1815 1583 1847 εἴκοσι
1607 1816 1691 1861 τρία

1116 1885 1123 1893 .
1148 1858 1194 1892 ad
1220 1858 1400 1893 Plautium
1424 1858 1551 1904 βιβλία
1577 1857 1761 1893 δεκαοκτώ

1115 1930 1122 1938 .
1150 1903 1196 1938 ad
1221 1904 1392 1939 Sabinum
1415 1903 1542 1949 βιβλία
1567 1902 1694 1945 δεκαέξ

1142 1947 1188 1983 ad
1213 1949 1306 1993 leges
1330 1948 1458 1994 βιβλία
1483 1947 1568 1983 δέκα

1112 2021 1120 2029 .
1145 1994 1348 2037 regularion
1371 1993 1498 2039 βιβλία
1522 1994 1616 2030 ἑπτά

1113 2066 1121 2074 .
1147 2040 1349 2083 regularion
1373 2039 1520 2084 βιβλίον
1543 2040 1609 2073 8122

1115 2111 1123 2119 .
1149 2085 1351 2120 sentention
1375 2084 1454 2129 ἦτοι
1477 2085 1600 2120 facton
1624 2084 1751 2131 βιβλία
1775 2086 1814 2125 ἕξ

1115 2156 1122 2164 .
1149 2130 1350 2165 sentention
1374 2130 1501 2175 βιβλία
1525 2133 1635 2166 πέντε

1115 2202 1123 2210 .
1150 2174 1196 2209 ad
1218 2175 1401 2210 Vitellium
1423 2174 1550 2220 βιβλία
1573 2178 1734 2221 τέσσαρα

1115 2248 1122 2255 .
1148 2219 1194 2254 ad
1218 2220 1403 2256 Neratium
1428 2220 1555 2265 βιβλία
1577 2224 1738 2268 τέσσαρα

1114 2293 1121 2300 .
1148 2265 1447 2301 fideicommisson
1469 2264 1598 2311 βιβλία
1622 2270 1705 2314 τρία

1115 2339 1121 2346 .
1148 2310 1317 2346 decreton
1341 2310 1469 2356 βιβλία
1493 2326 1514 2346 τ
1540 2315 1578 2345 ία

1114 2383 1121 2391 .
1148 2355 1192 2390 (16
1215 2355 1400 2392 adulteriis
1424 2360 1463 2401 βι
1493 2355 1554 2391 λια
1578 2360 1660 2404 τρία

1113 2428 1120 2436 .
1146 2401 1364 2436 manualium
1389 2405 1455 2446 βιβ
1479 2405 1514 2435 ία
1538 2405 1623 2450 τρία

1114 2473 1122 2481 .
1147 2446 1336 2482 institutori
1360 2446 1487 2491 βιβλία
1512 2445 1576 2481 δύο

1114 2518 1122 2527 .
1148 2491 1192 2527 (16
1217 2491 1337 2528 officio
1362 2492 1586 2537 proconsulis
1638 2491 1737 2537 ιβλία
1761 2490 1825 2526 δύο

1115 2564 1122 2572 .
1148 2536 1194 2571 ad
1219 2537 1330 2582 legem
1354 2538 1505 2572 Iuliam³
1529 2541 1596 2582 βιβ
1619 2541 1656 2571 ία
1681 2535 1744 2571 δύο
1860 2574 1873 2578 ,

1067 2585 1122 2617 21.
1147 2581 1194 2617 ad
1218 2582 1329 2627 legem
1355 2583 1490 2617 Aeliam
1516 2582 1671 2617 Sentiam
1696 2581 1821 2627 βιβλία
1843 2595 1868 2630 y

1069 2630 1123 2662 22.
1150 2626 1194 2662 de
1217 2627 1295 2662 iure
1320 2628 1395 2663 fisci
1421 2626 1546 2672 βιβλία
1573 2626 1637 2661 δύο

1070 2675 1125 2708 23.
1150 2673 1351 2717 regularion
1376 2671 1523 2717 βιβλίον
1546 2673 1611 2706 ἔν2

1067 2720 1122 2752 24.
1149 2717 1192 2753 (16
1217 2718 1381 2753 censibus
1405 2716 1531 2762 βιβλία
1557 2715 1621 2752 δύο

1209 2763 1277 2796 Τοῦ
1302 2760 1412 2797 αὐτοῦ
1436 2761 1640 2806 μονόβιβλα

1070 2811 1125 2843 25.
1151 2807 1194 2842 de
1218 2807 1342 2853 poenis
1366 2818 1588 2852 paganorum

1069 2855 1124 2887 26.
1150 2852 1193 2887 de
1217 2853 1341 2897 poenis
1365 2853 1515 2886 militum

1071 2900 1126 2932 27.
1151 2897 1195 2932 de
1219 2898 1343 2942 poenis
1368 2898 1523 2933 omnium
1547 2897 1663 2942 legum

1071 2945 1126 2977 28.
1151 2942 1195 2976 de
1219 2943 1337 2976 usuris

1071 2990 1125 3022 29.
1151 2987 1194 3022 de
1217 2987 1385 3040 gradibus
1410 2990 1446 3022 et
1469 2987 1648 3023 adfinibus

1073 3035 1125 3067 30.
1153 3032 1196 3066 de
1218 3043 1296 3066 lure
1321 3032 1564 3067 codicillorum

1070 3081 1124 3112 31.
1151 3077 1195 3111 de
1219 3077 1510 3112 excusationibus
1535 3077 1728 3112 tutelarum

1070 3125 1126 3157 32.
1151 3122 1197 3157 ad
1220 3122 1377 3166 regulam
1403 3123 1635 3157 Catonianam

1071 3170 1125 3202 33.
1151 3167 1197 3202 ad
1220 3171 1366 3203 senatus
1392 3167 1594 3202 consultum
1619 3167 1830 3203 Orfitianum

1071 3216 1125 3248 34.
1151 3213 1197 3247 ad
1221 3216 1365 3247 senatus
1390 3212 1591 3247 consultum
1616 3212 1874 3258 Tertyllianum

1072 3261 1125 3293 35.
1152 3257 1198 3292 ad
1222 3262 1367 3292 senatus
1394 3257 1594 3292 consultum
1620 3257 1840 3293 Silanianum

1069 3306 1123 3338 36.
1149 3303 1195 3337 ad
1218 3307 1363 3337 senatus
1389 3302 1590 3337 consultum
1614 3303 1833 3338 Belleianum

1071 3351 1124 3383 37.
1150 3347 1196 3382 ad
1220 3351 1365 3382 senatus
1391 3348 1590 3382 consultum
1617 3348 1854 3383 Libonianum
1878 3359 1942 3384 seu
1966 3348 2203 3385 Claudianum

1071 3396 1125 3428 38.
1151 3392 1194 3427 de
1219 3392 1336 3427 officio
1361 3392 1534 3436 praefecti
1556 3393 1699 3437 vigilum

1071 3441 1124 3472 39.
1152 3438 1195 3472 (16
1220 3437 1338 3472 officio
1363 3437 1534 3481 praefecti
1559 3437 1639 3473 urbi

1070 3486 1125 3518 40.
1151 3483 1194 3516 (16
1219 3482 1337 3516 officio
1363 3482 1537 3526 praetoris
1562 3483 1725 3518 tutelaris

1069 3531 1125 3562 41.
1151 3527 1195 3562 (16
1218 3526 1509 3564 extraordinariis
1534 3528 1739 3565 criminibus

1071 3575 1124 3607 42.
1149 3568 1384 3618 ὑποθηκάρια

1071 3621 1126 3652 43.
1151 3616 1197 3650 ad
1220 3616 1468 3661 municipalem

1071 3665 1127 3697 44.
1153 3661 1197 3697 de
1219 3661 1373 3706 publicis
1395 3661 1534 3698 iudiciis

289 459 401 494 xxu.
435 457 691 506 ἰἐρτυλιιαιοῡ

271 549 401 583 ΧΧΙΙΙ.
427 546 582 581 Ἰούστου

257 594 399 628 XXJHI.
430 593 634 627 Ηύλπιανοῦ

1068 1002 1082 1351 υ-ομ-ὴμ--ι--μ-ι-ι-

1086 278 1118 1349 dmwhww-ezooesslvzy‘nwge—-N—‚20¹⁴-20⁵

1067 1410 1084 1530 :ev——

1087 1408 1109 1530 0²0oe

294 1677 407 1714 XXV.
433 1677 577 1712 Παύλου

1068 2089 1087 2571 Μ’·*β-ὸν--ύ--ι-ιμ-υα

1084 1680 1120 2571 οιεοοκιστυνι-ωιψι-οιοσογῑωυιρωμς-

1282 3737 1351 3740 ααααα
1599 3740 1637 3743 -
2317 3732 2352 3742 .-

128 3773 166 3812 (1)
189 3774 349 3813 praetoris
364 3773 396 3805 F
479 3776 523 3816 (2)
547 3776 655 3808 titulus
667 3787 697 3807 n.
712 3783 739 3808 9.
754 3782 788 3808 23
803 3777 885 3809 male
898 3776 946 3808 bis
958 3777 1110 3819 rapeeicus
1117 3783 1293 3818 praeterea
1306 3775 1462 3810 collocari
1473 3778 1581 3810 debuit
1593 3779 1676 3811 ineer-
1687 3775 1892 3823 μονόβιβλα
1986 3778 2028 3817 (a)
2053 3775 2183 3808 inuiam
2195 3773 2249 3807 F’
