2528 3918
465 467 735 520 DOMINI
775 465 1051 517 NOSTRI
1093 466 1622 518 SAORATISSIMI
1663 466 2036 517 PRINCIPIS

910 577 1595 652 IUSTINIANI

600 736 725 773 IURIS
750 736 1032 773 ENUCLEATI
1056 735 1124 770 EX
1148 734 1272 771 OMNI
1298 735 1498 771 VETERE
1524 734 1641 771 IURE
1668 735 1907 771 COLLECTI

278 837 1019 915 DIGESTORUM
1091 835 1294 910 SEU
1366 836 2230 910 PANDEOTARUM

1031 992 1473 1043 LIBERPRLMUS.

645 1135 698 1173 1¹.

417 1203 478 1234 DE
505 1201 702 1234 IUSTITIA
726 1200 785 1233 ET
811 1200 932 1232 IURE.

182 1268 227 1305 l²
258 1267 452 1304 ULPJANUS
473 1269 563 1304 libro
581 1268 704 1314 primo
731 1267 992 1302 institutionum
1039 1266 1113 1301 Iuri
1133 1276 1217 1310 ope-

129 1324 204 1349 ram
229 1313 395 1348 daturum
418 1314 515 1359 prius
540 1323 645 1349 nosse
669 1316 828 1357 oportet,
861 1311 955 1347 unde
980 1321 1108 1346 nomen
1132 1311 1218 1346 iuris

129 1358 334 1394 descendat.
361 1362 415 1394 est
427 1363 546 1394 autem
558 1369 579 1393 a
591 1358 725 1393 iustitia
738 1358 973 1403 appellatum:
988 1367 1081 1399 nam,
1095 1359 1136 1392 ut
1149 1356 1217 1392 ele-

135 1407 146 1439 1
196 1407 322 1448 ganter
335 1403 457 1440 Celsus
471 1403 605 1447 definit,
617 1404 673 1439 ius
686 1406 739 1438 est
752 1413 809 1438 ars
823 1402 908 1438 boni
921 1405 955 1437 et
968 1402 1082 1447 aequi.
1110 1402 1218 1437 Cuius

129 1450 254 1484 merito
277 1449 355 1494 quis
372 1460 437 1485 nos
453 1449 657 1485 sacerdotes
674 1448 844 1493 appellet:
871 1448 1040 1483 iustitiam
1066 1457 1218 1492 namque

130 1495 277 1530 colimus
304 1497 339 1530 et
354 1494 438 1529 boni
462 1498 498 1530 et
522 1494 626 1539 aequi
642 1494 804 1529 notitiam
821 1493 1039 1537 profitemur,
1066 1503 1218 1538 aequum

130 1540 173 1575 ab
199 1539 318 1584 iniquo
344 1550 382 1575 se
409 1542 563 1582 arantes,
588 1539 723 1574 licitum
748 1539 792 1573 ab
817 1538 937 1573 illicito
964 1538 1217 1580 discernentes,

131 1585 242 1620 bonos
259 1595 331 1620 non
350 1595 390 1620 so
406 1596 465 1620 um
489 1588 585 1620 metu
605 1594 811 1630 poenarum,
837 1595 957 1619 verum
983 1584 1089 1619 etiam
1113 1593 1216 1628 prae-

129 1630 279 1665 miorum
300 1640 439 1675 quoque
460 1630 707 1665 exhortatione
726 1629 866 1664 efficere
888 1629 1081 1674 cupientes,
1100 1639 1216 1664 veram

129 1675 197 1710 nisi
219 1674 325 1710 fallor
348 1675 627 1720 philosophiam,
660 1685 731 1710 non
763 1674 964 1709 simulatam
996 1675 1215 1710 affectantes.

130 1723 149 1755 2
196 1720 312 1755 Huius
336 1720 444 1755 studii
477 1721 568 1755 duae
599 1723 682 1755 sunt
713 1717 925 1764 positiones,
965 1720 1147 1764 publicum
1184 1723 1218 1754 et

129 1765 304 1810 privatum
315 1765 339 1800 ³.
365 1765 545 1810 publicum
569 1766 624 1800 ius
645 1768 698 1800 est
745 1764 817 1799 uod
842 1764 887 1799 ad
912 1768 1045 1799 statum
1069 1764 1119 1799 rei
1144 1764 1215 1799 Ro·

130 1820 256 1844 manae
281 1814 430 1855 spectat,
456 1811 633 1855 privatum
657 1821 725 1855 quo
771 1810 817 1844 ad
841 1810 1059 1854 singulorum
1083 1809 1216 1844 utilita-

129 1859 221 1890 tem:
244 1858 327 1890 sunt
347 1855 439 1890 enim
460 1855 634 1901 quaedam
654 1855 796 1900 publice
814 1855 932 1897 utilia,
955 1854 1129 1900 quaedam
1145 1854 1216 1899 pri-

129 1900 249 1935 vatim.
298 1901 480 1945 publicum
504 1901 559 1935 ius
583 1901 620 1935 in
652 1900 782 1942 sacris,
814 1900 851 1935 in
884 1900 1148 1942 sacerdotibuS‚
1181 1899 1217 1934 in

129 1945 396 1989 magistratibus
418 1946 580 1981 consistit
591 1946 616 1981 ⁴.
641 1946 819 1991 privatum
840 1945 895 1980 ius
915 1945 1132 1990 tripertitum
1146 1948 1215 1980 est:

130 1991 318 2026 collectum
343 1991 471 2026 etenim
504 1994 559 2026 est
591 2001 634 2026 ex
666 1991 889 2026 naturalibus
922 1991 1123 2035 praeceptis
1156 1994 1219 2024 aut

129 2038 149 2070 3
196 2035 354 2080 gentium
374 2039 436 2071 aut
456 2036 626 2072 civilibus.
675 2037 734 2071 Ius
758 2036 921 2071 naturale
946 2040 1009 2078 est,
1036 2035 1131 2081 quod
1154 2045 1217 2070 na-

129 2085 211 2116 tura
235 2081 354 2116 omnia
378 2081 544 2117 animalia
568 2081 706 2117 docuit:
741 2091 824 2116 nam
848 2081 903 2116 ius
928 2081 1024 2116 istud
1048 2092 1119 2116 non
1152 2081 1217 2115 hu-

130 2125 225 2161 mani
246 2126 383 2170 generis
404 2127 597 2171 proprium,
622 2126 684 2162 sed
708 2126 864 2162 omnium
889 2126 1102 2168 animalium,
1128 2136 1219 2170 quac

129 2171 165 2206 in
175 2175 288 2214 terra,
310 2182 402 2217 quae
425 2172 461 2207 in
481 2172 570 2207 mari
589 2175 807 2214 nascuntur,
827 2172 943 2207 avium
964 2182 1104 2216 quoque
1123 2181 1218 2206 com-

130 2227 236 2252 mune
268 2220 333 2253 est.
380 2217 463 2252 hinc
487 2217 671 2253 descendit
694 2217 800 2252 maris
826 2220 933 2262 atque
958 2216 1109 2252 feminae
1134 2227 1218 2251 con-

130 2261 277 2305 iunctio,
298 2272 404 2306 quam
421 2273 484 2298 nos
506 2262 768 2299 matrimonium
784 2262 1015 2341 appellamus,
1037 2262 1119 2296 hinc
1132 2262 1218 2296 libe-

131 2317 251 2341 rorum
264 2308 476 2351 procreatio,
494 2308 576 2341 hinc
590 2308 773 2341 educatio:
791 2308 824 2340 vi
851 2318 949 2342 emus
963 2307 1091 2342 etenim
1102 2310 1221 2342 cetera

133 2362 273 2396 quoque
298 2351 473 2394 animalia,
498 2350 593 2386 feras
619 2351 724 2386 etiam
748 2351 851 2386 istius
875 2351 960 2386 iuris
985 2353 1113 2395 peritia
1138 2363 1220 2387 cen-

132 2400 153 2431 4
200 2396 280 2431 seri.
329 2397 390 2431 Ius
410 2396 566 2441 gentium
587 2399 652 2438 est,
702 2407 747 2431 uo
773 2399 894 2440 gentes
915 2396 1093 2431 humanae
1113 2400 1219 2430 utun-

133 2445 200 2476 tur.
250 2441 346 2486 quod
369 2452 390 2476 a
413 2441 568 2476 naturali
591 2451 670 2476 rece
699 2451 756 2476 ere
780 2441 884 2476 facile
907 2441 1108 2485 intellegere
1127 2441 1221 2483 licet,

134 2486 316 2531 quiaillud
329 2487 491 2522 omnibus
512 2487 735 2528 animalibus,
756 2486 824 2521 hoc
845 2486 928 2521 solis
949 2486 1150 2521 hominibus
1168 2486 1221 2521 in-

133 2536 187 2566 ter
211 2541 249 2566 se
275 2542 461 2567 commune
486 2532 541 2566 sit.

180 2573 204 2612 2
230 2576 458 2612 POMPONIUS
467 2576 556 2612 libro
570 2576 752 2628 sinqulari
769 2576 961 2612 enchiridii
1000 2576 1121 2611 Veluti
1141 2586 1223 2621 erga

135 2621 239 2657 deum
264 2622 405 2666 religio:
431 2625 471 2657 ut
494 2622 702 2666 parentibus
727 2624 762 2656 et
784 2621 922 2665 patriae
946 2632 1153 2666 pareamus:

181 2663 203 2703 3
231 2667 507 2702 onmivmws
528 2667 618 2702 libro
636 2667 759 2712 primo
787 2667 1046 2701 institutionum
1091 2670 1131 2701 ut
1151 2666 1223 2701 vim

134 2715 241 2756 atque
264 2711 427 2746 iniuriam
451 2711 716 2757 propulsemus:
742 2722 825 2746 nam
848 2711 924 2746 iure
947 2712 1016 2747 hoc
1037 2712 1162 2753 evenit,
1183 2715 1232 2746 ut⁴

135 2756 230 2801 quod
250 2757 399 2801 quisque
420 2757 465 2792 ob
486 2757 633 2792 tutelam
654 2756 813 2801 corporis
835 2756 891 2791 sui
910 2755 1044 2798 fecerit,
1070 2757 1146 2791 iure
1169 2756 1221 2792 fe-

136 2802 226 2836 cisse
239 2801 468 2845 existimetur,
495 2806 530 2837 et
550 2813 630 2837 cum
645 2802 737 2836 inter
756 2812 821 2836 nos
843 2802 1088 2846 cognationem
1110 2812 1221 2847 quan-

136 2846 217 2882 dam
242 2849 371 2882 natura
396 2847 598 2890 constituit,
632 2857 854 2892 consequens
879 2849 933 2881 est
956 2847 1133 2882 hominem
1157 2847 1222 2882 ho-

135 2891 220 2926 mini
243 2891 402 2927 insidiari
425 2892 526 2927 nefas
551 2903 639 2928 esse.

181 2935 231 2973 4⁵
262 2936 456 2973 Utmivvs
487 2938 577 2973 libro
611 2939 735 2984 primo
772 2938 1034 2973 institutionum
1092 2937 1221 2971 Manu-

135 2981 319 3017 missiones
340 2993 479 3027 quoque
499 2982 585 3018 iuris
608 2982 764 3027 gentium
788 2985 882 3018 sunt.
928 2985 983 3017 est
1006 2984 1124 3017 autem
1148 2991 1222 3016 ma-

134 3026 304 3062 numissio
326 3026 369 3062 de
386 3038 493 3062 manu
516 3028 648 3070 missio,
666 3028 703 3062 id
723 3031 778 3063 est
801 3027 896 3062 datio
921 3027 1114 3062 libertatis:
1141 3037 1223 3061 nam

136 3071 303 3116 quamdiu
323 3071 401 3116 quis
418 3073 454 3107 in
472 3073 640 3108 servitute
662 3076 726 3116 est,
750 3073 872 3108 manui
892 3076 927 3108 et
946 3071 1114 3118 potestati
1138 3082 1222 3116 sup-

135 3117 272 3161 positus
294 3121 358 3159 est,
380 3118 615 3153 manumissus
633 3118 806 3153 liberatur
826 3121 1013 3163 potestate.
1056 3127 1147 3162 quae
1167 3127 1222 3152 res

135 3171 157 3196 a
187 3161 265 3197 iure
294 3162 451 3207 gentium
482 3163 651 3208 originem
681 3163 849 3208 sumpsit,
880 3166 1004 3208 utpote
1036 3173 1117 3198 cum
1148 3161 1224 3197 iure

136 3207 291 3241 naturali
314 3217 435 3242 omnes
459 3208 560 3243 liberi
583 3212 816 3243 nascerentur
839 3218 904 3243 nec
929 3211 1023 3243 esset
1042 3211 1128 3243 nota
1148 3217 1222 3242 ma-

137 3251 318 3303 numissio,
332 3262 412 3287 cum
428 3253 578 3288 servitus
592 3257 685 3288 esset
697 3253 895 3297 incognita:
912 3252 975 3288 sed
990 3256 1222 3298 posteaquam

137 3306 213 3331 iure
230 3296 387 3341 gentium
410 3298 559 3333 servitus
583 3297 723 3340 invasit,
748 3301 910 3333 secutum
934 3301 990 3333 est
1012 3297 1222 3333 beneficium

138 3341 435 3377 manumissionis.
485 3346 520 3378 et
551 3353 632 3378 cum
663 3354 733 3377 uno
767 3343 924 3378 naturali
948 3343 1088 3378 nomine
1111 3342 1223 3377 homi-

140 3395 202 3420 nes
226 3387 495 3431 appellaremur,
521 3387 597 3423 iure
619 3388 776 3433 gentium
801 3388 869 3423 tria
891 3398 1021 3433 genera
1046 3398 1124 3423 esse
1144 3397 1223 3422 coe-

138 3498 177 3539 (1)
202 3498 285 3532 Sab.
295 3518 338 3524 —
349 3500 430 3535 Inse.
445 3503 508 3541 1,1.
519 3519 566 3525 —
578 3501 665 3534 Bas.
677 3503 725 3543 2,1
795 3501 839 3543 (2)
868 3505 883 3540 5
899 3508 947 3535 23
959 3517 1005 3530 ει
1016 3501 1099 3535 Inse.
1118 3503 1146 3541 1,
1161 3508 1184 3541 1,
1196 3508 1221 3534 4.

142 3544 170 3582 1,
185 3550 212 3583 2,
224 3551 237 3577 1
328 3546 370 3586 (3)
395 3545 566 3587 publicum
586 3549 620 3578 et
639 3547 808 3588 privatum
830 3547 878 3580 bis
890 3547 925 3579 F
1011 3547 1054 3588 (4)
1079 3547 1127 3579 sic
1147 3546 1221 3579 dett.

139 3599 207 3620 cum
219 3588 266 3627 B,
279 3589 434 3622 constitit
444 3591 506 3623 FR
584 3592 626 3633 (5)
650 3608 695 3620 =
706 3591 786 3624 Inst.
806 3592 834 3631 1,
849 3598 865 3624 5
874 3603 929 3634 pr.
1008 3592 1053 3632 (6)
1078 3601 1097 3623 a
1110 3591 1182 3623 iure
1195 3590 1225 3624 S

142 3631 185 3673 (ἵ)
208 3633 256 3665 sic
276 3632 305 3665 S
324 3646 392 3667 cum
416 3635 458 3677 B,
479 3635 673 3668 introducta
686 3637 720 3669 F
806 3636 850 3677 (8)
878 3640 893 3674 5
911 3643 923 3670 1
943 3652 988 3665 ==
1007 3636 1088 3669 Inst.
1114 3636 1141 3675 1,
1164 3642 1192 3677 2,
1205 3641 1221 3668 3

142 3676 186 3717 (9)
211 3677 259 3708 eis
278 3677 528 3712 Brencmannus
546 3693 613 3713 cum
641 3681 675 3712 B
768 3680 827 3722 (10)
853 3681 890 3713 id
911 3687 976 3714 ese:
995 3679 1108 3722 legum
1136 3679 1222 3712 aliae

1287 1133 1433 1175 perunt:
1470 1130 1573 1166 liberi
1598 1133 1632 1165 et
1655 1130 1711 1166 his
1737 1130 1955 1165 contrarium
1980 1130 2071 1166 servi
2096 1134 2130 1166 et
2154 1130 2297 1165 tertium
2320 1141 2378 1175 ge-

1288 1186 1354 1210 nus
1379 1175 1507 1219 liberti,
1533 1175 1569 1211 id
1593 1179 1647 1211 est
1671 1176 1709 1211 hi
1733 1176 1794 1221 qui
1818 1175 1998 1211 desierant
2022 1186 2098 1211 esse
2124 1175 2225 1211 servi.

1333 1220 1356 1257 5
1382 1221 1729 1257 HERMOGENJANUS
1756 1221 1847 1257 libro
1873 1222 1996 1268 primo
2030 1222 2120 1256 iuris
2144 1222 2379 1267 epitomarum

1287 1267 1344 1301 Ex
1357 1266 1424 1302 hoc
1441 1266 1519 1302 iure
1534 1266 1692 1312 gentium
1708 1266 1914 1302 introducta
1930 1266 2035 1309 bella,
2054 1266 2231 1302 discretae
2246 1270 2379 1311 gentes,

1287 1322 1395 1356 regna
1420 1311 1576 1355 condita,
1601 1311 1758 1348 dominia
1779 1311 1957 1355 distincta,
1983 1311 2076 1357 agris
2098 1312 2237 1347 termini
2261 1311 2380 1356 positi,

1288 1357 1449 1393 aedificia
1474 1358 1660 1401 collocata,
1686 1357 1954 1400 commercium,
1989 1357 2184 1402 emptiones
2208 1357 2380 1393 venditio-

1288 1413 1370 1446 nes,
1394 1403 1592 1439 locationes
1617 1403 1892 1446 conductiones,
1918 1403 2152 1448 obligationes
2177 1402 2380 1438 institutae:

1288 1449 1446 1493 exceptis
1463 1448 1675 1494 quibusdam
1694 1459 1784 1494 quae
1797 1448 1874 1484 iure
1885 1449 1899 1469 ‘³
1916 1448 2007 1483 civili
2024 1448 2273 1484 introductae⁷
2286 1451 2379 1483 sunt.

1333 1491 1384 1531 6⁸
1414 1493 1610 1530 ULPJANUS
1641 1494 1733 1530 libro
1766 1495 1890 1541 primo
1927 1494 2189 1529 institutionum
2245 1493 2305 1528 Ius
2332 1493 2380 1528 ci-

1287 1539 1353 1575 vile
1377 1542 1441 1582 est,
1468 1539 1563 1584 quod
1587 1550 1702 1584 neque
1725 1539 1762 1577 in
1786 1542 1899 1574 totum
1924 1549 1945 1574 a
1970 1539 2124 1574 naturali
2148 1539 2203 1575 vel
2225 1538 2381 1584 gentium

1286 1584 1419 1620 recedit
1442 1595 1508 1620 nec
1533 1595 1597 1630 per
1621 1585 1739 1620 omnia
1764 1585 1824 1620 ei⁹
1848 1584 1973 1620 servit:
1998 1585 2118 1629 itaque
2143 1595 2224 1619 cum
2249 1583 2383 1629 aliquid

1287 1630 1448 1665 addimus
1473 1630 1527 1665 vel
1552 1630 1769 1665 detrahimus
1793 1630 1862 1665 iuri
1886 1630 2082 1672 communi,
2106 1629 2162 1665 ius
2187 1630 2381 1674 proprium,

1293 1679 1303 1710 l
1354 1675 1390 1710 id
1424 1679 1477 1711 est
1510 1675 1609 1711 civile
1641 1675 1827 1711 efficimus.
1887 1675 1965 1711 Hoc
1997 1675 2103 1720 igitur
2133 1675 2188 1710 ius
2221 1678 2382 1710 nostrum

1288 1724 1430 1756 constat
1450 1724 1512 1756 aut
1529 1731 1574 1755 ex
1594 1721 1727 1775 scripto
1748 1724 1811 1755 aut
1830 1720 1907 1756 sine
1927 1720 2072 1765 scripto,
2092 1723 2133 1755 ut
2153 1720 2250 1765 apud
2271 1719 2381 1755 Grae·

1287 1775 1367 1800 cos:
1392 1768 1469 1798 τῶν
1492 1763 1616 1809 νόμων
1641 1767 1675 1799 οὶ
1698 1769 1764 1808 μὲν
1787 1768 1973 1811 ἔγγραφοι,
2001 1765 2039 1798 οἳ
2061 1764 2099 1798 δὲ
2125 1763 2285 1811 ἄγραφοι
2301 1765 2339 1799 ¹⁰.

1334 1807 1356 1845 7
1383 1809 1630 1845 PAPINIANUS
1652 1810 1741 1845 libro
1761 1809 1918 1846 secundo
1939 1809 2185 1854 definitionum
2237 1810 2297 1845 Ius
2318 1820 2381 1845 au-

1287 1859 1358 1890 tem
1383 1855 1483 1890 civile
1508 1858 1572 1898 est,
1599 1855 1695 1899 quod
1721 1865 1764 1889 ex
1787 1855 1936 1900 legibus,
1962 1854 2076 1900 plebis
2101 1855 2211 1897 scitis,
2237 1858 2382 1890 senatus

1288 1900 1469 1943 consultis,
1496 1900 1646 1936 decretis
1670 1900 1889 1945 principum,
1915 1900 2130 1935 auctoritate
2154 1900 2382 1945 prudentium

1293 1949 1303 1979 l
1354 1946 1459 1981 venit.
1486 1946 1547 1981 Ius
1560 1946 1779 1998 praetorium
1794 1949 1858 1988 est,
1872 1946 1966 1990 quod
1979 1949 2162 1991 praetores
2175 1945 2381 1981 introduxe-

1287 1994 1371 2026 runt
1385 1991 1576 2026 adiuvandi
1596 1991 1650 2026 vel
1663 1990 1852 2035 supplendi
1873 1991 1926 2026 vel
1948 1991 2144 2035 corrigendi
2165 1991 2250 2026 iuris
2273 1991 2382 2026 civilis

1286 2036 1400 2080 gratia
1422 2039 1572 2088 propter
1595 2036 1784 2071 utilitatem
1809 2036 1998 2081 publicam.
2048 2036 2142 2081 quod
2168 2039 2203 2071 et
2227 2036 2381 2071 honora-

1287 2082 1377 2116 rium
1396 2081 1526 2116 dlcitur
1545 2081 1591 2116 ad
1608 2081 1779 2116 honorem
1792 2082 1817 2102 ¹¹
1843 2084 2049 2126 praetorum
2074 2082 2125 2116 sic
2149 2082 2380 2117 nominatum.

1334 2124 1358 2164 8
1384 2126 1620 2162 MARCJANUS
1649 2127 1739 2162 libro
1757 2127 1881 2173 primo
1915 2127 2177 2162 institutionum
2224 2126 2316 2161 Nam
2350 2129 2384 2161 et

1288 2173 1404 2217 ipsum
1427 2172 1483 2206 ius
1508 2171 1739 2207 honorarium
1764 2172 1840 2206 viva
1865 2182 1933 2206 vox
1957 2174 2012 2206 est
2034 2171 2121 2206 iuris
2147 2171 2267 2207 civilis.

1335 2215 1359 2254 9
1375 2217 1402 2237 ¹²
1429 2216 1553 2252 (ἔωσε
1580 2217 1671 2252 libro
1696 2217 1820 2263 primo
1845 2216 2107 2251 institutionum
2156 2216 2285 2252 Omnes
2318 2227 2382 2261 po-

1289 2263 1373 2307 puli,
1400 2261 1460 2307 qui
1479 2262 1614 2307 legibus
1629 2265 1664 2297 et
1683 2261 1840 2296 moribus
1862 2265 2044 2306 reguntur,
2069 2261 2199 2306 partim
2218 2271 2282 2297 suo
2300 2272 2382 2306 pro-

1290 2308 1379 2352 prio,
1400 2307 1530 2352 partim
1552 2307 1730 2342 communi
1751 2307 1907 2342 omnium
1930 2306 2111 2342 hominum
2123 2306 2200 2342 iure
2221 2310 2381 2341 utuntur.

1290 2363 1372 2387 nam
1405 2352 1501 2397 quod
1533 2352 1682 2398 quisque
1714 2352 1867 2397 populus
1900 2352 1975 2396 ipse
2007 2351 2074 2386 sibi
2107 2352 2161 2387 ius
2187 2351 2382 2394 constituit,

1289 2398 1325 2432 id
1349 2398 1460 2442 ipsius
1485 2398 1668 2442 proprium
1693 2397 1844 2432 civitatis
1860 2397 1887 2418 ¹³
1919 2400 1973 2432 est
2004 2400 2222 2442 vocaturque
2253 2396 2308 2432 ius
2334 2397 2382 2432 ci-

1290 2442 1375 2484 vile,
1410 2442 1513 2486 quasi
1536 2442 1591 2477 ius
1616 2443 1800 2487 proprium
1824 2442 1833 2477 i
1862 2442 1934 2477 sius
1968 2441 2137 2477 civitatis:
2173 2442 2268 2486 quod
2299 2451 2381 2477 vero

1291 2487 1464 2522 naturalis
1481 2487 1570 2522 ratio
1583 2486 1676 2522 inter
1689 2497 1811 2522 omnes
1857 2487 1991 2522 omines
2013 2486 2208 2529 constituit,
2230 2487 2267 2521 id
2287 2487 2383 2532 apud

1291 2543 1412 2568 omnes
1426 2532 1452 2553 ¹⁴⁵
1473 2542 1651 2577 peraeque
1675 2531 1875 2567 custoditur
1894 2534 2112 2576 vocaturque
2135 2532 2190 2567 ius
2214 2532 2383 2577 gentium,

1291 2577 1393 2623 quasi
1418 2588 1486 2622 quo
1512 2577 1588 2612 iure
1613 2587 1734 2612 omnes
1757 2579 1880 2621 gentes
1905 2579 2063 2611 utuntur.

1340 2621 1390 2660 10
1405 2624 1432 2644 ¹⁵
1463 2622 1657 2658 ULPIANUS
1670 2622 1760 2657 libro
1806 2622 1897 2656 rimo
1916 2621 2128 2668 requtarum
2169 2620 2309 2656 Iustitia
2330 2624 2384 2657 est

1292 2671 1460 2703 constans
1486 2671 1521 2702 et
1567 2670 1714 2711 erpetua
1735 2678 1777 2701 vo
1795 2669 1900 2701 untas
1921 2666 1976 2701 ius
1998 2676 2102 2701 suum
2123 2666 2250 2711 cuique
2271 2666 2382 2701 tribu-

1294 2716 1309 2748 1
1360 2713 1440 2748 endi
1455 2713 1492 2747 ¹⁶.
1560 2712 1632 2747 uris
1663 2715 1856 2757 praecepta
1889 2715 1973 2746 sunt
2005 2712 2113 2746 haec:
2151 2711 2301 2746 honeste
2333 2711 2382 2747 vi-

1291 2768 1390 2800 vere,
1428 2757 1578 2792 alterum
1614 2768 1684 2792 non
1716 2757 1875 2799 laedere,
1911 2767 2014 2792 suum
2055 2757 2182 2802 cuique
2213 2757 2381 2792 tribuere.

1292 2806 1311 2838 2
1359 2802 1450 2838 Iuris
1471 2802 1660 2847 prudentia
1673 2803 1699 2823 ¹⁷
1724 2805 1778 2837 est
1799 2801 1995 2837 divinarum
2016 2805 2123 2847 atque
2148 2802 2382 2837 humanarum

1292 2858 1409 2883 rerum
1434 2847 1570 2890 notitia,
1596 2847 1679 2882 iusti
1704 2850 1810 2892 atque
1834 2847 1956 2882 iniusti
1980 2847 2139 2882 scientia.

1341 2891 1386 2929 ’11
1417 2892 1576 2927 PAULUS
1596 2892 1686 2928 libro
1715 2896 1845 2938 quarto
1869 2892 2005 2928 decimo
2034 2893 2083 2927 ad
2102 2892 2274 2928 Sabinum
2323 2892 2383 2927 Ius

1291 2938 1452 2983 pluribus
1478 2937 1590 2972 modis
1614 2937 1760 2973 dicitur:
1786 2948 1857 2973 uno
1879 2937 1996 2979 modo,
2022 2948 2102 2972 cum
2119 2937 2155 2972 id
2176 2936 2272 2982 quod
2292 2947 2381 2972 sem-

1291 2993 1355 3028 per
1379 2992 1532 3027 aequum
1556 2992 1598 3018 ac
1622 2982 1755 3018 bonum
1775 2985 1829 3018 est
1852 2982 1906 3017 ius
1932 2982 2072 3025 dicitur,
2097 2986 2137 3017 ut
2162 2985 2216 3017 est
2238 2981 2293 3017 ius
2319 2992 2382 3016 na-

1292 3027 1416 3062 turale.
1465 3027 1577 3062 altero
1609 3027 1734 3070 modo,
1767 3027 1862 3073 quod
1887 3027 2050 3063 omnibus
2075 3031 2138 3062 aut
2162 3027 2322 3072 pluribus
2346 3026 2383 3061 in

1292 3082 1432 3118 quaque
1453 3072 1594 3107 civitate
1615 3073 1699 3108 utile
1720 3077 1784 3116 est,
1805 3076 1846 3108 ut
1866 3076 1921 3108 est
1940 3073 1995 3107 ius
2024 3072 2135 3108 civile.
2172 3083 2237 3108 nec
2266 3072 2382 3107 minus

1292 3118 1347 3153 ius
1386 3121 1483 3153 recte
1514 3117 1715 3162 appellatur
1744 3118 1780 3153 in
1814 3118 1956 3153 civitate
1986 3121 2107 3152 nostra
2140 3117 2194 3152 ius
2227 3117 2382 3152 honora-

1292 3162 1392 3197 rium.
1441 3167 1586 3206 praetor
1610 3173 1751 3208 quoque
1774 3163 1829 3198 ius
1853 3162 2000 3198 reddere
2022 3162 2150 3197 dicitur
2171 3162 2277 3197 etiam
2302 3172 2381 3197 cum

1293 3208 1410 3252 inique
1423 3207 1592 3250 decernit,
1613 3208 1784 3243 relatione
1802 3208 1937 3243 scilicet
1955 3207 2053 3243 facta
2073 3219 2144 3243 non
2163 3207 2209 3242 ad
2229 3207 2265 3242 id
2287 3206 2381 3251 quod

1292 3252 1342 3287 ita
1365 3255 1510 3297 praetor
1533 3251 1629 3295 fecit,
1655 3253 1717 3288 sed
1742 3253 1788 3288 ad
1811 3252 1898 3288 illud
1924 3252 2019 3298 quod
2043 3256 2241 3297 praetorem
2263 3251 2381 3286 facere

1293 3298 1468 3333 convenit.
1517 3297 1587 3332 alia
1611 3298 1869 3342 significatione
1893 3298 1947 3333 ius
1973 3298 2102 3332 dicitur
2126 3297 2225 3332 locus
2250 3297 2285 3331 iu
2310 3306 2379 3340 quo

1293 3342 1346 3377 ius
1380 3342 1558 3384 redditur,
1591 3343 1830 3387 appellatione
1855 3343 1986 3378 collata
2010 3343 2054 3378 ab
2081 3353 2121 3377 eo
2147 3341 2242 3386 quod
2275 3340 2315 3375 fit
2345 3340 2379 3374 in

1293 3397 1334 3423 eo
1359 3387 1420 3422 ubi
1443 3387 1494 3423 fit.
1544 3398 1648 3433 quem
1676 3388 1792 3423 locum
1818 3387 2052 3423 determinare
2076 3387 2143 3422 hoc
2168 3385 2271 3420 modo
2297 3395 2379 3430 pos-

1293 3500 1449 3542 scriptae,
1467 3500 1555 3533 aliae
1572 3511 1640 3534 non
1650 3501 1796 3543 scriptae
1889 3501 1944 3543 (11)
1968 3500 2016 3534 sic
2023 3500 2095 3541 FR,
2110 3498 2150 3531 ab
2165 3498 2290 3530 honore
2304 3498 2379 3531 dete.

1295 3545 1354 3587 (12)
1383 3546 1458 3580 Gai.
1480 3547 1508 3587 1,
1531 3553 1602 3581 1=
1621 3546 1704 3580 Inst.
1731 3548 1759 3587 1,
1780 3553 1807 3586 2,
1830 3553 1843 3580 1
1936 3545 1994 3586 (13)
2019 3543 2168 3576 civitatis
2190 3555 2248 3576 om.
2274 3541 2381 3576 Gaius

1293 3591 1351 3632 (14)
1364 3589 1509 3633 populos
1524 3592 1583 3625 ins.
1600 3591 1706 3626 Gaius
1760 3591 1818 3633 (15)
1830 3606 1875 3619 c=
1888 3590 1968 3623 Inst.
1984 3590 2011 3629 1,
2023 3596 2034 3622 1
2041 3600 2094 3630 pr.
2112 3592 2127 3627 5
2140 3594 2183 3622 3.1
2245 3587 2305 3629 (16)
2319 3586 2378 3620 tri-

1292 3634 1397 3668 buens
1406 3636 1486 3669 Inst.
1501 3649 1570 3669 cum
1580 3636 1626 3669 B.
1698 3637 1756 3677 (17)
1781 3634 1866 3667 iuris
1879 3633 2037 3676 prudenti
2050 3633 2084 3665 F

2088 3734 2103 3767 ¹
