2528 3918
192 89 345 133 xvii

193 211 420 248 fideiussores
450 219 516 262 pro
550 207 738 261 defensore
768 208 928 245 absentis
959 207 1022 244 filii
1046 217 1088 243 ex
1113 207 1282 243 mandato

191 256 317 292 matris
349 256 423 291 eius
454 257 740 297 intercesserint,
775 253 977 300 quaeritur,
1010 264 1057 288 an
1088 252 1196 288 etiam
1227 252 1283 288 his

193 305 339 338 senatus
364 300 527 352 consulto
552 298 793 352 subveniatur.
827 302 863 335 et
881 299 933 335 ait
952 298 1171 344 Papinianus
1190 296 1282 333 libro

193 349 560 435 {¹53⁰f30t22⁵5¹‘3¹32‚¹3
585 348 1167 435 mettaetossfffi‘azffissssrffiss
1191 342 1283 423 ¹32¹ss

193 435 493 481 contemplatione
524 434 683 470 mandati
706 434 831 471 matris
854 434 1128 470 intervenerunt.
1164 432 1282 478 plane,

192 480 325 526 inquit,
360 480 392 516 si
422 479 484 526 qui
516 479 658 526 accepit
690 490 751 516 eos
783 479 1029 521 fideiussores,
1061 481 1209 513 matrem
1233 477 1283 513 eis

192 525 382 561 mandasse
403 525 414 560 i
465 524 590 568 oravit,
614 525 859 571 exceptionem
882 527 1028 560 senatus
1054 522 1208 559 consulti
1226 533 1282 558 re-

193 570 386 617 plicatione
434 570 483 607 oli
504 581 524 606 r
570 570 744 607 ellendam
759 572 780 605 ¹.

239 613 263 653 7
280 614 528 652 PAPINIANUS
559 615 637 652 ibro
656 627 752 652 nouo
773 615 1022 661 quaestionum
1059 613 1283 658 Quamquam

192 662 299 707 igitur
328 660 518 698 fideiussor
548 660 622 697 doli
644 671 684 697 re
710 660 875 696 licatione
898 659 1017 705 posita
1041 657 1283 694 defensionem

192 706 411 753 exceptionis
431 706 607 750 amittat²,
632 717 680 742 nu
709 716 765 741 am
785 710 904 740 tamen
927 703 1194 750 replicationem
1218 702 1282 738 ad-

191 762 313 788 versus
324 751 507 788 mulierem
518 751 677 794 habebit,
697 751 782 797 quia
801 750 890 786 facti
909 760 981 785 non
1000 752 1123 794 potest
1140 748 1282 793 ignora·

192 798 325 834 tionem
347 797 591 844 praetendere.
628 796 691 833 sed
714 807 786 832 non
810 795 877 831 erit
895 795 1056 840 iniquum
1077 793 1155 828 dari
1174 804 1282 838 nego-

193 843 321 879 tiorum
343 847 525 888 gestorum
549 842 727 878 actionem
750 842 788 876 in
813 839 1046 882 defensorem,
1072 839 1157 891 quia
1180 849 1281 873 man-

192 888 269 924 dati
300 898 411 924 causa
529 891 675 923 senatus
700 886 903 922 consultum
928 885 1158 921 constituitur
1180 884 1283 919 irrita

192 938 228 970 et
277 933 406 970 ecunia
454 932 647 968 deiussoris
669 932 852 967 liberatur.

238 944 274 1019 ἔ
282 978 477 1016 ΠιΡΙΔΝυε
485 978 576 1014 libro
588 977 779 1013 vicensimo
791 986 887 1012 nono
900 975 951 1011 ad
960 975 1114 1011 edictum
1149 973 1281 1018 Quam-

192 1025 244 1062 vis
268 1024 426 1105 pizrioris
450 1023 547 1059 datio
570 1021 861 1058 intercessionem
883 1020 1006 1063 faciat,
1030 1024 1150 1071 tamen
1167 1018 1281 1072 ‘Iulia-

193 1082 260 1107 nus
289 1070 315 1105 li
339 1080 380 1105 ro
412 1068 621 1105 duodecimo
654 1067 872 1112 digestorum
902 1066 1026 1102 scribit
1047 1065 1283 1101 redditionem

192 1115 369 1162 pignoris,
400 1115 431 1151 si
455 1113 623 1150 creditrix
646 1111 773 1147 mulier
795 1121 890 1154 rem,
922 1122 1028 1157 quam
1060 1109 1200 1156 pignori
1220 1119 1282 1145 ac-

192 1164 348 1207 ceperat,
372 1159 523 1195 debitori
547 1157 758 1200 liberaverit,
782 1167 856 1192 non
880 1167 957 1192 esse
979 1155 1280 1192 intercessionem.

197 1211 210 1242 1
260 1206 297 1242 Si
321 1205 447 1241 mulier
467 1203 695 1240 intervenerit
717 1202 815 1248 apud
838 1206 975 1238 tutores
999 1201 1062 1236 filii
1086 1200 1153 1243 sui,
1177 1210 1223 1236 ne
1245 1199 1283 1235 hi

192 1251 340 1298 praedia
362 1250 439 1286 eius
464 1249 710 1291 distraherent,
737 1252 773 1283 et
795 1247 1061 1283 indemnitatem
1085 1246 1136 1282 eis
1158 1255 1281 1291 repro-

192 1297 344 1339 miserit,
369 1295 587 1340 Papinianus
612 1294 702 1329 libro
726 1303 822 1329 nono
846 1292 1095 1345 quaestionum
1119 1301 1281 1372 nonapiu-

194 1347 247 1378 tat
271 1352 349 1378 eam
371 1340 631 1376 intercessisse:
656 1338 792 1374 nullam
815 1348 908 1374 enim
927 1337 1178 1382 obligationem
1246 1346 1281 1371 e-

192 1398 274 1424 nam
297 1396 378 1423 rece
403 1386 474 1421 isse
496 1394 613 1430 neque
635 1387 791 1420 veterem
814 1393 930 1428 neque
954 1392 1100 1425 novam,
1131 1380 1195 1417 sed
1223 1381 1278 1427 ip-

193 1436 212 1469 2
260 1443 337 1469 sam
383 1431 495 1467 ecisse
525 1430 620 1465 hanc
652 1428 912 1474 obligationem.
961 1428 999 1464 Si
1029 1426 1155 1463 mulier
1186 1426 1284 1479 apud

192 1478 349 1514 Primum
404 1486 444 1512 ro
469 1474 633 1511 Secundo
664 1474 912 1517 intervenerit,
947 1484 1031 1509 mox
1062 1483 1127 1519 pro
1160 1471 1280 1508 Primo

192 1523 289 1569 apud
313 1532 372 1558 cre
399 1522 524 1557 'torem
547 1521 644 1564 eius,
668 1520 758 1556 duas
781 1519 1056 1555 intercessiones
1079 1517 1198 1554 factas
1221 1517 1281 1553 Iu-

191 1569 309 1605 lianus
331 1567 423 1603 libro
449 1565 658 1602 duodecimo
684 1564 901 1618 digestorum
925 1564 1060 1607 scribit,
1084 1573 1194 1599 unam
1216 1573 1282 1609 pro

192 1612 355 1650 Secundo
380 1612 477 1658 apud
495 1611 663 1654 Primum,
688 1611 794 1646 aham
816 1621 881 1656 pro
903 1610 1023 1646 Primo
1047 1608 1146 1655 apud
1169 1607 1282 1644 credi-

192 1663 303 1695 torem
328 1658 416 1700 eius,
441 1660 477 1692 et
499 1656 579 1692 ideo
604 1660 641 1692 et
662 1656 782 1692 Primo
806 1655 947 1692 restitui
970 1654 1224 1700 obligationem
1248 1657 1284 1689 et

191 1704 362 1740 adversus
386 1713 477 1738 eum.
525 1701 718 1738 Marcellus
742 1705 862 1737 autem
885 1703 989 1737 notat
1018 1710 1098 1736 esse
1127 1699 1284 1745 aliquam

191 1749 446 1791 differentiam,
469 1751 590 1783 utrum
613 1748 683 1783 hoc
706 1750 853 1792 agatur,
885 1750 927 1782 ut
956 1746 1002 1781 ab
1033 1745 1133 1780 initio
1157 1744 1284 1780 mulier

190 1796 227 1831 in
251 1794 394 1831 alterius
418 1794 537 1829 locum
562 1791 738 1828 subdatur
762 1796 798 1828 et
821 1802 911 1827 onus
935 1790 1125 1833 debitoris,
1157 1800 1180 1825 a
1211 1800 1281 1835 quo

192 1839 444 1886 obligationem
465 1838 662 1874 transferre
686 1837 840 1874 creditor
862 1836 992 1879 voluit,
1017 1835 1210 1881 suscipiat,
1235 1844 1283 1870 an

191 1896 274 1922 vero
307 1885 411 1938 quasi
442 1883 596 1919 debitrix
627 1882 827 1929 delegetur,
860 1882 997 1918 scilicet
1027 1885 1087 1924 ut,
1119 1881 1150 1916 si
1180 1879 1284 1926 quasi

192 1930 345 1967 debitrix
368 1929 531 1974 delegata
554 1932 619 1972 est,
643 1939 717 1964 una
736 1928 784 1964 sit
801 1927 1021 1964 intercessio.
1058 1925 1208 1972 proinde
1226 1935 1282 1961 se-

192 1975 349 2012 cundum
380 1976 476 2011 hanc
508 1984 610 2010 suam
641 1973 905 2010 distinctionem
936 1973 974 2008 in
996 1972 1113 2018 prima
1135 1971 1282 2014 visione,

190 2022 254 2057 ubi
276 2020 378 2067 quasi
401 2019 554 2056 debitrix
577 2018 740 2065 delegata
763 2022 828 2061 est,
854 2017 1100 2063 exceptionem
1125 2017 1156 2053 ei
1176 2026 1281 2052 sena·

191 2071 250 2103 tus
286 2066 440 2102 consulti
470 2064 664 2100 Marcellus
695 2075 768 2100 non
800 2063 919 2099 daret:
956 2062 1020 2099 sed
1045 2061 1284 2099 condemnata

191 2113 246 2148 vel
276 2115 361 2148 ante
390 2110 723 2147 condemnationem
753 2108 940 2145 condicere
962 2108 1016 2144 uti
1040 2118 1086 2143 ue
1110 2107 1143 2142 ei
1165 2118 1188 2143 a
1211 2117 1281 2152 quo

192 2158 354 2203 delegata
377 2160 431 2192 est
454 2155 587 2201 poterit
608 2155 664 2191 vel
688 2154 785 2201 quod
808 2155 841 2190 ei
859 2154 962 2190 abest
980 2164 1023 2189 ve
1037 2180 1046 2196 ,
1071 2153 1102 2189 si
1124 2152 1283 2188 nondum

192 2206 212 2239 3
260 2203 381 2245 abest,
414 2200 671 2236 liberationem.
719 2199 904 2235 Interdum
937 2198 1171 2234 intercedenti
1204 2209 1283 2233 mu-

191 2247 268 2283 lieri
291 2251 328 2283 et
351 2246 527 2283 condictio
553 2256 632 2282 com
658 2245 733 2289 etit,
757 2249 799 2280 ut
820 2248 909 2291 puta
932 2244 963 2280 si
986 2248 1112 2279 contra
1135 2247 1282 2279 senatus

192 2293 393 2329 consultum
417 2292 574 2337 obligata
598 2257 794 2326 delbitorem
817 2301 920 2326 suum
944 2288 1174 2334 delegaverit:
1199 2299 1282 2323 nam

191 2339 249 2374 hic
271 2337 341 2384 ipsi
364 2337 535 2383 competit
558 2335 748 2379 condictio,
773 2334 1087 2381 quemadmodum,
1119 2334 1150 2369 si
1172 2343 1282 2379 pecu-

191 2384 287 2419 niam
319 2383 500 2425 solvisset,
533 2381 753 2418 condiceret:
786 2380 892 2417 solvit
922 2380 1015 2416 enim
1039 2383 1075 2415 et
1097 2379 1159 2425 qui
1181 2389 1283 2414 reum

192 2433 213 2464 4
260 2428 408 2473 delegat.
456 2426 526 2463 Sed
557 2427 588 2462 si
618 2426 668 2470 is,

193 2474 331 2510 debitor
366 2473 441 2508 eius
475 2483 548 2508 non
578 2472 666 2515 fuit,
703 2471 913 2517 exceptione
948 2474 1093 2506 senatus
1129 2469 1284 2506 consulti

192 2523 211 2555 5
259 2518 461 2564 poterituti,
475 2517 772 2563 quemadmodum
781 2516 937 2552 mulieris
946 2515 1145 2551 fideiussor.
1170 2515 1284 2550 Plane

192 2565 222 2600 si
255 2563 381 2599 mulier
414 2564 654 2599 intercessura
690 2562 885 2598 debitorem
919 2572 1023 2597 suum
1058 2559 1283 2605 delegaverit,

192 2613 338 2645 senatus
363 2608 565 2644 consultum
588 2611 716 2651 cessat,
741 2607 826 2653 quia
849 2611 885 2642 et
904 2607 936 2642 si
953 2606 1141 2652 pecuniam
1160 2615 1282 2640 nume-

192 2658 324 2697 rasset,
350 2657 508 2689 cessaret
530 2657 676 2689 senatus
701 2653 920 2689 consultum:
954 2651 1081 2687 mulier
1104 2651 1196 2686 enim
1219 2661 1284 2696 per

193 2703 339 2735 senatus
376 2699 578 2734 consultum
613 2699 834 2741 relevatur³‚
869 2708 943 2733 non
975 2707 1067 2749 quae
1102 2696 1283 2738 deminuit,

194 2748 214 2780 6
260 2744 469 2780 restituitur.
518 2743 589 2779 Sed
624 2743 654 2779 si
689 2754 771 2780 eum
806 2742 1019 2788 delegaverit
1053 2741 1115 2787 qui
1145 2741 1285 2776 debitor

194 2790 269 2825 eius
293 2800 365 2824 non
387 2788 475 2832 fuit,
506 2788 606 2824 fraus
630 2793 776 2824 senatus
800 2788 963 2824 consulto
987 2787 1087 2822 facta
1109 2786 1285 2822 videbitur

194 2837 213 2870 7
262 2838 298 2870 et
330 2834 410 2870 ideo
447 2834 608 2886 exceptio
644 2834 760 2870 datur.
816 2833 989 2878 Quotiens
1022 2843 1088 2878 pro
1125 2831 1285 2868 debitore

193 2879 434 2916 intercesserit
456 2879 592 2921 mulier,
617 2878 722 2914 datur
744 2879 783 2914 in
807 2889 888 2914 eum
911 2878 1064 2924 pristina
1086 2877 1192 2919 actio,
1218 2876 1285 2912 etsi

194 2925 253 2961 ille
287 2924 386 2970 prius
422 2924 694 2969 acceptilatione
728 2925 900 2960 liberatus
935 2923 982 2958 sit
1016 2933 1123 2975 quam
1159 2921 1285 2957 mulier

195 2973 216 3006 8
261 2969 513 3005 intercesserit.
562 2968 599 3004 Si
623 2970 827 3005 convenerit
850 2979 932 3004 cum
955 2967 1133 3010 debitore,
1158 2971 1200 3002 ut
1222 2977 1283 3002 ex-

195 3015 445 3068 promissorem
470 3013 581 3057 daret,
607 3018 643 3050 et
665 3018 853 3060 acceptum
877 3013 909 3050 ei
931 3013 1044 3049 latum
1067 3013 1132 3055 sit,
1157 3012 1285 3048 deinde

194 3071 225 3096 is
250 3059 386 3096 dederit
404 3058 584 3094 mulierem
602 3070 694 3104 quae
714 3060 845 3095 auxilio
867 3063 1013 3095 senatus
1034 3058 1188 3094 consulti
1206 3068 1283 3092 mu-

195 3105 272 3142 nita
295 3108 360 3147 est,
385 3108 506 3150 potest
529 3104 561 3139 ei
584 3104 742 3147 condici,
767 3104 869 3150 quasi
893 3115 966 3140 non
990 3103 1164 3139 dedisset:
1198 3102 1284 3148 quid

195 3151 289 3186 enim
318 3150 487 3191 interest,
520 3159 593 3184 non
617 3149 676 3184 det
699 3160 746 3185 an
777 3150 885 3185 talem
916 3148 1000 3185 det?
1034 3159 1108 3183 non
1131 3147 1198 3183 erit
1219 3147 1283 3192 igi-

195 3200 255 3232 tur
278 3195 374 3232 actio
397 3194 494 3230 utilis
517 3195 738 3236 necessaria,
775 3206 855 3231 cum
888 3193 1066 3230 condictio
1091 3197 1281 3245 competat.

196 3245 217 3276 9
263 3240 457 3277 Marcellus
482 3250 624 3285 quoque
654 3240 798 3283 scribit,
829 3241 860 3275 si
891 3238 1028 3275 mulieri
1059 3243 1143 3284 post
1172 3241 1282 3273 inter-

197 3286 393 3323 cessionem
416 3288 565 3336 accepto
589 3284 711 3319 tulerit
734 3285 905 3328 creditor,
938 3284 1047 3319 nihilo
1078 3283 1196 3318 minus
1226 3292 1282 3318 re-

197 3331 413 3367 stitutoriam
444 3334 622 3365 actionem
654 3330 686 3364 ei
721 3330 798 3364 dari
830 3330 977 3365 debere:
1013 3329 1155 3364 inanem
1190 3327 1284 3363 enim

200 3381 240 3412 10
287 3375 538 3422 obligationem
561 3373 702 3410 dimisit.
751 3374 789 3409 Si
812 3375 937 3410 mulier
954 3378 1039 3427 post
1057 3373 1282 3409 intercessio-

197 3432 277 3458 nem
301 3421 354 3458 sic
377 3420 531 3463 solverit,
556 3430 601 3455 ne
623 3424 786 3464 repetere
809 3420 933 3464 possit,
956 3423 1050 3455 iuste
1069 3418 1167 3464 prior
1183 3417 1282 3454 debi-

198 3472 255 3503 tor
286 3466 464 3503 actionem
498 3468 652 3500 recusat.
697 3464 760 3499 sed
795 3475 875 3500 cum
908 3464 1083 3499 relevatur
1115 3473 1217 3506 reus,
1253 3463 1283 3499 si

197 3512 323 3548 mulier
346 3512 398 3548 sic
422 3510 544 3553 solvit,
568 3514 610 3545 ut
632 3513 794 3555 repetere
817 3520 888 3544 non
912 3510 1044 3554 possit,
1078 3513 1115 3544 et
1145 3518 1227 3543 cum
1251 3508 1283 3544 ei

197 3557 354 3600 mulieri,
385 3565 477 3603 quae
498 3558 660 3602 repetere
683 3565 754 3590 non
778 3558 937 3599 poterat,
963 3554 993 3589 si
1017 3554 1196 3596 solvisset,
1220 3563 1281 3589 ac-

700 2426 761 2472 qui
793 2437 817 2461 a
839 2425 985 2461 muliere
1009 2424 1191 2470 delegatus
1217 2427 1281 2466 est,

650 3667 693 3708 (2)
718 3666 846 3700 amittit
857 3665 909 3699 F²

699 3714 743 3754 (4)
768 3710 858 3755 apud
871 3723 929 3744 om.
942 3711 977 3744 F

1012 3668 1055 3708 (8)
1080 3676 1165 3709 quae
1177 3666 1281 3699 inter-

199 3671 240 3711 (ι)
264 3668 492 3712 repellendum
504 3668 548 3702 ΙῑἸ

1063 3712 1106 3753 (ὁ)
1130 3711 1224 3752 et1in
1239 3710 1282 3744 F¹

199 3714 300 3750 cessit
314 3716 372 3748 ins.
386 3715 558 3750 secundum
572 3713 607 3748 B

1274 82 1356 130 206

1356 211 1392 242 ιι
1443 211 1548 252 cepto
1561 207 1643 243 tulit
1654 207 1819 250 creditor,
1832 206 1992 243 similiter
2003 206 2180 242 relevatur
2189 216 2285 243 reus.
2309 207 2441 252 Quam-

1352 262 1460 298 quam
1493 253 1532 288 in
1566 262 1688 288 omnes
1721 252 1782 298 qui
1813 252 1955 288 liberati
1986 255 2071 287 sunt
2105 251 2304 288 restituitur
2335 253 2441 296 actio,

1353 308 1426 333 non
1448 301 1568 333 tamen
1592 297 1756 333 omnibus
1780 297 1991 333 restituitur.
2033 300 2076 332 ut
2094 300 2188 349 puta
2210 297 2280 333 duo
2304 297 2357 333 rei
2379 298 2441 333 sti-

1352 341 1501 388 pulandi
1523 342 1687 378 fuerunt:
1721 352 1744 377 a
1769 342 1818 378 ud
1843 343 1995 378 alterum
2018 341 2145 377 mulier
2166 342 2386 378 intercessit:
2411 343 2442 378 ei

1355 390 1395 422 12
1443 387 1510 424 soli
1522 387 1749 423 restituituro
1775 388 1909 433 ligatio,
1922 387 2042 433 apud⁴
2079 387 2379 423 uemintercessit.
2405 387 2443 423 Si

1352 433 1491 468 mulieri
1513 433 1619 468 heres
1643 432 1800 469 extiterit
1824 432 2000 475 creditor,
2024 432 2059 467 vi
2086 431 2236 475 endum,
2268 443 2316 468 an
2338 433 2442 469 resti-

1351 478 1487 514 tutoria
1510 478 1564 513 uti
1593 488 1667 514 non
1697 478 1821 523 possit.
1859 481 1895 513 et
1918 478 1970 513 ait
1991 477 2152 513 Iulianus
2183 477 2275 514 libro
2308 477 2441 513 duode-

1353 523 1442 558 cimo
1466 523 1688 559 restitutoria
1711 533 1792 559 eum
1815 522 1925 558 nihilo
1950 522 2067 558 minus
2090 533 2257 565 usurum,
2281 534 2354 558 non
2377 523 2441 558 im-

1352 568 1499 611 merito,
1532 579 1613 603 cum
1642 578 1716 604 non
1747 567 1925 613 obligatae
1949 578 2031 603 cum
2055 568 2187 603 effectu
2210 568 2440 603 successerit:

1353 613 1504 659 denique
1538 613 1576 648 in
1599 613 1761 649 Falcidia
1790 613 1860 648 hoc
1892 623 1954 648 aes
1977 613 2132 648 alienum
2155 623 2229 648 non
2250 613 2441 659 imputabi-

1355 661 1394 694 13
1442 663 1512 694 tur.
1559 657 1672 694 Plane
1691 658 1721 694 si
1742 658 1826 693 mihi
1871 668 2027 703 roponas
2050 658 2233 694 mulierem
2251 658 2363 693 veteri
2382 658 2441 694 de-

1351 703 1458 739 bitori
1476 703 1704 746 successisse,
1725 703 1828 739 dicen
1855 714 1915 738 um
1936 703 2005 739 erit
2024 703 2247 738 restitutoria
2267 713 2345 739 eam
2358 714 2442 739 con-

1351 748 1462 784 veniri
1484 758 1610 794 posse,
1635 748 1698 784 sed
1721 753 1758 784 et
1780 748 1918 784 directa
1942 748 2104 784 actione:
2138 748 2225 783 nihil
2250 748 2343 784 enim
2367 748 2442 784 eius

1355 796 1396 829 14
1441 793 1601 836 interest,
1621 804 1692 839 qua
1712 794 1854 830 actione
1867 793 2109 829 conveniatur.
2157 792 2206 836 Si,
2228 804 2309 829 cum
2330 804 2443 829 essem

1351 838 1417 874 tibi
1440 842 1710 881 contracturus,
1743 839 1870 874 mulier
1900 838 2147 882 intervenerit,
2179 842 2220 874 ut
2251 849 2333 874 cum
2364 839 2444 884 ipsa

1377 883 1471 920 otius
1506 884 1736 927 contraham,
1778 883 1918 919 videtur
1951 883 2213 919 intercessisse:
2250 894 2320 929 quo
2357 894 2444 920 casu

1398 932 1458 964 tur
1479 929 1517 964 in
1539 932 1576 964 te
1600 929 1715 972 actio,
1748 939 1840 974 quae
1870 929 2024 964 instituit
2055 929 2167 981 magis
2199 939 2307 974 quam
2339 929 2441 964 resti-

1350 973 1422 1009 tuit
1443 974 1711 1019 obligationem,
1743 978 1785 1010 ut
1807 974 1955 1019 perinde
1979 974 2145 1019 obligetis
2170 973 2294 1009 eodem
2316 984 2444 1019 genere

1352 1019 1597 1064 obligationis,
1622 1031 1692 1065 quo
1717 1019 1843 1055 mulier
1867 1023 1922 1055 est
1945 1019 2121 1064 obligata:
2154 1019 2254 1054 verbi
2274 1019 2390 1064 gratia
2413 1019 2443 1054 si

1351 1074 1416 1110 per
1447 1064 1711 1110 stipulationem
1742 1065 1887 1107 mulier,
1923 1069 1959 1100 et
1991 1068 2031 1099 tu
2064 1064 2166 1110 quasi
2197 1074 2242 1100 ex
2272 1064 2444 1110 stipulatu

1355 1113 1394 1145 15
1443 1110 1672 1146 convenieris.
1721 1110 1814 1145 Illud
1836 1109 2025 1145 videndum
2049 1113 2122 1152 est,
2157 1109 2187 1145 si
2220 1109 2346 1144 mulier
2376 1120 2442 1155 pro

1352 1166 1394 1191 eo
1418 1154 1617 1198 intervenit,
1642 1155 1714 1201 qui,
1739 1156 1769 1191 si
1793 1166 1874 1191 cum
1896 1155 1975 1200 ipso
1998 1158 2222 1190 contractum
2242 1159 2346 1197 esset,
2371 1165 2443 1190 non

1352 1200 1586 1245 obligaretur,
1618 1211 1666 1236 an
1697 1201 1766 1236 hac
1798 1200 1940 1236 actione
1971 1201 2030 1235 ille
2062 1200 2191 1236 debeat
2222 1200 2361 1235 teneri?
2403 1204 2444 1236 ut

1351 1249 1441 1291 puta
1464 1245 1495 1281 si
1517 1256 1583 1291 pro
1603 1246 1738 1298 pupillo
1758 1246 1971 1289 intercessit,
1996 1246 2056 1291 qui
2075 1245 2152 1281 sine
2170 1245 2298 1281 tutoris
2318 1249 2443 1281 aucto-

1350 1291 1458 1326 ritate
1487 1301 1561 1326 non
1593 1291 1782 1336 obhgatur.
1820 1294 1855 1326 et
1877 1295 1965 1336 puto
1990 1302 2063 1327 non
2087 1291 2235 1335 obligari
2257 1291 2442 1343 pupillum,

1351 1336 1421 1372 nisi
1443 1336 1656 1382 locupletior
1678 1335 1798 1372 factus
1822 1340 1877 1372 est
1900 1346 1945 1372 ex
1968 1336 2038 1372 hoc
2062 1340 2262 1372 contractu.
2305 1340 2390 1371 item
2413 1336 2444 1371 si

1352 1381 1467 1417 minor
1489 1381 1612 1427 viginti
1633 1382 1790 1427 quinque
1808 1382 1910 1417 annis
1930 1382 1986 1425 sit,
2010 1393 2075 1427 pro
2097 1392 2167 1427 quo
2188 1381 2316 1417 mulier
2333 1381 2443 1416 inter-

1353 1427 1481 1469 cessit,
1511 1427 1550 1462 in
1581 1427 1758 1472 integrum
1789 1427 2049 1463 restitutionem
2080 1427 2212 1473 poterit
2233 1426 2441 1472 implorare:

1351 1472 1406 1508 vel
1436 1471 1531 1508 filius
1556 1475 1683 1508 contra
1706 1476 1851 1508 senatus
1876 1473 2079 1508 consultum
2103 1476 2353 1508 contracturus
2377 1475 2442 1507 est.

1398 1514 1424 1555 9
1448 1516 1608 1570 P4ULUS
1625 1517 1717 1554 libro
1729 1522 1835 1554 sexto
1847 1529 1888 1553 re
1914 1518 2057 1553 ularum
2104 1517 2175 1553 Sed
2194 1517 2225 1553 si
2242 1527 2308 1563 pro
2328 1517 2443 1552 alieno

1352 1573 1453 1599 servo
1485 1562 1705 1606 intercedat,
1740 1574 1869 1608 quema
1930 1563 2037 1599 odum
2067 1563 2105 1598 in
2128 1566 2267 1608 patrem
2290 1562 2444 1598 familias

1351 1608 1505 1654 priorem
1528 1618 1630 1644 reum
1653 1608 1853 1644 restituitur
1876 1608 1990 1651 actio,
2014 1608 2066 1643 ita
2088 1608 2126 1643 in
2150 1608 2330 1644 dominum
2355 1618 2443 1653 quo-

1352 1664 1421 1700 que
1443 1652 1665 1689 restituenda
1689 1654 1766 1689 erit.

1400 1697 1451 1736 10
1491 1698 1688 1734 ULPIANUS
1726 1699 1818 1735 libro
1852 1699 2043 1734 vicensimo
2077 1709 2173 1734 nono
2207 1698 2257 1734 ad
2290 1697 2443 1734 edictum

1351 1743 1430 1780 Hae
1453 1744 1633 1787 actiones,
1666 1754 1760 1790 quae
1789 1744 1828 1779 in
1859 1754 1920 1780 eos
1942 1754 2008 1789 pro
2033 1743 2161 1789 quibus
2185 1743 2312 1779 mulier
2334 1743 2442 1778 inter-

1353 1789 1462 1825 cessit
1485 1789 1638 1833 dantur,
1670 1794 1706 1825 et
1728 1789 1919 1825 heredibus
1944 1792 1980 1825 et
2001 1788 2039 1824 in
2062 1788 2210 1825 heredes
2235 1790 2296 1824 et⁶
2317 1798 2443 1834 perpe-

1351 1839 1415 1871 tuo
1440 1838 1667 1880 competunt:
1699 1835 1836 1871 habent
1860 1834 1952 1870 enim
1975 1834 2027 1869 rei
2050 1834 2353 1880 persecutionem:
2385 1844 2443 1869 ce·

1351 1880 1437 1961 telris
1472 1890 1614 1926 quoque
1648 1881 1851 1916 honorariis
1887 1880 2158 1916 successoribus
2193 1879 2374 1916 dabuntur
2409 1883 2444 1914 et

1352 1936 1374 1961 a
1400 1935 1523 1961 versus
1549 1936 1623 1962 eos.

1401 1969 1448 2008 11
1476 1970 1638 2007 Primos
1652 1971 1745 2007 libro
1765 1971 1974 2017 triqensimo
1994 1970 2046 2006 ad
2062 1970 2216 2007 edictum
2262 1969 2301 2004 Si
2319 1969 2444 2004 mulier

1351 2020 1532 2062 tamquam
1562 2016 1600 2051 in
1632 2026 1718 2051 usus
1750 2026 1835 2052 suos
1866 2016 2056 2061 pecuniam
2080 2014 2260 2061 acceperit
2282 2014 2343 2049 alii
2366 2024 2442 2050 cre-

1352 2062 1480 2104 ditura,
1502 2072 1575 2097 non
1596 2065 1651 2097 est
1668 2062 1769 2098 locus
1791 2065 1936 2097 senatus
1957 2061 2141 2097 consulto:
2166 2059 2322 2106 alioquin
2340 2069 2442 2095 nemo

1352 2118 1432 2143 cum
1466 2106 1607 2142 feminis
1640 2106 1847 2149 contrahet,
1884 2106 1969 2152 quia
1998 2106 2155 2152 ignorari
2185 2108 2323 2151 potest,
2359 2104 2444 2150 quid

1351 2157 1499 2188 acturae
1523 2152 1604 2188 sint.

1401 2195 1452 2235 12
1476 2197 1585 2233 IDEM
1611 2197 1702 2233 libro
1733 2200 1839 2232 sexto
1871 2197 2027 2232 brevium
2074 2196 2185 2232 Immo
2220 2199 2307 2231 tunc
2341 2195 2443 2230 locus

1352 2247 1418 2323 esti
1437 2246 1583 2278 senatus
1616 2242 1799 2285 consulto,
1832 2253 1915 2278 cum
1947 2242 2015 2277 scit
2045 2241 2200 2277 creditor
2233 2251 2311 2277 eam
2333 2240 2442 2276 inter-

1352 2299 1394 2324 ce
1420 2298 1489 2324 ere.

1400 2331 1450 2371 13
1479 2333 1603 2370 GAws
1621 2332 1712 2368 libro
1736 2343 1832 2368 nono
1856 2331 1907 2367 ad
1927 2332 2082 2368 edictum
2099 2330 2329 2378 provinciale
2366 2331 2441 2366 Ali-

1351 2378 1513 2424 quando,
1545 2378 1630 2414 licet
1660 2377 1813 2413 alienam
1837 2377 2088 2423 obligationem
2111 2376 2286 2422 suscipiat
2307 2376 2442 2418 mulier,

1351 2432 1424 2460 non
1447 2424 1637 2459 adiuvatur
1659 2423 1728 2459 hoc
1752 2426 1899 2458 senatus
1925 2423 2109 2458 consulto:
2144 2421 2240 2467 quod
2271 2426 2348 2457 tum
2381 2431 2442 2456 ac-

1352 2469 1449 2512 cidit,
1472 2480 1553 2504 cum
1573 2468 1687 2514 prima
1705 2467 1800 2503 facie
1819 2467 1961 2513 quidem
1981 2468 2144 2510 alienam,
2160 2477 2200 2502 re
2219 2477 2303 2503 vera
2323 2470 2442 2502 autem

1351 2525 1454 2550 suam
1485 2513 1739 2559 obligationem
1771 2513 1955 2558 suscipiat.
1992 2517 2034 2548 ut
2057 2522 2142 2548 ecce
2173 2512 2203 2547 si
2234 2511 2365 2547 ancilla
2396 2511 2442 2547 ob

1352 2560 1553 2605 pactionem
1583 2559 1758 2595 libertatis
1792 2559 2052 2603 expromissore
2082 2558 2166 2593 dato
2201 2561 2284 2603 post
2317 2567 2441 2592 manu-

1352 2605 1554 2640 missionem
1587 2604 1622 2639 id
1653 2604 1771 2649 ipsum
1802 2603 1977 2649 suscipiat
2000 2602 2096 2649 quod
2120 2602 2357 2648 expromissor
2380 2601 2440 2637 de-

1352 2651 1447 2693 beat,
1472 2654 1536 2685 aut
1559 2649 1589 2685 si
1612 2649 1847 2685 hereditatem
1871 2648 1995 2684 emerit
2018 2653 2054 2684 et
2077 2658 2137 2683 aes
2162 2648 2317 2683 alienum
2340 2647 2440 2683 here-

1353 2695 1519 2731 ditarium
1542 2695 1580 2730 in
1604 2705 1642 2730 se
1665 2695 1896 2737 transcribat,
1922 2698 1986 2729 aut
2008 2694 2039 2729 si
2062 2703 2126 2739 pro
2147 2692 2355 2728 fideiussore
2375 2703 2440 2728 suo

1357 2745 1370 2776 1
1419 2740 1628 2776 intercedat.
1677 2739 1733 2775 De
1763 2739 1970 2792 pignoribus
2001 2738 2130 2784 prioris
2165 2738 2334 2773 debitoris
2369 2748 2441 2773 non

1354 2790 1408 2822 est
1432 2785 1600 2821 creditori
1623 2795 1716 2820 nova
1739 2789 1881 2821 actione
1903 2794 2014 2829 opus,
2039 2794 2121 2819 cum
2145 2783 2249 2828 quasi
2272 2782 2442 2818 Serviana

1353 2836 1457 2877 (quae
1481 2834 1517 2867 et
1539 2830 1795 2877 hypothecaria
1818 2833 1977 2868 vocatur)
2001 2829 2038 2864 in
2061 2829 2116 2864 his
2140 2829 2236 2863 utilis
2260 2828 2323 2863 sit:
2356 2828 2440 2873 quia

1351 2887 1473 2912 verum
1497 2880 1551 2911 est
1574 2875 1781 2911 convenisse
1804 2875 1848 2911 de
1870 2875 1906 2920 p'
1957 2875 2078 2910 oribus
2102 2884 2169 2909 nec
2189 2873 2342 2909 solutam
2362 2883 2440 2909 esse

1352 2925 1372 2957 2
1418 2921 1618 2967 pecuniam.
1667 2919 1705 2956 Si
1735 2920 1802 2956 sub
1827 2886 2036 2956 conffigione
2058 2919 2115 2955 vel
2137 2919 2175 2954 in
2199 2918 2291 2954 diem
2314 2918 2440 2954 mulier

1377 2978 1418 3002 ro
1443 2967 1512 3002 alio
1536 2965 1788 3008 intercesserit,
1813 2966 1920 3001 etiam
1970 2965 2121 3000 endente
2146 2963 2354 3000 condicione
2376 2974 2438 2999 vo-

1351 2979 1438 3048 finiti
1472 3010 1641 3047 creditori
1676 3020 1757 3046 cum
1791 3010 1909 3056 priore
1968 3010 2103 3046 ebitore
2134 3009 2309 3054 experiri⁶
2343 3009 2438 3044 actio

1353 3056 1471 3093 danda
1505 3059 1561 3092 est
1591 3055 1828 3091 restitutoria:
1866 3057 1962 3102 qu0⁷
1993 3055 2086 3090 enim
2120 3055 2254 3090 bonum
2288 3057 2343 3089 est
2377 3064 2438 3089 ex-

1353 3105 1515 3148 spectare
1539 3100 1783 3136 condicionem
1808 3101 1861 3136 vel
1886 3101 1996 3143 diem,
2029 3111 2111 3136 cum
2133 3100 2170 3135 in
2193 3109 2236 3134 ea
2259 3109 2370 3135 causa
2392 3099 2439 3134 sit

1352 3147 1449 3194 prior
1479 3147 1548 3182 iste
1579 3145 1738 3188 debitor,
1769 3150 1810 3181 ut
1840 3145 2042 3182 omnimodo
2072 3145 2149 3191 ipse
2173 3144 2302 3180 debeat
2324 3144 2437 3179 susci-

1351 3202 1437 3239 pere
1459 3191 1663 3227 actionem?

1401 3235 1451 3274 14
1475 3236 1669 3272 IULIANUS
1688 3235 1779 3271 libro
1804 3235 2013 3272 duodecimo
2037 3235 2256 3282 diqestorum
2303 3233 2341 3269 Si
2360 3245 2436 3269 mu-

1349 3283 1415 3319 lier
1437 3285 1563 3318 contra
1586 3284 1731 3316 senatus
1763 3281 1965 3317 consultum
1996 3279 2253 3322 intercesserit,
2285 3289 2437 3324 aequum

1351 3332 1406 3363 est
1427 3337 1501 3362 non
1523 3326 1637 3362 solum
1661 3326 1696 3360 in
1720 3330 1874 3362 veterem
1897 3325 2110 3367 debitorem,
2143 3324 2206 3360 sed
2230 3328 2266 3360 et
2286 3323 2323 3359 in
2346 3323 2433 3359 fide-

1350 3373 1505 3408 iussores
1541 3371 1617 3406 eius
1648 3371 1825 3407 actionem
1855 3370 2011 3406 restitui:
2048 3380 2131 3405 nam
2166 3380 2247 3405 cum
2281 3368 2437 3404 mulieris

1350 3427 1505 3497 pelrtsona
1519 3416 1767 3496 ‘sigtrahatur
1796 3415 1962 3495 01οῷἑίτί
1993 3419 2140 3495 ρτιέιξιει·
2157 3418 2318 3494 dsenattus
2350 3424 2435 3449 con-

1350 3474 1392 3498 su
1423 3472 1555 3503 um‚in
1633 3471 1790 3497 acausa
1836 3471 1885 3496 ris
1939 3470 2040 3496 ares
2086 3470 2154 3495 uen
2183 3469 2292 3495 aes.

1399 3505 1449 3544 15
1473 3506 1582 3542 Imm
1591 3472 1697 3542 glxi-'bro
1728 3472 2051 3553 quinguaqensimo
2068 3506 2192 3551 primo
2215 3503 2435 3551 diqestorum

1351 3552 1388 3587 Si
1423 3551 1560 3587 mulieri
1590 3551 1726 3587 solvero
1757 3550 1794 3586 id
1825 3550 1922 3596 quod
1952 3550 2019 3586 tibi
2048 3549 2222 3586 debebam
2255 3553 2292 3584 et
2321 3548 2368 3584 ab
2392 3557 2436 3583 ea

1353 3666 1397 3707 (e)
1421 3663 1571 3697 debitore
1585 3664 1730 3707 experiri
1741 3663 1904 3707 supplevit
1913 3663 1967 3696 F³
1978 3664 2054 3703 (non
2058 3666 2091 3708 f
2090 3667 2102 3705 )
2213 3665 2256 3705 (τ)
2281 3661 2369 3705 quod
2382 3660 2436 3711 Γ*ι

2484 0 2521 62 fi}

1855 96 1919 127 AD
1947 97 2145 129 SENATUS
2173 96 2439 134 CONSULTUM
2497 109 2503 114 “
