<?xml version="1.0" encoding="UTF-8"?>
<!DOCTYPE html PUBLIC "-//W3C//DTD XHTML 1.0 Transitional//EN"
    "http://www.w3.org/TR/xhtml1/DTD/xhtml1-transitional.dtd">
<html xmlns="http://www.w3.org/1999/xhtml" xml:lang="en" lang="en">
 <head>
  <title>
</title>
<meta http-equiv="Content-Type" content="text/html;charset=utf-8" />
  <meta name='ocr-system' content='tesseract 3.04.00' />
  <meta name='ocr-capabilities' content='ocr_page ocr_carea ocr_par ocr_line ocrx_word'/>
</head>
<body>
  <div class='ocr_page' id='page_1' title='image "./corpusjuriscivil01krueuoft_0904.png"; bbox 0 0 2528 3918; ppageno 0'>
   <div class='ocr_carea' id='block_1_1' title="bbox 202 122 1002 166">
    <p class='ocr_par' dir='ltr' id='par_1_1' title="bbox 202 122 1002 166">
     <span class='ocr_line' id='line_1_1' title="bbox 202 122 1002 166; baseline 0 -1"><span class='ocrx_word' id='word_1_1' title='bbox 202 122 455 165; x_wconf 89' lang='lat' dir='ltr'>XXXXVII</span> <span class='ocrx_word' id='word_1_2' title='bbox 490 126 552 165; x_wconf 76' lang='lat'><strong>15.</strong></span> <span class='ocrx_word' id='word_1_3' title='bbox 583 125 645 165; x_wconf 79' lang='lat'><strong>16.</strong></span> <span class='ocrx_word' id='word_1_4' title='bbox 672 124 736 166; x_wconf 88' lang='lat'><strong>17.</strong></span> <span class='ocrx_word' id='word_1_5' title='bbox 764 123 829 166; x_wconf 88' lang='grc'><strong>18.</strong></span> <span class='ocrx_word' id='word_1_6' title='bbox 859 123 922 166; x_wconf 87' lang='grc'><strong>19.</strong></span> <span class='ocrx_word' id='word_1_7' title='bbox 946 123 1002 166; x_wconf 81' lang='grc'><strong>20</strong></span> 
     </span>
    </p>
   </div>
   <div class='ocr_carea' id='block_1_2' title="bbox 204 242 1292 516">
    <p class='ocr_par' dir='ltr' id='par_1_2' title="bbox 204 242 1290 370">
     <span class='ocr_line' id='line_1_2' title="bbox 206 242 1290 290; baseline -0.001 -9"><span class='ocrx_word' id='word_1_8' title='bbox 206 247 347 281; x_wconf 82' lang='lat' dir='ltr'><strong>catores</strong></span> <span class='ocrx_word' id='word_1_9' title='bbox 360 244 370 264; x_wconf 88' lang='lat'><strong>¹</strong></span> <span class='ocrx_word' id='word_1_10' title='bbox 401 243 526 280; x_wconf 89' lang='lat' dir='ltr'><strong>eadem</strong></span> <span class='ocrx_word' id='word_1_11' title='bbox 555 254 674 289; x_wconf 88' lang='lat' dir='ltr'><strong>poena</strong></span> <span class='ocrx_word' id='word_1_12' title='bbox 703 242 937 287; x_wconf 86' lang='lat' dir='ltr'><strong>adficiantur,</strong></span> <span class='ocrx_word' id='word_1_13' title='bbox 969 255 1040 290; x_wconf 87' lang='lat' dir='ltr'><strong>qua</strong></span> <span class='ocrx_word' id='word_1_14' title='bbox 1071 248 1290 288; x_wconf 85' lang='lat' dir='ltr'><strong>tenerentur,</strong></span> 
     </span>
     <span class='ocr_line' id='line_1_3' title="bbox 204 288 1290 336; baseline 0.001 -11"><span class='ocrx_word' id='word_1_15' title='bbox 204 289 235 325; x_wconf 88' lang='lat' dir='ltr'><strong>si</strong></span> <span class='ocrx_word' id='word_1_16' title='bbox 266 288 336 334; x_wconf 88' lang='lat' dir='ltr'><strong>ipsi</strong></span> <span class='ocrx_word' id='word_1_17' title='bbox 357 288 396 324; x_wconf 92' lang='lat' dir='ltr'><strong>in</strong></span> <span class='ocrx_word' id='word_1_18' title='bbox 426 288 539 334; x_wconf 83' lang='lat' dir='ltr'><strong>legem</strong></span> <span class='ocrx_word' id='word_1_19' title='bbox 562 288 859 333; x_wconf 88' lang='lat' dir='ltr'><strong>commississent‚</strong></span> <span class='ocrx_word' id='word_1_20' title='bbox 890 300 962 336; x_wconf 85' lang='lat' dir='ltr'><strong>qua</strong></span> <span class='ocrx_word' id='word_1_21' title='bbox 984 300 1068 326; x_wconf 89' lang='lat' dir='ltr'><strong>reus</strong></span> <span class='ocrx_word' id='word_1_22' title='bbox 1097 300 1163 335; x_wconf 89' lang='lat' dir='ltr'><strong>per</strong></span> <span class='ocrx_word' id='word_1_23' title='bbox 1185 300 1290 335; x_wconf 84' lang='lat' dir='ltr'><strong>prae-</strong></span> 
     </span>
     <span class='ocr_line' id='line_1_4' title="bbox 207 333 762 370; baseline -0.002 0"><span class='ocrx_word' id='word_1_24' title='bbox 207 333 462 370; x_wconf 83' lang='lat' dir='ltr'><strong>varicationem</strong></span> <span class='ocrx_word' id='word_1_25' title='bbox 484 334 672 370; x_wconf 88' lang='lat' dir='ltr'><strong>absolutus</strong></span> <span class='ocrx_word' id='word_1_26' title='bbox 696 337 762 370; x_wconf 91' lang='lat' dir='ltr'><strong>est.</strong></span> 
     </span>
    </p>

    <p class='ocr_par' dir='ltr' id='par_1_3' title="bbox 206 375 1292 516">
     <span class='ocr_line' id='line_1_5' title="bbox 251 375 1292 425; baseline -0.001 -10"><span class='ocrx_word' id='word_1_27' title='bbox 251 375 276 415; x_wconf 87' lang='lat'>7</span> <span class='ocrx_word' id='word_1_28' title='bbox 308 378 504 415; x_wconf 67' lang='lat' dir='ltr'><strong>Urmws</strong></span> <span class='ocrx_word' id='word_1_29' title='bbox 522 378 614 416; x_wconf 81' lang='lat' dir='ltr'><strong>libro</strong></span> <span class='ocrx_word' id='word_1_30' title='bbox 638 381 770 425; x_wconf 74' lang='lat' dir='ltr'><strong>quarto</strong></span> <span class='ocrx_word' id='word_1_31' title='bbox 793 378 839 416; x_wconf 82' lang='lat' dir='ltr'><strong>de</strong></span> <span class='ocrx_word' id='word_1_32' title='bbox 861 380 1026 416; x_wconf 78' lang='lat' dir='ltr'><strong>censibus</strong></span> <span class='ocrx_word' id='word_1_33' title='bbox 1059 379 1102 415; x_wconf 92' lang='lat' dir='ltr'><strong>In</strong></span> <span class='ocrx_word' id='word_1_34' title='bbox 1126 378 1292 415; x_wconf 86' lang='lat' dir='ltr'><strong>omnibus</strong></span> 
     </span>
     <span class='ocr_line' id='line_1_6' title="bbox 206 423 1292 470; baseline -0.001 -10"><span class='ocrx_word' id='word_1_35' title='bbox 206 423 344 467; x_wconf 81' lang='lat' dir='ltr'><strong>causis,</strong></span> <span class='ocrx_word' id='word_1_36' title='bbox 385 426 637 470; x_wconf 70' lang='lat' dir='ltr'><strong>praeterquam</strong></span> <span class='ocrx_word' id='word_1_37' title='bbox 670 423 708 459; x_wconf 92' lang='lat' dir='ltr'><strong>in</strong></span> <span class='ocrx_word' id='word_1_38' title='bbox 745 424 951 470; x_wconf 73' lang='lat' dir='ltr'><strong>sanguine‘,</strong></span> <span class='ocrx_word' id='word_1_39' title='bbox 998 424 1059 470; x_wconf 88' lang='lat' dir='ltr'><strong>qui</strong></span> <span class='ocrx_word' id='word_1_40' title='bbox 1098 424 1292 460; x_wconf 83' lang='lat' dir='ltr'><strong>delatorem</strong></span> 
     </span>
     <span class='ocr_line' id='line_1_7' title="bbox 206 468 1224 516; baseline -0.001 -11"><span class='ocrx_word' id='word_1_41' title='bbox 206 468 376 515; x_wconf 89' lang='lat' dir='ltr'><strong>corrupit,</strong></span> <span class='ocrx_word' id='word_1_42' title='bbox 401 479 446 505; x_wconf 88' lang='lat' dir='ltr'><strong>ex</strong></span> <span class='ocrx_word' id='word_1_43' title='bbox 467 473 616 506; x_wconf 87' lang='lat' dir='ltr'><strong>senatus</strong></span> <span class='ocrx_word' id='word_1_44' title='bbox 641 469 806 506; x_wconf 88' lang='lat' dir='ltr'><strong>consulto</strong></span> <span class='ocrx_word' id='word_1_45' title='bbox 829 481 895 516; x_wconf 90' lang='lat' dir='ltr'><strong>pro</strong></span> <span class='ocrx_word' id='word_1_46' title='bbox 920 470 1036 505; x_wconf 84' lang='lat' dir='ltr'><strong>victo³</strong></span> <span class='ocrx_word' id='word_1_47' title='bbox 1059 469 1224 505; x_wconf 87' lang='lat' dir='ltr'><strong>habetur.</strong></span> 
     </span>
    </p>
   </div>
   <div class='ocr_carea' id='block_1_3' title="bbox 497 606 998 706">
    <p class='ocr_par' dir='ltr' id='par_1_4' title="bbox 497 606 998 706">
     <span class='ocr_line' id='line_1_8' title="bbox 684 606 815 647; baseline -0.008 0"><span class='ocrx_word' id='word_1_48' title='bbox 684 607 779 647; x_wconf 88' lang='lat' dir='ltr'><strong>XVI</strong></span> <span class='ocrx_word' id='word_1_49' title='bbox 789 606 815 646; x_wconf 81' lang='lat'><strong>⁴.</strong></span> 
     </span>
     <span class='ocr_line' id='line_1_9' title="bbox 497 671 998 706; baseline -0.006 0"><span class='ocrx_word' id='word_1_50' title='bbox 497 672 561 705; x_wconf 77' lang='lat' dir='ltr'><strong>DE</strong></span> <span class='ocrx_word' id='word_1_51' title='bbox 584 671 998 706; x_wconf 79' lang='lat' dir='ltr'><strong>BEOEPTATORIBUS.</strong></span> 
     </span>
    </p>
   </div>
   <div class='ocr_carea' id='block_1_4' title="bbox 204 736 1295 1281">
    <p class='ocr_par' dir='ltr' id='par_1_5' title="bbox 204 736 1294 1011">
     <span class='ocr_line' id='line_1_10' title="bbox 255 736 1292 783; baseline -0.004 -7"><span class='ocrx_word' id='word_1_52' title='bbox 255 737 273 776; x_wconf 92' lang='lat'>1</span> <span class='ocrx_word' id='word_1_53' title='bbox 293 737 532 775; x_wconf 65' lang='lat' dir='ltr'><strong>Masona-vs</strong></span> <span class='ocrx_word' id='word_1_54' title='bbox 546 738 638 776; x_wconf 67' lang='lat' dir='ltr'><strong>libro</strong></span> <span class='ocrx_word' id='word_1_55' title='bbox 653 737 813 775; x_wconf 81' lang='lat' dir='ltr'><strong>secundo</strong></span> <span class='ocrx_word' id='word_1_56' title='bbox 826 736 1059 783; x_wconf 82' lang='lat' dir='ltr'><strong>publicorum</strong></span> <span class='ocrx_word' id='word_1_57' title='bbox 1076 737 1292 773; x_wconf 66' lang='lat' dir='ltr'><strong>iudiciorum</strong></span> 
     </span>
     <span class='ocr_line' id='line_1_11' title="bbox 206 781 1294 834; baseline -0.003 -14"><span class='ocrx_word' id='word_1_58' title='bbox 206 784 405 820; x_wconf 76' lang='lat' dir='ltr'>Pessimum</span> <span class='ocrx_word' id='word_1_59' title='bbox 420 794 534 830; x_wconf 81' lang='lat' dir='ltr'><strong>genus</strong></span> <span class='ocrx_word' id='word_1_60' title='bbox 553 786 609 820; x_wconf 87' lang='lat' dir='ltr'><strong>est</strong></span> <span class='ocrx_word' id='word_1_61' title='bbox 626 786 900 829; x_wconf 88' lang='lat' dir='ltr'><strong>receptatorum,</strong></span> <span class='ocrx_word' id='word_1_62' title='bbox 921 781 999 817; x_wconf 89' lang='lat' dir='ltr'><strong>sine</strong></span> <span class='ocrx_word' id='word_1_63' title='bbox 1017 782 1148 834; x_wconf 71' lang='lat' dir='ltr'><strong>quibus</strong></span> <span class='ocrx_word' id='word_1_64' title='bbox 1165 792 1269 818; x_wconf 87' lang='lat' dir='ltr'><strong>nemo</strong></span> <span class='ocrx_word' id='word_1_65' title='bbox 1280 783 1294 804; x_wconf 78' lang='lat'>⁶</span> 
     </span>
     <span class='ocr_line' id='line_1_12' title="bbox 205 827 1292 875; baseline -0.003 -11"><span class='ocrx_word' id='word_1_66' title='bbox 205 828 318 865; x_wconf 86' lang='lat' dir='ltr'><strong>latere</strong></span> <span class='ocrx_word' id='word_1_67' title='bbox 341 827 404 864; x_wconf 92' lang='lat' dir='ltr'><strong>diu</strong></span> <span class='ocrx_word' id='word_1_68' title='bbox 425 831 562 875; x_wconf 88' lang='lat' dir='ltr'><strong>potest:</strong></span> <span class='ocrx_word' id='word_1_69' title='bbox 589 832 625 864; x_wconf 88' lang='lat' dir='ltr'><strong>et</strong></span> <span class='ocrx_word' id='word_1_70' title='bbox 647 827 883 874; x_wconf 87' lang='lat' dir='ltr'><strong>praecipitur,</strong></span> <span class='ocrx_word' id='word_1_71' title='bbox 908 830 949 861; x_wconf 93' lang='lat' dir='ltr'><strong>ut</strong></span> <span class='ocrx_word' id='word_1_72' title='bbox 971 827 1118 872; x_wconf 90' lang='lat' dir='ltr'><strong>perinde</strong></span> <span class='ocrx_word' id='word_1_73' title='bbox 1166 828 1292 862; x_wconf 87' lang='lat' dir='ltr'><strong>unian-</strong></span> 
     </span>
     <span class='ocr_line' id='line_1_13' title="bbox 204 872 1293 920; baseline -0.003 -10"><span class='ocrx_word' id='word_1_74' title='bbox 204 877 266 910; x_wconf 89' lang='lat' dir='ltr'><strong>tur</strong></span> <span class='ocrx_word' id='word_1_75' title='bbox 306 877 414 920; x_wconf 80' lang='lat' dir='ltr'><strong>atque</strong></span> <span class='ocrx_word' id='word_1_76' title='bbox 452 873 621 910; x_wconf 86' lang='lat' dir='ltr'><strong>latrones.</strong></span> <span class='ocrx_word' id='word_1_77' title='bbox 675 874 713 909; x_wconf 91' lang='lat' dir='ltr'><strong>in</strong></span> <span class='ocrx_word' id='word_1_78' title='bbox 775 873 829 908; x_wconf 88' lang='lat' dir='ltr'><strong>ari</strong></span> <span class='ocrx_word' id='word_1_79' title='bbox 869 882 980 908; x_wconf 89' lang='lat' dir='ltr'><strong>causa</strong></span> <span class='ocrx_word' id='word_1_80' title='bbox 1009 872 1128 908; x_wconf 88' lang='lat' dir='ltr'><strong>haben</strong></span> <span class='ocrx_word' id='word_1_81' title='bbox 1156 872 1164 880; x_wconf 92' lang='grc'><em>“</em></span> <span class='ocrx_word' id='word_1_82' title='bbox 1197 876 1293 915; x_wconf 86' lang='lat' dir='ltr'><strong>sunt,</strong></span> 
     </span>
     <span class='ocr_line' id='line_1_14' title="bbox 205 917 1294 965; baseline -0.003 -10"><span class='ocrx_word' id='word_1_83' title='bbox 205 918 267 965; x_wconf 87' lang='lat' dir='ltr'><strong>qui</strong></span> <span class='ocrx_word' id='word_1_84' title='bbox 276 919 301 963; x_wconf 81' lang='lat'><strong>⁶,</strong></span> <span class='ocrx_word' id='word_1_85' title='bbox 341 929 424 955; x_wconf 90' lang='lat' dir='ltr'><strong>cum</strong></span> <span class='ocrx_word' id='word_1_86' title='bbox 455 918 502 955; x_wconf 88' lang='lat' dir='ltr'><strong>ad</strong></span> <span class='ocrx_word' id='word_1_87' title='bbox 527 918 722 955; x_wconf 88' lang='lat' dir='ltr'><strong>rehendere</strong></span> <span class='ocrx_word' id='word_1_88' title='bbox 771 921 916 953; x_wconf 87' lang='lat' dir='ltr'><strong>atrones</strong></span> <span class='ocrx_word' id='word_1_89' title='bbox 948 920 1112 963; x_wconf 81' lang='lat' dir='ltr'><strong>possent,</strong></span> <span class='ocrx_word' id='word_1_90' title='bbox 1141 917 1294 964; x_wconf 88' lang='lat' dir='ltr'><strong>pecunia</strong></span> 
     </span>
     <span class='ocr_line' id='line_1_15' title="bbox 205 962 1077 1011; baseline -0.003 -11"><span class='ocrx_word' id='word_1_91' title='bbox 205 967 356 1010; x_wconf 88' lang='lat' dir='ltr'><strong>accepta</strong></span> <span class='ocrx_word' id='word_1_92' title='bbox 377 964 435 1000; x_wconf 82' lang='lat' dir='ltr'><strong>vel</strong></span> <span class='ocrx_word' id='word_1_93' title='bbox 455 975 500 1001; x_wconf 88' lang='lat' dir='ltr'><strong>su</strong></span> <span class='ocrx_word' id='word_1_94' title='bbox 526 967 708 1011; x_wconf 88' lang='lat' dir='ltr'><strong>reptorum</strong></span> <span class='ocrx_word' id='word_1_95' title='bbox 757 967 835 999; x_wconf 87' lang='lat' dir='ltr'><strong>arte</strong></span> <span class='ocrx_word' id='word_1_96' title='bbox 859 962 1077 998; x_wconf 91' lang='lat' dir='ltr'><strong>dimiserunt.</strong></span> 
     </span>
    </p>

    <p class='ocr_par' dir='ltr' id='par_1_6' title="bbox 205 1006 1295 1281">
     <span class='ocr_line' id='line_1_16' title="bbox 252 1006 1293 1062; baseline -0.004 -16"><span class='ocrx_word' id='word_1_97' title='bbox 252 1006 278 1046; x_wconf 86' lang='lat'><strong>2</strong></span> <span class='ocrx_word' id='word_1_98' title='bbox 310 1008 472 1046; x_wconf 55' lang='lat' dir='ltr'><strong>Pinnos</strong></span> <span class='ocrx_word' id='word_1_99' title='bbox 499 1009 590 1046; x_wconf 81' lang='lat' dir='ltr'><strong>libro</strong></span> <span class='ocrx_word' id='word_1_100' title='bbox 622 1010 730 1062; x_wconf 62' lang='lat' dir='ltr'><strong>sinflu</strong></span> <span class='ocrx_word' id='word_1_101' title='bbox 798 1009 805 1015; x_wconf 93' lang='lat'>&#39;</span> <span class='ocrx_word' id='word_1_102' title='bbox 832 1007 877 1043; x_wconf 79' lang='lat' dir='ltr'><strong>de</strong></span> <span class='ocrx_word' id='word_1_103' title='bbox 902 1008 1033 1054; x_wconf 78' lang='lat' dir='ltr'><strong>poenis</strong></span> <span class='ocrx_word' id='word_1_104' title='bbox 1059 1018 1293 1054; x_wconf 75' lang='lat' dir='ltr'><strong>paqanorum</strong></span> 
     </span>
     <span class='ocr_line' id='line_1_17' title="bbox 205 1052 1293 1100; baseline -0.002 -9"><span class='ocrx_word' id='word_1_105' title='bbox 205 1053 298 1097; x_wconf 87' lang='lat' dir='ltr'><strong>Eos,</strong></span> <span class='ocrx_word' id='word_1_106' title='bbox 331 1054 429 1100; x_wconf 88' lang='lat' dir='ltr'><strong>apud</strong></span> <span class='ocrx_word' id='word_1_107' title='bbox 453 1065 542 1100; x_wconf 87' lang='lat' dir='ltr'><strong>quos</strong></span> <span class='ocrx_word' id='word_1_108' title='bbox 575 1054 703 1090; x_wconf 86' lang='lat' dir='ltr'><strong>adfinis</strong></span> <span class='ocrx_word' id='word_1_109' title='bbox 733 1053 789 1089; x_wconf 86' lang='lat' dir='ltr'><strong>vel</strong></span> <span class='ocrx_word' id='word_1_110' title='bbox 821 1056 995 1098; x_wconf 83' lang='lat' dir='ltr'><strong>cognatus</strong></span> <span class='ocrx_word' id='word_1_111' title='bbox 1026 1052 1119 1088; x_wconf 86' lang='lat' dir='ltr'><strong>latro</strong></span> <span class='ocrx_word' id='word_1_112' title='bbox 1150 1063 1293 1089; x_wconf 89' lang='lat' dir='ltr'><strong>conser-</strong></span> 
     </span>
     <span class='ocr_line' id='line_1_18' title="bbox 205 1097 1294 1146; baseline -0.001 -11"><span class='ocrx_word' id='word_1_113' title='bbox 205 1101 311 1136; x_wconf 81' lang='lat' dir='ltr'><strong>vatus</strong></span> <span class='ocrx_word' id='word_1_114' title='bbox 333 1103 400 1143; x_wconf 90' lang='lat' dir='ltr'><strong>est,</strong></span> <span class='ocrx_word' id='word_1_115' title='bbox 424 1110 540 1146; x_wconf 91' lang='lat' dir='ltr'><strong>neque</strong></span> <span class='ocrx_word' id='word_1_116' title='bbox 563 1098 799 1135; x_wconf 88' lang='lat' dir='ltr'><strong>absolvendos</strong></span> <span class='ocrx_word' id='word_1_117' title='bbox 824 1107 941 1143; x_wconf 87' lang='lat' dir='ltr'><strong>neque</strong></span> <span class='ocrx_word' id='word_1_118' title='bbox 963 1107 1084 1134; x_wconf 86' lang='lat' dir='ltr'><strong>severe</strong></span> <span class='ocrx_word' id='word_1_119' title='bbox 1104 1097 1294 1134; x_wconf 84' lang='lat' dir='ltr'><strong>admodum</strong></span> 
     </span>
     <span class='ocr_line' id='line_1_19' title="bbox 205 1142 1295 1191; baseline -0.003 -10"><span class='ocrx_word' id='word_1_120' title='bbox 205 1144 422 1191; x_wconf 81' lang='lat' dir='ltr'><strong>puniendos:</strong></span> <span class='ocrx_word' id='word_1_121' title='bbox 462 1155 535 1180; x_wconf 93' lang='lat' dir='ltr'><strong>non</strong></span> <span class='ocrx_word' id='word_1_122' title='bbox 572 1144 665 1180; x_wconf 89' lang='lat' dir='ltr'><strong>enim</strong></span> <span class='ocrx_word' id='word_1_123' title='bbox 702 1154 771 1189; x_wconf 88' lang='lat' dir='ltr'><strong>par</strong></span> <span class='ocrx_word' id='word_1_124' title='bbox 801 1146 858 1179; x_wconf 86' lang='lat' dir='ltr'><strong>est</strong></span> <span class='ocrx_word' id='word_1_125' title='bbox 895 1153 1020 1178; x_wconf 91' lang='lat' dir='ltr'><strong>eorum</strong></span> <span class='ocrx_word' id='word_1_126' title='bbox 1055 1142 1222 1178; x_wconf 89' lang='lat' dir='ltr'><strong>delictum</strong></span> <span class='ocrx_word' id='word_1_127' title='bbox 1259 1148 1295 1178; x_wconf 89' lang='lat' dir='ltr'><strong>et</strong></span> 
     </span>
     <span class='ocr_line' id='line_1_20' title="bbox 207 1188 1293 1236; baseline -0.002 -11"><span class='ocrx_word' id='word_1_128' title='bbox 207 1200 349 1233; x_wconf 87' lang='lat' dir='ltr'><strong>eorum,</strong></span> <span class='ocrx_word' id='word_1_129' title='bbox 386 1190 446 1236; x_wconf 86' lang='lat' dir='ltr'><strong>qui</strong></span> <span class='ocrx_word' id='word_1_130' title='bbox 482 1189 571 1225; x_wconf 83' lang='lat' dir='ltr'><strong>nihil</strong></span> <span class='ocrx_word' id='word_1_131' title='bbox 604 1189 651 1225; x_wconf 92' lang='lat' dir='ltr'><strong>ad</strong></span> <span class='ocrx_word' id='word_1_132' title='bbox 689 1199 728 1225; x_wconf 88' lang='lat' dir='ltr'><strong>se</strong></span> <span class='ocrx_word' id='word_1_133' title='bbox 763 1188 984 1234; x_wconf 78' lang='lat' dir='ltr'><strong>pertinentes</strong></span> <span class='ocrx_word' id='word_1_134' title='bbox 1015 1188 1172 1224; x_wconf 86' lang='lat' dir='ltr'><strong>latrones</strong></span> <span class='ocrx_word' id='word_1_135' title='bbox 1204 1189 1293 1224; x_wconf 89' lang='lat' dir='ltr'><strong>reci-</strong></span> 
     </span>
     <span class='ocr_line' id='line_1_21' title="bbox 206 1235 320 1281; baseline -0.018 -9"><span class='ocrx_word' id='word_1_136' title='bbox 206 1235 320 1281; x_wconf 84' lang='lat' dir='ltr'><strong>piunt.</strong></span> 
     </span>
    </p>
   </div>
   <div class='ocr_carea' id='block_1_5' title="bbox 455 1370 1050 1471">
    <p class='ocr_par' dir='ltr' id='par_1_7' title="bbox 455 1370 1050 1471">
     <span class='ocr_line' id='line_1_22' title="bbox 666 1370 817 1411; baseline -0.013 0"><span class='ocrx_word' id='word_1_137' title='bbox 666 1371 782 1411; x_wconf 88' lang='lat' dir='ltr'>XVII</span> <span class='ocrx_word' id='word_1_138' title='bbox 790 1370 817 1409; x_wconf 77' lang='lat'><strong>¹¹.</strong></span> 
     </span>
     <span class='ocr_line' id='line_1_23' title="bbox 455 1436 1050 1471; baseline -0.003 0"><span class='ocrx_word' id='word_1_139' title='bbox 455 1437 517 1471; x_wconf 75' lang='lat' dir='ltr'><strong>DE</strong></span> <span class='ocrx_word' id='word_1_140' title='bbox 541 1437 737 1471; x_wconf 84' lang='lat' dir='ltr'><strong>FUBIBUS</strong></span> <span class='ocrx_word' id='word_1_141' title='bbox 761 1436 1050 1470; x_wconf 83' lang='lat' dir='ltr'><strong>BALNEARIIS.</strong></span> 
     </span>
    </p>
   </div>
   <div class='ocr_carea' id='block_1_6' title="bbox 206 1502 1297 2127">
    <p class='ocr_par' dir='ltr' id='par_1_8' title="bbox 206 1502 1297 1865">
     <span class='ocr_line' id='line_1_24' title="bbox 255 1502 1296 1549; baseline -0.003 -8"><span class='ocrx_word' id='word_1_142' title='bbox 255 1502 274 1541; x_wconf 94' lang='lat'>1</span> <span class='ocrx_word' id='word_1_143' title='bbox 287 1504 301 1525; x_wconf 79' lang='lat'>⁸</span> <span class='ocrx_word' id='word_1_144' title='bbox 330 1503 526 1540; x_wconf 65' lang='lat' dir='ltr'><strong>Urpmws</strong></span> <span class='ocrx_word' id='word_1_145' title='bbox 551 1503 643 1539; x_wconf 76' lang='lat' dir='ltr'><strong>libro</strong></span> <span class='ocrx_word' id='word_1_146' title='bbox 671 1506 797 1539; x_wconf 83' lang='lat' dir='ltr'><strong>octavo</strong></span> <span class='ocrx_word' id='word_1_147' title='bbox 821 1503 867 1538; x_wconf 79' lang='lat' dir='ltr'><strong>de</strong></span> <span class='ocrx_word' id='word_1_148' title='bbox 891 1503 1019 1549; x_wconf 83' lang='lat' dir='ltr'><strong>officio</strong></span> <span class='ocrx_word' id='word_1_149' title='bbox 1069 1503 1296 1539; x_wconf 83' lang='lat' dir='ltr'><strong>roconsulis⁹</strong></span> 
     </span>
     <span class='ocr_line' id='line_1_25' title="bbox 207 1547 1297 1585; baseline -0.002 0"><span class='ocrx_word' id='word_1_150' title='bbox 207 1549 322 1585; x_wconf 87' lang='lat' dir='ltr'><strong>Fures</strong></span> <span class='ocrx_word' id='word_1_151' title='bbox 359 1547 527 1585; x_wconf 81' lang='lat' dir='ltr'><strong>nocturni</strong></span> <span class='ocrx_word' id='word_1_152' title='bbox 565 1551 669 1584; x_wconf 86' lang='lat' dir='ltr'><strong>extra</strong></span> <span class='ocrx_word' id='word_1_153' title='bbox 702 1547 863 1584; x_wconf 81' lang='lat' dir='ltr'><strong>ordinem</strong></span> <span class='ocrx_word' id='word_1_154' title='bbox 897 1548 1002 1584; x_wconf 86' lang='lat' dir='ltr'><strong>audie</strong></span> <span class='ocrx_word' id='word_1_155' title='bbox 1052 1548 1066 1583; x_wconf 94' lang='lat' dir='ltr'><strong>i</strong></span> <span class='ocrx_word' id='word_1_156' title='bbox 1096 1549 1221 1584; x_wconf 80' lang='lat' dir='ltr'><strong>sunt¹⁰</strong></span> <span class='ocrx_word' id='word_1_157' title='bbox 1260 1551 1297 1584; x_wconf 91' lang='lat' dir='ltr'><strong>et</strong></span> 
     </span>
     <span class='ocr_line' id='line_1_26' title="bbox 209 1592 1296 1661; baseline -0.002 -31"><span class='ocrx_word' id='word_1_158' title='bbox 209 1604 320 1630; x_wconf 86' lang='lat' dir='ltr'><strong>causa</strong></span> <span class='ocrx_word' id='word_1_159' title='bbox 343 1593 486 1661; x_wconf 55' lang='lat' dir='ltr'><strong>gognita</strong></span> <span class='ocrx_word' id='word_1_160' title='bbox 508 1592 693 1639; x_wconf 88' lang='lat' dir='ltr'><strong>puniendi,</strong></span> <span class='ocrx_word' id='word_1_161' title='bbox 725 1593 915 1630; x_wconf 88' lang='lat' dir='ltr'><strong>dummodo</strong></span> <span class='ocrx_word' id='word_1_162' title='bbox 940 1594 1096 1630; x_wconf 87' lang='lat' dir='ltr'><strong>sciamus</strong></span> <span class='ocrx_word' id='word_1_163' title='bbox 1119 1593 1157 1628; x_wconf 90' lang='lat' dir='ltr'><strong>in</strong></span> <span class='ocrx_word' id='word_1_164' title='bbox 1179 1604 1296 1639; x_wconf 88' lang='lat' dir='ltr'><strong>poena</strong></span> 
     </span>
     <span class='ocr_line' id='line_1_27' title="bbox 209 1649 422 1676; baseline -0.005 0"><span class='ocrx_word' id='word_1_165' title='bbox 209 1649 332 1676; x_wconf 89' lang='lat' dir='ltr'><strong>eorum</strong></span> <span class='ocrx_word' id='word_1_166' title='bbox 401 1649 422 1675; x_wconf 92' lang='lat' dir='ltr'><strong>o</strong></span> 
     </span>
     <span class='ocr_line' id='line_1_28' title="bbox 207 1683 1295 1721; baseline -0.002 -1"><span class='ocrx_word' id='word_1_167' title='bbox 207 1684 386 1721; x_wconf 90' lang='lat' dir='ltr'><strong>diendum.</strong></span> <span class='ocrx_word' id='word_1_168' title='bbox 429 1683 524 1720; x_wconf 91' lang='lat' dir='ltr'><strong>idem</strong></span> <span class='ocrx_word' id='word_1_169' title='bbox 548 1687 585 1719; x_wconf 90' lang='lat' dir='ltr'><strong>et</strong></span> <span class='ocrx_word' id='word_1_170' title='bbox 605 1683 644 1719; x_wconf 91' lang='lat' dir='ltr'><strong>in</strong></span> <span class='ocrx_word' id='word_1_171' title='bbox 666 1684 859 1720; x_wconf 81' lang='lat' dir='ltr'><strong>balneariis</strong></span> <span class='ocrx_word' id='word_1_172' title='bbox 883 1684 1034 1719; x_wconf 87' lang='lat' dir='ltr'><strong>furibus.</strong></span> <span class='ocrx_word' id='word_1_173' title='bbox 1082 1683 1148 1720; x_wconf 88' lang='lat' dir='ltr'><strong>sed</strong></span> <span class='ocrx_word' id='word_1_174' title='bbox 1171 1684 1202 1719; x_wconf 91' lang='lat' dir='ltr'><strong>si</strong></span> <span class='ocrx_word' id='word_1_175' title='bbox 1224 1683 1295 1719; x_wconf 91' lang='lat' dir='ltr'><strong>telo</strong></span> 
     </span>
     <span class='ocr_line' id='line_1_29' title="bbox 207 1728 1295 1766; baseline -0.002 0"><span class='ocrx_word' id='word_1_176' title='bbox 207 1740 247 1766; x_wconf 89' lang='lat' dir='ltr'><strong>se</strong></span> <span class='ocrx_word' id='word_1_177' title='bbox 276 1728 375 1765; x_wconf 82' lang='lat' dir='ltr'><strong>fures</strong></span> <span class='ocrx_word' id='word_1_178' title='bbox 407 1728 604 1765; x_wconf 85' lang='lat' dir='ltr'><strong>defendunt</strong></span> <span class='ocrx_word' id='word_1_179' title='bbox 633 1729 689 1765; x_wconf 91' lang='lat' dir='ltr'><strong>vel</strong></span> <span class='ocrx_word' id='word_1_180' title='bbox 718 1729 926 1766; x_wconf 85' lang='lat' dir='ltr'><strong>effractores</strong></span> <span class='ocrx_word' id='word_1_181' title='bbox 949 1730 1004 1765; x_wconf 86' lang='lat' dir='ltr'><strong>vel</strong></span> <span class='ocrx_word' id='word_1_182' title='bbox 1034 1730 1145 1765; x_wconf 89' lang='lat' dir='ltr'><strong>ceteri</strong></span> <span class='ocrx_word' id='word_1_183' title='bbox 1166 1729 1223 1765; x_wconf 90' lang='lat' dir='ltr'><strong>his</strong></span> <span class='ocrx_word' id='word_1_184' title='bbox 1248 1729 1295 1764; x_wconf 90' lang='lat' dir='ltr'><strong>si-</strong></span> 
     </span>
     <span class='ocr_line' id='line_1_30' title="bbox 206 1774 1297 1820; baseline 0 -10"><span class='ocrx_word' id='word_1_185' title='bbox 206 1774 307 1811; x_wconf 84' lang='lat' dir='ltr'><strong>miles</strong></span> <span class='ocrx_word' id='word_1_186' title='bbox 338 1785 405 1810; x_wconf 91' lang='lat' dir='ltr'><strong>nec</strong></span> <span class='ocrx_word' id='word_1_187' title='bbox 429 1785 643 1820; x_wconf 86' lang='lat' dir='ltr'><strong>quemquam</strong></span> <span class='ocrx_word' id='word_1_188' title='bbox 655 1775 683 1796; x_wconf 83' lang='lat'><strong>¹²</strong></span> <span class='ocrx_word' id='word_1_189' title='bbox 713 1778 987 1820; x_wconf 89' lang='lat' dir='ltr'><strong>percusserunt,</strong></span> <span class='ocrx_word' id='word_1_190' title='bbox 1022 1774 1158 1810; x_wconf 90' lang='lat' dir='ltr'><strong>metalli</strong></span> <span class='ocrx_word' id='word_1_191' title='bbox 1180 1785 1297 1820; x_wconf 87' lang='lat' dir='ltr'><strong>poena</strong></span> 
     </span>
     <span class='ocr_line' id='line_1_31' title="bbox 207 1819 1154 1865; baseline -0.001 -9"><span class='ocrx_word' id='word_1_192' title='bbox 207 1820 264 1856; x_wconf 82' lang='lat' dir='ltr'><strong>vel</strong></span> <span class='ocrx_word' id='word_1_193' title='bbox 286 1819 511 1856; x_wconf 82' lang='lat' dir='ltr'><strong>honestiores</strong></span> <span class='ocrx_word' id='word_1_194' title='bbox 535 1819 763 1865; x_wconf 82' lang='lat' dir='ltr'><strong>relegationis</strong></span> <span class='ocrx_word' id='word_1_195' title='bbox 774 1820 802 1841; x_wconf 84' lang='lat'><strong>¹³</strong></span> <span class='ocrx_word' id='word_1_196' title='bbox 825 1819 1016 1855; x_wconf 85' lang='lat' dir='ltr'><strong>adficiendi</strong></span> <span class='ocrx_word' id='word_1_197' title='bbox 1039 1823 1154 1855; x_wconf 89' lang='lat' dir='ltr'><strong>erunt.</strong></span> 
     </span>
    </p>

    <p class='ocr_par' dir='ltr' id='par_1_9' title="bbox 206 1863 1295 1992">
     <span class='ocr_line' id='line_1_32' title="bbox 255 1863 1295 1912; baseline -0.001 -10"><span class='ocrx_word' id='word_1_198' title='bbox 255 1863 281 1902; x_wconf 86' lang='lat'>2</span> <span class='ocrx_word' id='word_1_199' title='bbox 304 1864 541 1901; x_wconf 53' lang='lat' dir='ltr'><strong>Minoum-s</strong></span> <span class='ocrx_word' id='word_1_200' title='bbox 578 1864 669 1901; x_wconf 84' lang='lat' dir='ltr'><strong>libro</strong></span> <span class='ocrx_word' id='word_1_201' title='bbox 700 1865 857 1901; x_wconf 82' lang='lat' dir='ltr'><strong>secundo</strong></span> <span class='ocrx_word' id='word_1_202' title='bbox 889 1865 1104 1901; x_wconf 78' lang='lat' dir='ltr'><strong>iudiciorum</strong></span> <span class='ocrx_word' id='word_1_203' title='bbox 1134 1865 1295 1912; x_wconf 81' lang='lat' dir='ltr'><strong>publico-</strong></span> 
     </span>
     <span class='ocr_line' id='line_1_33' title="bbox 206 1909 1295 1953; baseline 0.001 -8"><span class='ocrx_word' id='word_1_204' title='bbox 206 1921 287 1945; x_wconf 89' lang='lat' dir='ltr'><strong>rum</strong></span> <span class='ocrx_word' id='word_1_205' title='bbox 334 1909 406 1946; x_wconf 87' lang='lat' dir='ltr'><strong>Sed</strong></span> <span class='ocrx_word' id='word_1_206' title='bbox 434 1909 467 1945; x_wconf 88' lang='lat' dir='ltr'><strong>si</strong></span> <span class='ocrx_word' id='word_1_207' title='bbox 493 1909 652 1945; x_wconf 84' lang='lat' dir='ltr'><strong>interdiu</strong></span> <span class='ocrx_word' id='word_1_208' title='bbox 682 1910 819 1946; x_wconf 83' lang='lat' dir='ltr'><strong>furtum</strong></span> <span class='ocrx_word' id='word_1_209' title='bbox 842 1909 1025 1953; x_wconf 84' lang='lat' dir='ltr'><strong>fecerunt,</strong></span> <span class='ocrx_word' id='word_1_210' title='bbox 1050 1910 1103 1946; x_wconf 84' lang='lat' dir='ltr'><strong>ad</strong></span> <span class='ocrx_word' id='word_1_211' title='bbox 1119 1910 1176 1946; x_wconf 89' lang='lat' dir='ltr'><strong>ius</strong></span> <span class='ocrx_word' id='word_1_212' title='bbox 1201 1910 1295 1946; x_wconf 90' lang='lat' dir='ltr'><strong>ordi-</strong></span> 
     </span>
     <span class='ocr_line' id='line_1_34' title="bbox 207 1955 694 1992; baseline 0 -1"><span class='ocrx_word' id='word_1_213' title='bbox 207 1955 348 1992; x_wconf 87' lang='lat' dir='ltr'><strong>narium</strong></span> <span class='ocrx_word' id='word_1_214' title='bbox 370 1955 575 1991; x_wconf 88' lang='lat' dir='ltr'><strong>remittendi</strong></span> <span class='ocrx_word' id='word_1_215' title='bbox 598 1958 694 1991; x_wconf 88' lang='lat' dir='ltr'><strong>sunt.</strong></span> 
     </span>
    </p>

    <p class='ocr_par' dir='ltr' id='par_1_10' title="bbox 207 1997 1297 2127">
     <span class='ocr_line' id='line_1_35' title="bbox 252 1997 1295 2053; baseline -0.004 -14"><span class='ocrx_word' id='word_1_216' title='bbox 252 1997 278 2039; x_wconf 86' lang='lat'>3</span> <span class='ocrx_word' id='word_1_217' title='bbox 304 2000 464 2036; x_wconf 59' lang='lat' dir='ltr'><strong>Panos</strong></span> <span class='ocrx_word' id='word_1_218' title='bbox 483 2001 575 2037; x_wconf 82' lang='lat' dir='ltr'><strong>libro</strong></span> <span class='ocrx_word' id='word_1_219' title='bbox 589 2000 775 2053; x_wconf 67' lang='lat' dir='ltr'><strong>sinqulari</strong></span> <span class='ocrx_word' id='word_1_220' title='bbox 789 2000 834 2036; x_wconf 81' lang='lat' dir='ltr'><strong>de</strong></span> <span class='ocrx_word' id='word_1_221' title='bbox 850 2001 984 2047; x_wconf 80' lang='lat' dir='ltr'><strong>poenis</strong></span> <span class='ocrx_word' id='word_1_222' title='bbox 999 2000 1152 2036; x_wconf 82' lang='lat' dir='ltr'><strong>militum</strong></span> <span class='ocrx_word' id='word_1_223' title='bbox 1179 2000 1295 2053; x_wconf 72' lang='lat' dir='ltr'><strong>Miles,</strong></span> 
     </span>
     <span class='ocr_line' id='line_1_36' title="bbox 208 2045 1297 2127; baseline -0.002 -45"><span class='ocrx_word' id='word_1_224' title='bbox 208 2046 269 2091; x_wconf 87' lang='lat' dir='ltr'><strong>qui</strong></span> <span class='ocrx_word' id='word_1_225' title='bbox 298 2045 349 2126; x_wconf 54' lang='lat' dir='ltr'><strong>hd</strong></span> <span class='ocrx_word' id='word_1_226' title='bbox 365 2045 463 2127; x_wconf 49' lang='lat' dir='ltr'><strong>{utto</strong></span> <span class='ocrx_word' id='word_1_227' title='bbox 492 2045 677 2082; x_wconf 87' lang='lat' dir='ltr'><strong>balneario</strong></span> <span class='ocrx_word' id='word_1_228' title='bbox 715 2045 961 2091; x_wconf 80' lang='lat' dir='ltr'><strong>adprehensus</strong></span> <span class='ocrx_word' id='word_1_229' title='bbox 992 2048 1065 2088; x_wconf 88' lang='lat' dir='ltr'><strong>est,</strong></span> <span class='ocrx_word' id='word_1_230' title='bbox 1103 2045 1297 2090; x_wconf 85' lang='lat' dir='ltr'><strong>ignominia</strong></span> 
     </span>
     <span class='ocr_line' id='line_1_37' title="bbox 207 2090 442 2127; baseline -0.004 -1"><span class='ocrx_word' id='word_1_231' title='bbox 207 2090 303 2126; x_wconf 88' lang='lat' dir='ltr'><strong>mitti</strong></span> <span class='ocrx_word' id='word_1_232' title='bbox 349 2101 370 2127; x_wconf 90' lang='lat' dir='ltr'><strong>e</strong></span> <span class='ocrx_word' id='word_1_233' title='bbox 396 2094 442 2126; x_wconf 90' lang='lat' dir='ltr'><strong>et.</strong></span> 
     </span>
    </p>
   </div>
   <div class='ocr_carea' id='block_1_7' title="bbox 491 1638 1295 1691">
    <p class='ocr_par' dir='ltr' id='par_1_11' title="bbox 491 1638 1295 1691">
     <span class='ocr_line' id='line_1_38' title="bbox 491 1638 1295 1691; baseline -0.001 -17"><span class='ocrx_word' id='word_1_234' title='bbox 491 1638 520 1674; x_wconf 83' lang='lat' dir='ltr'><strong>&#39;s</strong></span> <span class='ocrx_word' id='word_1_235' title='bbox 543 1638 680 1684; x_wconf 84' lang='lat' dir='ltr'><strong>publici</strong></span> <span class='ocrx_word' id='word_1_236' title='bbox 702 1639 910 1691; x_wconf 71' lang='lat' dir='ltr'><strong>temporarii</strong></span> <span class='ocrx_word' id='word_1_237' title='bbox 932 1639 1077 1675; x_wconf 93' lang='lat' dir='ltr'><strong>modum</strong></span> <span class='ocrx_word' id='word_1_238' title='bbox 1099 1649 1172 1674; x_wconf 93' lang='lat' dir='ltr'><strong>non</strong></span> <span class='ocrx_word' id='word_1_239' title='bbox 1196 1649 1295 1684; x_wconf 80' lang='lat' dir='ltr'><strong>egre-</strong></span> 
     </span>
    </p>
   </div>
   <div class='ocr_carea' id='block_1_8' title="bbox 280 2228 1227 2328">
    <p class='ocr_par' dir='ltr' id='par_1_12' title="bbox 280 2228 1227 2328">
     <span class='ocr_line' id='line_1_39' title="bbox 659 2228 846 2268; baseline 0 -1"><span class='ocrx_word' id='word_1_240' title='bbox 659 2228 795 2268; x_wconf 90' lang='lat' dir='ltr'>XVIII</span> <span class='ocrx_word' id='word_1_241' title='bbox 807 2228 846 2267; x_wconf 83' lang='lat'><strong>¹⁴.</strong></span> 
     </span>
     <span class='ocr_line' id='line_1_40' title="bbox 280 2293 1227 2328; baseline 0.001 -1"><span class='ocrx_word' id='word_1_242' title='bbox 280 2294 343 2327; x_wconf 84' lang='lat' dir='ltr'><strong>DE</strong></span> <span class='ocrx_word' id='word_1_243' title='bbox 365 2293 742 2327; x_wconf 82' lang='lat' dir='ltr'><strong>EFFBACTORIBUS</strong></span> <span class='ocrx_word' id='word_1_244' title='bbox 765 2295 825 2327; x_wconf 82' lang='lat' dir='ltr'><strong>ET</strong></span> <span class='ocrx_word' id='word_1_245' title='bbox 848 2294 1227 2328; x_wconf 80' lang='lat' dir='ltr'><strong>EXPILATORIBUS.</strong></span> 
     </span>
    </p>
   </div>
   <div class='ocr_carea' id='block_1_9' title="bbox 206 2358 1297 3264">
    <p class='ocr_par' dir='ltr' id='par_1_13' title="bbox 206 2358 1297 3264">
     <span class='ocr_line' id='line_1_41' title="bbox 257 2358 1296 2407; baseline -0.002 -10"><span class='ocrx_word' id='word_1_246' title='bbox 257 2358 275 2397; x_wconf 92' lang='lat'>1</span> <span class='ocrx_word' id='word_1_247' title='bbox 311 2358 506 2396; x_wconf 63' lang='lat' dir='ltr'><strong>Ummos</strong></span> <span class='ocrx_word' id='word_1_248' title='bbox 535 2359 626 2395; x_wconf 84' lang='lat' dir='ltr'><strong>libro</strong></span> <span class='ocrx_word' id='word_1_249' title='bbox 639 2361 668 2381; x_wconf 83' lang='lat'><strong>¹⁵</strong></span> <span class='ocrx_word' id='word_1_250' title='bbox 699 2362 825 2396; x_wconf 84' lang='lat' dir='ltr'><strong>octavo</strong></span> <span class='ocrx_word' id='word_1_251' title='bbox 849 2360 894 2395; x_wconf 80' lang='lat' dir='ltr'><strong>de</strong></span> <span class='ocrx_word' id='word_1_252' title='bbox 917 2359 1044 2406; x_wconf 82' lang='lat' dir='ltr'><strong>officio</strong></span> <span class='ocrx_word' id='word_1_253' title='bbox 1063 2360 1296 2407; x_wconf 80' lang='lat' dir='ltr'><strong>proconsulis</strong></span> 
     </span>
     <span class='ocr_line' id='line_1_42' title="bbox 206 2404 1296 2450; baseline 0 -9"><span class='ocrx_word' id='word_1_254' title='bbox 206 2405 264 2441; x_wconf 87' lang='lat' dir='ltr'><strong>De</strong></span> <span class='ocrx_word' id='word_1_255' title='bbox 293 2404 370 2447; x_wconf 91' lang='lat' dir='ltr'><strong>his,</strong></span> <span class='ocrx_word' id='word_1_256' title='bbox 402 2404 464 2450; x_wconf 88' lang='lat' dir='ltr'><strong>qui</strong></span> <span class='ocrx_word' id='word_1_257' title='bbox 496 2414 641 2441; x_wconf 86' lang='lat' dir='ltr'><strong>carcere</strong></span> <span class='ocrx_word' id='word_1_258' title='bbox 670 2404 819 2441; x_wconf 86' lang='lat' dir='ltr'><strong>effracto</strong></span> <span class='ocrx_word' id='word_1_259' title='bbox 843 2408 1048 2448; x_wconf 86' lang='lat' dir='ltr'><strong>evaserunt,</strong></span> <span class='ocrx_word' id='word_1_260' title='bbox 1084 2405 1296 2441; x_wconf 89' lang='lat' dir='ltr'><strong>sumendum</strong></span> 
     </span>
     <span class='ocr_line' id='line_1_43' title="bbox 208 2449 1294 2496; baseline -0.001 -10"><span class='ocrx_word' id='word_1_261' title='bbox 208 2449 422 2496; x_wconf 87' lang='lat' dir='ltr'><strong>supplicium</strong></span> <span class='ocrx_word' id='word_1_262' title='bbox 445 2449 514 2485; x_wconf 90' lang='lat' dir='ltr'><strong>divi</strong></span> <span class='ocrx_word' id='word_1_263' title='bbox 538 2449 669 2486; x_wconf 82' lang='lat' dir='ltr'><strong>fratres</strong></span> <span class='ocrx_word' id='word_1_264' title='bbox 693 2449 845 2486; x_wconf 87' lang='lat' dir='ltr'><strong>Aemilio</strong></span> <span class='ocrx_word' id='word_1_265' title='bbox 869 2450 994 2486; x_wconf 87' lang='lat' dir='ltr'><strong>Tironi</strong></span> <span class='ocrx_word' id='word_1_266' title='bbox 1021 2451 1294 2496; x_wconf 83' lang='lat' dir='ltr'><strong>rescripserunt.</strong></span> 
     </span>
     <span class='ocr_line' id='line_1_44' title="bbox 208 2494 1293 2541; baseline -0.001 -9"><span class='ocrx_word' id='word_1_267' title='bbox 208 2495 425 2532; x_wconf 77' lang='lat' dir='ltr'><strong>Saturninus</strong></span> <span class='ocrx_word' id='word_1_268' title='bbox 450 2494 557 2530; x_wconf 88' lang='lat' dir='ltr'><strong>etiam</strong></span> <span class='ocrx_word' id='word_1_269' title='bbox 579 2495 711 2541; x_wconf 88' lang='lat' dir='ltr'><strong>probat</strong></span> <span class='ocrx_word' id='word_1_270' title='bbox 732 2494 772 2530; x_wconf 89' lang='lat' dir='ltr'><strong>in</strong></span> <span class='ocrx_word' id='word_1_271' title='bbox 795 2505 868 2538; x_wconf 90' lang='lat' dir='ltr'><strong>eos,</strong></span> <span class='ocrx_word' id='word_1_272' title='bbox 893 2496 954 2541; x_wconf 87' lang='lat' dir='ltr'><strong>qui</strong></span> <span class='ocrx_word' id='word_1_273' title='bbox 978 2496 1023 2532; x_wconf 89' lang='lat' dir='ltr'><strong>de</strong></span> <span class='ocrx_word' id='word_1_274' title='bbox 1047 2506 1190 2532; x_wconf 90' lang='lat' dir='ltr'><strong>carcere</strong></span> <span class='ocrx_word' id='word_1_275' title='bbox 1215 2506 1293 2531; x_wconf 90' lang='lat' dir='ltr'><strong>eru-</strong></span> 
     </span>
     <span class='ocr_line' id='line_1_45' title="bbox 207 2539 1295 2587; baseline 0 -11"><span class='ocrx_word' id='word_1_276' title='bbox 207 2543 340 2587; x_wconf 87' lang='lat' dir='ltr'><strong>perunt</strong></span> <span class='ocrx_word' id='word_1_277' title='bbox 370 2539 445 2576; x_wconf 88' lang='lat' dir='ltr'><strong>sive</strong></span> <span class='ocrx_word' id='word_1_278' title='bbox 475 2539 633 2576; x_wconf 87' lang='lat' dir='ltr'><strong>effractis</strong></span> <span class='ocrx_word' id='word_1_279' title='bbox 656 2539 796 2576; x_wconf 87' lang='lat' dir='ltr'><strong>foribus</strong></span> <span class='ocrx_word' id='word_1_280' title='bbox 827 2540 902 2576; x_wconf 86' lang='lat' dir='ltr'><strong>sive</strong></span> <span class='ocrx_word' id='word_1_281' title='bbox 925 2540 1191 2587; x_wconf 81' lang='lat' dir='ltr'><strong>conspiratione</strong></span> <span class='ocrx_word' id='word_1_282' title='bbox 1215 2551 1295 2576; x_wconf 91' lang='lat' dir='ltr'><strong>cum</strong></span> 
     </span>
     <span class='ocr_line' id='line_1_46' title="bbox 208 2584 1294 2632; baseline 0 -10"><span class='ocrx_word' id='word_1_283' title='bbox 208 2585 353 2628; x_wconf 89' lang='lat' dir='ltr'><strong>ceteris,</strong></span> <span class='ocrx_word' id='word_1_284' title='bbox 379 2584 442 2631; x_wconf 85' lang='lat' dir='ltr'><strong>qui</strong></span> <span class='ocrx_word' id='word_1_285' title='bbox 463 2584 501 2620; x_wconf 90' lang='lat' dir='ltr'><strong>in</strong></span> <span class='ocrx_word' id='word_1_286' title='bbox 523 2585 649 2622; x_wconf 89' lang='lat' dir='ltr'><strong>eadem</strong></span> <span class='ocrx_word' id='word_1_287' title='bbox 673 2585 837 2621; x_wconf 89' lang='lat' dir='ltr'><strong>custodia</strong></span> <span class='ocrx_word' id='word_1_288' title='bbox 859 2590 978 2630; x_wconf 88' lang='lat' dir='ltr'><strong>erant,</strong></span> <span class='ocrx_word' id='word_1_289' title='bbox 1004 2586 1121 2632; x_wconf 89' lang='lat' dir='ltr'><strong>capite</strong></span> <span class='ocrx_word' id='word_1_290' title='bbox 1144 2586 1294 2631; x_wconf 91' lang='lat' dir='ltr'><strong>punien-</strong></span> 
     </span>
     <span class='ocr_line' id='line_1_47' title="bbox 208 2629 1294 2676; baseline 0 -9"><span class='ocrx_word' id='word_1_291' title='bbox 208 2630 274 2667; x_wconf 89' lang='lat' dir='ltr'><strong>dos</strong></span> <span class='ocrx_word' id='word_1_292' title='bbox 287 2631 332 2666; x_wconf 76' lang='lat'><strong>¹⁸:</strong></span> <span class='ocrx_word' id='word_1_293' title='bbox 358 2629 454 2675; x_wconf 90' lang='lat' dir='ltr'><strong>quod</strong></span> <span class='ocrx_word' id='word_1_294' title='bbox 473 2630 506 2666; x_wconf 90' lang='lat' dir='ltr'><strong>si</strong></span> <span class='ocrx_word' id='word_1_295' title='bbox 523 2640 590 2676; x_wconf 89' lang='lat' dir='ltr'><strong>per</strong></span> <span class='ocrx_word' id='word_1_296' title='bbox 607 2640 653 2666; x_wconf 91' lang='lat' dir='ltr'><strong>ne</strong></span> <span class='ocrx_word' id='word_1_297' title='bbox 675 2630 866 2675; x_wconf 84' lang='lat' dir='ltr'><strong>legentiam</strong></span> <span class='ocrx_word' id='word_1_298' title='bbox 885 2631 1074 2667; x_wconf 88' lang='lat' dir='ltr'><strong>custodum</strong></span> <span class='ocrx_word' id='word_1_299' title='bbox 1094 2635 1294 2676; x_wconf 86' lang='lat' dir='ltr'><strong>evaserunt,</strong></span> 
     </span>
     <span class='ocr_line' id='line_1_48' title="bbox 211 2675 1295 2729; baseline 0.001 -18"><span class='ocrx_word' id='word_1_300' title='bbox 211 2679 226 2711; x_wconf 91' lang='lat' dir='ltr'><strong>i</strong></span> <span class='ocrx_word' id='word_1_301' title='bbox 275 2675 386 2711; x_wconf 87' lang='lat' dir='ltr'><strong>levius</strong></span> <span class='ocrx_word' id='word_1_302' title='bbox 404 2675 615 2721; x_wconf 89' lang='lat' dir='ltr'><strong>puniendos.</strong></span> <span class='ocrx_word' id='word_1_303' title='bbox 685 2675 891 2721; x_wconf 87' lang='lat' dir='ltr'><strong>xpilatores,</strong></span> <span class='ocrx_word' id='word_1_304' title='bbox 917 2678 978 2729; x_wconf 81' lang='lat' dir='ltr'><strong>qui</strong></span> <span class='ocrx_word' id='word_1_305' title='bbox 996 2681 1080 2712; x_wconf 88' lang='lat' dir='ltr'><strong>sunt</strong></span> <span class='ocrx_word' id='word_1_306' title='bbox 1099 2677 1295 2712; x_wconf 83' lang='lat' dir='ltr'><strong>atrociores</strong></span> 
     </span>
     <span class='ocr_line' id='line_1_49' title="bbox 206 2720 1295 2767; baseline 0.001 -10"><span class='ocrx_word' id='word_1_307' title='bbox 206 2720 306 2757; x_wconf 79' lang='lat' dir='ltr'><strong>fures</strong></span> <span class='ocrx_word' id='word_1_308' title='bbox 335 2720 419 2763; x_wconf 90' lang='lat' dir='ltr'><strong>(hoc</strong></span> <span class='ocrx_word' id='word_1_309' title='bbox 448 2720 543 2757; x_wconf 86' lang='lat' dir='ltr'><strong>enim</strong></span> <span class='ocrx_word' id='word_1_310' title='bbox 571 2723 628 2756; x_wconf 89' lang='lat' dir='ltr'><strong>est</strong></span> <span class='ocrx_word' id='word_1_311' title='bbox 650 2721 892 2766; x_wconf 79' lang='lat' dir='ltr'><strong>expilatores),</strong></span> <span class='ocrx_word' id='word_1_312' title='bbox 923 2732 962 2757; x_wconf 90' lang='lat' dir='ltr'><strong>in</strong></span> <span class='ocrx_word' id='word_1_313' title='bbox 993 2733 1082 2767; x_wconf 87' lang='lat' dir='ltr'><strong>opus</strong></span> <span class='ocrx_word' id='word_1_314' title='bbox 1138 2722 1295 2758; x_wconf 86' lang='lat' dir='ltr'><strong>ublicum</strong></span> 
     </span>
     <span class='ocr_line' id='line_1_50' title="bbox 207 2765 1294 2811; baseline 0.001 -10"><span class='ocrx_word' id='word_1_315' title='bbox 207 2766 264 2802; x_wconf 79' lang='lat' dir='ltr'><strong>vel</strong></span> <span class='ocrx_word' id='word_1_316' title='bbox 287 2769 499 2811; x_wconf 86' lang='lat' dir='ltr'><strong>perpetuum</strong></span> <span class='ocrx_word' id='word_1_317' title='bbox 516 2765 574 2801; x_wconf 81' lang='lat' dir='ltr'><strong>vel</strong></span> <span class='ocrx_word' id='word_1_318' title='bbox 590 2766 846 2811; x_wconf 90' lang='lat' dir='ltr'><strong>temporarium</strong></span> <span class='ocrx_word' id='word_1_319' title='bbox 864 2766 943 2801; x_wconf 89' lang='lat' dir='ltr'><strong>dari</strong></span> <span class='ocrx_word' id='word_1_320' title='bbox 962 2767 1088 2810; x_wconf 87' lang='lat' dir='ltr'><strong>solent,</strong></span> <span class='ocrx_word' id='word_1_321' title='bbox 1140 2768 1294 2803; x_wconf 86' lang='lat' dir='ltr'><strong>onestio-</strong></span> 
     </span>
     <span class='ocr_line' id='line_1_51' title="bbox 207 2809 1297 2857; baseline 0.002 -11"><span class='ocrx_word' id='word_1_322' title='bbox 207 2820 266 2846; x_wconf 90' lang='lat' dir='ltr'><strong>res</strong></span> <span class='ocrx_word' id='word_1_323' title='bbox 290 2814 409 2846; x_wconf 87' lang='lat' dir='ltr'><strong>autem</strong></span> <span class='ocrx_word' id='word_1_324' title='bbox 429 2809 552 2846; x_wconf 90' lang='lat' dir='ltr'><strong>ordine</strong></span> <span class='ocrx_word' id='word_1_325' title='bbox 575 2809 623 2846; x_wconf 89' lang='lat' dir='ltr'><strong>ad</strong></span> <span class='ocrx_word' id='word_1_326' title='bbox 645 2814 785 2857; x_wconf 87' lang='lat' dir='ltr'><strong>tempus</strong></span> <span class='ocrx_word' id='word_1_327' title='bbox 809 2811 942 2847; x_wconf 86' lang='lat' dir='ltr'><strong>moveri</strong></span> <span class='ocrx_word' id='word_1_328' title='bbox 965 2812 1021 2847; x_wconf 90' lang='lat' dir='ltr'><strong>vel</strong></span> <span class='ocrx_word' id='word_1_329' title='bbox 1043 2812 1132 2848; x_wconf 87' lang='lat' dir='ltr'><strong>fines</strong></span> <span class='ocrx_word' id='word_1_330' title='bbox 1155 2812 1297 2857; x_wconf 80' lang='lat' dir='ltr'><strong>patriae</strong></span> 
     </span>
     <span class='ocr_line' id='line_1_52' title="bbox 207 2855 1295 2903; baseline 0.002 -12"><span class='ocrx_word' id='word_1_331' title='bbox 207 2855 323 2891; x_wconf 89' lang='lat' dir='ltr'><strong>iuberi</strong></span> <span class='ocrx_word' id='word_1_332' title='bbox 345 2855 528 2891; x_wconf 86' lang='lat' dir='ltr'><strong>excedere.</strong></span> <span class='ocrx_word' id='word_1_333' title='bbox 600 2855 706 2891; x_wconf 87' lang='lat' dir='ltr'><strong>uibus</strong></span> <span class='ocrx_word' id='word_1_334' title='bbox 720 2857 747 2879; x_wconf 86' lang='lat'><strong>¹⁷</strong></span> <span class='ocrx_word' id='word_1_335' title='bbox 777 2856 878 2891; x_wconf 89' lang='lat' dir='ltr'><strong>nulla</strong></span> <span class='ocrx_word' id='word_1_336' title='bbox 901 2857 1066 2902; x_wconf 88' lang='lat' dir='ltr'><strong>specialis</strong></span> <span class='ocrx_word' id='word_1_337' title='bbox 1098 2868 1215 2903; x_wconf 91' lang='lat' dir='ltr'><strong>poena</strong></span> <span class='ocrx_word' id='word_1_338' title='bbox 1238 2868 1295 2893; x_wconf 91' lang='lat' dir='ltr'><strong>re-</strong></span> 
     </span>
     <span class='ocr_line' id='line_1_53' title="bbox 210 2900 1296 2946; baseline 0.002 -9"><span class='ocrx_word' id='word_1_339' title='bbox 210 2900 354 2946; x_wconf 84' lang='lat' dir='ltr'><strong>scriptis</strong></span> <span class='ocrx_word' id='word_1_340' title='bbox 417 2900 583 2946; x_wconf 82' lang='lat' dir='ltr'><strong>rineipali</strong></span> <span class='ocrx_word' id='word_1_341' title='bbox 608 2911 651 2937; x_wconf 94' lang='lat' dir='ltr'><strong>us</strong></span> <span class='ocrx_word' id='word_1_342' title='bbox 689 2900 846 2946; x_wconf 86' lang='lat' dir='ltr'><strong>inposita</strong></span> <span class='ocrx_word' id='word_1_343' title='bbox 893 2906 964 2937; x_wconf 89' lang='lat' dir='ltr'><strong>est:</strong></span> <span class='ocrx_word' id='word_1_344' title='bbox 1011 2902 1145 2939; x_wconf 88' lang='lat' dir='ltr'><strong>idcirco</strong></span> <span class='ocrx_word' id='word_1_345' title='bbox 1185 2913 1296 2939; x_wconf 86' lang='lat' dir='ltr'><strong>causa</strong></span> 
     </span>
     <span class='ocr_line' id='line_1_54' title="bbox 209 2944 1294 2993; baseline 0.002 -11"><span class='ocrx_word' id='word_1_346' title='bbox 209 2945 354 2991; x_wconf 76' lang='lat' dir='ltr'><strong>cognita</strong></span> <span class='ocrx_word' id='word_1_347' title='bbox 375 2944 402 2980; x_wconf 92' lang='lat' dir='ltr'><strong>li</strong></span> <span class='ocrx_word' id='word_1_348' title='bbox 428 2955 527 2981; x_wconf 89' lang='lat' dir='ltr'><strong>erum</strong></span> <span class='ocrx_word' id='word_1_349' title='bbox 558 2945 625 2981; x_wconf 89' lang='lat' dir='ltr'><strong>erit</strong></span> <span class='ocrx_word' id='word_1_350' title='bbox 648 2946 836 2982; x_wconf 88' lang='lat' dir='ltr'><strong>arbitrium</strong></span> <span class='ocrx_word' id='word_1_351' title='bbox 859 2947 1041 2983; x_wconf 87' lang='lat' dir='ltr'><strong>statuendi</strong></span> <span class='ocrx_word' id='word_1_352' title='bbox 1071 2948 1104 2983; x_wconf 89' lang='lat' dir='ltr'><strong>ei</strong></span> <span class='ocrx_word' id='word_1_353' title='bbox 1127 2947 1188 2993; x_wconf 88' lang='lat' dir='ltr'><strong>qui</strong></span> <span class='ocrx_word' id='word_1_354' title='bbox 1211 2959 1294 2992; x_wconf 87' lang='lat' dir='ltr'><strong>cog-</strong></span> 
     </span>
     <span class='ocr_line' id='line_1_55' title="bbox 211 2989 1295 3029; baseline 0.002 -2"><span class='ocrx_word' id='word_1_355' title='bbox 211 2993 232 3027; x_wconf 86' lang='lat'>2</span> <span class='ocrx_word' id='word_1_356' title='bbox 279 2990 406 3027; x_wconf 89' lang='lat' dir='ltr'><strong>noscit.</strong></span> <span class='ocrx_word' id='word_1_357' title='bbox 455 2989 568 3025; x_wconf 86' lang='lat' dir='ltr'><strong>Simili</strong></span> <span class='ocrx_word' id='word_1_358' title='bbox 596 2991 702 3026; x_wconf 92' lang='lat' dir='ltr'><strong>modo</strong></span> <span class='ocrx_word' id='word_1_359' title='bbox 732 2996 768 3027; x_wconf 92' lang='lat' dir='ltr'><strong>et</strong></span> <span class='ocrx_word' id='word_1_360' title='bbox 790 2991 971 3028; x_wconf 82' lang='lat' dir='ltr'><strong>saeculari</strong></span> <span class='ocrx_word' id='word_1_361' title='bbox 999 2996 1036 3028; x_wconf 88' lang='lat' dir='ltr'><strong>et</strong></span> <span class='ocrx_word' id='word_1_362' title='bbox 1066 2993 1255 3029; x_wconf 87' lang='lat' dir='ltr'><strong>derectarii</strong></span> <span class='ocrx_word' id='word_1_363' title='bbox 1268 2994 1295 3014; x_wconf 83' lang='lat'><strong>¹¹³</strong></span> 
     </span>
     <span class='ocr_line' id='line_1_56' title="bbox 209 3034 1294 3081; baseline 0.001 -9"><span class='ocrx_word' id='word_1_364' title='bbox 209 3039 316 3072; x_wconf 86' lang='lat' dir='ltr'><strong>erunt</strong></span> <span class='ocrx_word' id='word_1_365' title='bbox 345 3034 533 3081; x_wconf 87' lang='lat' dir='ltr'><strong>puniendi,</strong></span> <span class='ocrx_word' id='word_1_366' title='bbox 572 3035 657 3070; x_wconf 92' lang='lat' dir='ltr'><strong>item</strong></span> <span class='ocrx_word' id='word_1_367' title='bbox 695 3036 914 3073; x_wconf 84' lang='lat' dir='ltr'><strong>effractores.</strong></span> <span class='ocrx_word' id='word_1_368' title='bbox 969 3037 1033 3073; x_wconf 90' lang='lat' dir='ltr'><strong>sed</strong></span> <span class='ocrx_word' id='word_1_369' title='bbox 1071 3038 1164 3073; x_wconf 89' lang='lat' dir='ltr'><strong>enim</strong></span> <span class='ocrx_word' id='word_1_370' title='bbox 1193 3037 1294 3073; x_wconf 91' lang='lat' dir='ltr'><strong>divus</strong></span> 
     </span>
     <span class='ocr_line' id='line_1_57' title="bbox 207 3079 1294 3128; baseline 0.002 -11"><span class='ocrx_word' id='word_1_371' title='bbox 207 3081 356 3117; x_wconf 84' lang='lat' dir='ltr'><strong>Marcus</strong></span> <span class='ocrx_word' id='word_1_372' title='bbox 380 3079 605 3116; x_wconf 82' lang='lat' dir='ltr'><strong>effractorem</strong></span> <span class='ocrx_word' id='word_1_373' title='bbox 633 3081 786 3126; x_wconf 87' lang='lat' dir='ltr'><strong>equitem</strong></span> <span class='ocrx_word' id='word_1_374' title='bbox 810 3081 1030 3125; x_wconf 88' lang='lat' dir='ltr'><strong>Romanum,</strong></span> <span class='ocrx_word' id='word_1_375' title='bbox 1061 3083 1122 3128; x_wconf 89' lang='lat' dir='ltr'><strong>qui</strong></span> <span class='ocrx_word' id='word_1_376' title='bbox 1146 3082 1294 3119; x_wconf 84' lang='lat' dir='ltr'><strong>effracto</strong></span> 
     </span>
     <span class='ocr_line' id='line_1_58' title="bbox 207 3125 1293 3174; baseline 0.002 -12"><span class='ocrx_word' id='word_1_377' title='bbox 207 3125 390 3172; x_wconf 78' lang='lat' dir='ltr'><strong>perforato</strong></span> <span class='ocrx_word' id='word_1_378' title='bbox 416 3135 462 3162; x_wconf 90' lang='lat' dir='ltr'><strong>ue</strong></span> <span class='ocrx_word' id='word_1_379' title='bbox 499 3125 639 3171; x_wconf 87' lang='lat' dir='ltr'><strong>pariete</strong></span> <span class='ocrx_word' id='word_1_380' title='bbox 651 3127 679 3148; x_wconf 83' lang='lat'><strong>²⁹</strong></span> <span class='ocrx_word' id='word_1_381' title='bbox 717 3127 906 3171; x_wconf 88' lang='lat' dir='ltr'><strong>pecuniam</strong></span> <span class='ocrx_word' id='word_1_382' title='bbox 935 3127 1149 3172; x_wconf 81' lang='lat' dir='ltr'><strong>abstulerat,</strong></span> <span class='ocrx_word' id='word_1_383' title='bbox 1191 3128 1293 3174; x_wconf 87' lang='lat' dir='ltr'><strong>quin-</strong></span> 
     </span>
     <span class='ocr_line' id='line_1_59' title="bbox 209 3168 1293 3217; baseline 0.003 -11"><span class='ocrx_word' id='word_1_384' title='bbox 209 3171 363 3217; x_wconf 84' lang='lat' dir='ltr'><strong>quennio</strong></span> <span class='ocrx_word' id='word_1_385' title='bbox 386 3181 408 3206; x_wconf 88' lang='lat' dir='ltr'><strong>a</strong></span> <span class='ocrx_word' id='word_1_386' title='bbox 435 3168 564 3206; x_wconf 87' lang='lat' dir='ltr'><strong>stinere</strong></span> <span class='ocrx_word' id='word_1_387' title='bbox 586 3170 693 3206; x_wconf 90' lang='lat' dir='ltr'><strong>iussit</strong></span> <span class='ocrx_word' id='word_1_388' title='bbox 740 3172 897 3207; x_wconf 87' lang='lat' dir='ltr'><strong>rovincia</strong></span> <span class='ocrx_word' id='word_1_389' title='bbox 918 3171 1061 3216; x_wconf 74' lang='lat' dir='ltr'><strong>Africa,</strong></span> <span class='ocrx_word' id='word_1_390' title='bbox 1085 3173 1181 3209; x_wconf 90' lang='lat' dir='ltr'><strong>unde</strong></span> <span class='ocrx_word' id='word_1_391' title='bbox 1205 3178 1293 3216; x_wconf 90' lang='lat' dir='ltr'><strong>erat,</strong></span> 
     </span>
     <span class='ocr_line' id='line_1_60' title="bbox 208 3214 1293 3264; baseline 0.003 -12"><span class='ocrx_word' id='word_1_392' title='bbox 208 3219 246 3252; x_wconf 84' lang='lat' dir='ltr'><strong>et</strong></span> <span class='ocrx_word' id='word_1_393' title='bbox 267 3216 357 3252; x_wconf 90' lang='lat' dir='ltr'><strong>urbe</strong></span> <span class='ocrx_word' id='word_1_394' title='bbox 380 3214 546 3252; x_wconf 87' lang='lat' dir='ltr'><strong>etItalia.</strong></span> <span class='ocrx_word' id='word_1_395' title='bbox 579 3218 705 3262; x_wconf 84' lang='lat' dir='ltr'><strong>oporte</strong></span> <span class='ocrx_word' id='word_1_396' title='bbox 731 3216 759 3251; x_wconf 92' lang='lat' dir='ltr'><strong>it</strong></span> <span class='ocrx_word' id='word_1_397' title='bbox 778 3220 897 3253; x_wconf 87' lang='lat' dir='ltr'><strong>autem</strong></span> <span class='ocrx_word' id='word_1_398' title='bbox 917 3227 1030 3264; x_wconf 90' lang='lat' dir='ltr'><strong>aeque</strong></span> <span class='ocrx_word' id='word_1_399' title='bbox 1053 3222 1089 3254; x_wconf 92' lang='lat' dir='ltr'><strong>et</strong></span> <span class='ocrx_word' id='word_1_400' title='bbox 1111 3218 1148 3254; x_wconf 88' lang='lat' dir='ltr'><strong>in</strong></span> <span class='ocrx_word' id='word_1_401' title='bbox 1166 3218 1293 3255; x_wconf 86' lang='lat' dir='ltr'><strong>effrac-</strong></span> 
     </span>
    </p>
   </div>
   <div class='ocr_carea' id='block_1_10' title="bbox 207 3329 1293 3778">
    <p class='ocr_par' dir='ltr' id='par_1_14' title="bbox 208 3329 1293 3410">
     <span class='ocr_line' id='line_1_61' title="bbox 208 3329 1293 3410; baseline 0.001 -44"><span class='ocrx_word' id='word_1_402' title='bbox 208 3331 249 3373; x_wconf 86' lang='lat'><strong>(1)</strong></span> <span class='ocrx_word' id='word_1_403' title='bbox 264 3329 609 3410; x_wconf 58' lang='lat' dir='ltr'><strong>praevaricationes?</strong></span> <span class='ocrx_word' id='word_1_404' title='bbox 648 3331 692 3372; x_wconf 82' lang='lat'><strong>(2)</strong></span> <span class='ocrx_word' id='word_1_405' title='bbox 710 3329 1103 3372; x_wconf 73' lang='lat' dir='ltr'><strong>sanguinisBrencmann</strong></span> <span class='ocrx_word' id='word_1_406' title='bbox 1153 3334 1196 3374; x_wconf 84' lang='lat'><strong>(3)</strong></span> <span class='ocrx_word' id='word_1_407' title='bbox 1214 3343 1293 3367; x_wconf 89' lang='lat' dir='ltr'><strong>con-</strong></span> 
     </span>
     <span class='ocr_line' id='line_1_62' title="bbox 208 3375 466 3410; baseline -0.004 0"><span class='ocrx_word' id='word_1_408' title='bbox 208 3375 298 3410; x_wconf 71' lang='lat' dir='ltr'><strong>visto</strong></span> <span class='ocrx_word' id='word_1_409' title='bbox 340 3376 466 3409; x_wconf 73' lang='lat' dir='ltr'><strong>uiacius</strong></span> 
     </span>
    </p>

    <p class='ocr_par' dir='ltr' id='par_1_15' title="bbox 207 3420 1291 3508">
     <span class='ocr_line' id='line_1_63' title="bbox 255 3420 1291 3466; baseline 0.002 -12"><span class='ocrx_word' id='word_1_410' title='bbox 255 3421 299 3460; x_wconf 72' lang='lat'><strong>(4)</strong></span> <span class='ocrx_word' id='word_1_411' title='bbox 323 3420 407 3454; x_wconf 75' lang='lat' dir='ltr'><strong>Sub.</strong></span> <span class='ocrx_word' id='word_1_412' title='bbox 427 3428 459 3459; x_wconf 75' lang='grc' dir='ltr'><strong>ις</strong></span> <span class='ocrx_word' id='word_1_413' title='bbox 485 3420 570 3464; x_wconf 77' lang='lat' dir='ltr'><strong>Pap.</strong></span> <span class='ocrx_word' id='word_1_414' title='bbox 592 3427 619 3455; x_wconf 81' lang='lat'><strong>2.</strong></span> <span class='ocrx_word' id='word_1_415' title='bbox 639 3437 687 3445; x_wconf 93' lang='lat'><strong>-—</strong></span> <span class='ocrx_word' id='word_1_416' title='bbox 709 3420 794 3454; x_wconf 79' lang='lat' dir='ltr'><strong>Bas.</strong></span> <span class='ocrx_word' id='word_1_417' title='bbox 815 3421 870 3461; x_wconf 84' lang='grc'><strong>60,</strong></span> <span class='ocrx_word' id='word_1_418' title='bbox 891 3428 937 3454; x_wconf 81' lang='grc'><strong>27.</strong></span> <span class='ocrx_word' id='word_1_419' title='bbox 957 3440 1001 3446; x_wconf 92' lang='lat'>—</span> <span class='ocrx_word' id='word_1_420' title='bbox 1029 3422 1079 3466; x_wconf 77' lang='lat' dir='ltr'><strong>Cf</strong></span> <span class='ocrx_word' id='word_1_421' title='bbox 1105 3422 1181 3456; x_wconf 83' lang='lat' dir='ltr'><strong>Cod.</strong></span> <span class='ocrx_word' id='word_1_422' title='bbox 1204 3424 1236 3464; x_wconf 81' lang='lat'><strong>9,</strong></span> <span class='ocrx_word' id='word_1_423' title='bbox 1255 3430 1291 3456; x_wconf 81' lang='grc'><strong>39</strong></span> 
     </span>
     <span class='ocr_line' id='line_1_64' title="bbox 207 3463 928 3508; baseline -0.001 -8"><span class='ocrx_word' id='word_1_424' title='bbox 207 3466 254 3507; x_wconf 72' lang='lat'><strong>(5)</strong></span> <span class='ocrx_word' id='word_1_425' title='bbox 276 3463 447 3498; x_wconf 81' lang='lat' dir='ltr'><strong>latronum</strong></span> <span class='ocrx_word' id='word_1_426' title='bbox 459 3466 520 3499; x_wconf 79' lang='lat' dir='ltr'><strong>ine.</strong></span> <span class='ocrx_word' id='word_1_427' title='bbox 615 3466 660 3507; x_wconf 78' lang='lat' dir='ltr'><strong>(e)</strong></span> <span class='ocrx_word' id='word_1_428' title='bbox 684 3466 733 3499; x_wconf 77' lang='lat' dir='ltr'><strong>sic</strong></span> <span class='ocrx_word' id='word_1_429' title='bbox 743 3464 784 3508; x_wconf 81' lang='lat' dir='ltr'><strong>S,</strong></span> <span class='ocrx_word' id='word_1_430' title='bbox 800 3464 880 3507; x_wconf 79' lang='lat' dir='ltr'><strong>quia</strong></span> <span class='ocrx_word' id='word_1_431' title='bbox 893 3466 928 3499; x_wconf 88' lang='lat' dir='ltr'><em>F</em></span> 
     </span>
    </p>

    <p class='ocr_par' dir='ltr' id='par_1_16' title="bbox 209 3509 1291 3778">
     <span class='ocr_line' id='line_1_65' title="bbox 255 3509 1290 3553; baseline 0 -9"><span class='ocrx_word' id='word_1_432' title='bbox 255 3512 299 3551; x_wconf 75' lang='grc' dir='ltr'><strong>(τ)</strong></span> <span class='ocrx_word' id='word_1_433' title='bbox 323 3509 405 3544; x_wconf 75' lang='lat' dir='ltr'><strong>Sub.</strong></span> <span class='ocrx_word' id='word_1_434' title='bbox 423 3527 471 3534; x_wconf 91' lang='lat'><em>-</em></span> <span class='ocrx_word' id='word_1_435' title='bbox 492 3510 573 3543; x_wconf 75' lang='lat' dir='ltr'><strong>Bas.</strong></span> <span class='ocrx_word' id='word_1_436' title='bbox 593 3512 649 3552; x_wconf 86' lang='lat'><strong>60,</strong></span> <span class='ocrx_word' id='word_1_437' title='bbox 669 3517 713 3552; x_wconf 80' lang='lat'><strong>12,</strong></span> <span class='ocrx_word' id='word_1_438' title='bbox 731 3517 768 3544; x_wconf 72' lang='lat'><strong>5⁴</strong></span> <span class='ocrx_word' id='word_1_439' title='bbox 895 3512 938 3551; x_wconf 81' lang='lat' dir='ltr'><strong>(s)</strong></span> <span class='ocrx_word' id='word_1_440' title='bbox 964 3528 1009 3540; x_wconf 64' lang='grc' dir='ltr'><strong>ι-</strong></span> <span class='ocrx_word' id='word_1_441' title='bbox 1029 3511 1110 3544; x_wconf 82' lang='lat' dir='ltr'><strong>Coll.</strong></span> <span class='ocrx_word' id='word_1_442' title='bbox 1130 3512 1162 3552; x_wconf 83' lang='lat'><strong>7,</strong></span> <span class='ocrx_word' id='word_1_443' title='bbox 1181 3519 1208 3553; x_wconf 83' lang='lat'><strong>4,</strong></span> <span class='ocrx_word' id='word_1_444' title='bbox 1230 3519 1254 3545; x_wconf 91' lang='lat' dir='ltr'><strong>i.</strong></span> <span class='ocrx_word' id='word_1_445' title='bbox 1274 3519 1290 3545; x_wconf 86' lang='lat'><em>2</em></span> 
     </span>
     <span class='ocr_line' id='line_1_66' title="bbox 210 3554 1291 3596; baseline -0.001 -7"><span class='ocrx_word' id='word_1_446' title='bbox 210 3557 254 3596; x_wconf 77' lang='lat'><strong>(⁹)</strong></span> <span class='ocrx_word' id='word_1_447' title='bbox 276 3554 339 3587; x_wconf 77' lang='lat' dir='ltr'><strong>sub</strong></span> <span class='ocrx_word' id='word_1_448' title='bbox 350 3554 452 3588; x_wconf 86' lang='lat' dir='ltr'><strong>titulo</strong></span> <span class='ocrx_word' id='word_1_449' title='bbox 464 3554 505 3588; x_wconf 90' lang='lat' dir='ltr'><strong>de</strong></span> <span class='ocrx_word' id='word_1_450' title='bbox 516 3554 648 3588; x_wconf 73' lang='lat' dir='ltr'><strong>furibus</strong></span> <span class='ocrx_word' id='word_1_451' title='bbox 668 3556 744 3589; x_wconf 84' lang='lat' dir='ltr'><strong>add.</strong></span> <span class='ocrx_word' id='word_1_452' title='bbox 762 3555 843 3589; x_wconf 86' lang='lat' dir='ltr'><strong>Coll.</strong></span> <span class='ocrx_word' id='word_1_453' title='bbox 937 3556 997 3596; x_wconf 88' lang='grc' dir='ltr'><strong>(ιο)</strong></span> <span class='ocrx_word' id='word_1_454' title='bbox 1021 3555 1111 3588; x_wconf 77' lang='lat' dir='ltr'><strong>fures</strong></span> <span class='ocrx_word' id='word_1_455' title='bbox 1125 3556 1168 3588; x_wconf 88' lang='lat' dir='ltr'><strong>ad</strong></span> <span class='ocrx_word' id='word_1_456' title='bbox 1182 3557 1291 3589; x_wconf 81' lang='lat' dir='ltr'><strong>forum</strong></span> 
     </span>
     <span class='ocr_line' id='line_1_67' title="bbox 209 3599 1289 3642; baseline 0.002 -10"><span class='ocrx_word' id='word_1_457' title='bbox 209 3599 401 3633; x_wconf 86' lang='lat' dir='ltr'><strong>remittendi</strong></span> <span class='ocrx_word' id='word_1_458' title='bbox 419 3602 498 3633; x_wconf 88' lang='lat' dir='ltr'><strong>sunt</strong></span> <span class='ocrx_word' id='word_1_459' title='bbox 514 3599 644 3642; x_wconf 81' lang='lat' dir='ltr'><strong>dini-ni,</strong></span> <span class='ocrx_word' id='word_1_460' title='bbox 667 3600 826 3633; x_wconf 85' lang='lat' dir='ltr'><strong>nocturni</strong></span> <span class='ocrx_word' id='word_1_461' title='bbox 849 3601 943 3634; x_wconf 86' lang='lat' dir='ltr'><strong>extra</strong></span> <span class='ocrx_word' id='word_1_462' title='bbox 962 3600 1111 3633; x_wconf 87' lang='lat' dir='ltr'><strong>ordinem</strong></span> <span class='ocrx_word' id='word_1_463' title='bbox 1131 3601 1289 3635; x_wconf 87' lang='lat' dir='ltr'><strong>audiendi</strong></span> 
     </span>
     <span class='ocr_line' id='line_1_68' title="bbox 214 3645 1286 3689; baseline 0.002 -11"><span class='ocrx_word' id='word_1_464' title='bbox 214 3645 294 3678; x_wconf 67' lang='lat'><strong>0011.</strong></span> <span class='ocrx_word' id='word_1_465' title='bbox 431 3646 486 3687; x_wconf 86' lang='grc' dir='ltr'><strong>(ιι)</strong></span> <span class='ocrx_word' id='word_1_466' title='bbox 511 3645 689 3678; x_wconf 88' lang='lat' dir='ltr'><strong>dummodo</strong></span> <span class='ocrx_word' id='word_1_467' title='bbox 711 3645 750 3678; x_wconf 89' lang='lat' dir='ltr'><strong>in</strong></span> <span class='ocrx_word' id='word_1_468' title='bbox 772 3655 880 3689; x_wconf 86' lang='lat' dir='ltr'><strong>poena</strong></span> <span class='ocrx_word' id='word_1_469' title='bbox 902 3655 1018 3679; x_wconf 85' lang='lat' dir='ltr'><strong>eorum</strong></span> <span class='ocrx_word' id='word_1_470' title='bbox 1039 3646 1181 3679; x_wconf 80' lang='lat' dir='ltr'><strong>sciamus</strong></span> <span class='ocrx_word' id='word_1_471' title='bbox 1208 3647 1286 3680; x_wconf 80' lang='lat' dir='ltr'><strong>Call.</strong></span> 
     </span>
     <span class='ocr_line' id='line_1_69' title="bbox 210 3689 1287 3734; baseline 0.003 -12"><span class='ocrx_word' id='word_1_472' title='bbox 210 3691 269 3729; x_wconf 81' lang='grc' dir='ltr'><strong>(ι2)</strong></span> <span class='ocrx_word' id='word_1_473' title='bbox 292 3690 342 3723; x_wconf 79' lang='lat' dir='ltr'><strong>eie</strong></span> <span class='ocrx_word' id='word_1_474' title='bbox 357 3690 449 3731; x_wconf 68' lang='lat' dir='ltr'><strong>coll„</strong></span> <span class='ocrx_word' id='word_1_475' title='bbox 470 3690 630 3732; x_wconf 86' lang='lat' dir='ltr'><strong>quiquam</strong></span> <span class='ocrx_word' id='word_1_476' title='bbox 641 3690 676 3722; x_wconf 98' lang='lat' dir='ltr'><em>F</em></span> <span class='ocrx_word' id='word_1_477' title='bbox 771 3691 829 3732; x_wconf 78' lang='lat' dir='ltr'><strong>(is)</strong></span> <span class='ocrx_word' id='word_1_478' title='bbox 854 3689 907 3724; x_wconf 81' lang='lat' dir='ltr'><strong>vel</strong></span> <span class='ocrx_word' id='word_1_479' title='bbox 923 3690 1130 3724; x_wconf 77' lang='lat' dir='ltr'><strong>honestiores</strong></span> <span class='ocrx_word' id='word_1_480' title='bbox 1148 3690 1287 3734; x_wconf 82' lang='lat' dir='ltr'><strong>legatio-</strong></span> 
     </span>
     <span class='ocr_line' id='line_1_70' title="bbox 211 3734 1158 3778; baseline 0.004 -13"><span class='ocrx_word' id='word_1_481' title='bbox 211 3734 262 3765; x_wconf 77' lang='lat' dir='ltr'><strong>nis</strong></span> <span class='ocrx_word' id='word_1_482' title='bbox 277 3734 313 3776; x_wconf 84' lang='lat' dir='ltr'><strong>F,</strong></span> <span class='ocrx_word' id='word_1_483' title='bbox 331 3734 535 3773; x_wconf 82' lang='lat' dir='ltr'><strong>humiliores,</strong></span> <span class='ocrx_word' id='word_1_484' title='bbox 555 3734 758 3768; x_wconf 78' lang='lat' dir='ltr'><strong>honestiores</strong></span> <span class='ocrx_word' id='word_1_485' title='bbox 771 3745 848 3770; x_wconf 77' lang='lat' dir='ltr'><strong>vero</strong></span> <span class='ocrx_word' id='word_1_486' title='bbox 859 3734 1063 3778; x_wconf 77' lang='lat' dir='ltr'><strong>relegatione</strong></span> <span class='ocrx_word' id='word_1_487' title='bbox 1078 3736 1158 3769; x_wconf 81' lang='lat' dir='ltr'><strong>Coll.</strong></span> 
     </span>
    </p>
   </div>
   <div class='ocr_carea' id='block_1_11' title="bbox 1286 119 1565 168">
    <p class='ocr_par' dir='ltr' id='par_1_17' title="bbox 1286 119 1565 168">
     <span class='ocr_line' id='line_1_71' title="bbox 1286 119 1565 168; baseline 0.004 -1"><span class='ocrx_word' id='word_1_488' title='bbox 1286 119 1372 168; x_wconf 78' lang='lat'><strong>788</strong></span> <span class='ocrx_word' id='word_1_489' title='bbox 1562 150 1565 168; x_wconf 54' lang='lat'><em>2</em></span> 
     </span>
    </p>
   </div>
   <div class='ocr_carea' id='block_1_12' title="bbox 1502 49 1574 149">
    <p class='ocr_par' dir='ltr' id='par_1_18' title="bbox 1502 49 1574 149">
     <span class='ocr_line' id='line_1_72' title="bbox 1502 49 1574 149; baseline 0 0"><span class='ocrx_word' id='word_1_490' title='bbox 1502 49 1574 149; x_wconf 43' lang='grc' dir='ltr'>Ἢ</span> 
     </span>
    </p>
   </div>
   <div class='ocr_carea' id='block_1_13' title="bbox 1694 135 2440 171">
    <p class='ocr_par' dir='ltr' id='par_1_19' title="bbox 1694 135 2440 171">
     <span class='ocr_line' id='line_1_73' title="bbox 1694 135 2440 171; baseline 0 -3"><span class='ocrx_word' id='word_1_491' title='bbox 1694 136 1757 168; x_wconf 76' lang='grc' dir='ltr'><strong>ΒΕ</strong></span> <span class='ocrx_word' id='word_1_492' title='bbox 1785 135 1970 168; x_wconf 76' lang='lat' dir='ltr'><strong>RECEPT.</strong></span> <span class='ocrx_word' id='word_1_493' title='bbox 2009 137 2070 168; x_wconf 76' lang='lat' dir='ltr'><strong>DE</strong></span> <span class='ocrx_word' id='word_1_494' title='bbox 2098 137 2287 170; x_wconf 81' lang='lat' dir='ltr'><strong>FURIBUS</strong></span> <span class='ocrx_word' id='word_1_495' title='bbox 2315 139 2440 171; x_wconf 68' lang='lat' dir='ltr'><strong>Bam.</strong></span> 
     </span>
    </p>
   </div>
   <div class='ocr_carea' id='block_1_14' title="bbox 1571 179 1614 201">
    <p class='ocr_par' dir='ltr' id='par_1_20' title="bbox 1571 179 1614 201">
     <span class='ocr_line' id='line_1_74' title="bbox 1571 179 1586 191; baseline 0 0"><span class='ocrx_word' id='word_1_496' title='bbox 1571 179 1586 191; x_wconf 38' lang='lat' dir='ltr'><strong>N.</strong></span> 
     </span>
     <span class='ocr_line' id='line_1_75' title="bbox 1587 191 1614 201; baseline 0 0"><span class='ocrx_word' id='word_1_497' title='bbox 1587 191 1614 201; x_wconf 40' lang='grc' dir='ltr'>χ</span> 
     </span>
    </p>
   </div>
   <div class='ocr_carea' id='block_1_15' title="bbox 1358 244 2449 696">
    <p class='ocr_par' dir='ltr' id='par_1_21' title="bbox 1358 244 2449 426">
     <span class='ocr_line' id='line_1_76' title="bbox 1358 244 2449 294; baseline 0.004 -14"><span class='ocrx_word' id='word_1_498' title='bbox 1358 248 1456 281; x_wconf 88' lang='lat' dir='ltr'><strong>tores</strong></span> <span class='ocrx_word' id='word_1_499' title='bbox 1494 248 1532 281; x_wconf 86' lang='lat' dir='ltr'><strong>et</strong></span> <span class='ocrx_word' id='word_1_500' title='bbox 1566 244 1604 282; x_wconf 84' lang='lat' dir='ltr'><strong>in</strong></span> <span class='ocrx_word' id='word_1_501' title='bbox 1642 248 1782 283; x_wconf 86' lang='lat' dir='ltr'><strong>ceteros</strong></span> <span class='ocrx_word' id='word_1_502' title='bbox 1820 256 1932 292; x_wconf 88' lang='lat' dir='ltr'><strong>supra</strong></span> <span class='ocrx_word' id='word_1_503' title='bbox 1970 246 2124 292; x_wconf 88' lang='lat' dir='ltr'><strong>scriptos</strong></span> <span class='ocrx_word' id='word_1_504' title='bbox 2159 258 2271 284; x_wconf 87' lang='lat' dir='ltr'><strong>causa</strong></span> <span class='ocrx_word' id='word_1_505' title='bbox 2307 249 2449 294; x_wconf 79' lang='lat' dir='ltr'><strong>cognita</strong></span> 
     </span>
     <span class='ocr_line' id='line_1_77' title="bbox 1360 290 2447 347; baseline 0.005 -22"><span class='ocrx_word' id='word_1_506' title='bbox 1360 290 1470 326; x_wconf 90' lang='lat' dir='ltr'><strong>statui</strong></span> <span class='ocrx_word' id='word_1_507' title='bbox 1478 290 1520 332; x_wconf 83' lang='lat'><strong>²⁰,</strong></span> <span class='ocrx_word' id='word_1_508' title='bbox 1545 294 1655 336; x_wconf 90' lang='lat' dir='ltr'><strong>prout</strong></span> <span class='ocrx_word' id='word_1_509' title='bbox 1677 291 1870 328; x_wconf 89' lang='lat' dir='ltr'><strong>admissum</strong></span> <span class='ocrx_word' id='word_1_510' title='bbox 1890 292 2056 337; x_wconf 84' lang='lat' dir='ltr'><strong>suggerit,</strong></span> <span class='ocrx_word' id='word_1_511' title='bbox 2081 292 2270 329; x_wconf 91' lang='lat' dir='ltr'><strong>dummodo</strong></span> <span class='ocrx_word' id='word_1_512' title='bbox 2294 303 2339 330; x_wconf 91' lang='lat' dir='ltr'><strong>ne</strong></span> <span class='ocrx_word' id='word_1_513' title='bbox 2368 294 2447 347; x_wconf 71' lang='lat' dir='ltr'><strong>quis</strong></span> 
     </span>
     <span class='ocr_line' id='line_1_78' title="bbox 1359 335 2448 382; baseline 0.005 -12"><span class='ocrx_word' id='word_1_514' title='bbox 1359 335 1397 370; x_wconf 89' lang='lat' dir='ltr'><strong>in</strong></span> <span class='ocrx_word' id='word_1_515' title='bbox 1420 335 1559 380; x_wconf 90' lang='lat' dir='ltr'><strong>plebeio</strong></span> <span class='ocrx_word' id='word_1_516' title='bbox 1599 335 1718 381; x_wconf 87' lang='lat' dir='ltr'><strong>operis</strong></span> <span class='ocrx_word' id='word_1_517' title='bbox 1746 336 1882 382; x_wconf 87' lang='lat' dir='ltr'><strong>publici</strong></span> <span class='ocrx_word' id='word_1_518' title='bbox 1911 347 2064 382; x_wconf 85' lang='lat' dir='ltr'><strong>poenam</strong></span> <span class='ocrx_word' id='word_1_519' title='bbox 2094 338 2150 373; x_wconf 86' lang='lat' dir='ltr'><strong>vel</strong></span> <span class='ocrx_word' id='word_1_520' title='bbox 2178 337 2217 373; x_wconf 90' lang='lat' dir='ltr'><strong>in</strong></span> <span class='ocrx_word' id='word_1_521' title='bbox 2245 337 2448 375; x_wconf 79' lang='lat' dir='ltr'><strong>honestiore</strong></span> 
     </span>
     <span class='ocr_line' id='line_1_79' title="bbox 1359 379 1771 426; baseline 0.002 -11"><span class='ocrx_word' id='word_1_522' title='bbox 1359 379 1586 426; x_wconf 85' lang='lat' dir='ltr'><strong>relegationis</strong></span> <span class='ocrx_word' id='word_1_523' title='bbox 1613 380 1771 417; x_wconf 85' lang='lat' dir='ltr'><strong>excedat.</strong></span> 
     </span>
    </p>

    <p class='ocr_par' dir='ltr' id='par_1_22' title="bbox 1360 422 2447 696">
     <span class='ocr_line' id='line_1_80' title="bbox 1406 422 2445 480; baseline 0.002 -18"><span class='ocrx_word' id='word_1_524' title='bbox 1406 422 1432 462; x_wconf 86' lang='lat'><strong>2</strong></span> <span class='ocrx_word' id='word_1_525' title='bbox 1458 424 1513 460; x_wconf 70' lang='grc' dir='ltr'><strong>ΡΑ</strong></span> <span class='ocrx_word' id='word_1_526' title='bbox 1522 435 1616 461; x_wconf 62' lang='lat' dir='ltr'><strong>vsvs</strong></span> <span class='ocrx_word' id='word_1_527' title='bbox 1642 425 1733 462; x_wconf 85' lang='lat' dir='ltr'><strong>libro</strong></span> <span class='ocrx_word' id='word_1_528' title='bbox 1755 425 1940 473; x_wconf 77' lang='lat' dir='ltr'><strong>sinquluri</strong></span> <span class='ocrx_word' id='word_1_529' title='bbox 1965 426 2010 462; x_wconf 83' lang='lat' dir='ltr'><strong>de</strong></span> <span class='ocrx_word' id='word_1_530' title='bbox 2032 427 2159 480; x_wconf 72' lang='lat' dir='ltr'><strong>officio</strong></span> <span class='ocrx_word' id='word_1_531' title='bbox 2184 428 2372 475; x_wconf 75' lang='lat' dir='ltr'><strong>praefecti</strong></span> <span class='ocrx_word' id='word_1_532' title='bbox 2399 430 2445 464; x_wconf 85' lang='lat' dir='ltr'><strong>vi-</strong></span> 
     </span>
     <span class='ocr_line' id='line_1_81' title="bbox 1360 470 2445 517; baseline 0.004 -12"><span class='ocrx_word' id='word_1_533' title='bbox 1360 471 1475 517; x_wconf 71' lang='lat' dir='ltr'><strong>qilum</strong></span> <span class='ocrx_word' id='word_1_534' title='bbox 1509 470 1647 506; x_wconf 81' lang='lat' dir='ltr'><strong>Inter²¹</strong></span> <span class='ocrx_word' id='word_1_535' title='bbox 1671 470 1879 507; x_wconf 83' lang='lat' dir='ltr'><strong>effractores</strong></span> <span class='ocrx_word' id='word_1_536' title='bbox 1902 472 1999 508; x_wconf 85' lang='lat' dir='ltr'><strong>varie</strong></span> <span class='ocrx_word' id='word_1_537' title='bbox 2019 471 2320 508; x_wconf 86' lang='lat' dir='ltr'><strong>animadvertitur.</strong></span> <span class='ocrx_word' id='word_1_538' title='bbox 2350 477 2445 509; x_wconf 85' lang='lat' dir='ltr'><strong>atro-</strong></span> 
     </span>
     <span class='ocr_line' id='line_1_82' title="bbox 1361 515 2447 560; baseline 0.004 -10"><span class='ocrx_word' id='word_1_539' title='bbox 1361 515 1476 551; x_wconf 86' lang='lat' dir='ltr'><strong>ciores</strong></span> <span class='ocrx_word' id='word_1_540' title='bbox 1507 515 1599 550; x_wconf 92' lang='lat' dir='ltr'><strong>enim</strong></span> <span class='ocrx_word' id='word_1_541' title='bbox 1630 519 1714 551; x_wconf 90' lang='lat' dir='ltr'><strong>sunt</strong></span> <span class='ocrx_word' id='word_1_542' title='bbox 1752 516 1920 552; x_wconf 85' lang='lat' dir='ltr'><strong>nocturni</strong></span> <span class='ocrx_word' id='word_1_543' title='bbox 1956 517 2186 560; x_wconf 81' lang='lat' dir='ltr'><strong>effractores,</strong></span> <span class='ocrx_word' id='word_1_544' title='bbox 2226 521 2262 552; x_wconf 90' lang='lat' dir='ltr'><strong>et</strong></span> <span class='ocrx_word' id='word_1_545' title='bbox 2299 517 2380 555; x_wconf 90' lang='lat' dir='ltr'><strong>ideo</strong></span> <span class='ocrx_word' id='word_1_546' title='bbox 2411 518 2447 554; x_wconf 88' lang='lat' dir='ltr'><strong>hi</strong></span> 
     </span>
     <span class='ocr_line' id='line_1_83' title="bbox 1361 559 2447 599; baseline 0.003 -4"><span class='ocrx_word' id='word_1_547' title='bbox 1361 560 1518 596; x_wconf 85' lang='lat' dir='ltr'><strong>fustibus</strong></span> <span class='ocrx_word' id='word_1_548' title='bbox 1550 559 1647 596; x_wconf 87' lang='lat' dir='ltr'><strong>caesi</strong></span> <span class='ocrx_word' id='word_1_549' title='bbox 1674 560 1713 596; x_wconf 92' lang='lat' dir='ltr'><strong>iii</strong></span> <span class='ocrx_word' id='word_1_550' title='bbox 1742 561 1924 596; x_wconf 88' lang='lat' dir='ltr'><strong>metallum</strong></span> <span class='ocrx_word' id='word_1_551' title='bbox 1947 561 2024 597; x_wconf 90' lang='lat' dir='ltr'><strong>dari</strong></span> <span class='ocrx_word' id='word_1_552' title='bbox 2055 562 2189 598; x_wconf 89' lang='lat' dir='ltr'><strong>solent:</strong></span> <span class='ocrx_word' id='word_1_553' title='bbox 2220 562 2336 598; x_wconf 91' lang='lat' dir='ltr'><strong>diurni</strong></span> <span class='ocrx_word' id='word_1_554' title='bbox 2365 574 2447 599; x_wconf 89' lang='lat' dir='ltr'><strong>vero</strong></span> 
     </span>
     <span class='ocr_line' id='line_1_84' title="bbox 1361 605 2446 660; baseline 0.002 -19"><span class='ocrx_word' id='word_1_555' title='bbox 1361 605 1569 641; x_wconf 86' lang='lat' dir='ltr'><strong>effractores</strong></span> <span class='ocrx_word' id='word_1_556' title='bbox 1600 608 1684 651; x_wconf 88' lang='lat' dir='ltr'><strong>post</strong></span> <span class='ocrx_word' id='word_1_557' title='bbox 1713 605 1862 642; x_wconf 88' lang='lat' dir='ltr'><strong>fustium</strong></span> <span class='ocrx_word' id='word_1_558' title='bbox 1886 606 2153 660; x_wconf 73' lang='lat' dir='ltr'><strong>castigationem</strong></span> <span class='ocrx_word' id='word_1_559' title='bbox 2184 606 2221 642; x_wconf 90' lang='lat' dir='ltr'><strong>in</strong></span> <span class='ocrx_word' id='word_1_560' title='bbox 2252 618 2342 653; x_wconf 89' lang='lat' dir='ltr'><strong>opus</strong></span> <span class='ocrx_word' id='word_1_561' title='bbox 2366 618 2446 653; x_wconf 85' lang='lat' dir='ltr'><strong>pcr-</strong></span> 
     </span>
     <span class='ocr_line' id='line_1_85' title="bbox 1361 650 2113 696; baseline 0.003 -11"><span class='ocrx_word' id='word_1_562' title='bbox 1361 654 1509 696; x_wconf 88' lang='lat' dir='ltr'><strong>petuum</strong></span> <span class='ocrx_word' id='word_1_563' title='bbox 1532 650 1588 686; x_wconf 90' lang='lat' dir='ltr'><strong>vel</strong></span> <span class='ocrx_word' id='word_1_564' title='bbox 1611 651 1863 696; x_wconf 86' lang='lat' dir='ltr'><strong>temporarium</strong></span> <span class='ocrx_word' id='word_1_565' title='bbox 1886 651 1995 687; x_wconf 84' lang='lat' dir='ltr'><strong>dandi</strong></span> <span class='ocrx_word' id='word_1_566' title='bbox 2019 655 2113 688; x_wconf 91' lang='lat' dir='ltr'><strong>sunt.</strong></span> 
     </span>
    </p>
   </div>
   <div class='ocr_carea' id='block_1_16' title="bbox 1604 788 2212 889">
    <p class='ocr_par' dir='ltr' id='par_1_23' title="bbox 1604 788 2212 889">
     <span class='ocr_line' id='line_1_86' title="bbox 1807 788 2014 827; baseline 0.005 -1"><span class='ocrx_word' id='word_1_567' title='bbox 1807 788 1962 827; x_wconf 91' lang='lat' dir='ltr'>XVIIII</span> <span class='ocrx_word' id='word_1_568' title='bbox 1971 788 2014 827; x_wconf 82' lang='lat'><strong>²².</strong></span> 
     </span>
     <span class='ocr_line' id='line_1_87' title="bbox 1604 852 2212 889; baseline 0.003 -4"><span class='ocrx_word' id='word_1_569' title='bbox 1604 852 1870 886; x_wconf 79' lang='lat' dir='ltr'>EXPILATAE</span> <span class='ocrx_word' id='word_1_570' title='bbox 1892 853 2212 889; x_wconf 76' lang='lat' dir='ltr'><strong>HEREDITATIS.</strong></span> 
     </span>
    </p>
   </div>
   <div class='ocr_carea' id='block_1_17' title="bbox 1362 916 2451 2410">
    <p class='ocr_par' dir='ltr' id='par_1_24' title="bbox 1363 916 2451 1091">
     <span class='ocr_line' id='line_1_88' title="bbox 1412 916 2447 967; baseline 0.002 -12"><span class='ocrx_word' id='word_1_571' title='bbox 1412 916 1431 955; x_wconf 88' lang='lat'>1</span> <span class='ocrx_word' id='word_1_572' title='bbox 1466 917 1704 955; x_wconf 58' lang='lat' dir='ltr'><strong>Mateomws</strong></span> <span class='ocrx_word' id='word_1_573' title='bbox 1733 919 1824 956; x_wconf 88' lang='lat' dir='ltr'><strong>libro</strong></span> <span class='ocrx_word' id='word_1_574' title='bbox 1856 920 1960 955; x_wconf 85' lang='lat' dir='ltr'><strong>tertio</strong></span> <span class='ocrx_word' id='word_1_575' title='bbox 1991 920 2253 957; x_wconf 79' lang='lat' dir='ltr'><strong>institutionum</strong></span> <span class='ocrx_word' id='word_1_576' title='bbox 2300 921 2339 957; x_wconf 90' lang='lat' dir='ltr'><strong>Si</strong></span> <span class='ocrx_word' id='word_1_577' title='bbox 2369 922 2447 967; x_wconf 87' lang='lat' dir='ltr'><strong>quis</strong></span> 
     </span>
     <span class='ocr_line' id='line_1_89' title="bbox 1363 963 2450 1010; baseline 0.003 -11"><span class='ocrx_word' id='word_1_578' title='bbox 1363 963 1517 999; x_wconf 89' lang='lat' dir='ltr'><strong>alienam</strong></span> <span class='ocrx_word' id='word_1_579' title='bbox 1539 964 1773 1000; x_wconf 89' lang='lat' dir='ltr'><strong>hereditatem</strong></span> <span class='ocrx_word' id='word_1_580' title='bbox 1796 965 2020 1010; x_wconf 83' lang='lat' dir='ltr'><strong>expssaverit,</strong></span> <span class='ocrx_word' id='word_1_581' title='bbox 2051 968 2152 1001; x_wconf 86' lang='lat' dir='ltr'><strong>extra</strong></span> <span class='ocrx_word' id='word_1_582' title='bbox 2175 966 2335 1002; x_wconf 89' lang='lat' dir='ltr'><strong>ordinem</strong></span> <span class='ocrx_word' id='word_1_583' title='bbox 2358 967 2450 1002; x_wconf 90' lang='lat' dir='ltr'><strong>solet</strong></span> 
     </span>
     <span class='ocr_line' id='line_1_90' title="bbox 1364 1009 2451 1055; baseline 0.004 -11"><span class='ocrx_word' id='word_1_584' title='bbox 1364 1009 1523 1044; x_wconf 88' lang='lat' dir='ltr'><strong>coerceri</strong></span> <span class='ocrx_word' id='word_1_585' title='bbox 1546 1019 1611 1055; x_wconf 88' lang='lat' dir='ltr'><strong>per</strong></span> <span class='ocrx_word' id='word_1_586' title='bbox 1634 1010 1900 1045; x_wconf 89' lang='lat' dir='ltr'><strong>accusationem</strong></span> <span class='ocrx_word' id='word_1_587' title='bbox 1919 1010 2099 1055; x_wconf 85' lang='lat' dir='ltr'><strong>expilatae</strong></span> <span class='ocrx_word' id='word_1_588' title='bbox 2115 1010 2333 1055; x_wconf 85' lang='lat' dir='ltr'><strong>hereditatis,</strong></span> <span class='ocrx_word' id='word_1_589' title='bbox 2357 1011 2451 1048; x_wconf 69' lang='lat' dir='ltr'><strong>sicut</strong></span> 
     </span>
     <span class='ocr_line' id='line_1_91' title="bbox 1364 1054 1999 1091; baseline 0.002 -2"><span class='ocrx_word' id='word_1_590' title='bbox 1364 1057 1402 1090; x_wconf 88' lang='lat' dir='ltr'><strong>et</strong></span> <span class='ocrx_word' id='word_1_591' title='bbox 1424 1054 1587 1090; x_wconf 89' lang='lat' dir='ltr'><strong>oratione</strong></span> <span class='ocrx_word' id='word_1_592' title='bbox 1611 1054 1682 1090; x_wconf 90' lang='lat' dir='ltr'><strong>divi</strong></span> <span class='ocrx_word' id='word_1_593' title='bbox 1703 1055 1820 1090; x_wconf 86' lang='lat' dir='ltr'><strong>Marci</strong></span> <span class='ocrx_word' id='word_1_594' title='bbox 1844 1059 1999 1091; x_wconf 89' lang='lat' dir='ltr'><strong>cavetur.</strong></span> 
     </span>
    </p>

    <p class='ocr_par' dir='ltr' id='par_1_25' title="bbox 1362 1097 2450 1597">
     <span class='ocr_line' id='line_1_92' title="bbox 1411 1097 2447 1153; baseline 0.001 -17"><span class='ocrx_word' id='word_1_595' title='bbox 1411 1097 1436 1136; x_wconf 87' lang='lat'><strong>2</strong></span> <span class='ocrx_word' id='word_1_596' title='bbox 1468 1098 1663 1135; x_wconf 76' lang='lat' dir='ltr'><em>ULPIANUS</em></span> <span class='ocrx_word' id='word_1_597' title='bbox 1684 1100 1775 1135; x_wconf 81' lang='lat' dir='ltr'><strong>libro</strong></span> <span class='ocrx_word' id='word_1_598' title='bbox 1799 1110 1895 1136; x_wconf 89' lang='lat' dir='ltr'><strong>nono</strong></span> <span class='ocrx_word' id='word_1_599' title='bbox 1919 1100 1964 1135; x_wconf 79' lang='lat' dir='ltr'><strong>de</strong></span> <span class='ocrx_word' id='word_1_600' title='bbox 1986 1100 2113 1153; x_wconf 83' lang='lat' dir='ltr'><strong>officio</strong></span> <span class='ocrx_word' id='word_1_601' title='bbox 2131 1101 2365 1148; x_wconf 81' lang='lat' dir='ltr'><strong>proconsulis</strong></span> <span class='ocrx_word' id='word_1_602' title='bbox 2410 1101 2447 1137; x_wconf 81' lang='lat' dir='ltr'><strong>Si</strong></span> 
     </span>
     <span class='ocr_line' id='line_1_93' title="bbox 1363 1144 2449 1191; baseline 0.004 -12"><span class='ocrx_word' id='word_1_603' title='bbox 1363 1144 1541 1190; x_wconf 87' lang='lat' dir='ltr'><strong>expilatae</strong></span> <span class='ocrx_word' id='word_1_604' title='bbox 1580 1144 1787 1180; x_wconf 86' lang='lat' dir='ltr'><strong>hereditatis</strong></span> <span class='ocrx_word' id='word_1_605' title='bbox 1827 1145 1962 1180; x_wconf 88' lang='lat' dir='ltr'><strong>crimen</strong></span> <span class='ocrx_word' id='word_1_606' title='bbox 1999 1145 2222 1188; x_wconf 81' lang='lat' dir='ltr'><strong>intendatur,</strong></span> <span class='ocrx_word' id='word_1_607' title='bbox 2263 1148 2449 1191; x_wconf 70' lang='lat' dir='ltr'><strong>praeses²³</strong></span> 
     </span>
     <span class='ocr_line' id='line_1_94' title="bbox 1362 1189 2447 1243; baseline 0.004 -19"><span class='ocrx_word' id='word_1_608' title='bbox 1362 1189 1567 1234; x_wconf 79' lang='lat' dir='ltr'><strong>provinciae</strong></span> <span class='ocrx_word' id='word_1_609' title='bbox 1607 1190 1848 1243; x_wconf 75' lang='lat' dir='ltr'><strong>cognitionem</strong></span> <span class='ocrx_word' id='word_1_610' title='bbox 1880 1200 1983 1225; x_wconf 89' lang='lat' dir='ltr'><strong>suam</strong></span> <span class='ocrx_word' id='word_1_611' title='bbox 2021 1191 2292 1227; x_wconf 88' lang='lat' dir='ltr'><strong>accommodare</strong></span> <span class='ocrx_word' id='word_1_612' title='bbox 2327 1191 2447 1228; x_wconf 88' lang='lat' dir='ltr'><strong>debet:</strong></span> 
     </span>
     <span class='ocr_line' id='line_1_95' title="bbox 1364 1234 2449 1289; baseline 0.003 -20"><span class='ocrx_word' id='word_1_613' title='bbox 1364 1245 1445 1270; x_wconf 91' lang='lat' dir='ltr'><strong>cum</strong></span> <span class='ocrx_word' id='word_1_614' title='bbox 1468 1235 1562 1269; x_wconf 90' lang='lat' dir='ltr'><strong>enim</strong></span> <span class='ocrx_word' id='word_1_615' title='bbox 1585 1234 1675 1270; x_wconf 90' lang='lat' dir='ltr'><strong>furti</strong></span> <span class='ocrx_word' id='word_1_616' title='bbox 1697 1234 1756 1280; x_wconf 87' lang='lat' dir='ltr'><strong>agi</strong></span> <span class='ocrx_word' id='word_1_617' title='bbox 1777 1246 1851 1270; x_wconf 92' lang='lat' dir='ltr'><strong>non</strong></span> <span class='ocrx_word' id='word_1_618' title='bbox 1873 1239 2002 1281; x_wconf 88' lang='lat' dir='ltr'><strong>potest,</strong></span> <span class='ocrx_word' id='word_1_619' title='bbox 2027 1236 2142 1272; x_wconf 91' lang='lat' dir='ltr'><strong>solum</strong></span> <span class='ocrx_word' id='word_1_620' title='bbox 2161 1240 2325 1289; x_wconf 85' lang='lat' dir='ltr'><strong>superest</strong></span> <span class='ocrx_word' id='word_1_621' title='bbox 2347 1238 2449 1272; x_wconf 86' lang='lat' dir='ltr'><strong>auxi-</strong></span> 
     </span>
     <span class='ocr_line' id='line_1_96' title="bbox 1367 1280 2449 1333; baseline 0.004 -19"><span class='ocrx_word' id='word_1_622' title='bbox 1367 1283 1381 1314; x_wconf 92' lang='lat'>1</span> <span class='ocrx_word' id='word_1_623' title='bbox 1431 1280 1519 1314; x_wconf 91' lang='lat' dir='ltr'><strong>lium</strong></span> <span class='ocrx_word' id='word_1_624' title='bbox 1549 1280 1735 1333; x_wconf 83' lang='lat' dir='ltr'><strong>praesidis.</strong></span> <span class='ocrx_word' id='word_1_625' title='bbox 1784 1280 1948 1333; x_wconf 81' lang='lat' dir='ltr'><strong>Apparet</strong></span> <span class='ocrx_word' id='word_1_626' title='bbox 1984 1284 2104 1316; x_wconf 90' lang='lat' dir='ltr'><strong>autem</strong></span> <span class='ocrx_word' id='word_1_627' title='bbox 2139 1282 2319 1327; x_wconf 90' lang='lat' dir='ltr'><strong>expilatae</strong></span> <span class='ocrx_word' id='word_1_628' title='bbox 2347 1282 2449 1318; x_wconf 86' lang='lat' dir='ltr'><strong>here-</strong></span> 
     </span>
     <span class='ocr_line' id='line_1_97' title="bbox 1367 1324 2449 1372; baseline 0.003 -13"><span class='ocrx_word' id='word_1_629' title='bbox 1367 1324 1490 1360; x_wconf 86' lang='lat' dir='ltr'><strong>ditatis</strong></span> <span class='ocrx_word' id='word_1_630' title='bbox 1515 1335 1649 1360; x_wconf 88' lang='lat' dir='ltr'><strong>crimen</strong></span> <span class='ocrx_word' id='word_1_631' title='bbox 1673 1336 1715 1361; x_wconf 92' lang='lat' dir='ltr'><strong>eo</strong></span> <span class='ocrx_word' id='word_1_632' title='bbox 1740 1335 1827 1361; x_wconf 87' lang='lat' dir='ltr'><strong>casu</strong></span> <span class='ocrx_word' id='word_1_633' title='bbox 1850 1325 1987 1362; x_wconf 89' lang='lat' dir='ltr'><strong>intendi</strong></span> <span class='ocrx_word' id='word_1_634' title='bbox 2035 1336 2132 1368; x_wconf 87' lang='lat' dir='ltr'><strong>osse,</strong></span> <span class='ocrx_word' id='word_1_635' title='bbox 2157 1337 2227 1372; x_wconf 87' lang='lat' dir='ltr'><strong>quo</strong></span> <span class='ocrx_word' id='word_1_636' title='bbox 2252 1337 2339 1363; x_wconf 86' lang='lat' dir='ltr'><strong>casu</strong></span> <span class='ocrx_word' id='word_1_637' title='bbox 2362 1327 2449 1363; x_wconf 82' lang='lat' dir='ltr'><strong>furti</strong></span> 
     </span>
     <span class='ocr_line' id='line_1_98' title="bbox 1365 1369 2450 1416; baseline 0.003 -11"><span class='ocrx_word' id='word_1_638' title='bbox 1365 1369 1424 1415; x_wconf 87' lang='lat' dir='ltr'><strong>agi</strong></span> <span class='ocrx_word' id='word_1_639' title='bbox 1446 1381 1519 1405; x_wconf 93' lang='lat' dir='ltr'><strong>non</strong></span> <span class='ocrx_word' id='word_1_640' title='bbox 1542 1374 1672 1416; x_wconf 87' lang='lat' dir='ltr'><strong>potest,</strong></span> <span class='ocrx_word' id='word_1_641' title='bbox 1697 1370 1836 1406; x_wconf 87' lang='lat' dir='ltr'><strong>scilicet</strong></span> <span class='ocrx_word' id='word_1_642' title='bbox 1858 1375 1944 1407; x_wconf 90' lang='lat' dir='ltr'><strong>ante</strong></span> <span class='ocrx_word' id='word_1_643' title='bbox 1967 1381 1990 1406; x_wconf 89' lang='lat' dir='ltr'><strong>a</strong></span> <span class='ocrx_word' id='word_1_644' title='bbox 2027 1376 2101 1406; x_wconf 87' lang='lat' dir='ltr'><strong>tam</strong></span> <span class='ocrx_word' id='word_1_645' title='bbox 2124 1371 2371 1415; x_wconf 89' lang='lat' dir='ltr'><strong>hereditatem,</strong></span> <span class='ocrx_word' id='word_1_646' title='bbox 2395 1373 2450 1408; x_wconf 83' lang='lat' dir='ltr'><strong>vel</strong></span> 
     </span>
     <span class='ocr_line' id='line_1_99' title="bbox 1364 1415 2448 1462; baseline 0.002 -12"><span class='ocrx_word' id='word_1_647' title='bbox 1364 1418 1448 1460; x_wconf 88' lang='lat' dir='ltr'><strong>post</strong></span> <span class='ocrx_word' id='word_1_648' title='bbox 1471 1415 1606 1450; x_wconf 86' lang='lat' dir='ltr'><strong>aditam</strong></span> <span class='ocrx_word' id='word_1_649' title='bbox 1629 1419 1821 1461; x_wconf 84' lang='lat' dir='ltr'><strong>antequam</strong></span> <span class='ocrx_word' id='word_1_650' title='bbox 1844 1426 1901 1451; x_wconf 89' lang='lat' dir='ltr'><strong>res</strong></span> <span class='ocrx_word' id='word_1_651' title='bbox 1922 1416 1968 1452; x_wconf 92' lang='lat' dir='ltr'><strong>ab</strong></span> <span class='ocrx_word' id='word_1_652' title='bbox 1992 1416 2123 1452; x_wconf 90' lang='lat' dir='ltr'><strong>herede</strong></span> <span class='ocrx_word' id='word_1_653' title='bbox 2146 1427 2334 1462; x_wconf 89' lang='lat' dir='ltr'><strong>possessae</strong></span> <span class='ocrx_word' id='word_1_654' title='bbox 2354 1422 2448 1453; x_wconf 88' lang='lat' dir='ltr'><strong>sunt.</strong></span> 
     </span>
     <span class='ocr_line' id='line_1_100' title="bbox 1365 1460 2450 1508; baseline 0.003 -13"><span class='ocrx_word' id='word_1_655' title='bbox 1365 1470 1448 1495; x_wconf 89' lang='lat' dir='ltr'><strong>nam</strong></span> <span class='ocrx_word' id='word_1_656' title='bbox 1478 1460 1516 1495; x_wconf 93' lang='lat' dir='ltr'><strong>in</strong></span> <span class='ocrx_word' id='word_1_657' title='bbox 1546 1460 1644 1496; x_wconf 91' lang='lat' dir='ltr'><strong>hunc</strong></span> <span class='ocrx_word' id='word_1_658' title='bbox 1675 1471 1797 1496; x_wconf 87' lang='lat' dir='ltr'><strong>casum</strong></span> <span class='ocrx_word' id='word_1_659' title='bbox 1829 1461 1916 1496; x_wconf 89' lang='lat' dir='ltr'><strong>furti</strong></span> <span class='ocrx_word' id='word_1_660' title='bbox 1947 1461 2123 1497; x_wconf 87' lang='lat' dir='ltr'><strong>actionem</strong></span> <span class='ocrx_word' id='word_1_661' title='bbox 2154 1473 2227 1498; x_wconf 93' lang='lat' dir='ltr'><strong>non</strong></span> <span class='ocrx_word' id='word_1_662' title='bbox 2250 1466 2450 1508; x_wconf 87' lang='lat' dir='ltr'><strong>competere</strong></span> 
     </span>
     <span class='ocr_line' id='line_1_101' title="bbox 1365 1505 2450 1560; baseline 0.004 -20"><span class='ocrx_word' id='word_1_663' title='bbox 1365 1505 1485 1550; x_wconf 88' lang='lat' dir='ltr'><strong>palam</strong></span> <span class='ocrx_word' id='word_1_664' title='bbox 1508 1509 1579 1542; x_wconf 89' lang='lat' dir='ltr'><strong>est:</strong></span> <span class='ocrx_word' id='word_1_665' title='bbox 1603 1506 1762 1551; x_wconf 85' lang='lat' dir='ltr'><strong>quamvis</strong></span> <span class='ocrx_word' id='word_1_666' title='bbox 1785 1506 1832 1541; x_wconf 92' lang='lat' dir='ltr'><strong>ad</strong></span> <span class='ocrx_word' id='word_1_667' title='bbox 1855 1506 2094 1542; x_wconf 86' lang='lat' dir='ltr'><strong>exhibendum</strong></span> <span class='ocrx_word' id='word_1_668' title='bbox 2112 1506 2171 1552; x_wconf 83' lang='lat' dir='ltr'><strong>agi</strong></span> <span class='ocrx_word' id='word_1_669' title='bbox 2190 1518 2311 1560; x_wconf 82' lang='lat' dir='ltr'><strong>posse,</strong></span> <span class='ocrx_word' id='word_1_670' title='bbox 2335 1507 2366 1544; x_wconf 92' lang='lat' dir='ltr'><strong>si</strong></span> <span class='ocrx_word' id='word_1_671' title='bbox 2389 1508 2450 1553; x_wconf 85' lang='lat' dir='ltr'><strong>qui</strong></span> 
     </span>
     <span class='ocr_line' id='line_1_102' title="bbox 1365 1550 2227 1597; baseline 0.003 -12"><span class='ocrx_word' id='word_1_672' title='bbox 1365 1550 1609 1587; x_wconf 84' lang='lat' dir='ltr'><strong>vindicaturus</strong></span> <span class='ocrx_word' id='word_1_673' title='bbox 1633 1551 1792 1587; x_wconf 87' lang='lat' dir='ltr'><strong>exhiberi</strong></span> <span class='ocrx_word' id='word_1_674' title='bbox 1815 1551 2001 1594; x_wconf 89' lang='lat' dir='ltr'><strong>desideret,</strong></span> <span class='ocrx_word' id='word_1_675' title='bbox 2025 1551 2147 1597; x_wconf 86' lang='lat' dir='ltr'><strong>palam</strong></span> <span class='ocrx_word' id='word_1_676' title='bbox 2169 1555 2227 1588; x_wconf 88' lang='lat' dir='ltr'><strong>sit.</strong></span> 
     </span>
    </p>

    <p class='ocr_par' dir='ltr' id='par_1_26' title="bbox 1364 1593 2451 1858">
     <span class='ocr_line' id='line_1_103' title="bbox 1411 1593 2448 1643; baseline 0.001 -12"><span class='ocrx_word' id='word_1_677' title='bbox 1411 1593 1435 1632; x_wconf 90' lang='lat'><strong>3</strong></span> <span class='ocrx_word' id='word_1_678' title='bbox 1457 1595 1693 1632; x_wconf 53' lang='lat' dir='ltr'><strong>Misenates</strong></span> <span class='ocrx_word' id='word_1_679' title='bbox 1709 1597 1799 1632; x_wconf 84' lang='lat' dir='ltr'><strong>libro</strong></span> <span class='ocrx_word' id='word_1_680' title='bbox 1814 1596 1971 1633; x_wconf 84' lang='lat' dir='ltr'><strong>secundo</strong></span> <span class='ocrx_word' id='word_1_681' title='bbox 1990 1597 2217 1643; x_wconf 82' lang='lat' dir='ltr'><strong>publicorum</strong></span> <span class='ocrx_word' id='word_1_682' title='bbox 2234 1597 2448 1635; x_wconf 80' lang='lat' dir='ltr'><strong>iudiciorum</strong></span> 
     </span>
     <span class='ocr_line' id='line_1_104' title="bbox 1365 1640 2448 1688; baseline 0.003 -12"><span class='ocrx_word' id='word_1_683' title='bbox 1365 1640 1478 1676; x_wconf 88' lang='lat' dir='ltr'><strong>Divus</strong></span> <span class='ocrx_word' id='word_1_684' title='bbox 1487 1641 1518 1662; x_wconf 78' lang='lat'><strong>²⁴</strong></span> <span class='ocrx_word' id='word_1_685' title='bbox 1549 1640 1701 1677; x_wconf 89' lang='lat' dir='ltr'><strong>Severus</strong></span> <span class='ocrx_word' id='word_1_686' title='bbox 1725 1644 1762 1677; x_wconf 89' lang='lat' dir='ltr'><strong>et</strong></span> <span class='ocrx_word' id='word_1_687' title='bbox 1783 1642 1987 1678; x_wconf 87' lang='lat' dir='ltr'><strong>Antoninus</strong></span> <span class='ocrx_word' id='word_1_688' title='bbox 2018 1642 2281 1688; x_wconf 88' lang='lat' dir='ltr'><strong>rescripserunt</strong></span> <span class='ocrx_word' id='word_1_689' title='bbox 2304 1643 2448 1679; x_wconf 88' lang='lat' dir='ltr'><strong>electio·</strong></span> 
     </span>
     <span class='ocr_line' id='line_1_105' title="bbox 1364 1686 2448 1734; baseline 0.004 -13"><span class='ocrx_word' id='word_1_690' title='bbox 1364 1696 1446 1722; x_wconf 93' lang='lat' dir='ltr'><strong>nem</strong></span> <span class='ocrx_word' id='word_1_691' title='bbox 1469 1696 1564 1729; x_wconf 88' lang='lat' dir='ltr'><strong>esse,</strong></span> <span class='ocrx_word' id='word_1_692' title='bbox 1597 1691 1718 1721; x_wconf 89' lang='lat' dir='ltr'><strong>utrum</strong></span> <span class='ocrx_word' id='word_1_693' title='bbox 1742 1686 1820 1732; x_wconf 86' lang='lat' dir='ltr'><strong>quis</strong></span> <span class='ocrx_word' id='word_1_694' title='bbox 1843 1686 1928 1722; x_wconf 87' lang='lat' dir='ltr'><strong>velit</strong></span> <span class='ocrx_word' id='word_1_695' title='bbox 1951 1687 2083 1722; x_wconf 91' lang='lat' dir='ltr'><strong>crimen</strong></span> <span class='ocrx_word' id='word_1_696' title='bbox 2107 1687 2284 1734; x_wconf 87' lang='lat' dir='ltr'><strong>expilatae</strong></span> <span class='ocrx_word' id='word_1_697' title='bbox 2307 1688 2448 1725; x_wconf 88' lang='lat' dir='ltr'><strong>heredi-</strong></span> 
     </span>
     <span class='ocr_line' id='line_1_106' title="bbox 1364 1731 2451 1787; baseline 0.004 -21"><span class='ocrx_word' id='word_1_698' title='bbox 1364 1731 1450 1766; x_wconf 87' lang='lat' dir='ltr'><strong>tatis</strong></span> <span class='ocrx_word' id='word_1_699' title='bbox 1475 1735 1577 1767; x_wconf 85' lang='lat' dir='ltr'><strong>extra</strong></span> <span class='ocrx_word' id='word_1_700' title='bbox 1608 1731 1766 1767; x_wconf 90' lang='lat' dir='ltr'><strong>ordinem</strong></span> <span class='ocrx_word' id='word_1_701' title='bbox 1797 1731 1895 1778; x_wconf 88' lang='lat' dir='ltr'><strong>apud</strong></span> <span class='ocrx_word' id='word_1_702' title='bbox 1925 1732 2149 1778; x_wconf 86' lang='lat' dir='ltr'><strong>praefectum</strong></span> <span class='ocrx_word' id='word_1_703' title='bbox 2172 1732 2254 1769; x_wconf 89' lang='lat' dir='ltr'><strong>urbi</strong></span> <span class='ocrx_word' id='word_1_704' title='bbox 2275 1733 2332 1770; x_wconf 80' lang='lat' dir='ltr'><strong>vel</strong></span> <span class='ocrx_word' id='word_1_705' title='bbox 2354 1734 2451 1787; x_wconf 86' lang='lat' dir='ltr'><strong>apud</strong></span> 
     </span>
     <span class='ocr_line' id='line_1_107' title="bbox 1364 1776 2450 1830; baseline 0.004 -19"><span class='ocrx_word' id='word_1_706' title='bbox 1364 1776 1547 1821; x_wconf 84' lang='lat' dir='ltr'><strong>praesides</strong></span> <span class='ocrx_word' id='word_1_707' title='bbox 1572 1787 1678 1830; x_wconf 77' lang='lat' dir='ltr'><strong>agere</strong></span> <span class='ocrx_word' id='word_1_708' title='bbox 1700 1787 1746 1812; x_wconf 90' lang='lat' dir='ltr'><strong>an</strong></span> <span class='ocrx_word' id='word_1_709' title='bbox 1778 1777 2011 1813; x_wconf 88' lang='lat' dir='ltr'><strong>hereditatem</strong></span> <span class='ocrx_word' id='word_1_710' title='bbox 2035 1787 2058 1813; x_wconf 87' lang='lat' dir='ltr'><strong>a</strong></span> <span class='ocrx_word' id='word_1_711' title='bbox 2079 1778 2348 1823; x_wconf 86' lang='lat' dir='ltr'><strong>possessoribus</strong></span> <span class='ocrx_word' id='word_1_712' title='bbox 2371 1790 2450 1815; x_wconf 86' lang='lat' dir='ltr'><strong>iure</strong></span> 
     </span>
     <span class='ocr_line' id='line_1_108' title="bbox 1366 1821 1762 1858; baseline 0.003 -2"><span class='ocrx_word' id='word_1_713' title='bbox 1366 1821 1547 1858; x_wconf 87' lang='lat' dir='ltr'><strong>ordinario</strong></span> <span class='ocrx_word' id='word_1_714' title='bbox 1572 1821 1762 1858; x_wconf 90' lang='lat' dir='ltr'><strong>vindicare.</strong></span> 
     </span>
    </p>

    <p class='ocr_par' dir='ltr' id='par_1_27' title="bbox 1364 1865 2448 2048">
     <span class='ocr_line' id='line_1_109' title="bbox 1410 1865 2448 1914; baseline 0.002 -11"><span class='ocrx_word' id='word_1_715' title='bbox 1410 1865 1436 1903; x_wconf 89' lang='lat'>4</span> <span class='ocrx_word' id='word_1_716' title='bbox 1460 1866 1620 1902; x_wconf 54' lang='lat' dir='ltr'><strong>Panos</strong></span> <span class='ocrx_word' id='word_1_717' title='bbox 1647 1867 1739 1903; x_wconf 82' lang='lat' dir='ltr'><strong>libro</strong></span> <span class='ocrx_word' id='word_1_718' title='bbox 1769 1868 1874 1903; x_wconf 80' lang='lat' dir='ltr'><strong>tertio</strong></span> <span class='ocrx_word' id='word_1_719' title='bbox 1905 1878 2162 1914; x_wconf 80' lang='lat' dir='ltr'><strong>responsorum</strong></span> <span class='ocrx_word' id='word_1_720' title='bbox 2207 1868 2280 1905; x_wconf 88' lang='lat' dir='ltr'><strong>Res</strong></span> <span class='ocrx_word' id='word_1_721' title='bbox 2308 1868 2448 1905; x_wconf 87' lang='lat' dir='ltr'><strong>heredi-</strong></span> 
     </span>
     <span class='ocr_line' id='line_1_110' title="bbox 1365 1911 2448 1956; baseline 0.003 -9"><span class='ocrx_word' id='word_1_722' title='bbox 1365 1912 1476 1947; x_wconf 87' lang='lat' dir='ltr'><strong>tarias</strong></span> <span class='ocrx_word' id='word_1_723' title='bbox 1506 1911 1664 1948; x_wconf 90' lang='lat' dir='ltr'><strong>omnium</strong></span> <span class='ocrx_word' id='word_1_724' title='bbox 1693 1912 1863 1948; x_wconf 90' lang='lat' dir='ltr'><strong>heredum</strong></span> <span class='ocrx_word' id='word_1_725' title='bbox 1894 1912 2006 1949; x_wconf 84' lang='lat' dir='ltr'><strong>fuisse</strong></span> <span class='ocrx_word' id='word_1_726' title='bbox 2046 1924 2266 1956; x_wconf 90' lang='lat' dir='ltr'><strong>communes,</strong></span> <span class='ocrx_word' id='word_1_727' title='bbox 2305 1917 2342 1949; x_wconf 91' lang='lat' dir='ltr'><strong>et</strong></span> <span class='ocrx_word' id='word_1_728' title='bbox 2368 1914 2448 1950; x_wconf 88' lang='lat' dir='ltr'><strong>ideo</strong></span> 
     </span>
     <span class='ocr_line' id='line_1_111' title="bbox 1366 1957 2448 2005; baseline 0.004 -13"><span class='ocrx_word' id='word_1_729' title='bbox 1366 1966 1463 1999; x_wconf 90' lang='lat' dir='ltr'><strong>eum,</strong></span> <span class='ocrx_word' id='word_1_730' title='bbox 1488 1957 1549 2003; x_wconf 89' lang='lat' dir='ltr'><strong>qui</strong></span> <span class='ocrx_word' id='word_1_731' title='bbox 1572 1957 1751 2002; x_wconf 88' lang='lat' dir='ltr'><strong>expilatae</strong></span> <span class='ocrx_word' id='word_1_732' title='bbox 1774 1957 1982 1993; x_wconf 85' lang='lat' dir='ltr'><strong>hereditatis</strong></span> <span class='ocrx_word' id='word_1_733' title='bbox 2007 1958 2140 1994; x_wconf 89' lang='lat' dir='ltr'><strong>crimen</strong></span> <span class='ocrx_word' id='word_1_734' title='bbox 2163 1959 2273 1995; x_wconf 92' lang='lat' dir='ltr'><strong>obicit</strong></span> <span class='ocrx_word' id='word_1_735' title='bbox 2295 1963 2333 1995; x_wconf 92' lang='lat' dir='ltr'><strong>et</strong></span> <span class='ocrx_word' id='word_1_736' title='bbox 2356 1959 2448 2005; x_wconf 89' lang='lat' dir='ltr'><strong>opti-</strong></span> 
     </span>
     <span class='ocr_line' id='line_1_112' title="bbox 1364 2002 2121 2048; baseline 0.001 -11"><span class='ocrx_word' id='word_1_737' title='bbox 1364 2002 1452 2046; x_wconf 87' lang='lat' dir='ltr'><strong>nuit,</strong></span> <span class='ocrx_word' id='word_1_738' title='bbox 1477 2003 1584 2038; x_wconf 89' lang='lat' dir='ltr'><strong>etiam</strong></span> <span class='ocrx_word' id='word_1_739' title='bbox 1608 2003 1776 2039; x_wconf 91' lang='lat' dir='ltr'><strong>coheredi</strong></span> <span class='ocrx_word' id='word_1_740' title='bbox 1798 2003 1977 2048; x_wconf 87' lang='lat' dir='ltr'><strong>profuisse</strong></span> <span class='ocrx_word' id='word_1_741' title='bbox 1999 2003 2121 2039; x_wconf 87' lang='lat' dir='ltr'><strong>videri.</strong></span> 
     </span>
    </p>

    <p class='ocr_par' dir='ltr' id='par_1_28' title="bbox 1365 2046 2448 2184">
     <span class='ocr_line' id='line_1_113' title="bbox 1411 2046 2447 2096; baseline 0.001 -12"><span class='ocrx_word' id='word_1_742' title='bbox 1411 2046 1435 2084; x_wconf 81' lang='lat'>5</span> <span class='ocrx_word' id='word_1_743' title='bbox 1460 2047 1805 2084; x_wconf 73' lang='lat' dir='ltr'><strong><em>HERMOGENJANUS</em></strong></span> <span class='ocrx_word' id='word_1_744' title='bbox 1821 2048 1912 2084; x_wconf 83' lang='lat' dir='ltr'><strong>libro</strong></span> <span class='ocrx_word' id='word_1_745' title='bbox 1924 2049 2080 2084; x_wconf 82' lang='lat' dir='ltr'><strong>secundo</strong></span> <span class='ocrx_word' id='word_1_746' title='bbox 2101 2050 2192 2085; x_wconf 82' lang='lat' dir='ltr'><strong>iuris</strong></span> <span class='ocrx_word' id='word_1_747' title='bbox 2211 2050 2447 2096; x_wconf 81' lang='lat' dir='ltr'><strong>epitomarum</strong></span> 
     </span>
     <span class='ocr_line' id='line_1_114' title="bbox 1365 2092 2448 2138; baseline 0.003 -10"><span class='ocrx_word' id='word_1_748' title='bbox 1365 2092 1463 2128; x_wconf 91' lang='lat' dir='ltr'><strong>Uxor</strong></span> <span class='ocrx_word' id='word_1_749' title='bbox 1499 2093 1676 2138; x_wconf 84' lang='lat' dir='ltr'><strong>expilatae</strong></span> <span class='ocrx_word' id='word_1_750' title='bbox 1703 2093 1910 2129; x_wconf 89' lang='lat' dir='ltr'><strong>hereditatis</strong></span> <span class='ocrx_word' id='word_1_751' title='bbox 1942 2093 2089 2129; x_wconf 88' lang='lat' dir='ltr'><strong>crimine</strong></span> <span class='ocrx_word' id='word_1_752' title='bbox 2118 2093 2253 2131; x_wconf 87' lang='lat' dir='ltr'><strong>idcirco</strong></span> <span class='ocrx_word' id='word_1_753' title='bbox 2287 2106 2359 2130; x_wconf 90' lang='lat' dir='ltr'><strong>non</strong></span> <span class='ocrx_word' id='word_1_754' title='bbox 2387 2105 2448 2131; x_wconf 85' lang='lat' dir='ltr'><strong>ac-</strong></span> 
     </span>
     <span class='ocr_line' id='line_1_115' title="bbox 1366 2137 2155 2184; baseline 0.001 -11"><span class='ocrx_word' id='word_1_755' title='bbox 1366 2141 1524 2182; x_wconf 88' lang='lat' dir='ltr'><strong>cusatur,</strong></span> <span class='ocrx_word' id='word_1_756' title='bbox 1549 2138 1633 2184; x_wconf 90' lang='lat' dir='ltr'><strong>quia</strong></span> <span class='ocrx_word' id='word_1_757' title='bbox 1656 2148 1723 2174; x_wconf 90' lang='lat' dir='ltr'><strong>nec</strong></span> <span class='ocrx_word' id='word_1_758' title='bbox 1746 2137 1835 2174; x_wconf 87' lang='lat' dir='ltr'><strong>furti</strong></span> <span class='ocrx_word' id='word_1_759' title='bbox 1859 2149 1939 2174; x_wconf 90' lang='lat' dir='ltr'><strong>cum</strong></span> <span class='ocrx_word' id='word_1_760' title='bbox 1964 2148 2006 2174; x_wconf 88' lang='lat' dir='ltr'><strong>ea</strong></span> <span class='ocrx_word' id='word_1_761' title='bbox 2028 2139 2155 2184; x_wconf 88' lang='lat' dir='ltr'><strong>agitur.</strong></span> 
     </span>
    </p>

    <p class='ocr_par' dir='ltr' id='par_1_29' title="bbox 1363 2181 2448 2410">
     <span class='ocr_line' id='line_1_116' title="bbox 1411 2181 2447 2230; baseline -0.001 -9"><span class='ocrx_word' id='word_1_762' title='bbox 1411 2181 1437 2221; x_wconf 86' lang='grc'>6</span> <span class='ocrx_word' id='word_1_763' title='bbox 1461 2182 1621 2219; x_wconf 61' lang='lat' dir='ltr'><strong>Panos</strong></span> <span class='ocrx_word' id='word_1_764' title='bbox 1649 2183 1739 2219; x_wconf 85' lang='lat' dir='ltr'><strong>libro</strong></span> <span class='ocrx_word' id='word_1_765' title='bbox 1764 2184 1889 2230; x_wconf 84' lang='lat' dir='ltr'><strong>primo</strong></span> <span class='ocrx_word' id='word_1_766' title='bbox 1918 2183 1969 2219; x_wconf 90' lang='lat' dir='ltr'><strong>ad</strong></span> <span class='ocrx_word' id='word_1_767' title='bbox 1991 2183 2180 2220; x_wconf 82' lang='lat' dir='ltr'><strong>Neratium</strong></span> <span class='ocrx_word' id='word_1_768' title='bbox 2227 2183 2266 2220; x_wconf 89' lang='lat' dir='ltr'><strong>Si</strong></span> <span class='ocrx_word' id='word_1_769' title='bbox 2286 2194 2362 2220; x_wconf 90' lang='lat' dir='ltr'><strong>rem</strong></span> <span class='ocrx_word' id='word_1_770' title='bbox 2384 2184 2447 2220; x_wconf 89' lang='lat' dir='ltr'><strong>he-</strong></span> 
     </span>
     <span class='ocr_line' id='line_1_117' title="bbox 1363 2228 2446 2275; baseline 0.002 -12"><span class='ocrx_word' id='word_1_771' title='bbox 1363 2228 1586 2271; x_wconf 88' lang='lat' dir='ltr'><strong>reditariam,</strong></span> <span class='ocrx_word' id='word_1_772' title='bbox 1617 2228 1786 2274; x_wconf 85' lang='lat' dir='ltr'><strong>ignorans</strong></span> <span class='ocrx_word' id='word_1_773' title='bbox 1813 2228 1852 2264; x_wconf 88' lang='lat' dir='ltr'><strong>in</strong></span> <span class='ocrx_word' id='word_1_774' title='bbox 1884 2238 1928 2264; x_wconf 86' lang='lat' dir='ltr'><strong>ea</strong></span> <span class='ocrx_word' id='word_1_775' title='bbox 1958 2239 2069 2265; x_wconf 89' lang='lat' dir='ltr'><strong>causa</strong></span> <span class='ocrx_word' id='word_1_776' title='bbox 2099 2239 2196 2272; x_wconf 91' lang='lat' dir='ltr'><strong>esse,</strong></span> <span class='ocrx_word' id='word_1_777' title='bbox 2227 2229 2446 2275; x_wconf 86' lang='lat' dir='ltr'><strong>subripuisti,</strong></span> 
     </span>
     <span class='ocr_line' id='line_1_118' title="bbox 1364 2273 2448 2319; baseline 0.002 -11"><span class='ocrx_word' id='word_1_778' title='bbox 1364 2273 1499 2308; x_wconf 89' lang='lat' dir='ltr'><strong>fui-tum</strong></span> <span class='ocrx_word' id='word_1_779' title='bbox 1521 2277 1558 2309; x_wconf 91' lang='lat' dir='ltr'><strong>te</strong></span> <span class='ocrx_word' id='word_1_780' title='bbox 1576 2273 1697 2309; x_wconf 86' lang='lat' dir='ltr'><strong>facere</strong></span> <span class='ocrx_word' id='word_1_781' title='bbox 1716 2273 1911 2319; x_wconf 88' lang='lat' dir='ltr'><strong>respondit.</strong></span> <span class='ocrx_word' id='word_1_782' title='bbox 1946 2273 2002 2309; x_wconf 65' lang='grc' dir='ltr'><strong>ΡΑ</strong></span> <span class='ocrx_word' id='word_1_783' title='bbox 2009 2284 2120 2310; x_wconf 67' lang='lat' dir='ltr'><strong>orvs:</strong></span> <span class='ocrx_word' id='word_1_784' title='bbox 2141 2273 2195 2310; x_wconf 92' lang='lat' dir='ltr'><strong>rei</strong></span> <span class='ocrx_word' id='word_1_785' title='bbox 2213 2274 2448 2310; x_wconf 86' lang='lat' dir='ltr'><strong>hereditariae</strong></span> 
     </span>
     <span class='ocr_line' id='line_1_119' title="bbox 1365 2318 2447 2365; baseline 0.003 -12"><span class='ocrx_word' id='word_1_786' title='bbox 1365 2318 1499 2353; x_wconf 83' lang='lat' dir='ltr'><strong>furtum</strong></span> <span class='ocrx_word' id='word_1_787' title='bbox 1531 2329 1603 2354; x_wconf 92' lang='lat' dir='ltr'><strong>non</strong></span> <span class='ocrx_word' id='word_1_788' title='bbox 1613 2320 1644 2340; x_wconf 82' lang='lat'><strong>2⁵</strong></span> <span class='ocrx_word' id='word_1_789' title='bbox 1667 2318 1710 2353; x_wconf 89' lang='lat' dir='ltr'><strong>fit</strong></span> <span class='ocrx_word' id='word_1_790' title='bbox 1739 2319 1835 2355; x_wconf 89' lang='lat' dir='ltr'><strong>sicut</strong></span> <span class='ocrx_word' id='word_1_791' title='bbox 1865 2329 1931 2355; x_wconf 91' lang='lat' dir='ltr'><strong>nec</strong></span> <span class='ocrx_word' id='word_1_792' title='bbox 1963 2319 2039 2355; x_wconf 89' lang='lat' dir='ltr'><strong>eius</strong></span> <span class='ocrx_word' id='word_1_793' title='bbox 2090 2329 2181 2365; x_wconf 88' lang='lat' dir='ltr'><strong>quae</strong></span> <span class='ocrx_word' id='word_1_794' title='bbox 2205 2319 2282 2356; x_wconf 87' lang='lat' dir='ltr'><strong>sine</strong></span> <span class='ocrx_word' id='word_1_795' title='bbox 2305 2319 2447 2356; x_wconf 91' lang='lat' dir='ltr'><strong>domino</strong></span> 
     </span>
     <span class='ocr_line' id='line_1_120' title="bbox 1365 2347 2281 2410; baseline 0.002 -12"><span class='ocrx_word' id='word_1_796' title='bbox 1365 2367 1429 2407; x_wconf 90' lang='lat' dir='ltr'><strong>est,</strong></span> <span class='ocrx_word' id='word_1_797' title='bbox 1454 2367 1491 2399; x_wconf 90' lang='lat' dir='ltr'><strong>et</strong></span> <span class='ocrx_word' id='word_1_798' title='bbox 1512 2363 1601 2399; x_wconf 90' lang='lat' dir='ltr'><strong>nihil</strong></span> <span class='ocrx_word' id='word_1_799' title='bbox 1624 2367 1740 2399; x_wconf 87' lang='lat' dir='ltr'><strong>mutat</strong></span> <span class='ocrx_word' id='word_1_800' title='bbox 1763 2364 1977 2400; x_wconf 89' lang='lat' dir='ltr'><strong>existimatio</strong></span> <span class='ocrx_word' id='word_1_801' title='bbox 2001 2347 2229 2410; x_wconf 74' lang='lat' dir='ltr'><strong>subripientis</strong></span> <span class='ocrx_word' id='word_1_802' title='bbox 2239 2366 2281 2400; x_wconf 85' lang='lat'><strong>²⁶.</strong></span> 
     </span>
    </p>
   </div>
   <div class='ocr_carea' id='block_1_18' title="bbox 1733 2501 2083 2601">
    <p class='ocr_par' dir='ltr' id='par_1_30' title="bbox 1733 2501 2083 2601">
     <span class='ocr_line' id='line_1_121' title="bbox 1845 2501 1970 2541; baseline -0.008 0"><span class='ocrx_word' id='word_1_803' title='bbox 1845 2502 1920 2541; x_wconf 91' lang='lat' dir='ltr'><strong>XX</strong></span> <span class='ocrx_word' id='word_1_804' title='bbox 1930 2501 1970 2540; x_wconf 87' lang='lat'><strong>²⁷.</strong></span> 
     </span>
     <span class='ocr_line' id='line_1_122' title="bbox 1733 2567 2083 2601; baseline 0 -1"><span class='ocrx_word' id='word_1_805' title='bbox 1733 2567 2083 2601; x_wconf 85' lang='lat' dir='ltr'><strong>STELLIONATUS.</strong></span> 
     </span>
    </p>
   </div>
   <div class='ocr_carea' id='block_1_19' title="bbox 1362 2631 2447 3257">
    <p class='ocr_par' dir='ltr' id='par_1_31' title="bbox 1363 2631 2447 2759">
     <span class='ocr_line' id='line_1_123' title="bbox 1412 2631 2446 2687; baseline 0.001 -18"><span class='ocrx_word' id='word_1_806' title='bbox 1412 2631 1430 2669; x_wconf 91' lang='lat'>1</span> <span class='ocrx_word' id='word_1_807' title='bbox 1466 2631 1712 2668; x_wconf 75' lang='lat' dir='ltr'><em>PAPJMANUS</em></span> <span class='ocrx_word' id='word_1_808' title='bbox 1746 2633 1836 2670; x_wconf 84' lang='lat' dir='ltr'><strong>libro</strong></span> <span class='ocrx_word' id='word_1_809' title='bbox 1901 2634 1992 2669; x_wconf 86' lang='lat' dir='ltr'><strong>rimo</strong></span> <span class='ocrx_word' id='word_1_810' title='bbox 2029 2643 2284 2687; x_wconf 67' lang='lat' dir='ltr'><strong>responsorum</strong></span> <span class='ocrx_word' id='word_1_811' title='bbox 2339 2634 2446 2670; x_wconf 84' lang='lat' dir='ltr'><strong>Actio</strong></span> 
     </span>
     <span class='ocr_line' id='line_1_124' title="bbox 1363 2678 2447 2724; baseline 0.003 -12"><span class='ocrx_word' id='word_1_812' title='bbox 1363 2678 1586 2713; x_wconf 89' lang='lat' dir='ltr'><strong>stellionatus</strong></span> <span class='ocrx_word' id='word_1_813' title='bbox 1595 2678 1626 2699; x_wconf 81' lang='lat'><strong>²³</strong></span> <span class='ocrx_word' id='word_1_814' title='bbox 1654 2689 1769 2724; x_wconf 88' lang='lat' dir='ltr'><strong>neque</strong></span> <span class='ocrx_word' id='word_1_815' title='bbox 1800 2678 1872 2724; x_wconf 90' lang='lat' dir='ltr'><strong>pub</strong></span> <span class='ocrx_word' id='word_1_816' title='bbox 1891 2678 1951 2715; x_wconf 85' lang='lat' dir='ltr'><strong>&#39;cis</strong></span> <span class='ocrx_word' id='word_1_817' title='bbox 1983 2678 2123 2715; x_wconf 87' lang='lat' dir='ltr'><strong>iudicus</strong></span> <span class='ocrx_word' id='word_1_818' title='bbox 2153 2688 2269 2724; x_wconf 89' lang='lat' dir='ltr'><strong>neque</strong></span> <span class='ocrx_word' id='word_1_819' title='bbox 2299 2678 2447 2724; x_wconf 79' lang='lat' dir='ltr'><strong>privatis</strong></span> 
     </span>
     <span class='ocr_line' id='line_1_125' title="bbox 1364 2723 1801 2759; baseline 0.002 -1"><span class='ocrx_word' id='word_1_820' title='bbox 1364 2723 1566 2759; x_wconf 86' lang='lat' dir='ltr'><strong>actionibus</strong></span> <span class='ocrx_word' id='word_1_821' title='bbox 1591 2723 1801 2759; x_wconf 88' lang='lat' dir='ltr'><strong>continetur.</strong></span> 
     </span>
    </p>

    <p class='ocr_par' dir='ltr' id='par_1_32' title="bbox 1362 2766 2447 2895">
     <span class='ocr_line' id='line_1_126' title="bbox 1409 2766 2447 2806; baseline 0.001 -1"><span class='ocrx_word' id='word_1_822' title='bbox 1409 2766 1435 2805; x_wconf 86' lang='lat'><strong>2</strong></span> <span class='ocrx_word' id='word_1_823' title='bbox 1466 2768 1660 2805; x_wconf 67' lang='lat' dir='ltr'><strong>Uremws</strong></span> <span class='ocrx_word' id='word_1_824' title='bbox 1680 2768 1771 2804; x_wconf 83' lang='lat' dir='ltr'><strong>libro</strong></span> <span class='ocrx_word' id='word_1_825' title='bbox 1791 2772 1916 2805; x_wconf 81' lang='lat' dir='ltr'><strong>octavo</strong></span> <span class='ocrx_word' id='word_1_826' title='bbox 1941 2768 1991 2803; x_wconf 88' lang='lat' dir='ltr'><strong>ad</strong></span> <span class='ocrx_word' id='word_1_827' title='bbox 2006 2767 2181 2805; x_wconf 85' lang='lat' dir='ltr'><strong>Sabinum</strong></span> <span class='ocrx_word' id='word_1_828' title='bbox 2215 2767 2447 2806; x_wconf 77' lang='lat' dir='ltr'><strong>stellionatus</strong></span> 
     </span>
     <span class='ocr_line' id='line_1_127' title="bbox 1362 2812 2447 2859; baseline 0.002 -11"><span class='ocrx_word' id='word_1_829' title='bbox 1362 2813 1532 2849; x_wconf 83' lang='lat' dir='ltr'><strong>iudicium</strong></span> <span class='ocrx_word' id='word_1_830' title='bbox 1555 2812 1731 2849; x_wconf 85' lang='lat' dir='ltr'><strong>famosum</strong></span> <span class='ocrx_word' id='word_1_831' title='bbox 1755 2813 1896 2859; x_wconf 89' lang='lat' dir='ltr'><strong>quidem</strong></span> <span class='ocrx_word' id='word_1_832' title='bbox 1922 2824 1995 2849; x_wconf 91' lang='lat' dir='ltr'><strong>non</strong></span> <span class='ocrx_word' id='word_1_833' title='bbox 2004 2813 2036 2835; x_wconf 83' lang='lat'><strong>2⁹</strong></span> <span class='ocrx_word' id='word_1_834' title='bbox 2066 2817 2137 2857; x_wconf 85' lang='lat' dir='ltr'><strong>est,</strong></span> <span class='ocrx_word' id='word_1_835' title='bbox 2168 2813 2232 2850; x_wconf 88' lang='lat' dir='ltr'><strong>sed</strong></span> <span class='ocrx_word' id='word_1_836' title='bbox 2261 2813 2447 2850; x_wconf 87' lang='lat' dir='ltr'><strong>coercitio·</strong></span> 
     </span>
     <span class='ocr_line' id='line_1_128' title="bbox 1363 2858 1929 2895; baseline 0.004 -2"><span class='ocrx_word' id='word_1_837' title='bbox 1363 2869 1445 2894; x_wconf 90' lang='lat' dir='ltr'><strong>nem</strong></span> <span class='ocrx_word' id='word_1_838' title='bbox 1467 2858 1788 2894; x_wconf 85' lang='lat' dir='ltr'><strong>extraordinariam</strong></span> <span class='ocrx_word' id='word_1_839' title='bbox 1810 2859 1929 2895; x_wconf 91' lang='lat' dir='ltr'><strong>habet.</strong></span> 
     </span>
    </p>

    <p class='ocr_par' dir='ltr' id='par_1_33' title="bbox 1362 2901 2447 3257">
     <span class='ocr_line' id='line_1_129' title="bbox 1410 2901 2445 2956; baseline 0 -15"><span class='ocrx_word' id='word_1_840' title='bbox 1410 2901 1434 2941; x_wconf 91' lang='lat'><strong>3</strong></span> <span class='ocrx_word' id='word_1_841' title='bbox 1459 2903 1565 2939; x_wconf 69' lang='lat' dir='ltr'><strong>[osu</strong></span> <span class='ocrx_word' id='word_1_842' title='bbox 1592 2903 1682 2940; x_wconf 79' lang='lat' dir='ltr'><strong>libro</strong></span> <span class='ocrx_word' id='word_1_843' title='bbox 1707 2908 1831 2940; x_wconf 85' lang='lat' dir='ltr'><strong>octavo</strong></span> <span class='ocrx_word' id='word_1_844' title='bbox 1855 2904 1900 2940; x_wconf 79' lang='lat' dir='ltr'><strong>de</strong></span> <span class='ocrx_word' id='word_1_845' title='bbox 1923 2904 1974 2956; x_wconf 82' lang='lat' dir='ltr'><strong>of</strong></span> <span class='ocrx_word' id='word_1_846' title='bbox 1993 2903 2049 2940; x_wconf 79' lang='lat' dir='ltr'><strong>oio</strong></span> <span class='ocrx_word' id='word_1_847' title='bbox 2074 2903 2309 2956; x_wconf 69' lang='lat' dir='ltr'><strong>proconsulis</strong></span> <span class='ocrx_word' id='word_1_848' title='bbox 2352 2904 2445 2941; x_wconf 85' lang='lat' dir='ltr'><strong>Stel-</strong></span> 
     </span>
     <span class='ocr_line' id='line_1_130' title="bbox 1364 2948 2444 2994; baseline 0.002 -10"><span class='ocrx_word' id='word_1_849' title='bbox 1364 2948 1522 2984; x_wconf 85' lang='lat' dir='ltr'><strong>lionatus</strong></span> <span class='ocrx_word' id='word_1_850' title='bbox 1546 2948 1730 2985; x_wconf 88' lang='lat' dir='ltr'><strong>accusatio</strong></span> <span class='ocrx_word' id='word_1_851' title='bbox 1754 2948 1800 2984; x_wconf 88' lang='lat' dir='ltr'><strong>ad</strong></span> <span class='ocrx_word' id='word_1_852' title='bbox 1831 2958 1951 2994; x_wconf 88' lang='lat' dir='ltr'><strong>praesi</strong></span> <span class='ocrx_word' id='word_1_853' title='bbox 1978 2949 1986 2957; x_wconf 88' lang='lat'>’</span> <span class='ocrx_word' id='word_1_854' title='bbox 2031 2959 2073 2984; x_wconf 90' lang='lat' dir='ltr'><strong>co</strong></span> <span class='ocrx_word' id='word_1_855' title='bbox 2136 2952 2269 2985; x_wconf 90' lang='lat' dir='ltr'><strong>tionem</strong></span> <span class='ocrx_word' id='word_1_856' title='bbox 2292 2959 2309 2984; x_wconf 91' lang='lat' dir='ltr'><strong>s</strong></span> <span class='ocrx_word' id='word_1_857' title='bbox 2336 2953 2444 2986; x_wconf 82' lang='lat' dir='ltr'><strong>octat.</strong></span> 
     </span>
     <span class='ocr_line' id='line_1_131' title="bbox 1366 2993 2447 3046; baseline 0.003 -18"><span class='ocrx_word' id='word_1_858' title='bbox 1366 2997 1380 3028; x_wconf 93' lang='lat'>1</span> <span class='ocrx_word' id='word_1_859' title='bbox 1431 2993 1678 3030; x_wconf 75' lang='lat' dir='ltr'><strong>stellionatum</strong></span> <span class='ocrx_word' id='word_1_860' title='bbox 1696 2998 1815 3029; x_wconf 89' lang='lat' dir='ltr'><strong>autem</strong></span> <span class='ocrx_word' id='word_1_861' title='bbox 1840 2994 1934 3030; x_wconf 90' lang='lat' dir='ltr'><strong>obici</strong></span> <span class='ocrx_word' id='word_1_862' title='bbox 1952 3004 2062 3046; x_wconf 81' lang='lat' dir='ltr'><strong>posse</strong></span> <span class='ocrx_word' id='word_1_863' title='bbox 2111 2993 2119 3002; x_wconf 78' lang='lat'>⁸</span> <span class='ocrx_word' id='word_1_864' title='bbox 2142 3019 2151 3034; x_wconf 90' lang='lat'><strong>,</strong></span> <span class='ocrx_word' id='word_1_865' title='bbox 2199 2994 2237 3029; x_wconf 89' lang='lat' dir='ltr'><strong>ui</strong></span> <span class='ocrx_word' id='word_1_866' title='bbox 2254 2993 2299 3030; x_wconf 90' lang='lat' dir='ltr'><strong>do</strong></span> <span class='ocrx_word' id='word_1_867' title='bbox 2314 3005 2336 3030; x_wconf 94' lang='lat' dir='ltr'><strong>o</strong></span> <span class='ocrx_word' id='word_1_868' title='bbox 2359 2994 2447 3041; x_wconf 84' lang='lat' dir='ltr'><strong>quid</strong></span> 
     </span>
     <span class='ocr_line' id='line_1_132' title="bbox 1362 3038 2446 3082; baseline 0.003 -9"><span class='ocrx_word' id='word_1_869' title='bbox 1362 3038 1544 3082; x_wconf 83' lang='lat' dir='ltr'><strong>fecerunt,</strong></span> <span class='ocrx_word' id='word_1_870' title='bbox 1576 3038 1760 3074; x_wconf 90' lang='lat' dir='ltr'><strong>sciendum</strong></span> <span class='ocrx_word' id='word_1_871' title='bbox 1784 3043 1853 3082; x_wconf 89' lang='lat' dir='ltr'><strong>est,</strong></span> <span class='ocrx_word' id='word_1_872' title='bbox 1883 3039 2021 3075; x_wconf 89' lang='lat' dir='ltr'><strong>scihcet</strong></span> <span class='ocrx_word' id='word_1_873' title='bbox 2042 3039 2074 3075; x_wconf 89' lang='lat' dir='ltr'><strong>si</strong></span> <span class='ocrx_word' id='word_1_874' title='bbox 2097 3038 2169 3075; x_wconf 88' lang='lat' dir='ltr'><strong>aliu</strong></span> <span class='ocrx_word' id='word_1_875' title='bbox 2217 3038 2351 3076; x_wconf 89' lang='lat' dir='ltr'><strong>crimen</strong></span> <span class='ocrx_word' id='word_1_876' title='bbox 2371 3050 2446 3076; x_wconf 91' lang='lat' dir='ltr'><strong>non</strong></span> 
     </span>
     <span class='ocr_line' id='line_1_133' title="bbox 1363 3083 2444 3129; baseline 0.001 -9"><span class='ocrx_word' id='word_1_877' title='bbox 1363 3084 1411 3120; x_wconf 90' lang='lat' dir='ltr'><strong>sit</strong></span> <span class='ocrx_word' id='word_1_878' title='bbox 1464 3083 1536 3119; x_wconf 92' lang='lat' dir='ltr'><strong>uod</strong></span> <span class='ocrx_word' id='word_1_879' title='bbox 1567 3083 1761 3120; x_wconf 88' lang='lat' dir='ltr'><strong>obiciatur:</strong></span> <span class='ocrx_word' id='word_1_880' title='bbox 1804 3084 1899 3129; x_wconf 90' lang='lat' dir='ltr'><strong>quod</strong></span> <span class='ocrx_word' id='word_1_881' title='bbox 1930 3084 2023 3120; x_wconf 89' lang='lat' dir='ltr'><strong>enim</strong></span> <span class='ocrx_word' id='word_1_882' title='bbox 2053 3083 2092 3119; x_wconf 90' lang='lat' dir='ltr'><strong>in</strong></span> <span class='ocrx_word' id='word_1_883' title='bbox 2127 3083 2276 3129; x_wconf 85' lang='lat' dir='ltr'><strong>privatis</strong></span> <span class='ocrx_word' id='word_1_884' title='bbox 2304 3083 2444 3121; x_wconf 86' lang='lat' dir='ltr'><strong>iudiciis</strong></span> 
     </span>
     <span class='ocr_line' id='line_1_134' title="bbox 1363 3128 2440 3171; baseline 0 -6"><span class='ocrx_word' id='word_1_885' title='bbox 1363 3133 1419 3165; x_wconf 89' lang='lat' dir='ltr'><strong>est</strong></span> <span class='ocrx_word' id='word_1_886' title='bbox 1466 3138 1486 3164; x_wconf 91' lang='lat' dir='ltr'><strong>e</strong></span> <span class='ocrx_word' id='word_1_887' title='bbox 1509 3128 1592 3164; x_wconf 90' lang='lat' dir='ltr'><strong>dolo</strong></span> <span class='ocrx_word' id='word_1_888' title='bbox 1611 3129 1716 3171; x_wconf 89' lang='lat' dir='ltr'><strong>actio,</strong></span> <span class='ocrx_word' id='word_1_889' title='bbox 1740 3129 1810 3165; x_wconf 89' lang='lat' dir='ltr'><strong>hoc</strong></span> <span class='ocrx_word' id='word_1_890' title='bbox 1833 3130 1870 3165; x_wconf 92' lang='lat' dir='ltr'><strong>in</strong></span> <span class='ocrx_word' id='word_1_891' title='bbox 1889 3129 2095 3166; x_wconf 86' lang='lat' dir='ltr'><strong>criminibus</strong></span> <span class='ocrx_word' id='word_1_892' title='bbox 2113 3129 2338 3166; x_wconf 83' lang='lat' dir='ltr'><strong>stellionatus</strong></span> <span class='ocrx_word' id='word_1_893' title='bbox 2386 3140 2440 3165; x_wconf 89' lang='lat' dir='ltr'><strong>er·</strong></span> 
     </span>
     <span class='ocr_line' id='line_1_135' title="bbox 1363 3140 2443 3227; baseline 0.002 -18"><span class='ocrx_word' id='word_1_894' title='bbox 1363 3174 1511 3210; x_wconf 87' lang='lat' dir='ltr'><strong>secutio.</strong></span> <span class='ocrx_word' id='word_1_895' title='bbox 1559 3173 1774 3219; x_wconf 88' lang='lat' dir='ltr'><strong>ubicumque</strong></span> <span class='ocrx_word' id='word_1_896' title='bbox 1809 3175 1917 3220; x_wconf 81' lang='lat' dir='ltr'><strong>igitur</strong></span> <span class='ocrx_word' id='word_1_897' title='bbox 1952 3174 2080 3226; x_wconf 76' lang='lat' dir='ltr'><strong>titulus</strong></span> <span class='ocrx_word' id='word_1_898' title='bbox 2119 3173 2273 3210; x_wconf 89' lang='lat' dir='ltr'><strong>criminis</strong></span> <span class='ocrx_word' id='word_1_899' title='bbox 2311 3140 2443 3227; x_wconf 48' lang='lat' dir='ltr'><strong>deffeit,</strong></span> 
     </span>
     <span class='ocr_line' id='line_1_136' title="bbox 1362 3218 2443 3257; baseline 0.002 -2"><span class='ocrx_word' id='word_1_900' title='bbox 1362 3219 1436 3255; x_wconf 91' lang='lat' dir='ltr'><strong>illic</strong></span> <span class='ocrx_word' id='word_1_901' title='bbox 1468 3218 1694 3255; x_wconf 87' lang='lat' dir='ltr'><strong>stellionatus</strong></span> <span class='ocrx_word' id='word_1_902' title='bbox 1727 3219 1930 3256; x_wconf 89' lang='lat' dir='ltr'><strong>obiciemus.</strong></span> <span class='ocrx_word' id='word_1_903' title='bbox 1982 3229 2134 3255; x_wconf 80' lang='lat' dir='ltr'><strong>maxime</strong></span> <span class='ocrx_word' id='word_1_904' title='bbox 2170 3223 2289 3255; x_wconf 87' lang='lat' dir='ltr'><strong>autem</strong></span> <span class='ocrx_word' id='word_1_905' title='bbox 2317 3230 2357 3256; x_wconf 90' lang='lat' dir='ltr'><strong>in</strong></span> <span class='ocrx_word' id='word_1_906' title='bbox 2385 3219 2443 3257; x_wconf 86' lang='lat' dir='ltr'><strong>his</strong></span> 
     </span>
    </p>
   </div>
   <div class='ocr_carea' id='block_1_20' title="bbox 2150 3295 2438 3301">
    <p class='ocr_par' dir='ltr' id='par_1_34' title="bbox 2150 3295 2438 3301">
     <span class='ocr_line' id='line_1_137' title="bbox 2150 3295 2438 3301; baseline 0 0"><span class='ocrx_word' id='word_1_907' title='bbox 2150 3295 2438 3301; x_wconf 95' lang='lat' dir='ltr'><strong> </strong></span> 
     </span>
    </p>
   </div>
   <div class='ocr_carea' id='block_1_21' title="bbox 1356 3332 2448 3735">
    <p class='ocr_par' dir='ltr' id='par_1_35' title="bbox 1359 3332 2441 3509">
     <span class='ocr_line' id='line_1_138' title="bbox 1410 3332 2057 3377; baseline 0 -10"><span class='ocrx_word' id='word_1_908' title='bbox 1410 3334 1469 3374; x_wconf 75' lang='grc'><strong>(14)</strong></span> <span class='ocrx_word' id='word_1_909' title='bbox 1493 3332 1574 3366; x_wconf 81' lang='lat' dir='ltr'><strong>Sab.</strong></span> <span class='ocrx_word' id='word_1_910' title='bbox 1590 3339 1619 3371; x_wconf 77' lang='grc' dir='ltr'><strong>ις</strong></span> <span class='ocrx_word' id='word_1_911' title='bbox 1647 3333 1730 3377; x_wconf 88' lang='lat' dir='ltr'><strong>Pap.</strong></span> <span class='ocrx_word' id='word_1_912' title='bbox 1745 3340 1773 3367; x_wconf 85' lang='lat'><strong>2.</strong></span> <span class='ocrx_word' id='word_1_913' title='bbox 1786 3351 1830 3356; x_wconf 93' lang='lat'><strong>—</strong></span> <span class='ocrx_word' id='word_1_914' title='bbox 1852 3333 1939 3367; x_wconf 74' lang='lat' dir='ltr'><strong>Bas.</strong></span> <span class='ocrx_word' id='word_1_915' title='bbox 1952 3334 2007 3375; x_wconf 87' lang='grc'><strong>60,</strong></span> <span class='ocrx_word' id='word_1_916' title='bbox 2020 3339 2057 3367; x_wconf 80' lang='grc'><strong>28</strong></span> 
     </span>
     <span class='ocr_line' id='line_1_139' title="bbox 1364 3377 2058 3420; baseline -0.006 -8"><span class='ocrx_word' id='word_1_917' title='bbox 1364 3378 1423 3419; x_wconf 69' lang='grc' dir='ltr'><strong>(ιθ)</strong></span> <span class='ocrx_word' id='word_1_918' title='bbox 1446 3377 1645 3420; x_wconf 86' lang='lat' dir='ltr'><strong>puniendos]</strong></span> <span class='ocrx_word' id='word_1_919' title='bbox 1657 3377 1986 3411; x_wconf 81' lang='lat' dir='ltr'><strong>animadvertendum</strong></span> <span class='ocrx_word' id='word_1_920' title='bbox 1996 3388 2058 3411; x_wconf 74' lang='lat' dir='ltr'><strong>scr.</strong></span> 
     </span>
     <span class='ocr_line' id='line_1_140' title="bbox 1361 3422 2441 3466; baseline 0.001 -10"><span class='ocrx_word' id='word_1_921' title='bbox 1361 3422 1404 3456; x_wconf 86' lang='lat' dir='ltr'><strong>iis</strong></span> <span class='ocrx_word' id='word_1_922' title='bbox 1414 3435 1476 3456; x_wconf 83' lang='lat' dir='ltr'><strong>scr.</strong></span> <span class='ocrx_word' id='word_1_923' title='bbox 1491 3423 1651 3463; x_wconf 77' lang='lat' dir='ltr'><strong>(similiter</strong></span> <span class='ocrx_word' id='word_1_924' title='bbox 1663 3424 1760 3464; x_wconf 83' lang='lat' dir='ltr'><strong>Hal.)</strong></span> <span class='ocrx_word' id='word_1_925' title='bbox 1854 3424 1913 3465; x_wconf 85' lang='lat'><strong>(18)</strong></span> <span class='ocrx_word' id='word_1_926' title='bbox 1938 3422 2167 3456; x_wconf 82' lang='lat' dir='ltr'><strong>deretractarii</strong></span> <span class='ocrx_word' id='word_1_927' title='bbox 2179 3424 2215 3457; x_wconf 90' lang='lat' dir='ltr'><em>F</em></span> <span class='ocrx_word' id='word_1_928' title='bbox 2300 3424 2360 3465; x_wconf 71' lang='grc' dir='ltr'><strong>(ιο)</strong></span> <span class='ocrx_word' id='word_1_929' title='bbox 2383 3434 2441 3466; x_wconf 87' lang='lat' dir='ltr'><strong>pe-</strong></span> 
     </span>
     <span class='ocr_line' id='line_1_141' title="bbox 1359 3467 2119 3509; baseline -0.001 -8"><span class='ocrx_word' id='word_1_930' title='bbox 1359 3467 1492 3501; x_wconf 79' lang='lat' dir='ltr'><strong>rieteF</strong></span> <span class='ocrx_word' id='word_1_931' title='bbox 1575 3471 1638 3509; x_wconf 85' lang='lat'><strong>(20)</strong></span> <span class='ocrx_word' id='word_1_932' title='bbox 1663 3468 1827 3501; x_wconf 79' lang='lat' dir='ltr'><strong>statuitF</strong></span> <span class='ocrx_word' id='word_1_933' title='bbox 1911 3468 1972 3508; x_wconf 73' lang='lat'><strong>(2¹)</strong></span> <span class='ocrx_word' id='word_1_934' title='bbox 1996 3467 2119 3502; x_wconf 73' lang='lat' dir='ltr'><strong>inedd.</strong></span> 
     </span>
    </p>

    <p class='ocr_par' dir='ltr' id='par_1_36' title="bbox 1358 3512 2448 3645">
     <span class='ocr_line' id='line_1_142' title="bbox 1407 3512 2440 3556; baseline 0 -10"><span class='ocrx_word' id='word_1_935' title='bbox 1407 3515 1468 3552; x_wconf 79' lang='grc'><strong>(22)</strong></span> <span class='ocrx_word' id='word_1_936' title='bbox 1495 3512 1574 3545; x_wconf 76' lang='lat' dir='ltr'><strong>Sub.</strong></span> <span class='ocrx_word' id='word_1_937' title='bbox 1590 3520 1673 3552; x_wconf 76' lang='lat' dir='ltr'><strong>i...3;</strong></span> <span class='ocrx_word' id='word_1_938' title='bbox 1692 3513 1775 3556; x_wconf 83' lang='lat' dir='ltr'><strong>Pap.</strong></span> <span class='ocrx_word' id='word_1_939' title='bbox 1791 3513 2021 3550; x_wconf 61' lang='lat' dir='ltr'><strong>4...s.,-Bas.</strong></span> <span class='ocrx_word' id='word_1_940' title='bbox 2031 3515 2085 3555; x_wconf 88' lang='grc'><strong>60,</strong></span> <span class='ocrx_word' id='word_1_941' title='bbox 2095 3520 2197 3547; x_wconf 78' lang='grc'><strong>29.-</strong></span> <span class='ocrx_word' id='word_1_942' title='bbox 2210 3514 2258 3556; x_wconf 83' lang='lat' dir='ltr'><strong>Cf.</strong></span> <span class='ocrx_word' id='word_1_943' title='bbox 2274 3513 2440 3554; x_wconf 79' lang='lat' dir='ltr'><strong>God.9,³2</strong></span> 
     </span>
     <span class='ocr_line' id='line_1_143' title="bbox 1359 3556 2448 3600; baseline 0 -9"><span class='ocrx_word' id='word_1_944' title='bbox 1359 3558 1423 3599; x_wconf 83' lang='grc'><strong>(23)</strong></span> <span class='ocrx_word' id='word_1_945' title='bbox 1446 3567 1601 3600; x_wconf 83' lang='lat' dir='ltr'><strong>praesens</strong></span> <span class='ocrx_word' id='word_1_946' title='bbox 1619 3558 1654 3590; x_wconf 92' lang='lat' dir='ltr'><em>F</em></span> <span class='ocrx_word' id='word_1_947' title='bbox 1785 3559 1846 3599; x_wconf 79' lang='lat'><strong>(24)</strong></span> <span class='ocrx_word' id='word_1_948' title='bbox 1871 3556 1941 3590; x_wconf 78' lang='lat' dir='ltr'><strong>divi</strong></span> <span class='ocrx_word' id='word_1_949' title='bbox 1959 3570 2022 3591; x_wconf 78' lang='lat' dir='ltr'><strong>scr.</strong></span> <span class='ocrx_word' id='word_1_950' title='bbox 2159 3560 2221 3598; x_wconf 79' lang='grc'><strong>(25)</strong></span> <span class='ocrx_word' id='word_1_951' title='bbox 2246 3567 2313 3590; x_wconf 90' lang='lat' dir='ltr'><strong>non</strong></span> <span class='ocrx_word' id='word_1_952' title='bbox 2333 3570 2391 3591; x_wconf 82' lang='lat' dir='ltr'><strong>om.</strong></span> <span class='ocrx_word' id='word_1_953' title='bbox 2413 3556 2448 3591; x_wconf 88' lang='lat' dir='ltr'><em>F</em></span> 
     </span>
     <span class='ocr_line' id='line_1_144' title="bbox 1358 3601 1721 3645; baseline -0.006 -8"><span class='ocrx_word' id='word_1_954' title='bbox 1358 3604 1423 3643; x_wconf 79' lang='grc' dir='ltr'><strong>(2ο)</strong></span> <span class='ocrx_word' id='word_1_955' title='bbox 1446 3601 1676 3645; x_wconf 83' lang='lat' dir='ltr'><strong>subripuentis</strong></span> <span class='ocrx_word' id='word_1_956' title='bbox 1687 3603 1721 3636; x_wconf 91' lang='lat' dir='ltr'><em>F</em></span> 
     </span>
    </p>

    <p class='ocr_par' dir='ltr' id='par_1_37' title="bbox 1356 3647 2440 3735">
     <span class='ocr_line' id='line_1_145' title="bbox 1402 3647 2440 3692; baseline 0 -11"><span class='ocrx_word' id='word_1_957' title='bbox 1402 3649 1466 3689; x_wconf 73' lang='lat'><strong>(27)</strong></span> <span class='ocrx_word' id='word_1_958' title='bbox 1491 3647 1576 3690; x_wconf 84' lang='lat' dir='ltr'><strong>Pap.</strong></span> <span class='ocrx_word' id='word_1_959' title='bbox 1591 3655 1623 3686; x_wconf 72' lang='grc' dir='ltr'><strong>ις</strong></span> <span class='ocrx_word' id='word_1_960' title='bbox 1640 3647 1722 3681; x_wconf 71' lang='lat' dir='ltr'><strong>Sat.</strong></span> <span class='ocrx_word' id='word_1_961' title='bbox 1736 3654 1764 3682; x_wconf 86' lang='lat'><strong>2.</strong></span> <span class='ocrx_word' id='word_1_962' title='bbox 1777 3655 1811 3687; x_wconf 78' lang='lat'><strong>³:</strong></span> <span class='ocrx_word' id='word_1_963' title='bbox 1834 3647 1901 3681; x_wconf 80' lang='lat' dir='ltr'><strong>Ed.</strong></span> <span class='ocrx_word' id='word_1_964' title='bbox 1914 3654 1997 3681; x_wconf 79' lang='grc'><strong>4.-</strong></span> <span class='ocrx_word' id='word_1_965' title='bbox 2010 3647 2093 3681; x_wconf 83' lang='lat' dir='ltr'><strong>Bas.</strong></span> <span class='ocrx_word' id='word_1_966' title='bbox 2107 3649 2161 3688; x_wconf 87' lang='grc'><strong>60,</strong></span> <span class='ocrx_word' id='word_1_967' title='bbox 2174 3654 2274 3681; x_wconf 78' lang='grc'>30.-</span> <span class='ocrx_word' id='word_1_968' title='bbox 2290 3647 2341 3692; x_wconf 65' lang='lat' dir='ltr'><strong>le</strong></span> <span class='ocrx_word' id='word_1_969' title='bbox 2359 3647 2440 3681; x_wconf 83' lang='lat' dir='ltr'><strong>Cod.</strong></span> 
     </span>
     <span class='ocr_line' id='line_1_146' title="bbox 1356 3692 2199 3735; baseline 0.001 -9"><span class='ocrx_word' id='word_1_970' title='bbox 1356 3693 1389 3734; x_wconf 83' lang='lat'><strong>9,</strong></span> <span class='ocrx_word' id='word_1_971' title='bbox 1402 3698 1438 3727; x_wconf 77' lang='lat'><strong>3⁴</strong></span> <span class='ocrx_word' id='word_1_972' title='bbox 1966 3695 2030 3735; x_wconf 81' lang='lat'><strong>(2⁹)</strong></span> <span class='ocrx_word' id='word_1_973' title='bbox 2055 3702 2124 3726; x_wconf 88' lang='lat' dir='ltr'><strong>non</strong></span> <span class='ocrx_word' id='word_1_974' title='bbox 2136 3692 2199 3727; x_wconf 72' lang='lat' dir='ltr'><strong>del.</strong></span> 
     </span>
    </p>
   </div>
   <div class='ocr_carea' id='block_1_22' title="bbox 2132 3332 2449 3420">
    <p class='ocr_par' dir='ltr' id='par_1_38' title="bbox 2132 3332 2449 3420">
     <span class='ocr_line' id='line_1_147' title="bbox 2156 3332 2449 3376; baseline -0.007 -8"><span class='ocrx_word' id='word_1_975' title='bbox 2156 3334 2216 3376; x_wconf 74' lang='lat' dir='ltr'><strong>(is)</strong></span> <span class='ocrx_word' id='word_1_976' title='bbox 2238 3332 2327 3366; x_wconf 86' lang='lat' dir='ltr'><strong>libro</strong></span> <span class='ocrx_word' id='word_1_977' title='bbox 2346 3334 2395 3367; x_wconf 73' lang='lat' dir='ltr'><strong>bis</strong></span> <span class='ocrx_word' id='word_1_978' title='bbox 2413 3333 2449 3366; x_wconf 83' lang='lat' dir='ltr'><em>F</em></span> 
     </span>
     <span class='ocr_line' id='line_1_148' title="bbox 2132 3377 2443 3420; baseline -0.003 -8"><span class='ocrx_word' id='word_1_979' title='bbox 2132 3379 2191 3418; x_wconf 75' lang='grc' dir='ltr'><strong>(ιτ)</strong></span> <span class='ocrx_word' id='word_1_980' title='bbox 2216 3377 2349 3420; x_wconf 86' lang='lat' dir='ltr'><strong>quibus]</strong></span> <span class='ocrx_word' id='word_1_981' title='bbox 2362 3379 2443 3420; x_wconf 86' lang='lat' dir='ltr'><strong>quia</strong></span> 
     </span>
    </p>
   </div>
   <div class='ocr_carea' id='block_1_23' title="bbox 1530 3691 1884 3731">
    <p class='ocr_par' dir='ltr' id='par_1_39' title="bbox 1530 3691 1884 3731">
     <span class='ocr_line' id='line_1_149' title="bbox 1530 3691 1884 3731; baseline 0 -5"><span class='ocrx_word' id='word_1_982' title='bbox 1530 3693 1594 3731; x_wconf 85' lang='grc'><strong>(28)</strong></span> <span class='ocrx_word' id='word_1_983' title='bbox 1619 3691 1836 3727; x_wconf 78' lang='lat' dir='ltr'><strong>stellaonatus</strong></span> <span class='ocrx_word' id='word_1_984' title='bbox 1848 3693 1884 3726; x_wconf 91' lang='lat' dir='ltr'><em>F</em></span> 
     </span>
    </p>
   </div>
   <div class='ocr_carea' id='block_1_24' title="bbox 2521 3470 2528 3579">
    <p class='ocr_par' dir='ltr' id='par_1_40' title="bbox 2521 3470 2528 3579">
     <span class='ocr_line' id='line_1_150' title="bbox 2523 3470 2528 3500; baseline 0 0"><span class='ocrx_word' id='word_1_985' title='bbox 2523 3470 2528 3500; x_wconf 77' lang='lat' dir='ltr'><strong>l</strong></span> 
     </span>
     <span class='ocr_line' id='line_1_151' title="bbox 2521 3538 2528 3579; baseline 0 0"><span class='ocrx_word' id='word_1_986' title='bbox 2521 3538 2528 3579; x_wconf 83' lang='lat' dir='ltr'><strong>i</strong></span> 
     </span>
    </p>
   </div>
   <div class='ocr_carea' id='block_1_25' title="bbox 2518 3583 2528 3702">
    <p class='ocr_par' dir='ltr' id='par_1_41' title="bbox 2518 3583 2528 3702">
     <span class='ocr_line' id='line_1_152' title="bbox 2518 3583 2528 3702; baseline 0 0"><span class='ocrx_word' id='word_1_987' title='bbox 2518 3583 2528 3702; x_wconf 67' lang='lat'>1</span> 
     </span>
    </p>
   </div>
  </div>
 </body>
</html>
