2528 3918
47 169 107 201 DE
134 166 487 199 MAGISTRATIBUS
516 165 851 197 CONVENIENDIS

46 290 112 316 nec
134 278 373 314 nominatores
390 276 661 320 magistratuum
681 286 725 310 ex
743 276 813 310 hac
833 285 944 310 causa
959 275 1133 310 tenebun-

45 329 114 367 tur,
138 322 201 358 sed
224 322 314 357 soli¹
345 321 585 365 magistratus.
619 320 681 356 sed
712 320 743 356 si
775 319 861 355 ordo
893 320 1067 365 receperit
1097 320 1135 355 in

44 380 84 405 se
106 366 312 414 periculum,
344 365 413 401 dici
446 365 550 400 debet
579 365 693 401 teneri
725 375 804 407 eos,
838 365 898 409 qui
929 368 1135 409 praesentes

44 413 205 449 fuerunt:
238 411 339 463 parvi
363 410 457 445 enim
488 411 606 453 refert,
632 410 892 445 nominaverint
915 411 968 445 vel
991 410 1134 445 fideius-

45 458 154 494 serint
177 466 224 491 an
246 467 282 491 111
314 465 353 491 30
383 456 579 500 periculum
602 455 823 500 receperint:
857 455 952 490 utilis
985 466 1067 500 ergo
1099 455 1136 489 in

44 513 105 539 eos
129 501 222 536 actio
256 511 334 535 com
361 500 433 535 etit.
482 500 545 535 sed
576 500 607 535 si
638 510 661 535 a
684 500 950 545 magistratibus
986 500 1135 535 munici-

44 547 183 594 palibus
206 548 305 580 tutor
354 549 435 580 atus
459 545 515 587 sit,
541 555 613 580 non
627 545 769 580 videtur
785 555 850 589 per
866 545 1026 580 ordinem
1046 545 1134 580 elec-

47 596 62 628 1
110 596 179 626 tus.
226 590 352 635 Neque
374 594 521 635 praetor
544 600 659 635 neque
684 590 762 634 quis
787 589 889 631 alius,
926 591 983 624 cui
1007 590 1136 625 tutoris

45 640 64 673 2
111 635 218 671 dandi
240 636 295 670 ius
320 638 384 677 est,
410 635 479 670 hac
512 635 652 670 actione
683 635 872 669 tenebitur.
930 635 967 669 Si
1016 645 1135 670 raeses

43 680 245 728 provinciae
268 680 478 715 denuntiare
499 680 728 725 magistratus
752 683 892 714 tantum
918 680 961 715 de
1000 680 1135 715 aculta-

43 727 138 762 tibus
160 729 321 760 tutorum
344 725 475 767 voluit,
510 729 552 760 ut
573 725 651 770 ipse
675 725 787 767 daret,
812 725 1005 767 videamus,
1031 735 1078 760 an
1103 728 1138 759 et

44 775 218 817 quatenus
243 774 443 805 teneantur.
477 774 513 805 et
544 774 643 805 extat
674 770 742 805 divi
765 770 882 805 Marci
912 770 1136 815 rescriptum,

43 826 112 862 quo
136 815 248 851 voluit
272 825 345 857 eos,
370 815 431 860 qui
453 815 610 868 praesidi
644 815 869 857 renuntiant,
895 826 967 850 non
990 815 1138 860 perinde

43 861 155 897 teneri
189 863 297 905 atque
330 860 361 895 si
394 860 463 905 ipsi
505 860 707 902 dedissent,
744 860 806 895 sed
842 860 872 895 si
907 860 994 895 dece
1022 863 1136 902 erunt,

42 906 155 952 gratia
177 905 271 941 forte
295 908 359 940 aut
380 906 533 950 pecunia
555 905 649 940 falsa
679 905 935 941 renuntiantes.
969 917 993 950 p
1010 915 1077 940 ane
1107 904 1139 940 si

43 961 186 998 praeses
209 950 414 995 provinciae
438 951 524 986 satis
549 961 611 986 eos
635 951 774 996 exigere
797 950 911 992 iussit,
937 961 1010 985 11011
1035 950 1136 985 dubi-

44 1000 63 1032 3
110 996 265 1031 1011111103
299 995 414 1030 1011011
445 1006 527 1038 eos,
560 996 697 1031 etiamsi
727 1005 871 1040 praeses
904 996 1051 1030 dederit.
1100 995 1138 1030 Si

0 1059 1 1062 =
43 1051 186 1087 praeses
222 1041 426 1086 provinciae
461 1041 664 1076 nominibus
710 1041 756 1076 ab
793 1040 862 1075 alio
899 1041 1057 1085 acceptis
1092 1040 1138 1075 ad

0 1122 1 1128 ,
43 1086 271 1131 magistratus
295 1086 526 1131 municipales
550 1086 734 1128 remiserit,
759 1089 800 1120 ut
824 1095 863 1120 se
879 1085 922 1121 de
937 1085 1137 1121 nominibus

42 1132 241 1174 instruant,
266 1134 303 1166 et
325 1131 474 1175 perinde
507 1132 702 1166 instructus
727 1130 864 1166 dederit
894 1135 1049 1166 tutores:
1091 1141 1138 1165 an

43 1176 202 1221 exemplo
245 1186 369 1211 eorum
412 1177 473 1221 qui
514 1180 716 1222 praetorem
757 1176 940 1211 instruunt
985 1176 1140 1211 debeant

43 1221 270 1266 magistratus
301 1222 432 1263 teneri,
466 1222 665 1266 quaeritur:
707 1221 830 1266 utique
863 1221 954 1256 enim
977 1222 1137 1264 interest,

43 1271 162 1303 utrum
184 1266 255 1311 ipsi
277 1267 504 1310 magistratus
527 1267 673 1302 nomina
696 1266 810 1302 electa
842 1266 1004 1301 dederint
1034 1276 1137 1311 prae-

42 1312 110 1349 sidi
133 1322 180 1346 an
205 1321 257 1354 ea,
283 1321 375 1356 quae
398 1312 443 1346 ab
468 1312 538 1347 alio
561 1322 705 1357 praeses
730 1312 880 1356 accepit,
901 1311 1136 1356 inquisierint.

44 1360 79 1393 et
100 1360 189 1402 puto
214 1360 366 1401 utroque
391 1367 478 1392 casu
510 1357 562 1392 sic
594 1357 726 1398 teneri,
753 1357 856 1401 quasi
881 1357 962 1392 dolo
986 1357 1042 1392 vel
1064 1357 1139 1391 lata

43 1405 65 1438 4
111 1402 218 1447 culpa
239 1402 371 1437 versati
395 1405 488 1437 sunt.
529 1401 611 1437 Non
634 1405 776 1437 tantum
791 1401 927 1446 pupilli,
945 1402 1008 1437 sed
1033 1402 1139 1437 etiam

43 1450 63 1483 5
110 1457 338 1482 successores
363 1457 485 1482 eorum
516 1447 730 1482 subsidiaria
765 1457 868 1492 agere
891 1450 1054 1491 possunt.
1102 1446 1140 1482 Si

43 1496 227 1528 curatores
257 1492 404 1527 fuerunt
442 1492 558 1527 minus
589 1492 709 1528 idonei
740 1492 832 1535 dati,
865 1492 1054 1527 dicendum
1086 1496 1140 1527 est

42 1537 156 1573 teneri
186 1547 245 1571 ma
270 1537 414 1573 ‘stratus
446 1541 629 1582 oportere,
662 1538 693 1573 si
728 1548 773 1573 ex
809 1547 851 1573 su
875 1541 977 1582 gestu
1017 1548 1140 1573 eorum

42 1583 98 1618 vel
119 1549 321 1618 nominiffilus
346 1583 391 1617 ab
417 1583 467 1618 eis
492 1583 649 1628 acceptis
673 1593 819 1628 praeses
871 1583 991 1618 ederit.
1017 1582 1080 1617 sed
1105 1586 1141 1617 et

43 1628 74 1664 si
97 1628 143 1663 ad
167 1638 228 1663 eos
251 1627 442 1670 remiserit,
475 1631 517 1663 ut
546 1628 615 1673 ipsi
648 1628 735 1663 dent
765 1628 820 1663 vel
851 1632 934 1672 post
959 1627 1140 1663 dationem

42 1676 83 1708 ut
106 1673 286 1718 exigerent
310 1673 590 1716 satisdationem,
614 1673 812 1718 periculum
827 1673 874 1708 ad
898 1683 959 1708 eos
982 1673 1138 1718 pertine-

43 1721 64 1753 6
110 1718 174 1753 1111.
230 1718 499 1762 Magistratibus
533 1719 730 1764 imputatur
765 1718 871 1753 etiam
884 1745 893 1760 ‚
929 1718 960 1753 si
996 1718 1138 1753 omnino

43 1766 140 1799 tutor
161 1763 217 1798 vel
242 1766 386 1798 curator
418 1763 523 1799 datus
556 1775 629 1799 non
662 1764 725 1799 sit:
760 1764 823 1799 sed
846 1764 898 1798 ita
922 1763 1062 1798 demum
1086 1767 1139 1797 te-

42 1812 183 1851 nentur,
209 1808 239 1843 si
262 1808 387 1843 moniti
410 1819 482 1843 non
507 1809 677 1844 dederint.
711 1809 791 1844 ideo
825 1808 1012 1851 damnum,
1046 1808 1141 1854 quod

40 1853 244 1901 impuberes
259 1853 314 1888 vel
338 1853 585 1889 adulescentes
604 1854 719 1889 medio
736 1858 897 1900 tempore
916 1854 1019 1906 passi
1044 1857 1139 1895 sunt,

43 1899 89 1934 ad
123 1909 184 1934 eos
224 1898 453 1943 magistratus
495 1900 673 1943 pertinere
714 1910 788 1934 non
831 1899 926 1934 amb1
951 1899 1043 1942 'tur,
1080 1899 1141 1944 qui

43 1947 61 1978 7
109 1944 279 1979 1110110102
294 1944 463 1979 mandato
480 1955 552 1980 non
568 1948 776 1989 paruerunt.
814 1944 919 1979 Scien
945 1955 1006 1979 um
1021 1948 1141 1979 autem

43 1993 115 2031 est,
147 1989 178 2024 si
209 1988 437 2041 magistratus
468 1990 701 2034 municipales
734 1990 820 2024 data
852 1999 963 2034 opera
992 1989 1141 2024 tutelam

44 2034 245 2070 distulerint
274 2045 313 2069 111
344 2044 571 2070 successores
607 2046 692 2071 suos
723 2035 779 2070 vel
810 2035 841 2070 si
872 2034 1141 2070 satisdationem

43 2079 128 2115 data
163 2089 273 2124 opera
306 2080 482 2114 traxerint
515 2080 635 2125 quoad
677 2090 904 2115 successores
947 2079 1140 2125 accipiant,

44 2127 63 2160 8
109 2124 199 2159 nihil
234 2124 283 2159 eis
318 2125 498 2169 prodesse.
565 2125 678 2160 Divus
710 2124 916 2160 Hadrianus
958 2125 1142 2170 rescripsit

43 2170 150 2205 etiam
171 2170 209 2204 in
234 2179 325 2211 eum,
350 2170 411 2214 qui
435 2170 569 2205 electus
586 2174 640 2206 est
656 2170 702 2205 ad
719 2170 960 2206 aestimandas
980 2174 1141 2205 tutorum

43 2217 64 2250 9
111 2214 374 2257 satisdationes,
399 2215 576 2251 actionem
591 2215 756 2262 dandam.
793 2215 831 2250 Si
846 2216 939 2250 inter
954 2215 1140 2260 magistra-

42 2264 101 2296 tus
125 2260 195 2295 hoc
221 2260 435 2302 convenerit,
459 2264 501 2295 ut
524 2261 670 2296 alterius
695 2264 836 2296 tantum
859 2260 1018 2305 periculo
1044 2263 1140 2295 tuto-

43 2315 100 2341 res
125 2305 313 2347 darentur,
340 2306 590 2341 conventiones
621 2306 757 2351 pupillo
790 2316 863 2341 non
893 2305 1142 2350 praeiudicare

44 2350 143 2386 divus
167 2350 372 2385 Hadrianus
396 2351 595 2396 rescripsit:
630 2351 864 2386 conventione
896 2351 990 2386 enim
1014 2350 1140 2385 1100111-

43 2395 198 2431 virorum
221 2395 277 2430 ius
300 2396 483 2440 publicum
499 2396 630 2431 mutari
653 2407 725 2431 non
742 2399 871 2441 potest.
905 2396 1005 2440 prius
1021 2400 1142 2431 tamen

44 2441 198 2476 arbitror
222 2441 502 2476 conveniendum
526 2452 617 2484 eum,
642 2442 703 2486 qui
725 2442 795 2476 hoc
819 2442 988 2487 suscepit,
1015 2441 1142 2476 deinde

45 2486 203 2521 excussis
225 2485 459 2521 facultatibus
485 2487 584 2522 eius3
608 2489 695 2521 tunc
718 2487 931 2522 veniendum
962 2486 1009 2521 ad
1034 2487 1140 2522 colle-

43 2541 143 2576 gam,
181 2530 498 2576 quemadmodum,
534 2531 564 2567 si
597 2532 695 2567 solus
732 2531 905 2573 dedisset,
943 2531 1140 2567 diceremus

47 2579 88 2611 10
134 2575 234 2621 prius
266 2586 364 2618 eum,
399 2577 525 2612 deinde
557 2577 729 2621 collegam
760 2577 1047 2622 adgrediendum.
1105 2576 1143 2612 Si

44 2621 187 2666 quando
213 2621 330 2656 desint
353 2622 391 2656 in
408 2622 561 2664 civitate,
579 2633 624 2657 ex
644 2632 715 2667 qua
738 2622 864 2667 pupilli
881 2622 1023 2657 oriundi
1046 2625 1141 2664 sunt,

44 2666 105 2712 qui
134 2666 254 2701 idonei
286 2666 491 2709 videantur,
518 2667 676 2702 officium
700 2671 755 2702 est
784 2667 1058 2712 magistratuum
1081 2677 1141 2702 ex-

45 2711 184 2757 quirere
207 2721 252 2746 ex
274 2711 398 2747 vicinis
422 2713 625 2747 civitatibus
655 2712 944 2748 honestissimum
968 2722 1143 2757 quemque

46 2759 82 2792 et
110 2757 256 2792 nomina
286 2757 509 2802 praesidibus
539 2757 744 2802 provinciae
774 2758 924 2798 mittere,
950 2768 1022 2792 non
1044 2757 1142 2802 ipsos

48 2804 86 2837 11
135 2802 321 2837 arbitrium
346 2802 456 2837 dandi
487 2803 555 2838 sibi
585 2802 776 2838 vindicare.
849 2802 886 2837 Si
910 2804 1142 2847 magistratus

46 2846 91 2882 ab
115 2847 215 2882 initio
239 2850 395 2883 tutorem
425 2847 594 2883 idoneum
624 2847 723 2883 dedit
747 2851 783 2883 et
806 2848 892 2883 satis
917 2858 990 2882 non
1014 2848 1141 2892 exegit,

47 2902 118 2926 non
142 2891 293 2927 sufficit:
328 2892 423 2937 quod
446 2893 476 2928 si
500 2893 588 2928 satis
613 2893 728 2938 exegit
748 2897 784 2928 et
799 2892 967 2927 idoneum
992 2893 1107 2937 exegit
1116 2893 1141 2934 ⁴,

70 2937 205 2972 uamvis
244 2941 371 2982 postea
402 2937 634 2973 facultatibus
670 2938 764 2983 lapsi
804 2938 875 2973 sint
913 2941 1050 2972 tutores
1088 2938 1143 2972 vel

74 2981 290 3024 deiussores‚
323 2983 410 3018 nihil
441 2987 514 3025 est,
549 2983 644 3028 quod
668 2983 700 3018 ei
724 2983 785 3028 qui
809 2982 905 3018 dedit
928 2983 1140 3027 imputetur:

47 3037 119 3062 non
144 3027 237 3062 enim
262 3028 392 3063 debent
415 3029 644 3073 magistratus
668 3028 810 3064 futuros
836 3038 942 3063 casus
969 3031 1003 3062 et
1025 3027 1141 3063 fortu-

51 3074 91 3106 12
138 3083 221 3107 nam
244 3073 378 3117 pupillo
402 3077 596 3118 praestare.
645 3073 716 3109 Sed
740 3077 776 3109 et
799 3073 830 3108 si
853 3073 939 3108 satis
963 3083 1036 3108 non
1061 3082 1142 3108 exe-

48 3116 115 3161 git,
145 3117 296 3153 idoneus
327 3121 447 3153 tamen
470 3122 570 3154 tutor
600 3129 641 3154 eo
665 3123 826 3164 tempore
848 3118 926 3160 fuit,
953 3129 1023 3163 quo
1047 3121 1142 3153 tute-

51 3164 91 3196 13
124 3162 195 3213 *lae
227 3162 284 3207 agi
317 3166 455 3208 potest,
493 3163 637 3199 sufficit.
703 3164 875 3199 Probatio
911 3168 1030 3198 autem
1070 3174 1143 3198 non

48 3207 181 3285 pupillo
205 3208 389 3251 incumbit,
413 3212 454 3243 ut
478 3208 606 3244 doceat
629 3208 856 3244 fideiussores
877 3208 1045 3244 solvendo
1071 3218 1143 3243 non

64 3262 158 3287 01330
182 3263 263 3288 00111
286 3253 543 3298 acciperentur,
569 3254 632 3290 sed
655 3264 712 3289 ma
738 3254 938 3296 stratibus,
971 3257 1013 3288 ut
1036 3253 1141 3288 doce-

53 3298 93 3330 14
146 3301 208 3332 ant
239 3308 299 3333 eos
335 3298 504 3334 solvendo
538 3299 660 3335 fuisse.
739 3299 932 3343 rivilegium
962 3299 1000 3333 in
1038 3298 1142 3333 bonis

50 3342 277 3386 magistratus
311 3343 467 3388 pupillus
503 3355 575 3379 non
616 3344 748 3386 habet,
792 3344 855 3379 sed
898 3354 979 3378 cum
1015 3344 1142 3378 ceteris

53 3388 92 3420 15
140 3387 374 3423 creditoribus
391 3393 530 3433 partem
545 3389 733 3425 habiturus
750 3392 813 3424 est.
854 3389 1007 3433 Exigere
1024 3392 1144 3423 autem

52 3432 251 3467 cautionem
275 3434 501 3477 magistratus
534 3434 586 3469 sic
618 3437 777 3479 oportet,
809 3437 849 3468 ut
873 3434 997 3478 pupilli
1021 3444 1142 3469 servus

51 3480 114 3510 aut
136 3477 212 3528 ipse
234 3478 409 3522 pupillus,
442 3479 473 3514 si
506 3478 576 3514 fari
599 3482 718 3524 potest
741 3482 777 3513 et
798 3479 836 3513 in
859 3479 1142 3523 praesentiarum

52 3523 116 3562 est,
142 3522 330 3566 stipuletur
353 3533 374 3558 a
397 3524 585 3566 tutoribus,
620 3525 704 3559 item
727 3523 996 3559 fideiussoribus
1021 3534 1143 3558 eorum

52 3574 126 3600 rem
156 3567 288 3601 salvam
318 3567 414 3603 fore:
456 3573 536 3611 aut,
571 3569 602 3604 si
631 3580 734 3604 nemo
767 3573 821 3604 est
845 3569 905 3613 qui
940 3569 1142 3613 stipuletur,

53 3618 172 3645 servus
197 3612 361 3655 publicus
393 3613 557 3657 stipulari
580 3614 685 3649 debet
716 3624 791 3649 rem
815 3615 950 3649 salvam
972 3614 1051 3649 fore
1075 3624 1141 3658 pu-

56 3722 95 3763 (1)
127 3723 193 3755 doli
208 3725 242 3756 F
358 3726 401 3766 (2)
434 3725 588 3758 iniuncto
601 3727 660 3759 ins.

786 3728 828 3769 (3)
861 3726 983 3759 deinde
997 3727 1148 3759 excussis

55 3765 270 3801 facultatibus
282 3770 354 3802 eius
368 3771 430 3803 del.

531 3773 572 3809 (4)
598 3771 701 3812 elegit
714 3773 787 3804 dett.
802 3773 933 3813 quidam
1027 3773 1069 3812 (5)
1096 3775 1148 3803 tu-

1125 150 1213 197 367

2075 153 2242 196 XXVII
2275 156 2298 196 8

1207 278 1248 310 16
1294 275 1392 320 pillo,
1417 277 1480 310 aut
1504 279 1599 309 certe
1622 275 1698 319 ipse
1722 275 1959 319 magistratus.
2007 275 2118 310 Plane
2142 275 2203 310 ubi
2227 285 2300 310 ser-

1204 330 1267 355 vus
1291 321 1456 365 publicus
1473 319 1527 354 vel
1550 319 1627 364 ipse
1643 320 1871 363 magistratus
1892 322 1936 356 sti
1964 320 2093 363 ulatur,
2112 320 2301 356 dicendum

1208 368 1246 399 17
1295 369 1351 400 031
1391 365 1514 400 01110111
1548 364 1724 399 actionem
1756 366 1892 409 pupillo
1950 366 2090 401 andam.
2138 365 2176 401 Si
2208 365 2302 400 filius

1204 409 1357 445 familias
1380 410 1449 445 fuit
1472 409 1700 461 magistratus
1735 414 1770 443 et
1802 410 1918 444 caveri
1942 422 1989 455 pu
2017 411 2076 446 illo
2101 421 2172 446 11011
2197 420 2302 445 cura·

1204 455 1295 490 verit
1331 459 1395 490 aut
1429 465 1503 490 non
1537 454 1665 489 1donee
1690 458 1834 488 cautum
1870 456 1916 489 sit
1949 467 1991 490 00
2006 467 2053 500 pa
2084 456 2170 498 eius,
2196 465 2243 490 an
2267 458 2303 490 et

1206 503 1382 544 quatenus
1413 500 1451 534 in
1481 503 1619 544 patrem
1653 498 1728 533 eius
1763 500 1856 534 actio
1883 499 2001 534 danda
2025 501 2081 543 sit,
2131 501 2301 536 uaeritur.

1206 548 1242 579 et
1273 545 1324 579 ait
1354 545 1515 579 Iulianus
1546 544 1583 579 in
1614 548 1753 589 patrem
1785 544 1828 578 de
1859 546 1997 588 peculio
2031 546 2100 580 dan
2128 557 2204 588 am,
2230 545 2304 581 sive

1205 590 1389 625 voluntate
1414 590 1489 625 eius
1513 589 1608 624 filius
1633 589 1776 624 decurio
1801 588 1920 624 factus
1945 591 1992 624 sit
2007 590 2080 625 sive
2104 602 2194 626 non:
2220 601 2303 625 nam

1207 639 1242 669 et
1267 635 1297 669 si
1320 635 1505 670 voluntate
1526 634 1639 679 patris
1663 634 1909 678 magistratum
1941 635 2215 679 administravit,
2247 639 2302 670 at-

1206 683 1326 714 tamen
1356 690 1428 714 non
1461 683 1626 725 oportere
1657 683 1794 724 patrem
1825 679 1920 714 ultra
1951 690 2057 724 quam
2089 681 2132 715 de
2163 681 2302 725 peculio

1208 725 1397 766 conveniri,
1423 725 1526 769 quasi
1549 735 1624 759 rem
1639 724 1820 769 publicam
1837 725 1971 759 salvam
1987 725 2099 760 solam
2118 725 2196 760 fore
2220 736 2302 770 pro·

1206 770 1334 811 mittat,
1361 769 1422 815 qui
1446 769 1509 803 dat
1530 770 1768 811 voluntatem,
1792 772 1833 804 ut
1862 769 1956 804 filius
1981 770 2125 805 decurio
2151 775 2301 805 creetur.

1253 812 1278 851 2
1303 814 1411 849 IDEM
1437 814 1527 850 libro
1560 815 1665 849 tertio
1697 814 1983 860 disputationum
2028 814 2303 860 Proponebatur

1207 860 1296 895 duos
1338 863 1477 894 tutores
1520 869 1543 894 a
1576 859 1843 904 magistratibus
1885 859 2157 904 municipalibus
2200 860 2303 896 datos

1208 905 1374 940 cautione
1397 915 1469 939 11011
1494 908 1631 946 exacta,
1658 915 1809 949 quorum
1840 904 1992 939 alterum
2016 905 2156 949 inopem
2180 905 2303 940 deces-

1207 950 1314 993 sisse,
1346 950 1497 985 alterum
1533 949 1571 983 in
1605 949 1756 984 solidum
1800 952 2012 984 conventum
2050 950 2138 985 satis
2169 950 2303 995 pupillo

1205 995 1346 1038 fecisse,
1372 998 1407 1029 et
1430 994 1681 1039 quaerebatur,
1706 1004 1754 1029 an
1776 998 1874 1030 tutor
1897 995 1965 1030 iste
1981 994 2150 1030 adversus
2174 995 2303 1039 magis-

1206 1044 1341 1075 tratum
1370 1039 1622 1084 municipalem
1655 1039 1788 1075 habere
1811 1040 1926 1084 possit
1943 1040 2099 1085 aliquam
2116 1040 2304 1082 actionem,

1208 1096 1289 1120 cum
1313 1085 1422 1121 sciret
1445 1095 1468 1119 a
1492 1087 1681 1120 contutore
1704 1095 1769 1119 suo
1795 1085 1882 1120 satis
1914 1095 1987 1120 non
2019 1095 2096 1120 esse
2128 1090 2303 1120 exactum.

1208 1130 1381 1172 dicebam,
1407 1141 1488 1165 cum
1513 1140 1535 1164 a
1557 1133 1678 1164 tutore
1701 1130 1788 1165 satis
1812 1130 1947 1175 pupillo
1964 1130 2102 1165 factum
2118 1130 2174 1170 sit,
2192 1140 2307 1175 neque

1207 1176 1382 1221 pupillum
1406 1175 1453 1210 ad
1476 1175 1706 1220 magistratus
1730 1175 1847 1210 redire
1871 1185 1978 1220 posse
2001 1185 2115 1220 neque
2138 1178 2305 1217 tutorem,

1209 1232 1289 1256 cum
1324 1230 1519 1266 numquam
1561 1223 1661 1255 tutor
1706 1220 1875 1255 adversus
1910 1220 2139 1265 magistratus
2174 1220 2308 1255 habeat

1209 1266 1403 1301 actionem:
1439 1268 1586 1301 senatus
1611 1265 1705 1300 enim
1729 1266 1932 1300 consultum
1963 1266 2098 1310 pupillo
2123 1265 2305 1300 subvenit:

1207 1311 1418 1357 praesertim
1435 1321 1517 1346 cum
1532 1310 1588 1353 sit,
1607 1310 1703 1356 quod
1718 1311 1854 1346 tutori⁵
1876 1311 2082 1355 imputetur,
2099 1310 2196 1355 quod
2219 1310 2307 1345 satis

1209 1367 1231 1391 a
1256 1360 1444 1392 contutore
1475 1366 1548 1391 non
1580 1356 1696 1401 exegit
1725 1356 1781 1391 vel
1813 1360 2020 1401 suspectum
2050 1366 2124 1390 non
2153 1355 2251 1397 fecit,
2277 1355 2307 1390 si

1209 1402 1286 1444 3011,
1311 1406 1352 1436 01
1374 1401 1597 1447 proponitur,
1622 1401 1888 1445 magistratibus
1914 1411 1994 1436 eum
2018 1411 2091 1436 non
2117 1401 2263 1436 cavisse.

1255 1444 1278 1484 3
1305 1446 1499 1482 IULIANUS
1520 1446 1612 1482 libro
1631 1447 1797 1481 vicesimo
1807 1448 1931 1492 primo
1949 1447 2170 1492 diqestorum
2204 1445 2308 1490 Quod

1208 1492 1239 1527 si
1262 1495 1361 1527 tutor
1384 1492 1430 1527 ab
1454 1492 1525 1526 hac
1548 1495 1652 1536 parte
1676 1492 1783 1536 culpa
1807 1495 1920 1534 vacet,
1945 1502 2017 1526 non
2050 1491 2117 1526 erit
2147 1490 2307 1536 iniquum

1208 1537 1378 1572 adversus
1402 1537 1632 1582 magistratus
1657 1537 1833 1572 actionem
1858 1537 1890 1572 ei
1916 1536 2003 1571 dari.

1255 1581 1280 1619 4
1314 1582 1509 1618 ULPIANUS
1530 1582 1620 1617 libro
1646 1583 1750 1617 tertio
1775 1582 2059 1627 disputationum
2105 1580 2188 1616 Non
2211 1580 2306 1616 311111-

1207 1628 1289 1663 11101
1312 1631 1479 1663 1011011101
1498 1627 1647 1662 heredes
1666 1627 1947 1671 magistratuum,
1965 1630 2006 1661 ut
2028 1626 2098 1671 ipsi
2121 1629 2306 1661 tenentur:

1208 1684 1292 1708 nam
1323 1684 1391 1708 1100
1422 1673 1526 1707 110103
1558 1672 1688 1707 1010113
1720 1672 1963 1717 neglegentiae
1987 1671 2130 1707 nomine
2153 1674 2306 1706 tenetur.

1208 1729 1291 1753 nam
1315 1718 1544 1763 magistratus
1570 1717 1712 1762 quidem
1735 1717 1772 1752 in
1789 1728 1894 1752 omne
1917 1717 2117 1762 periculum
2134 1716 2307 1760 succedit,

1208 1764 1311 1799 heres
1335 1763 1448 1808 ipsius
1474 1762 1555 1798 dolo
1580 1763 1764 1807 proximae
1789 1762 1917 1807 culpae
1941 1762 2186 1797 succedaneus
2212 1765 2276 1796 est.

1255 1807 1279 1844 5
1305 1808 1498 1843 IULIANUS
1519 1808 1609 1843 libro
1626 1808 1791 1843 vicesimo
1807 1808 1933 1853 primo
1958 1807 2179 1853 diyestorum
2226 1807 2307 1842 Duo

1208 1857 1347 1889 tutores
1371 1853 1494 1898 partiti
1517 1856 1602 1888 sunt
1624 1853 1718 1887 inter
1741 1863 1779 1888 se
1796 1852 2140 1887 administrationem
2155 1851 2307 1886 tutelae:

1209 1899 1300 1934 alter
1323 1899 1400 1934 sine
1422 1898 1555 1933 herede
1580 1898 1751 1933 decessit:
1785 1898 1986 1942 quaesitum
2020 1901 2092 1939 est,
2118 1897 2156 1931 in
2178 1897 2308 1941 magis-

1208 1948 1362 1986 tratum,
1399 1944 1459 1988 qui
1483 1954 1554 1978 non
1580 1946 1742 1978 curasset
1764 1947 1806 1977 ut
1827 1946 2022 1985 caveretur,
2039 1953 2085 1977 an
2105 1942 2143 1976 in
2159 1942 2309 1977 alterum

1208 1993 1364 2025 tutorem
1388 1988 1482 2024 actio
1507 1988 1641 2033 pupillo
1667 1988 1746 2023 dari
1770 1988 1925 2023 deberet.
1960 1987 2130 2032 respondi
2161 1986 2310 2032 aequius

1210 2045 1288 2069 esse
1311 2034 1349 2069 in
1373 2034 1524 2069 alterum
1547 2037 1703 2069 tutorem
1727 2033 1804 2068 dari
1836 2044 1943 2078 quam
1973 2033 2012 2068 in
2044 2033 2308 2077 magistratum:

1210 2080 1376 2115 debuisse
1409 2079 1502 2114 enim
1536 2089 1634 2120 eum,
1661 2089 1742 2114 cum
1774 2078 1883 2113 sciret
1905 2078 2040 2123 pupillo
2067 2081 2213 2112 cautum
2237 2087 2311 2112 11011

1210 2135 1299 2166 esse,
1323 2124 1490 2159 universa
1514 2124 1656 2168 negotia
1689 2133 1831 2165 curare,
1866 2127 1901 2158 et
1931 2124 1968 2158 in
1993 2133 2035 2158 ea
2058 2126 2172 2168 parte,
2222 2133 2308 2157 uam

1210 2170 1312 2205 alteri
1335 2169 1446 2204 tutori
1471 2169 1713 2211 commisisset,
1739 2169 1887 2204 similem
1911 2179 1990 2204 esse
2014 2168 2066 2211 ei,
2092 2168 2153 2213 qui
2176 2178 2198 2202 a
2246 2167 2309 2202 ad-

1209 2215 1504 2250 ministrationem
1543 2214 1767 2259 quorundam
1805 2214 2028 2259 negotiorum
2069 2213 2195 2258 pupilli
2237 2223 2310 2248 non

1210 2260 1443 2295 accessisset:
1477 2269 1561 2294 nam
1585 2259 1652 2294 etsi
1676 2259 1831 2303 aliquam
1847 2263 1986 2304 partem
2003 2259 2224 2303 negotiorum
2242 2269 2309 2302 pu-

1209 2305 1286 2350 pilli
1309 2304 1617 2347 administraverit,
1643 2308 1786 2339 tenetur
1809 2306 1917 2339 etiam
1936 2305 1981 2339 ob
2000 2314 2086 2346 rem,
2104 2313 2211 2348 quam
2236 2313 2309 2338 non

1209 2351 1330 2396 gessit,
1356 2361 1438 2386 cum
1460 2360 1583 2394 gerere
1607 2349 1762 2384 deberet.

1257 2394 1282 2433 6
1315 2395 1511 2432 ULPIANUS
1542 2395 1632 2430 libro
1662 2396 1785 2441 primo
1822 2394 1872 2429 ad
1905 2394 2057 2429 edictum
2124 2392 2227 2437 Quod
2262 2392 2310 2427 ad

1210 2440 1376 2476 heredem
1399 2440 1631 2485 magistratus
1655 2440 1820 2485 pertinet,
1847 2442 1965 2474 exstat
1989 2438 2060 2473 divi
2076 2438 2132 2473 Pii
2155 2437 2308 2482 rescrip-

1210 2490 1287 2521 tum
1302 2496 1414 2521 causa
1431 2486 1574 2530 cognita
1598 2485 1727 2520 debere
1745 2484 1823 2519 dari
1846 2484 2040 2519 actionem:
2073 2493 2155 2517 nam
2179 2483 2308 2527 magis-

1211 2535 1328 2566 tratus
1353 2531 1384 2566 si
1406 2534 1510 2566 tanta
1533 2530 1603 2565 fuit
1629 2530 1863 2575 neglegentia,
1884 2533 1925 2563 ut
1949 2539 2088 2564 omnem
2106 2529 2310 2563 cautionem

1211 2577 1399 2618 omitteret,
1425 2587 1579 2621 aequum
1612 2579 1666 2610 est
1696 2575 1820 2610 haberi
1853 2585 1932 2609 eum
1964 2574 2044 2609 loco
2077 2573 2308 2616 fideiussoris,

1211 2626 1252 2657 ut
1275 2626 1311 2657 et
1333 2622 1438 2657 heres
1463 2621 1538 2656 eius
1562 2624 1746 2655 teneatur:
1778 2620 1808 2655 si
1831 2630 1913 2654 vero
1940 2619 2033 2654 cavit
2057 2622 2094 2653 et
2116 2622 2205 2653 tunc
2229 2618 2307 2653 ido-

1211 2667 1269 2702 nei
1291 2667 1438 2702 fuerunt
1470 2670 1506 2701 et
1529 2669 1656 2711 postea
1680 2665 1870 2707 desierunt,
1904 2664 1997 2699 sicut
2021 2666 2057 2699 et
2078 2663 2156 2708 ipse
2179 2663 2308 2708 magis-

1211 2715 1327 2747 tratus
1359 2712 1470 2757 probe
1503 2715 1687 2746 recusaret
1708 2711 1803 2745 hanc
1826 2710 2022 2751 actionem,
2053 2709 2106 2743 ita
2137 2711 2174 2744 et
2204 2709 2309 2744 heres

1211 2758 1322 2792 multo
1353 2757 1493 2792 iustius.
1534 2756 1724 2791 novissime
1754 2766 1827 2790 non
1859 2755 1947 2789 alias
1979 2754 2030 2788 ait
2066 2753 2104 2788 in
2142 2754 2310 2789 heredem

1211 2803 1389 2838 actionem
1413 2801 1579 2844 dandam,
1605 2811 1711 2846 quam
1733 2800 1764 2835 si
1781 2799 1961 2835 evidenter
1976 2799 2206 2844 magistratus
2228 2810 2310 2834 cum

1210 2848 1326 2882 minus
1351 2847 1488 2882 idoneis
1512 2845 1782 2882 fideiussoribus
1808 2845 2035 2880 contrahunt.

1259 2890 1281 2928 7
1311 2891 1457 2928 Casas
1476 2892 1567 2927 libro
1591 2891 1780 2926 undecimo
1805 2890 2027 2936 diqestorum
2062 2889 2105 2924 In
2121 2889 2308 2934 magistra·

1209 2941 1269 2972 tus
1302 2937 1363 2982 qui
1394 2940 1552 2972 tutorem
1585 2936 1760 2971 dederunt
1782 2946 1866 2980 rogo
1898 2935 2075 2970 rescribas
2099 2937 2219 2969 utrum
2242 2944 2308 2979 pro

1210 2982 1301 3018 virili
1324 2982 1489 3026 portione
1520 2981 1613 3016 actio
1647 2980 1766 3016 danda
1796 2980 1860 3022 sit,
1886 2990 1933 3015 an
1957 2980 2053 3024 optio
2078 2979 2125 3014 sit
2149 2980 2224 3015 eius
2249 2980 2309 3024 qui

1212 3039 1260 3072 pu
1286 3028 1367 3062 illus
1391 3026 1471 3069 fuit,
1490 3037 1571 3061 cum
1594 3036 1663 3070 quo
1687 3025 1912 3070 potissimum
1931 3028 2025 3070 agat.
2051 3025 2253 3069 respondit:
2280 3034 2309 3059 31

1212 3073 1256 3108 do
1273 3083 1292 3108 0
1317 3072 1482 3107 fecerunt
1505 3071 1746 3115 magistratus,
1768 3074 1810 3105 ut
1826 3070 1943 3105 minus
1960 3070 2095 3115 pupillo
2113 3072 2308 3111 caveretur,

1210 3118 1249 3153 in
1273 3128 1376 3162 quem
1400 3117 1476 3151 vult
1492 3117 1586 3151 actio
1605 3117 1637 3151 ei
1654 3116 1773 3151 danda
1795 3116 1834 3150 in
1850 3116 2002 3151 solidum
2017 3119 2089 3150 est:
2124 3115 2179 3150 sin
2203 3114 2309 3158 culpa

1212 3163 1400 3198 dumtaxat
1442 3172 1564 3197 eorum
1598 3171 1714 3206 neque
1749 3161 1830 3196 dolo
1866 3161 1959 3196 malo
1999 3160 2036 3195 id
2070 3159 2206 3194 factum
2242 3162 2307 3200 est,

1212 3208 1360 3259 aequius
1386 3217 1464 3242 esse
1488 3206 1650 3242 existimo
1674 3217 1739 3251 pro
1763 3206 1927 3251 portione
1943 3206 1981 3240 in
1998 3214 2171 3250 quemque
2187 3214 2309 3238 eorum

1213 3257 1390 3288 actlonem
1415 3251 1502 3293 dari,
1530 3251 1613 3286 dum
1637 3251 1772 3296 pupillo
1798 3251 1896 3286 salva
1919 3261 1976 3286 res
2001 3251 2057 3285 sit.

1260 3295 1283 3335 8
1309 3297 1564 3332 MODESTJNUS
1584 3297 1675 3333 libro
1699 3300 1803 3332 sexto
1828 3306 2085 3342 responsorum
2116 3293 2307 3337 Magistra-

1211 3346 1270 3378 tus
1287 3353 1309 3377 a
1327 3341 1552 3376 curatoribus
1569 3341 1681 3376 adulti
1697 3341 1899 3377 cautionem
1909 3342 1923 3362 ⁶
1940 3342 2131 3383 exegerunt
2146 3349 2221 3372 rem
2237 3337 2307 3371 sal-

1212 3398 1292 3422 vam
1308 3387 1402 3422 fore:
1429 3396 1473 3421 ex
1488 3387 1543 3421 his
1559 3387 1648 3422 alter
1665 3387 1741 3422 sine
1759 3386 1891 3421 herede
1907 3385 2074 3420 decessit:
2101 3393 2242 3427 quaero,
2261 3392 2308 3416 an

1211 3432 1480 3467 indemnitatem
1497 3432 1535 3466 in
1552 3432 1703 3467 solidum
1720 3432 1855 3476 collega
1871 3431 1946 3465 eius
1966 3433 2149 3474 praestare
2167 3427 2306 3461 debeat.

1211 3477 1436 3512 Modestinus
1453 3477 1636 3521 respondit
1659 3477 1746 3511 nihil
1771 3476 1933 3521 proponi,
1959 3485 2023 3509 cur
2046 3484 2118 3508 non
2144 3472 2283 3506 debeat.

1259 3520 1283 3559 9
1308 3522 1416 3556 IDEM
1435 3521 1527 3557 libro
1545 3526 1675 3567 quarto
1692 3522 1959 3568 pandectarum
1990 3519 2055 3569 An·
2064 3518 2100 3552 in
2121 3517 2306 3561 magistra-

1211 3570 1269 3602 tus
1303 3567 1445 3602 actione
1477 3566 1562 3602 data
1594 3578 1675 3602 cum
1707 3566 1823 3601 usuris
1859 3575 1936 3600 sors
1968 3564 2058 3607 exigi
2090 3562 2235 3613 debeat,
2260 3570 2306 3595 an

1212 3622 1293 3647 vero
1320 3622 1451 3647 usurae
1474 3613 1548 3656 peti
1572 3623 1644 3648 non
1676 3611 1834 3657 possint,
1860 3608 2027 3654 quoniam
2052 3607 2306 3642 constitutum⁷

1218 3727 1272 3758 tor
1285 3725 1320 3758 F
1710 3726 1751 3765 (Ἰ)
1777 3722 2036 3754 constitututum
2054 3719 2089 3752 F

1405 3725 1448 3765 (6)
1473 3736 1541 3757 11011
1556 3727 1614 3759 ins.
