2528 3918
123 106 184 156 'nn
212 122 318 155 sos.
348 122 469 155 ross.
501 122 680 155 coum
706 122 807 154 mn.

120 233 392 270 admittendum:
423 233 629 280 deportatos
660 233 752 269 enim
782 235 1004 269 mortuorum
1033 233 1114 270 loco
1137 234 1203 270 ha-

121 283 142 315 9
189 278 334 316 bendos.
390 278 428 315 Si
457 285 493 316 et
522 284 626 325 pater
654 283 690 315 et
719 278 814 314 filius
849 278 1027 323 deportati
1059 279 1134 315 sint
1167 283 1204 315 et

120 324 224 361 ambo
240 323 408 369 restituti,
428 323 647 371 dicemusad
665 324 842 360 bonorum
859 324 1122 369 possessionem
1139 324 1202 359 ad-

119 369 210 406 mitti
231 368 353 405 filium.
401 369 465 406 sed
495 374 530 405 et
559 369 589 405 si
617 369 711 405 filius
741 369 778 404 in
807 368 989 404 metallum
1012 369 1203 405 damnatus

118 414 173 450 vel
202 414 274 450 alia
301 424 435 460 poena,
468 424 560 467 quae
587 424 729 450 servum
759 412 890 456 efficit,
925 414 1113 451 restitutus
1144 414 1202 457 sit,

119 458 228 496 nihilo
251 459 367 495 minus
390 459 615 496 admittetur:
640 459 744 495 aliter
766 469 851 494 non.

164 502 190 542 2
213 503 556 541 stoormsiws
584 505 675 540 libro
707 504 811 540 tertio
844 503 936 539 iuris
964 504 1202 551 epitomarum

117 549 285 595 Idemque
308 553 362 586 est
385 553 421 586 et
443 550 474 586 si
497 553 600 595 pater
622 559 759 596 poenae
787 550 847 585 et¹
876 559 1000 586 servus
1025 549 1203 585 efficiatur

117 599 154 631 et
201 599 302 631 ostea
323 595 544 631 restituatur.

218 639 413 677 Uzmws
433 640 524 676 libro
544 640 726 686 triqesimo
746 650 842 675 nono
862 638 912 675 ad
930 639 1084 676 edictum
1117 638 1202 676 Non

115 689 255 721 tantum
279 688 399 721 autem
420 684 491 731 ipsi
514 685 728 730 emancipati
751 684 988 720 admittuntur
1017 685 1065 721 ad
1087 684 1201 721 bono-

116 742 195 766 rum
222 730 501 776 possessionem,
533 741 654 766 verum
686 730 792 766 etiam
816 730 853 765 hi
876 740 1033 775 quoque,
1090 729 1128 765 ui
1157 739 1202 766 ex

118 779 134 812 1
183 775 238 811 his
266 775 343 810 nati
370 779 464 812 sunt.
513 775 551 811 Si
582 775 672 812 duos
703 776 839 811 habens
871 779 1021 821 nepotes
1086 779 1201 811 terum

115 820 375 865 emancipatum
397 821 477 856 loco
501 820 565 856 filii
588 820 821 866 adoptaverit,
845 820 1046 863 videndum,
1071 831 1119 856 an
1141 830 1200 856 so-

114 866 171 902 lus
193 866 252 901 ille
274 865 378 911 quasi
400 865 494 902 filius
518 865 744 901 admittatur:
770 865 866 911 quod
889 866 941 901 ita
961 866 1100 902 scilicet
1115 876 1200 910 pro-

115 911 226 955 cedit,
250 911 282 947 si
305 911 407 956 quasi
429 915 566 956 patrem
590 911 665 947 eius
688 911 840 956 nepotis,
865 922 970 964 quem
991 911 1199 953 retinuerat,

115 956 166 993 sic
189 955 431 1001 adoptaverit:
461 956 587 992 melius
620 960 674 993 est
701 960 820 992 autem
845 956 964 992 d1cere
986 967 1094 1002 posse
1114 966 1199 991 eum

115 1006 134 1037 2
181 1001 297 1037 solum
325 1001 372 1036 ad
401 1001 574 1037 bonorum
601 1002 864 1047 possessionem
887 1002 1083 1047 pervenire.
1130 1001 1200 1036 Sed

114 1047 144 1083 si
168 1047 215 1082 sit
237 1046 295 1082 hic
318 1057 431 1092 nepos
454 1047 720 1093 emancipatus,
753 1057 876 1082 verum
907 1051 963 1082 est
986 1047 1103 1082 dicere
1127 1057 1199 1082 non

114 1091 253 1127 admitti
276 1102 356 1127 eum
380 1092 483 1137 quasi
506 1092 635 1129 filium:
664 1093 723 1128 hic
753 1092 848 1128 enim
877 1092 979 1137 quasi
1006 1092 1102 1128 filius
1127 1102 1199 1127 non

114 1141 169 1173 est
190 1147 236 1173 ex
267 1136 407 1180 liberis,
445 1147 527 1172 cum
561 1138 642 1173 iura
680 1137 882 1183 adoptionis
918 1137 1199 1183 emancipatione

114 1186 133 1217 3
179 1181 283 1218 finita
310 1182 392 1218 sint.
441 1182 479 1217 Si
509 1182 620 1218 filium
651 1183 787 1219 habens
820 1187 856 1219 et
885 1193 930 1218 ex
961 1193 1003 1218 eo
1034 1187 1199 1227 nepotem

51 1242 53 1244 ·
113 1227 285 1263 inlocum
306 1227 370 1263 filii
389 1230 553 1273 nepotem
572 1228 799 1273 adoptavero,
823 1229 929 1264 ambo
950 1228 1197 1263 admittentur:

112 1273 218 1318 plane
247 1273 279 1308 si
308 1272 418 1308 fuerit
445 1273 691 1318 emancipatus
722 1284 852 1318 nepos,
883 1284 956 1309 non
979 1273 1198 1315 admittetur,

113 1323 133 1354 4
181 1318 265 1363 quia
287 1322 391 1363 pater
415 1328 495 1353 eum
543 1318 710 1354 raecedit.
748 1318 786 1355 Si
801 1318 881 1364 quis
897 1322 980 1364 post
995 1318 1198 1363 emancipa-

112 1363 245 1399 tionem
268 1362 467 1415 quaesitum
491 1364 520 1399 si
546 1364 558 1398 i
580 1363 692 1399 filium
715 1364 810 1409 patri
833 1374 899 1400 suo
916 1364 953 1399 in
971 1363 1199 1409 adoptionem

113 1408 250 1444 dederit
279 1419 316 1443 in
346 1408 464 1444 locum
494 1408 574 1453 filii,
607 1409 859 1454 aequissimum
888 1414 944 1445 est
967 1410 999 1444 ei
1022 1409 1199 1454 praestari

112 1453 208 1499 quod
232 1453 343 1490 cuivis
366 1453 537 1499 adrogato
560 1453 652 1497 filio,
681 1454 886 1500 idcircoque
907 1454 1005 1507 patri
1029 1465 1094 1490 suo
1118 1454 1198 1489 iun-

110 1498 248 1544 gendus
279 1503 334 1535 est
343 1499 369 1535 ².
422 1499 486 1535 sed
525 1499 556 1535 si
593 1499 840 1553 emancipatus
879 1500 938 1535 hic
972 1510 1084 1545 nepos
1115 1502 1199 1545 post

110 1544 339 1590 adoptionem
367 1549 610 1597 proponatur,
641 1545 895 1590 aequissimum
924 1545 992 1581 erit
1021 1555 1102 1580 eum
1133 1545 1197 1580 ab-

110 1589 267 1626 stinere³
295 1589 436 1635 (recipit
467 1590 560 1626 enim
587 1590 707 1626 locum
738 1594 856 1633 suum)
885 1601 952 1626 nec
976 1589 1082 1626 debet
1103 1589 1199 1635 patri

110 1639 130 1669 5
177 1645 244 1671 suo
273 1633 381 1680 iungi.
437 1635 475 1671 Si
505 1636 642 1671 emanci
667 1639 748 1672 atus
778 1635 875 1672 filius
906 1646 1018 1671 uxore
1049 1646 1122 1671 non
1154 1645 1198 1671 ex

109 1679 292 1724 voluntate
322 1680 437 1726 patris
474 1680 584 1716 ducta
621 1681 646 1716 fi
663 1681 733 1716 'um
768 1681 877 1717 fuerit
915 1681 1075 1723 sortitus,
1115 1680 1198 1716 dein

109 1736 222 1777 nepos
253 1728 356 1771 patre
385 1726 458 1761 iam
485 1731 626 1762 mortuo
660 1726 707 1762 ad
736 1726 913 1763 bonorum
935 1725 1198 1772 possessionem

109 1780 166 1806 avi
189 1770 273 1806 velit
294 1771 425 1813 venire,
449 1770 690 1808 admittendus
719 1775 774 1807 est
802 1772 848 1807 ad
873 1782 969 1808 eam:
1001 1782 1074 1807 non
1104 1772 1198 1807 enim

109 1827 173 1861 per
196 1815 445 1852 rescissionem
466 1817 517 1859 is,
551 1817 612 1862 qui
642 1817 736 1853 filius
767 1818 883 1853 iustus
914 1821 988 1860 est,
1019 1816 1199 1853 efficietur

110 1872 183 1897 non
205 1861 311 1905 filius,
336 1872 417 1897 cum
436 1862 612 1905 rescissio,
637 1873 708 1908 quo
725 1863 836 1907 magis
853 1862 1100 1905 admittantur,
1124 1873 1198 1898 non

134 1917 180 1942 uo
205 1907 333 1949 minus,
357 1907 581 1943 adhibeatur.
629 1918 712 1943 nam
736 1908 804 1944 etsi
827 1912 901 1943 tam
924 1908 1198 1953 ignominiosam

110 1918 250 1987 fluxerit
274 1962 421 1988 uxorem
443 1951 550 1996 filius,
575 1956 616 1987 ut
639 1953 805 1989 dedecori
828 1954 877 1989 sit
898 1957 973 1988 tam
996 1953 1065 1998 ipsi
1089 1963 1198 1998 quam

108 1997 204 2042 patri
223 1997 405 2033 mulierem
425 1998 533 2032 talem
553 1998 696 2040 habere,
722 1998 879 2034 dicemus
900 2003 936 2034 et
953 2008 998 2034 ex
1014 2008 1058 2034 ea
1074 2003 1198 2034 natum

109 2042 156 2078 ad
186 2042 362 2078 bonorum
393 2042 654 2088 possessionem
684 2044 742 2079 avi
773 2043 930 2087 admitti,
971 2054 1053 2079 cum
1083 2044 1199 2089 possit

109 2098 196 2123 avus
232 2087 310 2123 iure
348 2098 414 2123 suo
452 2088 505 2123 uti
539 2099 691 2134 eumque
730 2089 968 2125 exheredare:
1006 2099 1073 2124 nec
1105 2089 1198 2124 enim

109 2133 224 2169 minus
248 2133 286 2168 in
308 2132 378 2169 hoc
403 2138 531 2178 nepote
554 2133 597 2176 is,
622 2134 683 2187 qui
706 2134 751 2170 de
769 2134 968 2170 inofficioso
989 2134 1197 2179 cogniturus

110 2183 174 2221 est,
199 2179 330 2224 quam⁴
361 2179 488 2214 merita
518 2183 659 2224 nepotis
689 2180 802 2225 patris
834 2180 910 2216 eius
949 2179 1079 2215 delicta
1114 2190 1196 2225 per·

110 2227 130 2259 6
173 2223 318 2275 pendet.
373 2224 411 2259 Si
451 2225 694 2269 emancipatus
732 2225 826 2260 filius
859 2225 1076 2270 praeteritus
1113 2229 1198 2260 ante

109 2272 256 2349 petitam
287 2269 462 2305 bonorum
490 2270 752 2315 possessionem
787 2270 1032 2315 adrogandum
1066 2280 1106 2306 se
1135 2270 1196 2306 de-

134 2315 218 2356 erit,
249 2315 378 2350 amittit
408 2318 532 2350 contra
555 2316 699 2351 tabulas
723 2316 899 2352 bonorum
922 2315 1196 2361 possessionem.

110 2363 127 2393 7
177 2359 216 2394 Si
244 2359 323 2404 quis
352 2359 425 2395 filio
457 2371 523 2396 suo
553 2361 776 2406 emancipato
805 2364 987 2407 nepotem,
1020 2372 1125 2407 quem
1153 2372 1198 2397 ex

110 2415 152 2440 eo
176 2405 390 2447 retinuerat,
424 2405 561 2442 dederit
583 2406 620 2441 in
643 2406 890 2452 adoptionem,
923 2417 1036 2452 nepos
1058 2406 1128 2442 iste
1151 2407 1198 2442 ad

110 2454 237 2486 contra
273 2450 414 2486 tabulas
450 2451 625 2486 bonorum
688 2452 927 2488 ossessionem
958 2452 1015 2487 avi
1045 2451 1102 2488 sui
1132 2452 1196 2487 ad-

110 2495 261 2530 mittitur
292 2500 397 2541 patre
425 2496 501 2531 eius
533 2500 617 2531 ante
672 2497 834 2540 efuncto,
889 2497 950 2533 uia
979 2497 1018 2533 in
1041 2498 1119 2533 eius
1142 2501 1198 2533 est

109 2540 255 2583 familia,
280 2541 364 2587 qui⁶
387 2544 423 2576 et
445 2541 523 2586 ipse
547 2541 686 2577 admitti
707 2543 826 2622 qotuit
848 2552 871 2578 a
916 2542 1092 2578 bonorum
1110 2553 1195 2588 pos-

110 2589 129 2621 8
177 2586 371 2622 sessionem
388 2592 513 2622 contra
528 2587 685 2623 tabulas.
737 2588 887 2633 demque
904 2591 960 2623 est
975 2592 1011 2623 et
1027 2588 1058 2623 si
1076 2598 1195 2623 eman-

109 2630 250 2676 cipatus
273 2630 396 2674 filium,
445 2641 525 2667 uem
548 2635 631 2677 post
646 2633 966 2678 emancipationem
981 2634 1195 2677 quaesierat,

108 2676 204 2721 patri
232 2687 299 2712 suo
327 2677 366 2712 in
394 2687 416 2712 a
442 2677 621 2722 optionem
651 2677 788 2713 dederit
812 2682 848 2713 et
870 2678 1082 2714 decesserit:
1113 2689 1197 2714 nam

109 2725 146 2756 et
176 2720 235 2757 hic
266 2732 378 2767 nepos
406 2722 476 2758 iste
507 2722 554 2757 ad
586 2723 761 2758 bonorum
790 2723 1052 2775 possessionem
1082 2724 1196 2768 patris

109 2769 130 2801 9
177 2766 234 2802 sui
257 2766 395 2802 admitti
417 2767 535 2811 debet,
560 2769 664 2813 quasi
679 2779 752 2804 non
769 2772 816 2803 sit
830 2768 867 2803 in
884 2768 957 2803 alia
973 2768 1120 2803 familia.
1158 2768 1196 2804 Si

108 2814 213 2858 pater
235 2811 385 2849 alicuius
408 2813 607 2858 pervenerit
622 2813 660 2848 in
675 2813 879 2859 adoptivam
894 2813 1075 2856 familiam,
1099 2812 1195 2849 filius

109 2867 201 2900 non,
232 2867 280 2893 an
302 2857 415 2902 patris
440 2858 495 2893 sui
518 2858 555 2893 in
579 2858 747 2904 adoptiva
770 2858 906 2894 familia
928 2858 1059 2894 mortui
1082 2858 1194 2894 bono-

108 2913 189 2937 rum
213 2903 473 2947 possessionem
497 2904 660 2949 accipere
678 2904 817 2949 possit?
847 2908 884 2940 et
899 2904 1055 2939 arbitror
1069 2903 1195 2939 huma-

109 2947 244 2983 niorem
267 2957 345 2984 esse
369 2948 463 2984 hanc
487 2949 718 2992 sententiam,
747 2952 790 2984 ut
811 2948 906 2984 filius
930 2949 1008 2991 hic,
1037 2950 1195 2994 quamvis

110 3003 182 3029 non
205 2993 254 3028 sit
274 2993 312 3028 in
335 2993 459 3029 eadem
481 2994 626 3036 familia,
655 2994 693 3029 in
716 3004 787 3040 qua
809 2998 924 3039 pater,
950 2994 997 3030 ad
1020 2994 1196 3030 bonorum

115 3040 154 3072 10
199 3039 461 3083 possessionem
484 3044 604 3074 tamen
629 3038 704 3075 eius
721 3039 941 3075 admittatur.
976 3039 1109 3081 Liberi,
1158 3040 1196 3075 ui

109 3081 246 3118 institui
268 3083 417 3119 heredes
440 3084 519 3120 iure
542 3095 615 3120 non
634 3089 797 3130 possunt,
821 3095 887 3120 nec
908 3089 1034 3120 contra
1052 3085 1114 3120 tab
1156 3095 1195 3120 as

110 3126 286 3164 bonorum
313 3130 573 3174 possessionem
604 3133 727 3174 petere
779 3133 915 3165 ossunt.
961 3131 1052 3165 haec
1076 3133 1196 3165 autem

111 3171 220 3207 verba
250 3173 399 3210 ‘institui
429 3185 501 3210 non
528 3175 691 3220 possunt’
790 3175 914 3210 mortis
937 3178 1078 3220 tempus
1103 3174 1194 3210 refe-

116 3221 152 3252 ll
202 3221 340 3254 runtur.
385 3219 423 3255 Si
446 3220 524 3264 quis
550 3230 593 3255 ex
615 3219 736 3255 liberis
760 3220 864 3255 heres
887 3220 1042 3265 scriptus
1067 3220 1124 3262 sit,
1148 3219 1196 3255 ad

112 3263 239 3297 contra
273 3263 416 3300 tabulas
452 3265 628 3300 bonorum
665 3265 926 3310 possessionem
962 3265 1084 3301 vocari
1122 3275 1195 3301 non

112 3306 237 3342 debet:
276 3318 357 3343 cum
389 3309 483 3345 enim
513 3310 629 3356 possit
659 3309 858 3345 secundum
886 3310 1028 3346 tabulas
1061 3310 1195 3345 habere

112 3352 383 3397 possessionem,
407 3365 477 3399 quo
501 3355 635 3390 bonum
659 3359 714 3390 est
736 3355 769 3390 ei
789 3358 915 3390 contra
929 3356 1074 3391 tabulas
1090 3355 1195 3392 dari?

114 3397 218 3442 plane
241 3398 271 3432 si
293 3397 386 3434 alius
409 3400 606 3435 committat
629 3400 799 3443 edictum,
831 3404 867 3435 et
895 3400 972 3445 ipse
999 3401 1046 3436 ad
1070 3404 1197 3436 contra

118 3445 156 3477 12
202 3442 344 3477 tabulas
367 3443 542 3480 bonorum
563 3445 823 3490 possessionem
847 3445 1065 3481 admittetur.
1101 3445 1196 3481 Sed⁰

113 3487 143 3522 si
160 3488 227 3522 sub
244 3487 452 3523 condicione
466 3490 620 3534 scriptus
634 3490 693 3532 sit,
717 3490 893 3526 bonorum
911 3491 1195 3535 possessionem⁷

114 3536 240 3567 contra
270 3532 412 3568 tabulas
443 3534 604 3579 accipere
634 3545 708 3570 non
732 3539 871 3580 potest,
904 3539 940 3570 et
961 3535 1013 3570 ita
1035 3536 1196 3571 Iulianus

114 3646 155 3686 (1)
178 3647 212 3679 et
224 3646 286 3680 del.
299 3645 329 3679 S
428 3647 473 3687 (2)
496 3644 686 3688 idcircoque
695 3648 785 3690 patri
797 3658 858 3681 suo
869 3647 1059 3689 iungendus
1071 3649 1120 3681 est
1132 3649 1194 3681 del.

115 3694 158 3732 (3)
184 3690 344 3724 abstineri
357 3689 410 3724 Ρ*
530 3696 572 3732 (4)
597 3701 696 3732 quam
709 3705 768 3725 om.
785 3694 845 3733 1³¹,
866 3700 940 3726 ante
951 3694 1057 3734 patris
1069 3697 1129 3726 ine.
1143 3693 1196 3726 F²

114 3735 160 3775 (5)
184 3736 264 3776 quia
276 3735 312 3768 F
408 3736 453 3776 (s)
477 3736 511 3768 et
522 3737 582 3769 ins.
693 3737 737 3776 (7)
762 3737 947 3778 possionem
958 3738 991 3770 F
1098 3739 1144 3776 (8)
1167 3738 1197 3769 si

1189 107 1276 156 545

2091 113 2304 157 XXXVII
2333 115 2358 156 4

1273 243 1415 280 quoque
1433 233 1524 271 libro
1543 232 1711 270 vicesimo
1730 234 1835 271 tertio
1852 235 2068 281 digestorum
2084 236 2239 283 scripsit.
2274 237 2360 284 quid

1273 290 1375 325 ergo,
1405 279 1436 315 si
1466 279 1638 316 defecerit
1667 279 1856 316 condicio?
1891 291 2012 317 verum
2044 286 2099 319 est
2128 293 2209 319 eum
2233 287 2360 320 contra

1277 329 1314 360 13
1361 325 1505 361 tabulas
1525 324 1602 360 acci
1630 334 1690 359 ere
1709 324 1883 360 bonorum
1903 328 2175 371 possessionem.
2214 328 2274 365 ⁸81
2290 330 2359 365 sub

1272 380 1315 405 ea
1338 370 1548 406 condicione
1571 368 1596 404 fi
1610 379 1667 405 ms
1691 371 1936 414 emancipatus
1960 372 2062 408 heres
2092 374 2139 409 sit
2161 373 2358 418 institutus,

1271 425 1364 460 quae
1386 415 1424 450 in
1446 415 1559 460 ipsius
1583 418 1763 460 potestate
1786 425 1858 449 non
1882 420 1947 458 est,
1971 418 2055 461 quia
2078 418 2235 464 scriptus
2254 420 2359 455 heres

1271 463 1344 503 est,
1376 460 1552 495 bonorum
1581 459 1845 505 possessionem
1875 461 2069 497 secundum
2096 464 2239 500 tabulas
2264 465 2360 500 acci-

1270 514 1356 550 pere
1378 508 1499 550 potest
1528 508 1564 540 et
1592 504 1717 547 debet,
1749 514 1816 539 nec
1840 509 1966 540 contra
1989 507 2130 544 tabulas
2153 513 2290 554 potest:
2323 514 2360 545 et

1271 549 1302 585 si
1330 549 1424 586 forte
1454 549 1625 585 defecerit
1657 549 1839 592 condicio,
1871 550 2026 587 tuendus
2059 553 2126 587 erit
2148 564 2170 589 a
2193 558 2360 599 praetore

1269 594 1307 630 in
1329 599 1488 638 tantum,
1521 598 1694 640 quantum
1717 594 1844 637 ferret,
1875 596 1906 630 si
1931 601 2057 632 contra
2080 598 2223 635 tabulas
2247 600 2358 636 bono-

1273 643 1315 675 14
1361 650 1440 675 rum
1470 641 1732 685 possessionem
1762 641 1973 685 accepisset.
2021 641 2091 677 Sed
2119 648 2155 678 et
2186 645 2217 679 si
2247 656 2292 680 ne
2318 656 2358 682 os

1270 685 1338 720 sub
1369 685 1575 720 huiusmodi
1605 685 1813 721 condicione
1844 687 1915 721 scri
1942 691 2000 722 tus
2031 687 2077 721 sit
2107 688 2227 731 heres,
2266 657 2359 726 niem

1274 734 1312 764 15
1361 730 1428 765 erit
1451 730 1652 765 dicendum.
1693 730 1731 765 Si
1747 730 1826 775 quis
1843 731 1926 765 exh
1953 732 2021 767 eris
2039 743 2111 767 non
2135 735 2181 768 sit
2204 736 2359 780 scriptus

1269 775 1390 819 heres,
1423 775 1488 811 sed
1519 785 1642 811 servus
1674 776 1751 811 eius
1782 776 1937 820 scriptus
1970 777 2016 812 sit
2047 787 2195 822 eumque
2218 780 2361 816 iusserit

1269 821 1369 856 adire
1400 820 1650 864 hereditatem,
1683 820 1850 865 denegari
1881 821 1914 856 ei
1943 820 2051 857 debet
2079 822 2253 859 bonorum
2275 836 2359 870 pos-

1274 870 1313 900 16
1361 866 1473 901 sessio
1498 870 1625 901 contra
1648 866 1800 901 tabulas.
1837 865 2005 911 Idemque
2028 870 2084 902 est
2104 873 2139 903 et
2156 869 2186 903 si
2204 869 2359 914 legatum

1268 910 1433 946 relictum
1448 911 1517 947 sibi
1531 911 1588 946 vel
1603 921 1704 946 servo
1722 921 1787 947 suo
1804 911 1966 956 elegerit:
1988 922 2071 947 nam
2087 917 2123 948 et
2137 913 2196 948 hic
2211 915 2358 951 dicimus

1269 957 1443 992 bonorum
1460 957 1723 1001 possessionem
1737 960 1865 991 contra
1880 956 2023 993 tabulas
2039 957 2168 993 debere
2182 959 2357 1005 denegari.

1314 1001 1340 1038 4
1365 1001 1421 1036 ΡΑ
1430 1011 1524 1036 (aas
1552 1002 1644 1037 libro
1675 1001 1957 1047 quadraqesimo
1979 1004 2104 1049 primo
2134 1004 2184 1038 ad
2206 1006 2361 1041 edictum

1268 1046 1363 1082 Illud
1385 1046 1584 1082 notandum
1608 1049 1678 1088 est,
1709 1046 1806 1092 quod
1828 1047 2005 1082 bonorum
2028 1048 2209 1093 possessio
2234 1055 2360 1086 contra

1267 1091 1412 1128 tabulas
1448 1102 1539 1137 quae
1570 1092 1691 1127 liberis
1720 1092 1943 1137 promittitur
1973 1092 2092 1128 locum
2120 1094 2248 1137 habet,
2287 1095 2360 1131 sive

1268 1137 1349 1182 quis
1372 1137 1476 1172 heres
1502 1136 1680 1172 exstiterit
1701 1138 1775 1173 sive
1798 1148 1889 1172 non:
1922 1141 1958 1172 et
1981 1139 2051 1173 hoc
2075 1144 2130 1174 est
2153 1140 2250 1184 quod
2273 1140 2359 1175 dici-

1267 1193 1346 1218 mus
1389 1186 1515 1218 contra
1554 1182 1674 1227 ipsum
1711 1186 1963 1218 testamentum
1998 1184 2120 1219 liberis
2160 1190 2362 1230 competere

1268 1228 1444 1263 bonorum
1468 1228 1749 1272 possessionem:
1783 1228 1880 1273 quod
1902 1228 1940 1263 in
1963 1233 2116 1273 patrono
2142 1234 2269 1265 contra
2293 1235 2358 1267 est.

1272 1277 1286 1307 1
1337 1273 1376 1308 Si
1399 1273 1479 1318 quis
1502 1273 1614 1308 filium
1639 1283 1745 1318 quem
1763 1273 1801 1308 in
1819 1278 1999 1318 potestate
2018 1274 2147 1309 habuit
2163 1275 2361 1312 instituerit

1267 1318 1434 1354 heredem
1458 1318 1513 1354 vel
1537 1318 1805 1354 exheredaverit
1822 1323 1859 1353 et
1877 1329 1922 1354 ex
1942 1329 1984 1354 eo
2005 1324 2170 1364 nepotem
2191 1321 2359 1363 omiserit,

1267 1364 1445 1399 bonorum
1475 1363 1697 1408 possessioni
1727 1364 1829 1400 locus
1853 1374 1926 1399 non
1949 1367 2020 1405 est,
2053 1365 2137 1409 quia
2169 1377 2242 1401 non
2266 1371 2361 1402 esset

1267 1419 1379 1453 nepos
1404 1419 1491 1444 suus
1515 1409 1618 1444 heres
1637 1408 1794 1445 futurus.
1831 1409 1956 1445 eadem
1980 1413 2065 1445 sunt
2088 1414 2124 1446 et
2146 1410 2183 1445 in
2208 1422 2359 1457 sequen-

1267 1457 1288 1489 2
1336 1454 1433 1489 tibus
1455 1454 1637 1498 gradibus.
1684 1454 1743 1489 Ad
1773 1458 1989 1490 testamenta
2019 1455 2233 1491 feminarum
2263 1457 2359 1492 edic-

1267 1503 1344 1534 tum
1359 1503 1487 1535 contra
1504 1499 1647 1535 tabulas
1664 1499 1839 1535 bonorum
1853 1500 2089 1544 possessionis
2105 1512 2178 1537 non
2193 1503 2359 1547 pertinet,

1268 1549 1288 1579 3
1336 1544 1420 1590 quia
1443 1555 1529 1581 suos
1552 1545 1701 1580 heredes
1726 1556 1798 1580 non
1822 1546 1966 1580 habent.
2015 1545 2053 1580 Si
2085 1547 2163 1591 quis
2195 1558 2275 1582 eum
2299 1548 2360 1593 qui

1266 1590 1304 1625 in
1328 1594 1430 1626 utero
1455 1594 1511 1626 est
1532 1591 1828 1635 praetermiserit,
1858 1591 1966 1626 etiam
1997 1591 2154 1626 nondum
2184 1593 2294 1628 nato⁹
2317 1604 2359 1629 eo

1267 1635 1359 1671 alius
1383 1635 1446 1681 qui
1469 1635 1572 1671 heres
1596 1635 1782 1672 institutus
1809 1640 1864 1672 est
1893 1636 2069 1671 bonorum
2095 1637 2359 1682 possessionem

1268 1685 1395 1716 contra
1425 1681 1569 1716 tabulas
1600 1681 1788 1717 admittere
1816 1685 1955 1727 potest,
1995 1681 2080 1726 quia
2111 1682 2274 1727 iniquum
2304 1687 2360 1719 est

1267 1736 1383 1771 neque
1407 1726 1511 1771 quasi
1535 1726 1708 1771 scriptum
1731 1737 1838 1771 posse
1861 1731 1984 1772 petere
2012 1727 2186 1762 bonorum
2214 1739 2359 1773 posses-

1268 1771 1422 1814 sionem,
1461 1771 1632 1817 quamdiu
1671 1775 1798 1807 contra
1835 1772 1979 1808 tabulas
2016 1772 2090 1825 peti
2117 1776 2256 1817 potest,
2292 1784 2359 1810 nec

1268 1821 1394 1852 contra
1425 1817 1588 1859 tabulas,
1629 1817 1798 1861 quamdiu
1826 1828 1899 1852 non
1930 1821 2092 1852 nascitur
2122 1819 2357 1862 praeteritus:

1267 1866 1308 1897 ut
1332 1866 1367 1897 et
1391 1862 1422 1898 si
1446 1866 1530 1897 ante
1553 1862 1744 1904 moriatur,
1775 1863 1952 1898 bonorum
1978 1863 2218 1908 possessionis
2249 1864 2357 1900 bene·

1266 1906 1388 1943 ficium
1419 1907 1466 1942 ad
1495 1907 1664 1943 heredem
1695 1908 1924 1943 transmittat.
1980 1907 2076 1953 quod
2110 1908 2263 1945 maxime
2296 1921 2357 1946 ne-

1268 1953 1464 1988 cessarium
1487 1956 1543 1988 est
1565 1952 1602 1987 in
1626 1952 1700 1988 filio
1725 1953 1948 1999 emancipato
1972 1953 2107 1998 scripto
2131 1954 2273 1998 herede,
2298 1955 2358 2001 qui

1265 2007 1333 2033 nec
1356 1998 1593 2034 hereditatem
1615 1997 1757 2033 interim
1781 1998 1879 2034 adire
1902 2001 2033 2044 potest.
2243 2019 2251 2028 -

1313 2041 1338 2080 5
1363 2042 1557 2079 IULIANUS
1577 2044 1669 2079 libro
1694 2044 1859 2079 vicesimo
1879 2048 2011 2090 quarto
2031 2043 2072 2079 da·
2096 2047 2254 2079 estorum
2289 2044 2359 2081 Sed

1266 2091 1303 2124 et
1332 2088 1364 2123 si
1394 2087 1632 2131 decesserint,
1665 2092 1858 2142 antequam
1887 2092 2052 2134 peterent
2100 2100 2251 2125 onorum
2272 2101 2358 2136 pos-

1266 2133 1480 2176 sessionem,
1522 2144 1596 2169 non
1636 2137 1691 2169 est
1727 2133 1890 2179 iniquum
1928 2138 2131 2179 praetorem
2169 2134 2359 2172 decernere

1266 2178 1457 2214 heredibus
1487 2188 1611 2214 eorum
1643 2178 1781 2214 salvum
1816 2179 1894 2215 fore
1926 2179 2149 2215 commodum
2182 2180 2358 2216 bonorum

1265 2224 1504 2269 possessionis
1529 2224 1727 2260 secundum
1749 2225 1894 2260 tabulas
1916 2225 1973 2260 vel
1998 2229 2125 2260 contra
2147 2226 2304 2262 tabulas.

1311 2267 1338 2306 6
1362 2269 1523 2305 ΡΑσιυε
1548 2269 1640 2306 libro
1665 2270 1947 2322 quadraqesimo
1970 2271 2094 2316 primo
2124 2271 2175 2305 ad
2202 2271 2357 2307 edictum

1266 2314 1305 2350 Si
1343 2314 1590 2360 emancipatus
1627 2315 1722 2350 fihus
1758 2319 1924 2360 nepotem
1955 2315 2199 2360 procreaverit
2232 2319 2269 2351 et
2306 2317 2358 2352 ita

1266 2359 1474 2402 decesserit,
1507 2360 1635 2396 deinde
1658 2370 1746 2396 avus
1771 2361 1865 2403 eius,
1894 2370 1940 2396 ne
1967 2371 2007 2396 os
2031 2360 2078 2395 ad
2100 2360 2157 2395 avi
2181 2361 2357 2396 bonorum

1271 2409 1284 2440 1
1333 2406 1599 2451 possessionem
1622 2405 1741 2441 venire
1763 2408 1893 2451 potest.
1973 2405 2045 2441 uod
2071 2405 2103 2440 si
2127 2409 2162 2439 et
2184 2405 2297 2441 filium
2320 2411 2357 2442 et

1264 2454 1432 2496 nepotem
1462 2450 1756 2495 emancipaverit,
1794 2450 1932 2486 vivente
1967 2450 2108 2495 quidem
2139 2450 2212 2486 filio
2245 2462 2356 2497 nepos

1266 2507 1338 2531 non
1369 2496 1501 2538 veniet,
1541 2500 1627 2541 post
1661 2500 1811 2531 mortem
1843 2499 1962 2531 autem
1994 2495 2070 2531 eius
2103 2495 2150 2530 ad
2181 2496 2356 2532 bonorum

1266 2544 1286 2576 2
1332 2541 1595 2586 possessionem
1626 2541 1684 2576 avi
1710 2540 1878 2576 veniet¹⁰.
1933 2541 2074 2585 Nepote
2105 2550 2246 2586 quoque
2277 2542 2355 2578 solo

1265 2587 1491 2639 emancipato
1515 2590 1552 2622 et
1575 2597 1642 2622 avo
1667 2590 1820 2629 mortuo,
1844 2585 1971 2621 deinde
1992 2590 2097 2631 patre
2120 2585 2210 2629 eius,
2242 2596 2355 2632 nepos

1265 2635 1482 2676 praeteritus
1521 2631 1676 2677 accipiet
1714 2630 1828 2676 patris
1867 2631 2042 2666 bonorum
2079 2631 2354 2676 possessionem,

1266 2677 1350 2722 quia
1372 2687 1460 2712 suus
1484 2676 1589 2712 heres
1613 2680 1708 2712 esset
1731 2676 1874 2711 futurus
1896 2676 2008 2721 patri,
2041 2676 2073 2712 si
2094 2679 2274 2721 potestate
2298 2677 2356 2713 avi

1266 2725 1285 2757 3
1334 2733 1406 2758 non
1430 2722 1573 2758 exisset.
1620 2722 1713 2758 Filio
1747 2721 1969 2766 emancipato
2001 2721 2032 2758 si
2058 2731 2171 2766 nepos
2194 2726 2355 2758 retentus

1265 2767 1312 2803 sit
1335 2771 1371 2802 et
1394 2768 1535 2812 utrique
1558 2766 1762 2812 praeteriti,
1794 2766 1936 2812 utrique
1966 2766 2146 2811 accipient
2177 2767 2354 2803 bonorum

1265 2815 1286 2848 4
1332 2813 1607 2866 possessionem.
1645 2812 1683 2847 Si
1701 2811 1796 2847 filius
1820 2811 2065 2857 emancipatus
2079 2813 2104 2833 ¹¹
2129 2811 2166 2846 in
2185 2812 2355 2857 adoptiva

1264 2856 1401 2893 fam1lia
1422 2862 1589 2903 nepotem
1612 2856 1813 2899 sustulerit,
1843 2867 1889 2892 ne
1917 2867 2029 2902 nepos
2052 2856 2194 2911 quidem
2217 2858 2265 2893 ad
2289 2859 2352 2893 bo-

1264 2912 1392 2938 norum
1420 2903 1684 2948 possessionem
1713 2902 1769 2937 avi
1798 2902 1973 2938 naturalis
2001 2905 2127 2938 vemet.
2175 2902 2239 2938 sed
2263 2906 2300 2938 et
2321 2903 2354 2939 si

1265 2948 1511 2992 emancipatus
1534 2947 1631 2983 filius
1650 2947 1849 2992 procreatis
1864 2947 2054 2993 nepotibus
2071 2947 2110 2982 in
2125 2947 2353 2993 adoptionem

1264 3002 1303 3028 se
1327 2992 1481 3037 dederit,
1505 2996 1547 3027 ut
1570 3002 1651 3028 eum
1673 2991 1739 3028 filii
1762 2996 1977 3037 sequantur,
1999 2992 2094 3028 idem
2123 2993 2201 3028 erit.
2246 2993 2358 3037 plane

1263 3038 1295 3072 si
1312 3037 1356 3080 is,
1381 3038 1442 3083 qui
1458 3037 1555 3082 apud
1571 3037 1778 3083 adoptivum
1794 3047 1899 3072 avum
1912 3041 2124 3083 procreatus
2140 3042 2206 3080 est,
2230 3047 2351 3073 eman-

1264 3082 1405 3127 cipatus
1429 3082 1486 3126 sit,
1513 3083 1631 3118 veniet
1653 3082 1700 3118 ad
1722 3082 1899 3118 bonorum
1921 3083 2184 3128 possessionem
2207 3083 2264 3117 avi
2286 3092 2350 3117 na-

1263 3127 1402 3163 turalis.
1460 3127 1488 3149 ¹²
1496 3127 1641 3172 adoptio
1672 3127 1809 3164 tamdiu
1838 3131 1960 3172 nocet,
1998 3127 2167 3174 quamdiu
2202 3127 2280 3172 quis
2312 3127 2350 3162 in

1263 3171 1397 3208 familia
1420 3171 1537 3208 aliena
1560 3172 1619 3208 sit.
1655 3176 1813 3209 ceterum
1836 3173 2081 3219 emancipatus
2105 3172 2152 3207 ad
2174 3172 2350 3207 bonorum

1263 3217 1526 3262 possessionem
1548 3218 1751 3262 parentium
1772 3218 1990 3253 naturalium
2013 3217 2119 3261 venit,
2143 3217 2206 3252 sed
2228 3226 2349 3251 eman-

1264 3263 1404 3307 cipatus
1428 3263 1514 3298 vivis
1540 3263 1602 3305 eis,
1627 3273 1700 3298 non
1724 3263 1831 3299 etiam
1852 3268 1936 3308 post
1950 3267 2099 3299 mortem
2116 3272 2255 3297 eorum:
2279 3261 2349 3296 hoc

1263 3308 1356 3344 enim
1383 3308 1510 3389 {gius
1549 3311 1605 3344 est
1641 3311 1727 3354 post
1753 3311 1905 3345 mortem
1936 3319 2059 3344 eorum
2089 3306 2348 3351 emancipatum

1263 3363 1337 3390 non
1360 3363 1382 3388 a
1445 3352 1510 3389 tti.

1310 3396 1334 3435 7
1362 3398 1487 3434 Gsws
1514 3398 1606 3434 libro
1660 3401 1766 3434 uarto
1790 3398 1926 3434 decimo
1956 3397 2006 3432 ad
2026 3396 2179 3432 edictum
2197 3394 2347 3441 provin·

1264 3444 1355 3481 ciale
1401 3442 1440 3478 Si
1457 3446 1620 3479 retentus
1634 3408 1748 3480 {uerit
1761 3444 1800 3479 in
1816 3447 1994 3489 potestate
2009 3451 2130 3492 nepos·
2138 3440 2210 3475 filio
2228 3449 2347 3474 eman-

1265 3490 1395 3534 cipato,
1410 3487 1619 3541 ‘admittitur
1640 3499 1754 3535 nepos
1776 3488 1854 3524 vivo
1878 3498 1944 3522 avo
1968 3486 2016 3522 ad
2036 3489 2151 3531 patris
2174 3485 2347 3520 bonorum

1262 3543 1536 3580 possessmnem.

1264 3646 1374 3679 adhue
1383 3645 1507 3688 pendet
1518 3648 1579 3681 ins.
1651 3647 1697 3687 (9)
1722 3645 1800 3679 dato
1813 3645 1850 3679 F
1914 3644 1977 3686 (ιο)
2000 3642 2093 3676 venit
2104 3642 2155 3675 F²
2230 3643 2284 3679 (11)
2309 3641 2345 3673 in

1264 3691 1477 3733 adoptionem
1487 3702 1522 3724 se
1534 3691 1662 3726 dederit
1673 3692 1708 3724 et
1720 3693 1782 3724 im.
1874 3692 1932 3730 (12)
1958 3689 2126 3729 inscriptio
2140 3687 2257 3720 excidit

2032 3788 2076 3819 69
