2528 3918
203 119 357 163 vult

204 243 220 276 1
269 240 386 277 licere.
435 239 564 285 Aquae
587 238 715 273 ductus
740 241 776 273 et
797 237 948 273 haustus
972 247 1088 282 aquae
1110 246 1174 282 per
1197 245 1284 271 eun-

201 285 282 321 dem
305 287 423 322 locum
445 289 485 319 ιιι
508 284 678 324 ducatur,
710 283 816 318 etiam
845 282 1009 335 pluribus
1033 281 1181 317 concedi
1220 290 1284 325 po-

200 334 417 376 testzpotest
440 329 562 370 etiam,
595 331 636 363 ut
658 326 803 363 diversis
828 327 952 363 diebus
975 327 1029 362 vel
1053 326 1150 361 horis
1174 325 1283 361 duca-

204 379 223 412 2
269 381 345 411 tur:
370 375 400 410 si
424 383 538 418 aquae
561 373 690 408 ductus
714 372 768 408 vel
790 373 940 407 haustus
965 381 1079 416 aquae
1103 370 1284 406 sufficiens

204 425 267 462 est,
291 424 410 465 potest
432 423 468 454 et
490 418 650 464 pluribus
672 427 738 463 per
755 417 905 453 eundem
923 416 1039 452 locum
1064 415 1220 457 concedi,
1244 419 1286 450 ut

204 470 239 501 et
260 465 383 500 iisdem
407 463 530 498 diebus
553 462 608 498 vel
631 462 728 498 horis
752 462 915 497 ducatur.

249 507 273 548 3
305 509 500 545 ULPJANUS
517 507 608 544 libro
627 508 777 560 septimo
799 507 933 542 decimo
948 505 997 540 ad
1007 504 1160 540 edictum
1194 503 1284 538 Item

203 555 254 591 sic
303 557 428 589 ossunt
451 553 636 588 servitutes
659 552 803 597 imponi,
829 553 884 586 et¹
910 554 950 585 ut
969 550 1088 591 boves,
1112 559 1176 594 per
1195 559 1284 600 quos

203 600 266 635 fun
291 609 333 634 us
355 598 493 640 colitur,
516 597 554 632 in
572 597 688 633 vicino
709 607 792 641 agro
814 598 1026 648 pascantur:
1052 604 1157 639 quam
1177 603 1283 628 servi-

202 648 315 680 tutem
337 642 448 688 poni²
470 652 576 688 posse
598 642 767 677 Neratius
799 641 887 676 libro
919 639 1076 674 secundo
1109 639 1283 673 membra-

205 693 220 724 1
270 699 396 724 narum
428 687 561 723 scribit.
610 687 706 723 Idem
739 685 905 721 Neratius
938 684 1043 719 etiam
1075 688 1115 718 ut
1144 683 1283 718 fructus

202 734 239 769 in
262 733 366 769 vicini
388 733 470 768 villa
493 736 665 777 cogantur
689 731 873 774 coactique
896 730 1096 781 habeantur
1120 732 1155 763 et
1173 728 1282 773 peda—

203 779 345 815 menta³
368 777 415 813 ad
437 777 574 812 vineam
598 788 642 812 ex
665 776 769 811 vicini
792 774 937 820 praedm
963 777 1167 815 sumantur,
1200 784 1283 808 con-

204 829 223 859 2
270 823 370 859 stitui
381 833 487 868 posse
499 822 633 858 scribit.
681 821 817 856 Eodem
841 820 930 854 libro
956 819 1008 853 ait
1030 819 1156 860 vicino,
1182 819 1284 854 cuius

203 868 414 915 lapidicinae
435 866 546 902 fundo
571 872 633 902 tuo
657 866 874 906 immineant,
897 873 1004 908 posse
1027 867 1063 899 te
1087 863 1212 899 cedere
1230 864 1284 899 ius

202 914 235 950 ei
257 923 335 950 esse
356 916 487 948 terram
510 911 619 947 rudus
644 921 731 946 saxa
750 910 865 944 iacere
883 908 1002 961 posita
1020 908 1163 951 habere,
1189 912 1225 944 et
1245 913 1286 943 ut

201 959 239 994 in
268 963 370 994 tuum
399 956 534 1002 lapides
566 956 816 1001 provolvantur
847 954 966 998 ibique
997 953 1103 998 positi
1126 953 1284 988 habean-

203 1006 223 1039 3
269 1007 329 1038 tur
346 1002 497 1046 indeque
516 1012 558 1036 ex
584 1005 753 1036 ortentur.
802 998 870 1042 Qui
888 999 998 1033 habet
1015 998 1195 1041 haustum,
1219 998 1286 1033 iter

203 1058 344 1094 quoque
365 1047 497 1091 habere
519 1047 552 1081 vi
579 1051 657 1081 etur
680 1045 726 1080 ad
749 1043 982 1079 hauriendum
1006 1048 1052 1086 et,
1077 1048 1118 1078 ut
1139 1044 1190 1078 ait
1212 1043 1283 1078 Ne-

203 1093 316 1128 ratius
347 1092 436 1127 libro
468 1091 571 1127 tertio
603 1091 906 1131 membranarum,
941 1089 1014 1124 sive
1046 1089 1078 1124 ei
1107 1089 1163 1123 ius
1194 1088 1283 1123 hau-

203 1137 315 1174 riendi
338 1142 374 1172 et
397 1135 549 1172 adeundi
573 1146 711 1171 cessum
734 1135 790 1176 sit,
816 1138 1006 1179 utrumque
1029 1133 1187 1175 habebit,
1212 1134 1285 1169 sive

203 1187 342 1218 tantum
364 1180 560 1222 hauriendi,
584 1181 700 1215 inesse
724 1184 760 1214 et
782 1178 937 1220 aditum,
962 1179 1035 1213 sive
1058 1183 1198 1214 tantum
1222 1179 1283 1214 ad-

202 1228 308 1263 eundi
331 1227 377 1262 ad
399 1227 544 1267 fontem,
568 1226 684 1260 inesse
707 1229 743 1260 et
766 1225 942 1259 haustum.
979 1224 1069 1259 haec
1089 1223 1134 1259 de
1153 1224 1285 1259 haustu

203 1284 248 1308 ex
277 1272 376 1308 fonte
405 1271 553 1316 privato.
590 1270 635 1305 ad
664 1269 798 1305 flumen
829 1272 949 1303 autem
979 1269 1163 1313 publicum
1193 1269 1285 1304 idem

202 1317 368 1353 Neratius
382 1316 503 1351 eodem
516 1315 607 1350 libro
628 1315 752 1350 scribit
769 1314 838 1349 iter
858 1313 987 1349 debere
1008 1313 1096 1356 cedi,
1117 1314 1285 1350 haustum

203 1373 288 1442 ΞΕ]
308 1365 481 1407 oportere,
517 1364 552 1395 et
575 1361 606 1395 si
636 1360 715 1404 quis
746 1364 886 1394 tantum
908 1359 1101 1394 haustum-¹
1127 1359 1283 1401 cesserit,

313 1417 392 1441 eum
461 1415 529 1440 ere.

247 1450 274 1488 4
297 1415 541 1486 Pipmffiiws
561 1448 652 1484 libro
676 1448 834 1484 secundo
849 1459 1106 1494 responsorum
1139 1448 1285 1484 Pecoris

202 1495 371 1543 pascendi
394 1495 623 1535 servitutes⁵,
654 1493 740 1528 item
772 1493 819 1528 ad
849 1503 979 1539 aquam
1003 1493 1223 1539 appellendi,
1256 1493 1285 1528 si

202 1541 337 1587 praedii
359 1540 496 1575 fructus
520 1539 671 1574 maxime
701 1539 738 1572 in
768 1548 898 1583 pecore
928 1539 1118 1581 consistat,
1150 1538 1285 1583 praedii

202 1586 311 1631 magis
334 1595 440 1631 quani
463 1593 636 1629 personae
659 1583 814 1618 videtur:
840 1584 871 1619 si
894 1587 1014 1619 tamen
1032 1588 1184 1619 testator
1229 1594 1283 1618 er-

202 1641 325 1667 sonam
348 1629 617 1671 demonstravit,
651 1629 709 1663 cui
733 1629 938 1664 servitutem
962 1629 1139 1674 praestari
1162 1639 1204 1663 vo
1222 1629 1283 1671 uit,

202 1687 256 1712 em
282 1676 351 1711 tori
380 1675 435 1710 vel
457 1674 577 1710 heredi
600 1684 672 1708 non
697 1673 819 1708 eadem
852 1674 1093 1719 praestabitur
1124 1674 1283 1709 servitus.

248 1687 280 1758 g)
304 1720 497 1756 ULPIANUS
510 1719 601 1755 libro
620 1719 769 1765 septimo
790 1719 925 1754 decimo
939 1719 989 1754 ad
999 1719 1152 1755 edictum
1187 1718 1283 1763 Ergo

207 1773 218 1801 1
268 1765 462 1801 secundum
494 1774 575 1799 eum
598 1767 635 1799 et
656 1763 828 1799 vindicari
851 1764 992 1809 poterit.
1040 1763 1210 1799 Neratius
1242 1764 1283 1798 li-

205 1811 274 1846 bris
294 1821 338 1845 ex
356 1809 496 1845 Plautio
520 1809 571 1844 ait
593 1818 660 1844 nec
683 1809 851 1844 haustum
874 1818 941 1844 nec
965 1809 1155 1854 appulsum
1178 1819 1284 1854 peco-

203 1857 274 1891 ris⁶
296 1865 362 1890 nec
393 1859 512 1890 cretae
543 1853 750 1889 eximendae
780 1854 960 1899 calcisque
991 1853 1198 1899 coquendae
1229 1854 1285 1888 ius

201 1910 306 1947 posse
327 1900 364 1935 in
387 1900 503 1935 alieno
527 1909 623 1941 esse,
656 1898 725 1933 nisi
754 1898 908 1934 fundum
930 1899 1086 1934 vicinum
1109 1899 1283 1934 habeat⁷:

203 1950 239 1982 et
267 1946 336 1981 hoc
360 1944 551 1980 Proculum
576 1948 612 1979 et
633 1943 840 1979 Atilicinum
872 1944 1094 1980 existimasse
1125 1944 1186 1979 ait.
1222 1943 1286 1979 sed

200 1991 277 2036 ipse
307 1990 435 2032 dicit⁸,
466 1993 508 2024 ut
538 1988 688 2024 maxime
720 1989 829 2024 calcis
861 1989 1066 2034 coquendae
1097 1994 1133 2024 et
1167 1992 1286 2024 cretae

202 2035 407 2071 eximendae
430 2034 579 2070 servitus
604 2034 773 2069 constitui
795 2034 927 2079 possit,
952 2045 1024 2070 non
1049 2035 1145 2069 ultra
1167 2044 1284 2079 posse,

201 2090 307 2127 quani
331 2083 505 2126 quatenus
529 2079 575 2114 ad
598 2089 678 2114 eum
700 2079 816 2124 ipsum
839 2079 990 2114 fundum
1014 2090 1104 2125 opus
1129 2079 1192 2114 sit:

247 2123 272 2163 6
296 2124 454 2160 PAULUS
481 2124 571 2160 libro
603 2125 728 2169 quinto
752 2124 887 2160 decimo
911 2124 961 2159 ad
982 2124 1167 2160 Plautium
1212 2123 1283 2159 vel-

200 2170 254 2206 uti
277 2170 307 2204 si
329 2169 465 2214 figlinas
489 2169 647 2211 haberet,
671 2169 708 2204 in
727 2169 855 2214 quibus
876 2179 919 2204 ea
938 2179 1025 2205 vasa
1043 2169 1182 2211 fierent,
1206 2169 1283 2214 qui-

202 2216 269 2251 bus
298 2214 438 2250 fructus
471 2214 546 2249 eius
576 2213 678 2249 fundi
710 2218 984 2259 exportarentur
1016 2215 1123 2254 (sicut
1145 2214 1182 2248 in
1206 2213 1283 2258 qui-

202 2259 352 2295 busdam
375 2259 426 2301 fit,
450 2263 491 2294 ut
514 2259 694 2304 amphoris
717 2259 836 2294 vinum
856 2259 1026 2294 evehatur
1045 2263 1109 2294 aut
1127 2263 1169 2293 ut
1189 2258 1285 2294 dolia

201 2304 320 2348 fiant),
351 2304 406 2339 vel
435 2304 572 2348 tegulae
602 2304 682 2339 vel⁹
705 2303 751 2339 ad
774 2304 892 2339 villam
915 2304 1184 2339 aedificandam.
1220 2303 1284 2339 sed

202 2350 250 2393 si,
281 2353 322 2385 ut
351 2359 437 2384 vasa
466 2349 626 2384 venirent
638 2350 684 2391 ¹⁰,
719 2349 861 2394 figlinae
893 2354 1161 2391 exercerentur,
1197 2359 1283 2384 usus

204 2398 218 2429 1
267 2394 405 2430 fructus
430 2394 506 2429 erit.
554 2394 643 2429 Item
663 2394 766 2438 longe
786 2394 921 2429 recedit
940 2394 986 2429 ab
1006 2404 1075 2429 usu
1094 2393 1215 2429 fructu
1227 2393 1283 2429 ius

202 2439 309 2475 calcis
334 2438 539 2484 coquendae
563 2443 596 2474 et
619 2439 747 2484 lapidis
772 2439 944 2474 eximendi
976 2443 1011 2474 et
1041 2439 1197 2474 harenae
1227 2438 1282 2474 fo-

200 2484 350 2519 diendae
380 2483 590 2519 aedificandi
622 2484 696 2519 eius
726 2484 842 2529 gratia
872 2484 967 2529 quod
1000 2484 1038 2519 in
1072 2483 1184 2519 fundo
1217 2488 1283 2526 est,

201 2529 285 2564 item
320 2529 428 2564 silvae
459 2528 633 2571 caeduae,
668 2532 709 2563 ιιι
739 2529 952 2574 pedamenta
983 2529 1020 2564 in
1053 2529 1176 2564 vineas
1210 2539 1284 2564 non

203 2574 327 2609 desint.
374 2573 458 2626 quid
493 2584 574 2618 ergo
607 2574 638 2609 si
668 2573 893 2619 praediorum
926 2574 1105 2609 meliorem
1137 2583 1283 2609 causam

202 2619 290 2654 haec
320 2618 479 2653 faciant?
513 2629 584 2654 non
616 2623 670 2654 est
700 2619 951 2662 dubitandum,
988 2619 1072 2664 quin
1104 2618 1283 2654 servitutis

201 2663 306 2698 sit¹¹:
339 2667 375 2698 et
396 2664 465 2698 hoc
489 2667 525 2698 et
547 2663 755 2699 Maecianus
778 2665 908 2709 probat
930 2665 967 2699 in
990 2668 1149 2706 tantum,
1183 2668 1224 2698 ut
1248 2668 1283 2698 et

202 2708 309 2743 talem
332 2708 532 2743 servitutem
557 2709 724 2744 constitui
748 2719 853 2754 posse
882 2714 1002 2754 putet,
1034 2714 1074 2744 ut
1103 2709 1282 2754 tugurium

203 2753 287 2787 mihi
310 2753 441 2787 habere
461 2753 583 2788 liceret
604 2754 641 2788 in
664 2758 746 2796 tuo,
771 2754 907 2790 scilicet
930 2755 960 2790 si
983 2755 1135 2789 habeam
1158 2754 1283 2799 pascui

203 2797 405 2832 servitutem
429 2802 492 2832 aut
514 2798 652 2842 pecoris
675 2799 893 2844 appellandi,
925 2803 975 2842 ut,
1008 2799 1038 2835 si
1062 2799 1204 2844 hiemps
1227 2799 1280 2834 in-

203 2842 346 2887 gruerit,
372 2842 520 2877 habeam
544 2854 613 2887 quo
637 2854 692 2879 me
715 2844 895 2889 recipiam.

250 2884 273 2923 7
299 2885 403 2921 Imm
434 2887 523 2922 libro
555 2889 743 2924 vicensimo
774 2891 895 2935 primo
931 2889 980 2925 ad
1014 2889 1167 2925 edictum
1214 2889 1281 2933 Qui

203 2931 291 2966 sella
313 2936 375 2965 aut
398 2931 523 2966 lectica
545 2932 701 2975 vehitur,
725 2934 795 2976 ire,
820 2945 893 2970 non
916 2944 1021 2979 agere
1045 2934 1193 2969 dicitur:
1226 2935 1280 2969 iu-

204 2980 359 3010 mentum
392 2985 473 3010 vero
509 2976 637 3012 ducere
672 2988 742 3013 non
777 2982 912 3024 potest,
949 2979 1009 3024 qui
1043 2979 1110 3014 iter
1142 2983 1281 3014 tantum

204 3019 320 3055 habet.
356 3020 417 3065 qui
440 3024 558 3055 actum
581 3021 705 3064 habet,
738 3028 772 3058 et
802 3024 975 3069 plostrum
1008 3024 1138 3059 ducere
1169 3028 1205 3059 et
1227 3024 1280 3059 iu-

203 3069 323 3100 menta
345 3075 448 3109 agere
470 3070 596 3110 potest.
629 3067 692 3102 sed
711 3068 874 3103 trahendi
893 3069 928 3104 la
954 3069 1046 3104 idem
1066 3073 1130 3104 aut
1148 3069 1281 3113 tignum

203 3110 319 3145 neutri
341 3119 462 3145 eorum
485 3111 540 3145 ius
564 3115 633 3145 est:
666 3113 807 3156 quidam
839 3124 904 3149 nec
954 3119 1068 3150 astam
1091 3119 1225 3148 rectam
1249 3113 1282 3149 ei

202 3154 295 3190 seire
325 3154 451 3196 licere,
487 3155 571 3199 quia
601 3166 713 3200 neque
744 3158 849 3193 eundi
880 3169 995 3204 neque
1018 3158 1144 3204 agendi
1166 3158 1282 3203 gratia

202 3198 240 3235 id
270 3198 407 3234 faceret
437 3203 472 3234 et
501 3205 647 3243 possent
676 3200 815 3238 fructus
846 3213 888 3238 eo
928 3203 1032 3240 modo
1071 3203 1174 3239 laedi.
1220 3203 1281 3248 qui

202 3243 294 3279 Vissm
317 3244 468 3295 habept·
500 3244 605 3279 eundi
636 3247 830 3291 agendique
861 3249 915 3283 ius
939 3249 1090 3284 habent:
1147 3248 1281 3293 lerique

203 3291 240 3324 et
259 3287 424 3324 trahendi
446 3299 585 3333 quoque
608 3294 644 3324 et
666 3296 798 3326 rectam
822 3293 961 3328 hastam
984 3259 1158 3329 referengi
1171 3293 1217 3335 ¹²,
1250 3293 1280 3328 si

206 3336 219 3368 1
270 3333 375 3370 modo
390 3332 529 3368 fructus
548 3344 619 3369 non
640 3334 768 3370 laedat.
817 3337 857 3371 In
876 3338 1018 3374 rusticis
1039 3342 1157 3374 autem
1202 3348 1279 3373 rae·

203 3378 270 3414 diis
284 3377 438 3458 ‘itmpedit
459 3378 661 3414 servitutem
684 3380 834 3416 medium
858 3383 1059 3426 praedium,
1091 3394 1160 3428 quo
1209 3393 1280 3418 non

203 3433 295 3459 servi
313 3449 322 3459 .

204 3537 243 3577 (ί)
268 3539 302 3568 et
310 3536 372 3570 del.
482 3537 525 3577 (2)
550 3536 677 3579 imponi
689 3537 717 3570 S

203 3580 358 3614 damento
366 3581 400 3614 F
484 3583 526 3622 (4)
550 3581 706 3614 haustum
716 3594 775 3615 om.
786 3582 824 3622 F,
834 3582 988 3616 haustum
998 3609 1005 3616 .
1018 3611 1025 3619 .
1036 3609 1043 3617 .
1055 3590 1186 3618 tantum
1196 3586 1271 3619 add.

204 3624 250 3657 F*
368 3627 412 3668 (⁶)
434 3626 576 3659 servitus
585 3626 665 3660 Hal.
788 3627 832 3669 (o)
855 3629 903 3661 sic
911 3629 948 3670 S,
960 3639 1019 3661 nec
1028 3629 1205 3672 appulsum
1215 3643 1274 3664 om.

207 3669 340 3713 F'ffloct
346 3670 476 3713 peeoris
485 3671 562 3704 add.
571 3669 625 3704 Γ*
680 3672 724 3713 (7)
747 3670 885 3704 habenti
894 3685 956 3705 scr.
1015 3676 1059 3715 (s)
1084 3674 1191 3707 adicit
1199 3675 1273 3708 deu.

205 3715 248 3755 (ο)
261 3714 312 3747 vol
322 3722 378 3748 aut
385 3716 447 3749 dcl.
456 3727 525 3749 cum
538 3716 611 3750 dcet.
622 3723 680 3749 aut
687 3716 747 3749 im.
756 3715 825 3749 alia
871 3718 931 3758 (ιο)
945 3718 1099 3751 venii-el?
1139 3719 1194 3761 (ιι)
1207 3729 1274 3751 ser-

1275 112 1351 159 116

1341 3585 1374 3619 F

2036 129 2097 160 DE
2125 128 2436 163 SERVITU'HBUS

1397 231 1423 273 8
1450 235 1574 272 GAws
1591 235 1683 273 libro
1701 237 1851 283 septimo
1872 237 2084 274 adedictum
2089 238 2316 284 provinciale
2350 238 2440 276 Viae

1351 280 1502 316 latitudo
1534 291 1578 316 ex
1608 281 1620 316 1
1664 292 1684 317 e
1714 282 1900 324 duodecim
1931 282 2136 318 tabularum
2166 283 2204 318 in
2260 287 2436 320 orrectum

1352 329 1434 405 octto
1458 325 1567 406 pgdes
1590 291 1718 369 hgget,
1749 327 1787 362 in
1810 327 2030 370 anfractum,
2061 327 2097 363 id
2130 332 2184 363 est
2214 339 2238 363 u
2262 328 2277 363 i
2305 327 2436 365 flexum

1353 381 1391 406 es
1409 396 1418 410 ‚
1444 380 1482 406 se
1509 381 1608 407 ecim.

1399 412 1424 452 9
1449 414 1506 450 ΡΑ
1513 425 1608 451 taus
1623 415 1714 452 libro
1719 417 1844 470 primo
1855 418 2114 452 sententiarum
2155 416 2312 453 Servitus
2324 428 2438 464 aquae

1354 459 1539 496 ducendae
1561 460 1617 496 vel
1638 460 1856 497 hauriendae
1874 461 1942 497 nisi
1960 471 2006 497 ex
2026 462 2143 507 capite
2162 463 2217 498 vel
2237 473 2281 498 ex
2298 462 2399 499 fonte
2412 463 2440 486 ¹³

1354 505 1522 540 constitui
1542 516 1614 541 non
1633 509 1767 550 potest:
1791 506 1896 542 hodie
1915 511 2032 542 tamen
2053 517 2096 542 ex
2115 518 2339 553 quocumque
2357 508 2437 545 loco

1355 550 1522 585 constitui
1546 550 1645 586 solet.

1403 592 1453 632 10
1485 594 1593 630 IDEM
1619 595 1710 631 libro
1742 595 2045 642 quadraqensimo
2077 607 2173 632 nono
2205 596 2255 632 ad
2285 596 2438 634 edictum

1353 639 1476 675 Labeo
1498 640 1550 674 ait
1567 639 1674 675 talem
1694 640 1897 676 servitutem
1919 641 2087 676 constitui
2105 651 2222 686 posse,
2246 646 2288 677 ut
2309 652 2332 677 a
2357 653 2438 679 uam

1355 694 1525 729 quaerere
1556 689 1592 720 et
1621 685 1798 721 inventam
1830 685 1961 721 ducere
1991 686 2116 721 liceat:
2152 697 2235 721 nam
2269 686 2300 722 si
2360 691 2439 722 ceat

1354 729 1513 765 nondum
1548 730 1735 766 aedificato
1771 730 1933 766 aedificio
1970 731 2174 766 servitutem
2210 732 2438 775 constituere,

1354 784 1465 854 guare
1488 786 1560 810 non
1584 785 1696 820 aeque
1718 775 1826 810 liceat
1849 775 2006 811 nondum
2029 775 2172 811 inventa
2195 786 2289 822 aqua
2304 778 2330 798 ¹⁴
2355 787 2438 812 ean-

1379 829 1435 854 em
1459 820 1676 855 constituere
1699 820 1928 856 servitutem?
1953 824 1989 855 et
2008 820 2049 862 si,
2074 825 2114 855 ut
2133 831 2302 866 quaerere
2319 821 2436 864 liceat,

1354 864 1479 899 cedere
1513 875 1720 910 possumus,
1765 866 1870 900 etiam
1902 870 1943 900 ut
1976 865 2120 900 inventa
2155 866 2326 909 ducatur,
2363 866 2440 902 cedi

1380 913 1484 944 otest.

1353 920 1376 954 p
1403 953 1450 991 11
1481 954 1626 991 Cusas
1641 954 1732 990 libro
1753 955 1941 990 vicensimo
1956 956 2106 1001 septimo
2119 955 2338 1002 diqestorum
2371 955 2441 992 Per

1353 999 1516 1041 fundum,
1541 1000 1601 1045 qui
1623 1000 1775 1044 plurium
1800 1005 1873 1042 est,
1897 1000 1952 1035 ius
1975 1000 2062 1035 mihi
2085 1010 2163 1036 esse
2187 1001 2291 1036 eundi
2315 1001 2440 1047 agendi

1354 1049 1473 1089 potest
1498 1045 1690 1090 separatim
1714 1045 1803 1080 cedi.
1838 1055 1920 1090 ergo
1945 1045 2067 1090 suptili
2089 1045 2227 1081 ratione
2247 1057 2319 1081 non
2339 1046 2441 1081 aliter

1354 1099 1471 1124 nieum
1495 1089 1558 1125 fiet
1579 1090 1655 1132 ius,
1687 1100 1793 1134 quam
1826 1090 1856 1125 si
1887 1100 2010 1125 omnes
2042 1090 2172 1125 cedant
2195 1094 2231 1125 et
2253 1091 2442 1126 novissima

1354 1134 1494 1169 demum
1535 1135 1696 1170 cessione
1735 1135 1934 1180 superiores
1966 1145 2086 1170 omnes
2118 1135 2439 1171 confirmabuntur:

1354 1179 1539 1225 benignius
1563 1184 1682 1215 tamen
1707 1180 1844 1215 dicetur
1868 1184 1903 1215 et
1922 1185 2112 1225 antequam
2131 1180 2341 1216 novissimus
2363 1191 2439 1216 ces·-

1354 1225 1450 1267 serit,
1477 1235 1557 1267 eos,
1582 1225 1642 1270 qui
1665 1230 1772 1260 antea
1796 1230 1997 1268 cesserunt,
2024 1229 2142 1260 vetare
2164 1226 2218 1260 uti
2241 1237 2340 1262 cesso
2365 1226 2442 1262 iure

1355 1280 1426 1304 non
1477 1280 1568 1305 osse.

1403 1280 1731 1351 12PM01>ESTINUS
1760 1315 1851 1351 libro
1886 1326 1981 1350 nono
2013 1315 2298 1361 differentiarum
2346 1315 2442 1351 Inter

1354 1363 1474 1395 actum
1499 1364 1535 1394 et
1558 1360 1626 1395 iter
1649 1360 1822 1396 nonnulla
1846 1364 1900 1396 est
1923 1359 2141 1396 differentia:
2166 1360 2234 1395 iter
2258 1364 2313 1395 est
2337 1360 2440 1403 enim,

1355 1415 1426 1449 qua
1461 1405 1539 1450 quis
1574 1405 1682 1450 pedes
1713 1405 1768 1440 vel
1799 1415 1906 1450 eques
1939 1415 2136 1441 commeare
2165 1409 2303 1450 potest,
2339 1410 2441 1441 actus

1354 1460 1456 1529 itero,
1481 1450 1543 1485 ubi
1567 1455 1603 1485 et
1626 1454 1787 1486 armenta
1810 1451 1962 1486 traicere
1976 1451 2003 1472 ¹⁵
2028 1455 2063 1486 et
2085 1450 2283 1486 vehiculum
2308 1449 2441 1486 ducere

1367 1495 1471 1530 iceat.

1406 1537 1455 1577 13
1482 1539 1527 1574 IA
1537 1549 1708 1575 VOLENUS
1736 1540 1826 1576 libro
1849 1540 1984 1575 decimo
2009 1551 2059 1575 ex
2085 1539 2205 1576 Cassio
2253 1539 2357 1576 Certo
2380 1551 2440 1586 ge-

1355 1585 1432 1620 neri
1462 1595 1627 1629 agrorum
1658 1585 1796 1630 adquiri
1827 1585 1976 1620 servitus
2007 1588 2143 1630 potest,
2183 1585 2280 1620 velut
2318 1585 2441 1627 vineis,

1355 1630 1451 1675 quod
1484 1639 1527 1665 ea
1557 1630 1603 1664 ad
1635 1630 1748 1665 solum
1779 1630 1890 1675 magis
1915 1640 2020 1675 quam
2043 1630 2090 1665 ad
2113 1630 2336 1675 superficiem
2360 1641 2440 1675 per-

1354 1676 1453 1710 tinet.
1489 1674 1570 1710 ideo
1594 1675 1743 1710 sublatis
1767 1675 1876 1711 vineis
1900 1676 2050 1711 servitus
2074 1675 2248 1710 manebit:
2273 1676 2335 1710 sed
2354 1676 2439 1711 siin

1355 1719 1598 1755 contrahenda
1621 1720 1789 1756 servitute
1812 1720 1910 1755 aliud
1933 1724 2052 1755 actum
2076 1720 2152 1762 erit,
2175 1720 2250 1756 doli
2272 1721 2356 1755 mali
2380 1731 2439 1755 ex-

1357 1768 1381 1799 1·
1423 1765 1538 1810 ceptio
1563 1765 1630 1800 erit
1659 1766 1872 1800 necessaria.
1921 1765 1958 1800 Si
1987 1770 2084 1800 totus
2116 1776 2199 1810 ager
2229 1765 2345 1801 itineri
2378 1770 2441 1800 aut

1355 1810 1452 1845 actui
1476 1810 1601 1852 servit,
1637 1810 1801 1846 dominus
1824 1810 1861 1845 in
1884 1821 1926 1845 eo
1950 1821 2035 1855 agro
2060 1810 2147 1845 nihil
2169 1809 2288 1846 facere
2311 1814 2440 1856 potest,

1355 1866 1424 1899 quo
1438 1855 1587 1890 servitus
1599 1855 1825 1900 impediatur,
1847 1865 1939 1900 quae
1957 1855 2008 1890 ita
2027 1854 2156 1890 diffusa
2169 1859 2232 1897 est,
2259 1860 2299 1890 ut
2319 1866 2440 1891 omnes

1353 1900 1500 1944 glaebae
1531 1900 1704 1943 serviant,
1737 1905 1801 1935 aut
1814 1901 1841 1921 ¹⁶
1864 1900 1894 1935 si
1923 1901 1991 1935 iter
2015 1905 2161 1936 actusve
2184 1900 2260 1935 sine
2284 1901 2357 1935 ulla
2380 1900 2440 1936 de-

1354 1945 1603 1980 terminatione
1622 1945 1759 1990 legatus
1781 1949 1853 1981 est:
1879 1945 1984 1981 modo
2006 1945 2297 1981 determinabitur
2316 1949 2352 1981 et
2370 1956 2441 1990 qua

1354 1991 1506 2035 primum
1527 1990 1595 2025 iter
1614 1990 1885 2026 determinatum
1906 1994 1969 2033 est,
1995 2001 2038 2025 ea
2057 1990 2205 2026 servitus
2227 1991 2386 2026 constitit
2400 1992 2438 2033 ¹⁷,

1355 2040 1494 2070 ceterae
1517 2039 1639 2080 partes
1663 2036 1738 2081 agri
1761 2035 1894 2071 liberae
1918 2039 2020 2071 sunt:
2054 2036 2065 2070 i
2091 2036 2162 2070 'tur
2193 2035 2326 2071 arbiter
2350 2035 2438 2071 dan-

1355 2080 1420 2115 dus
1445 2084 1517 2122 est,
1573 2081 1610 2115 ui
1641 2085 1792 2126 utroque
1824 2091 1910 2116 casu
1939 2081 2031 2115 viam
2063 2047 2298 2116 determinare
2322 2080 2437 2116 debet.

1356 2127 1375 2159 2
1423 2092 1595 2160 Latitudo
1621 2130 1724 2161 actus
1755 2125 1961 2170 itinerisque
1992 2136 2036 2160 ea
2066 2130 2138 2168 est,
2170 2135 2263 2170 quae
2294 2124 2438 2162 demon-

1354 2174 1469 2205 strata
1494 2175 1564 2205 est:
1599 2170 1694 2215 quod
1719 2170 1749 2206 si
1773 2170 1859 2206 nihil
1883 2170 2018 2205 dictum
2042 2175 2115 2213 est,
2140 2170 2209 2205 hoc
2233 2170 2278 2205 ab
2303 2171 2436 2206 arbitro

1353 2215 1582 2250 statuendum
1606 2219 1669 2250 est.
1706 2215 1743 2250 in
1766 2216 1823 2250 via
1845 2215 1943 2250 aliud
1966 2215 2054 2251 iuris
2078 2219 2148 2251 est:
2182 2225 2264 2250 nam
2289 2215 2318 2250 si
2343 2215 2438 2251 dicta

1354 2262 1373 2294 3
1420 2259 1570 2295 latitudo
1596 2270 1668 2295 non
1693 2264 1757 2302 est,
1781 2260 1935 2313 legitima
1957 2260 2116 2295 debetur.
2165 2259 2203 2295 Si
2233 2260 2333 2296 locus
2366 2271 2438 2295 non

1353 2304 1494 2339 adiecta
1517 2305 1703 2340 latitudine
1734 2310 1935 2340 nominatus
1967 2309 2039 2347 est,
2071 2315 2136 2350 per
2167 2315 2247 2340 eum
2279 2305 2438 2350 qualibet

1351 2349 1395 2384 iri
1419 2350 1566 2394 poterit:
1592 2350 1647 2385 sin
1671 2354 1789 2385 autem
1812 2350 2080 2395 praetermissus
2104 2354 2159 2385 est
2181 2359 2293 2395 aeque
2315 2350 2435 2385 latitu-

1353 2394 1434 2429 dine
1458 2405 1529 2429 non
1553 2394 1703 2437 adiecta,
1728 2406 1791 2440 per
1814 2399 1927 2430 totum
1946 2394 2096 2430 fundum
2116 2405 2188 2430 una
2206 2395 2338 2439 poterit
2359 2394 2437 2440 eligi

1352 2439 1409 2474 via
1433 2439 1619 2474 dumtaxat
1642 2440 1717 2475 eius
1741 2440 1946 2482 latitudinis,
1971 2450 2062 2485 quae
2084 2440 2160 2492 lege
2184 2439 2438 2485 comprehensa

1352 2488 1423 2519 est:
1449 2495 1513 2529 pro
1538 2495 1607 2529 quo
1632 2485 1722 2530 ipso,
1747 2485 1777 2520 si
1801 2485 2031 2527 dubitabitur,
2055 2484 2180 2520 arbitri
2203 2484 2360 2520 officium
2382 2485 2436 2520 in-

1352 2529 1550 2565 vocandum
1576 2534 1640 2565 est.

1401 2573 1451 2611 14
1475 2574 1704 2610 Pomomvs
1731 2574 1823 2610 libro
1848 2575 2054 2621 triqensimo
2077 2574 2232 2610 secundo
2256 2574 2306 2610 ad
2327 2573 2436 2618 Quin—

1353 2624 1426 2654 tum
1449 2618 1609 2655 Mucium
1655 2619 1725 2654 Per
1769 2630 1849 2654 uem
1868 2620 1986 2655 locum
2004 2620 2096 2654 viam
2116 2619 2175 2654 alii
2196 2629 2348 2662 cessero,
2398 2630 2437 2655 er

1352 2664 1501 2699 eundem
1526 2664 1585 2699 alii
1609 2675 1722 2709 aquae
1770 2669 1892 2699 uctum
1916 2663 2041 2700 cedere
2062 2675 2132 2699 non
2151 2668 2294 2716 potero:
2322 2675 2360 2700 se
2401 2669 2437 2700 et

1352 2709 1383 2744 si
1407 2719 1522 2754 aquae
1546 2709 1692 2744 ductum
1716 2709 1776 2744 alii
1808 2719 2036 2751 concessero,
2068 2709 2127 2744 alii
2157 2713 2225 2744 iter
2255 2719 2318 2754 per
2349 2719 2433 2745 eun-

1352 2754 1430 2790 dem
1454 2754 1572 2789 locum
1595 2754 1748 2790 vendere
1772 2754 1826 2790 vel
1849 2754 1938 2790 alias
1963 2753 2088 2790 cedere
2110 2764 2183 2789 non
2205 2759 2342 2799 potero.

1401 2798 1450 2836 15
1476 2799 1583 2834 IDEM
1601 2799 1692 2835 libro
1717 2800 1924 2852 triqensimo
1940 2800 2064 2852 primo
2089 2799 2138 2834 ad
2161 2798 2331 2841 Quintum
2354 2798 2434 2835 Mu-

1351 2845 1444 2879 cium
1492 2844 1644 2888 Quintus
1676 2844 1818 2880 Mucius
1849 2844 1991 2886 scribit,
2025 2854 2106 2879 cum
2135 2844 2204 2879 iter
2281 2854 2349 2880 uae
2380 2845 2434 2880 vel

1352 2889 1567 2924 cottidianae
1597 2889 1651 2923 vel
1683 2889 1839 2924 aestivae
1869 2889 1923 2924 vel
1947 2899 2040 2934 quae
2063 2888 2249 2924 intervalla
2286 2889 2434 2934 ongiora

1350 2934 1483 2970 habeat
1505 2945 1570 2986 per
1592 2934 1744 2969 alienum
1759 2933 1909 2969 fundum
1930 2934 2006 2975 erit,
2031 2933 2138 2969 licere
2157 2933 2312 2969 fistulam
2332 2944 2432 2969 suam

1350 2979 1405 3014 vel
1447 2979 1591 3014 fictilem
1626 2979 1679 3014 vel
1714 2978 1903 3014 cuiuslibet
1936 2979 2075 3024 generis
2109 2979 2147 3014 in
2179 2979 2254 3014 rivo
2289 2989 2432 3031 ponere,

1374 3034 1442 3059 uae
1465 3034 1595 3068 aquam
1617 3023 1724 3058 latius
1749 3023 1969 3068 exprimeret,
1994 3029 2030 3058 et
2053 3023 2147 3069 quod
2170 3023 2275 3059 vellet
2297 3035 2334 3059 in
2356 3023 2431 3059 rivo

1366 3078 1486 3110 acere,
1510 3068 1635 3110 licere,
1660 3068 1742 3103 dum
1768 3078 1813 3103 ne
1836 3068 1976 3104 domino
2002 3068 2137 3114 praedii
2160 3068 2348 3114 aquagium
2371 3068 2430 3104 de-

1349 3113 1460 3149 terius
1483 3113 1629 3148 faceret.

1400 3155 1450 3196 16
1478 3158 1761 3194 Camsmsws
1777 3157 1868 3194 libro
1889 3159 1992 3194 lertio
2012 3157 2056 3193 de
2068 3157 2333 3213 coqnitiom‘bus
2366 3157 2430 3193 Di·

1351 3214 1416 3239 vus
1438 3203 1525 3239 Pius
1548 3202 1746 3248 aucupibus
1770 3202 1821 3237 ita
1844 3203 2043 3248 rescripsit:
2077 3216 2140 3236 ουκ
2164 3205 2263 3237 ἔστιν
2286 3200 2430 3249 εὔλογον

1353 3245 1519 3333 ἀεκόντων
1548 3250 1624 3282 τῶν
1655 3245 1844 3282 δεσποτῶν
1873 3247 1959 3292 ὑμᾶς
1990 3250 2030 3281 ἐν
2061 3244 2258 3292 ἀλλοτρίοις
2285 3251 2430 3293 χωρίοις

1353 3294 1365 3327 ἱ
1388 3291 1528 3327 εύεινίῧ.

1401 3336 1450 3375 17
1475 3337 1668 3373 Pipmws
1687 3335 1830 3373 Ivsws
1850 3335 1940 3372 libro
1957 3337 2080 3383 primo
2104 3335 2149 3371 de
2172 3337 2428 3373 constitutioni-

1352 3383 1418 3419 bus
1462 3383 1700 3428 Imperatores
1733 3381 1937 3417 Antoninus
1974 3386 2009 3417 et
2040 3380 2153 3417 Verus
2184 3381 2337 3427 Augusti
2371 3391 2427 3417 re-

1350 3427 1567 3473 scripserunt
1590 3438 1719 3473 aquam
1743 3425 1787 3462 de
1809 3425 1954 3462 flumine
1972 3425 2113 3472 publico
2132 3436 2199 3472 pro
2219 3425 2323 3462 modo
2342 3436 2426 3472 pos·
2488 3426 2500 3450 ³³

824 3540 865 3580 (³)
890 3539 1048 3574 sicScum
1061 3540 1274 3583 Graecisms-
1341 3540 1431 3573 vitus
1440 3541 1486 3573 sit
1494 3540 1531 3582 S,
1542 3540 1719 3572 servitutes
1727 3539 1864 3572 sintscr.
1913 3541 1971 3581 (12)
1989 3538 2117 3571 ferendi
2126 3540 2200 3572 dett.
2249 3539 2306 3579 (1³)
2322 3540 2426 3580 ponte
2508 3576 2513 3585 ἱ

1469 3586 1526 3626 (14)
1551 3594 1694 3627 aquaere
1711 3583 2302 3626 (onaaeoqaeandem...quaererelF¹,
2318 3592 2424 3624 aquae
2492 3585 2501 3597 l

1341 3630 1376 3663 F
1381 3629 1396 3649 ²
1494 3630 1552 3671 (15)
1580 3630 1742 3662 traiecere
1750 3628 1785 3662 F
1879 3631 1938 3670 (ιο)
1963 3632 1998 3661 at
2005 3627 2082 3661 ΡΒ
2186 3629 2243 3668 (17)
2268 3627 2425 3660 consistit

1343 3674 1415 3707 edd.
1554 3674 1616 3715 (ιδ)
1643 3674 1681 3708 id
1687 3681 1735 3708 ut
1741 3683 1810 3706 non
1818 3671 1919 3706 habet
1928 3674 2090 3706 rationem
2099 3683 2156 3705 vos
2165 3671 2201 3706 in
2210 3671 2331 3705 alienis
2338 3671 2422 3705 locis

1342 3718 1461 3751 invitis
1470 3717 1616 3752 dominis
1624 3717 1786 3761 aucupari
2329 3742 2333 3743 γ
