2528 3918
123 145 178 174 ΕΤ
206 145 266 174 ΒΕ
296 144 497 175 EFFECTU
527 144 739 175 SENTENT.

121 256 347 298 intervenire,
382 260 421 290 ut
451 255 567 300 ipsam
597 265 671 290 rem
703 253 882 288 addictam
907 252 1052 296 capiant
1075 255 1112 288 et
1135 252 1207 287 (115-

121 302 282 344 trahant,
315 301 418 346 quasi
446 301 626 336 nondum¹
659 299 800 334 vinculo
824 298 983 342 pignoris
1007 298 1205 334 liberatam.

121 350 140 381 8
189 346 248 381 Sic
272 357 413 392 quoque
437 346 572 381 iudices
590 347 830 389 exsequentur
846 342 1055 386 iudicatum,
1080 347 1122 379 ut
1142 354 1206 378 no-

120 392 215 426 mina
246 392 324 427 iure
353 391 510 437 pignoris
541 390 700 442 capiant,
733 389 764 425 si
795 388 884 423 nihil
913 388 1011 424 aliud
1041 388 1088 424 sit
1111 388 1208 433 quod

121 437 202 482 capi
232 437 364 482 possit:
403 446 509 482 posse
546 445 639 470 enim
670 445 799 470 nomen
830 444 907 468 iure
936 433 1094 478 pignoris
1127 432 1209 478 capi

120 485 140 516 9
187 483 381 527 imperator
400 484 521 517 noster
538 480 735 525 rescripsit.
772 478 843 514 Sed
863 483 985 513 utrum
1004 479 1207 514 confessum

120 538 249 562 nomen
272 531 410 562 tantum
435 526 516 571 capi
538 526 654 571 possit
678 536 724 560 an
748 524 857 560 etiam
881 524 911 558 si
934 528 1040 568 neget
1065 524 1144 569 quis
1168 533 1207 559 se

120 573 259 615 debere,
285 572 475 607 videamus.
525 575 560 606 et
583 570 694 615 magis
719 574 784 610 est,
809 573 850 604 ut
873 569 910 604 id
934 569 1122 604 dumtaxat
1147 579 1207 604 ca-

120 619 248 662 piatur,
275 617 370 662 quod
391 616 599 652 confitetur:
626 619 784 651 ceterum
802 614 833 649 si
850 618 1011 659 negetur,
1035 614 1207 659 aequissi-

120 674 214 697 mum
238 663 308 698 erit
331 662 465 697 discedi
488 672 511 696 a
530 661 682 704 nomine,
708 660 777 695 nisi
793 659 888 695 forte
909 660 987 704 quis
1008 670 1108 695 exem
1134 660 1208 695 lum

118 712 262 743 secutus
288 707 526 752 corporalium
549 707 736 752 pignerum
759 705 855 740 ultra
872 705 1090 750 processerit
1134 705 1141 712 ‘
1170 715 1207 740 e-

118 754 234 798 ritque
257 753 355 798 ipsos
380 753 510 788 debere
532 752 669 787 iudices
694 752 737 786 de
756 750 899 786 nomine
918 760 1143 795 cognoscere,
1167 753 1209 785 ut

119 802 338 843 cognoscunt
357 797 401 833 de
417 797 654 843 proprietate:
680 796 742 832 sed
763 800 891 832 contra
907 795 1124 842 rescriptum
1142 799 1207 830 est.

123 848 160 878 10
207 844 299 878 Item
330 843 416 888 quid
440 843 623 878 dicemus?
663 846 783 877 utrum
810 842 823 876 i
850 841 881 876 si
911 841 1047 877 iudices
1078 851 1206 877 conve-

120 890 217 924 nient
241 899 370 924 nomen
394 889 604 934 exigentque
633 887 670 922 id
699 887 795 932 quod
851 887 977 922 ebetur
1001 890 1036 921 et
1058 887 1095 921 in
1121 897 1206 922 cau-

117 937 216 969 sam2
247 934 395 969 iudicati
428 937 654 976 convertent,
690 943 738 967 an
768 943 852 968 vero
884 932 1038 967 vendent
1066 943 1207 974 nomen,

117 983 157 1014 ut
179 979 330 1024 pignora
351 990 392 1014 co
440 979 553 1014 oralia
570 979 711 1014 solent?
744 981 780 1013 et
796 988 944 1013 necesse
964 981 1029 1022 est,
1054 981 1095 1012 ut
1112 977 1208 1023 quod

116 1026 166 1060 eis
191 1024 332 1060 facilius
361 1025 395 1059 vi
421 1028 525 1060 eatur
557 1024 603 1059 ad
633 1034 708 1059 rem
739 1023 1021 1068 exsequendam,
1051 1024 1121 1059 1100
1152 1023 1207 1058 fa-

122 1074 156 1104 ll
208 1070 316 1106 ciant.
365 1070 437 1106 Sed
465 1074 502 1106 et
531 1070 562 1105 si
591 1069 745 1115 pecunia
767 1079 878 1114 penes
903 1069 1126 1113 argentarios
1152 1069 1207 1112 sit,

117 1126 229 1161 aeque
262 1116 342 1161 capi
371 1116 474 1151 solet.
522 1116 590 1150 hoc
629 1114 782 1160 amplius
823 1119 860 1149 et
895 1115 926 1150 si
956 1124 1066 1159 penes
1098 1114 1209 1149 alium

117 1172 233 1206 quem,
259 1161 438 1197 destinata
460 1165 580 1196 tamen
602 1160 644 1204 ei,
670 1160 731 1205 qui
749 1160 1006 1195 condemnatus
1026 1164 1091 1203 est,
1117 1160 1209 1195 solet

116 1207 275 1252 pignoris
310 1206 389 1242 iure
427 1206 509 1252 capi
543 1210 579 1242 et
609 1206 767 1241 converti
798 1206 836 1240 in
868 1215 1015 1240 causam
1046 1205 1207 1240 iudicati.

122 1256 159 1286 12
208 1252 401 1288 Praeterea
430 1252 621 1297 pecuniam
656 1261 798 1296 quoque
833 1250 1031 1295 depositam
1066 1251 1209 1286 nomine

117 1297 343 1333 condemnati
366 1298 421 1333 vel
444 1297 480 1332 in
505 1307 627 1332 arcam
650 1297 828 1332 reclusam
853 1296 971 1331 solent
995 1306 1143 1341 capere,
1169 1300 1209 1330 ut

115 1343 274 1378 iudicato
298 1343 463 1378 satisfiat.
510 1343 580 1377 hoc
612 1341 765 1387 amplius
798 1345 833 1377 et
863 1341 895 1376 si
925 1341 1113 1386 pupillaris
1145 1353 1208 1387 pe-

116 1389 222 1423 cunia
244 1388 282 1423 in
306 1399 427 1423 arcam
451 1388 608 1432 reposita
632 1387 679 1423 sit
702 1387 748 1422 ad
772 1386 1001 1432 praediorum
1020 1397 1208 1432 compara-

114 1434 264 1478 tionem,
290 1438 326 1468 et
350 1434 440 1469 citra
463 1433 676 1479 permissum
700 1433 878 1478 praetoris
903 1432 949 1467 ab
975 1442 1036 1475 eo,
1062 1434 1122 1477 qui
1147 1443 1207 1468 ex-

116 1479 276 1523 sequitur
299 1479 513 1522 iudicatum,
549 1478 640 1514 solet
664 1479 745 1523 capi
768 1482 805 1513 et
826 1478 864 1513 in
890 1488 1036 1513 causam
1059 1478 1210 1513 iudicati

116 1525 284 1559 converti.

165 1567 214 1607 16
247 1569 461 1605 ΠιΡΙΑΝυε3
492 1569 583 1605 libro
612 1569 868 1615 seaeaqensimo
903 1569 1007 1604 tertio
1041 1568 1090 1603 ad
1113 1569 1207 1605 edio-

115 1619 190 1649 tum
223 1614 315 1650 Sunt
339 1615 401 1660 qui
424 1616 461 1650 in
484 1614 522 1650 id
547 1614 644 1659 quod
668 1614 788 1649 facere
811 1617 965 1659 possunt
990 1615 1208 1649 conveniun-

115 1665 185 1702 tur,
210 1660 247 1695 id
272 1664 325 1696 est
348 1672 421 1696 non
446 1660 598 1696 deducto
625 1670 708 1695 aere
732 1660 860 1694 alieno.
897 1663 934 1694 et
958 1659 1100 1704 quidem
1124 1664 1210 1695 sunt

116 1707 151 1740 hi
175 1706 262 1740 fere.
311 1706 373 1751 qui
403 1717 469 1751 pro
495 1706 592 1741 socio
620 1705 880 1740 conveniuntur
912 1705 1064 1747 (socium
1088 1709 1208 1741 autem

117 1751 273 1786 omnium
295 1752 474 1787 bonorum
498 1751 747 1795 accipiendum
770 1755 857 1788 est):
881 1750 966 1785 item
990 1761 1138 1796 parens:

165 1794 215 1833 17
241 1797 349 1831 IDEM
375 1797 465 1833 libro
497 1796 632 1832 decimo
663 1796 713 1831 ad
742 1796 896 1831 edictum
942 1801 1119 1840 patronus
1142 1807 1207 1841 pa-

116 1846 220 1877 trona
243 1842 417 1887 liberique
447 1852 571 1877 eorum
595 1845 631 1876 et
661 1844 845 1886 parentes:
879 1841 964 1876 item
989 1842 1139 1877 maritus
1164 1842 1208 1877 de

116 1888 198 1923 dote
222 1888 259 1922 in
280 1887 319 1923 id
343 1887 441 1932 quod
464 1887 584 1922 facere
607 1892 728 1932 potest
752 1886 979 1922 convenitur:

164 1930 239 1970 18⁴
271 1926 378 1968 IDEM
413 1933 505 1969 libro
540 1933 795 1978 sexaqensimo
833 1935 939 1967 sexto
970 1932 1020 1967 ad
1051 1932 1206 1967 edictum

115 1979 199 2013 item
222 1978 340 2021 miles,
374 1979 435 2022 qui
458 1978 525 2014 sub
551 1982 690 2012 armata
713 1977 839 2012 militia
863 1977 1042 2022 stipendia
1065 1977 1206 2020 meruit,

117 2023 373 2104 colndemnatus
393 2028 553 2067 eatenus,
578 2027 754 2068 quatenus
774 2022 895 2058 facere
913 2027 1042 2067 potest,
1070 2023 1209 2067 cogitur

116 2080 154 2104 so
172 2079 264 2104 vere.

165 2112 240 2152 19⁵
264 2114 423 2150 Parmos
452 2114 543 2150 libro
567 2117 674 2149 seoeto
698 2113 748 2148 ad
771 2113 956 2148 Plautium
1003 2113 1103 2148 Inter
1135 2123 1208 2156 eos,

117 2161 246 2205 quibus
280 2170 325 2195 ex
356 2159 480 2195 eadem
513 2169 625 2194 causa
649 2159 817 2201 debetur,
851 2159 1061 2203 occupantis
1085 2158 1210 2194 melior

118 2206 277 2241 condicio
302 2209 359 2241 est
382 2215 448 2240 nec
471 2204 669 2248 deducitur,
697 2204 793 2249 quod
813 2203 971 2239 eiusdem
989 2204 1209 2240 condicionis

117 2251 318 2286 hominibus
344 2251 511 2293 debetur,
546 2250 654 2285 sicuti
682 2249 723 2284 fit
746 2249 783 2284 in
808 2249 851 2284 de
874 2249 1016 2294 peculio
1047 2250 1208 2285 actione:

117 2307 200 2331 nam
230 2300 268 2331 et
298 2296 357 2331 hic
388 2296 600 2340 occupantis
633 2295 759 2330 melior
783 2299 838 2330 est
862 2305 984 2330 causa.
1032 2294 1095 2330 sed
1119 2299 1156 2330 et
1179 2295 1210 2331 si

118 2352 200 2377 cum
257 2345 335 2377 atre
365 2345 562 2386 patronove
593 2345 739 2385 agetur,
771 2351 843 2376 non
875 2343 930 2375 est
960 2340 1208 2375 deducendum

119 2397 180 2422 aes
205 2398 227 2422 a
244 2386 372 2429 'enum,
404 2386 556 2421 maxime
580 2385 676 2431 quod
700 2385 857 2421 eiusdem
883 2385 1102 2421 condicionis
1125 2397 1207 2432 per-

124 2437 133 2467 1
185 2433 283 2468 501115
308 2432 513 2474 debebitur,
543 2435 584 2466 ut
613 2431 733 2466 liberis
764 2431 902 2466 libertis
913 2432 938 2466 ⁶.
985 2431 1022 2467 Is
1055 2441 1207 2476 quoque,

117 2478 178 2523 qui
201 2488 245 2513 ex
270 2488 381 2513 causa
405 2477 607 2513 donationis
632 2477 859 2519 convenitur,
891 2476 930 2511 in
954 2481 1128 2521 quantum
1151 2476 1206 2511 fa-

117 2533 197 2558 0010
221 2527 342 2568 potest
366 2523 626 2558 condemnatur
649 2526 685 2557 et
709 2522 850 2567 quidem
874 2522 904 2557 is
929 2522 1027 2558 solus
1052 2522 1207 2558 deducto

117 2579 199 2604 aere
234 2569 368 2603 alieno:
404 2572 441 2604 et
475 2568 569 2603 inter
603 2578 676 2609 eos,
715 2567 844 2611 quibus
878 2577 923 2602 ex
957 2567 1064 2602 simili
1099 2578 1209 2603 causa

116 2614 269 2659 pecunia
293 2614 455 2656 debetur,
482 2613 690 2657 occupantis
714 2612 834 2658 potior
856 2613 924 2647 erit
944 2622 1066 2648 causa.
1102 2614 1207 2648 immo

117 2670 183 2694 nec
205 2663 321 2694 totum
346 2659 442 2704 quod
466 2659 575 2693 habet
598 2657 880 2702 extorquendum
901 2658 933 2693 ei
952 2662 1060 2703 puto:
1087 2659 1150 2693 sed
1175 2663 1210 2694 et

119 2704 230 2750 ipsius
254 2705 347 2739 ratio
372 2704 538 2739 habenda
562 2706 626 2747 est,
651 2713 696 2738 110
721 2706 832 2747 egeat.

164 2747 217 2787 20
241 2749 498 2784 MODESTINUS
513 2749 604 2784 libro
624 2749 781 2783 secundo
802 2748 1091 2793 dzfferentiarum
1125 2748 1209 2784 Non

119 2800 258 2829 tantum
280 2794 374 2830 dotis
393 2794 534 2829 nomine
553 2793 703 2829 maritus
724 2793 761 2827 in
785 2797 960 2838 quantum
983 2792 1103 2829 facere
1122 2805 1207 2839 pos-

118 2841 164 2875 sit
189 2839 455 2881 condemnatur‚
482 2838 545 2874 sed
565 2849 609 2873 ex
633 2838 711 2873 aliis
736 2848 875 2883 quoque
895 2839 1141 2875 contractibus
1161 2841 1208 2875 ab

118 2896 230 2920 uxore
260 2885 392 2919 iudicio
426 2888 621 2919 conventus
651 2884 688 2918 in
721 2889 894 2928 quantum
926 2884 1046 2920 facere
1077 2890 1208 2930 potest,

119 2931 408 2966 condemnandus
444 2933 499 2965 est
532 2939 577 2964 ex
609 2929 679 2964 divi
710 2929 767 2964 Pii
798 2929 1063 2965 constitutione:
1113 2930 1209 2975 quod

119 2980 153 3011 et
176 2977 213 3010 in
236 2986 393 3029 persona
417 2975 574 3010 mulieris
599 2985 714 3019 aequa
736 2974 840 3010 lance
865 2975 998 3010 servari
1018 2976 1208 3020 aequitatis

119 3033 160 3057 su
184 3025 273 3066 gerit
295 3022 399 3056 ratio.

198 3066 215 3103 1
244 3066 403 3102 Panes
425 3066 516 3101 libro
540 3068 646 3100 sexto
671 3065 720 3100 ad
742 3064 926 3101 Plautium
963 3065 1065 3100 Sicut
1088 3070 1208 3101 autem

120 3123 200 3147 cum
223 3112 350 3147 marito
375 3111 509 3156 agitur,
542 3111 593 3145 ita
617 3114 653 3145 et
677 3121 758 3145 cum
781 3121 927 3154 socero,
953 3115 994 3145 ut
1017 3122 1089 3146 non
1113 3112 1209 3146 ultra

119 3158 312 3192 facultates
343 3157 544 3191 damnetur.
592 3166 639 3190 an
671 3156 701 3190 si
726 3166 807 3191 cum
831 3167 957 3192 socero
981 3167 1026 3191 ex
1056 3157 1209 3201 promis-

119 3203 218 3238 sione
242 3202 334 3238 dotis
360 3207 504 3247 agatur,
536 3201 574 3235 in
605 3201 643 3235 id
668 3201 764 3246 quod
786 3201 907 3237 facere
936 3205 1075 3246 potest,
1109 3201 1209 3236 dam-

120 3249 260 3284 nandus
292 3248 363 3282 sit?
404 3247 499 3292 quod
523 3250 560 3282 et
583 3246 643 3280 id⁷
676 3256 828 3290 aequum
853 3257 932 3282 esse
957 3247 1112 3282 videtur:
1146 3247 1210 3282 sed

120 3294 189 3328 alio
213 3294 292 3328 iure
316 3293 459 3335 utimur,
484 3296 525 3327 ut
549 3296 583 3327 et
606 3291 777 3327 Neratius
801 3292 935 3327 scribit.

166 3336 220 3375 22
244 3338 473 3373 POMPONIUS
493 3338 584 3373 libro
610 3337 801 3372 vicensimo
818 3338 941 3382 primo
965 3337 1015 3372 ad
1037 3336 1209 3380 Quintum

120 3383 281 3419 Mucium
328 3383 398 3418 Sed
428 3383 498 3418 1100
522 3383 574 3417 110
606 3382 854 3427 accipiendum
878 3386 950 3424 est,
983 3382 1014 3417 si
1037 3393 1059 3418 a
1083 3393 1207 3418 socero

122 3429 185 3464 dos
205 3439 248 3463 ex
264 3428 499 3472 promissione
517 3431 663 3473 petatur
680 3427 796 3462 soluto
818 3428 1061 3463 matrimonio:
1086 3438 1209 3463 verum

122 3475 151 3508 si
182 3477 347 3508 manente
379 3473 602 3508 matrimonio
629 3472 693 3507 dos
726 3473 771 3507 ab
796 3483 837 3507 eo
862 3476 1025 3517 petatur,
1059 3484 1207 3509 succur-

123 3519 269 3553 rendum
300 3518 422 3562 utique
446 3521 520 3560 est,
551 3523 593 3552 ut
615 3527 661 3552 ne
691 3517 835 3552 maioris
860 3528 1018 3553 summae
1043 3518 1208 3553 condem-

126 3568 138 3597 1
189 3568 304 3605 netur,
332 3574 438 3607 quam
462 3566 633 3607 quantum
651 3563 771 3598 facere
794 3566 925 3607 potest.
963 3563 1064 3606 Quod
1089 3569 1209 3598 autem

123 3608 166 3644 de
196 3608 302 3644 sociis
333 3608 467 3643 dictum
500 3611 573 3650 est,
608 3611 650 3643 ut
680 3611 716 3643 et
746 3608 784 3642 hi
814 3608 851 3642 in
886 3612 1058 3652 quantum
1089 3608 1209 3643 facere

1199 126 1286 174 667

2096 132 2309 174 XXXXII
2346 136 2361 172 1

1276 252 1417 297 possint
1455 250 1752 302 condemnentur,
1790 264 1900 288 causa
1935 254 2078 299 cognita
2112 265 2152 290 se
2186 255 2366 290 facturum

1275 302 1421 341 praetor
1451 296 1569 332 edicit.
1620 306 1751 347 causae
1782 299 1935 342 cognitio
1967 304 2086 335 autem
2115 300 2153 334 in
2185 301 2253 336 hoc
2288 300 2366 342 crit,

1280 346 1321 377 ut
1345 342 1490 387 neganti
1514 351 1553 376 se
1577 351 1714 376 toclum
1738 352 1815 378 esse
1840 348 1902 378 aut
1925 356 1969 379 ex
1993 345 2065 381 doli
2090 345 2252 381 clausula
2276 346 2365 381 obli-

1275 391 1358 432 gato
1383 399 1456 422 non
1480 390 1727 422 succurratur.

1323 430 1375 470 23
1402 432 1562 468 Piows
1582 432 1675 467 libro
1699 436 1805 467 sexto
1830 434 1878 467 ad
1896 433 2079 469 Plautium
2115 435 2154 470 Si
2178 446 2257 470 cum
2282 446 2365 480 pro-

1278 482 1445 513 curatore
1469 477 1588 512 mariti
1612 477 1656 512 de
1681 477 1763 512 dote
1783 481 1902 512 actum
1927 478 2044 523 fuerit,
2070 481 2100 514 si
2114 480 2265 524 -quidem
2288 481 2365 515 vivo

1276 523 1404 558 marito
1439 522 1688 558 condemnatio
1720 521 1799 564 fiet,
1834 523 1872 557 in
1896 528 2067 568 quantum
2097 525 2216 561 facere
2248 530 2368 571 potest

1276 569 1338 603 fiet
1369 568 1551 604 damnatio
1584 570 1681 610 (110111
1714 571 1751 602 01
1780 567 1947 603 defensor
1976 570 2093 604 mariti
2126 571 2162 604 in
2187 571 2239 613 id,
2273 571 2367 616 quod

1275 613 1479 694 fll‘fffaoere
1502 617 1633 659 potest,
1658 612 1874 656 damnatur),
1907 618 2046 650 mortuo
2073 626 2155 651 vero
2180 617 2306 651 marito
2331 617 2367 651 in

1277 670 1341 695 soi
1368 670 1440 694 um.

1323 702 1377 741 24
1414 703 1645 739 POMPONIUS
1677 703 1769 739 libro
1805 707 1936 749 quarto
1973 715 2022 739 ex
2058 705 2203 740 Plautio
2256 706 2306 741 Et
2339 707 2367 742 si

1276 749 1466 785 fideiussor
1489 752 1662 794 acceptus
1686 749 1733 784 sit
1755 748 1808 784 rei
1831 748 1887 784 vel
1912 749 2075 792 actionis,
2101 762 2172 786 non
2196 751 2366 795 proderit,

1279 796 1329 830 ⁸si
1359 805 1534 840 persona,
1566 805 1632 840 pro
1665 804 1737 839 qua
1767 794 1960 836 fideiussit‚
1993 795 2030 829 in
2055 801 2225 839 quantum
2250 797 2369 832 facere

1279 844 1295 876 1
1344 843 1481 885 potest,
1519 839 1789 875 condemnanda
1824 843 1890 875 est.
1946 840 1984 875 Si
2015 841 2164 876 maritus
2201 842 2367 877 solvendo

1277 896 1350 921 non
1373 885 1499 930 fuerit,
1523 885 1608 920 licet
1630 885 1699 930 ipsi
1723 885 1850 921 marito
1875 885 2008 931 prosit,
2035 887 2129 930 quod
2153 887 2271 922 facere
2297 899 2366 922 non

1277 931 1392 976 possit
1424 931 1474 974 (id
1507 931 1600 966 enim
1630 940 1808 975 personae
1839 931 1959 965 mariti
1982 935 2213 975 praestatur),
2249 933 2367 968 heredi

1279 977 1354 1012 eius
1378 977 1447 1012 hoc
1470 987 1544 1012 non
1566 975 1725 1022 prodest.

1324 1019 1377 1059 25
1404 1021 1564 1057 was
1585 1020 1676 1057 libro
1700 1022 1956 1067 sexaqensz'mo
1981 1022 2031 1056 ad
2054 1021 2206 1057 edictum
2249 1022 2368 1058 Scien-

1277 1068 1363 1103 dum
1387 1071 1442 1103 est
1464 1066 1614 1103 heredes
1640 1077 1764 1102 earum
1786 1077 2023 1112 personarum
2047 1078 2120 1102 non
2143 1067 2180 1102 in
2203 1068 2250 1111 id,
2276 1069 2370 1113 quod

1277 1113 1397 1149 facere
1421 1116 1584 1157 possunt,
1610 1112 1674 1147 sed
1695 1112 1733 1147 111
1756 1112 1934 1157 integrum
1958 1112 2083 1147 teneri.

1323 1156 1376 1196 26
1405 1158 1602 1194 ULPIANUS
1617 1158 1708 1194 libro
1729 1159 2021 1204 septuaqensimo
2042 1158 2192 1204 septimo
2213 1158 2262 1193 ad
2279 1159 2370 1193 edic-

1278 1208 1351 1239 tum
1400 1204 1438 1239 Si
1462 1203 1668 1239 convenerit
1690 1203 1785 1238 inter
1808 1203 2024 1248 litigatores,
2056 1203 2141 1248 quid
2165 1204 2370 1248 pronuntie-

1276 1253 1353 1292 tur,
1387 1261 1461 1285 non
1493 1250 1538 1285 ab
1571 1259 1610 1285 re
1641 1249 1710 1284 erit
1740 1248 1895 1284 iudicem
1925 1248 2128 1284 huiusmodi
2161 1249 2371 1284 sententiam

1277 1295 1450 1340 proferre.

1325 1338 1376 1377 27
1390 1340 1647 1376 Monssrliws
1667 1339 1760 1376 libro
1777 1340 1902 1386 primo
1925 1350 2183 1386 responsorum
2220 1339 2372 1374 Praeses

1276 1387 1481 1431 provinciae
1500 1396 1631 1421 usuras
1653 1395 1845 1421 usurarum
1864 1385 2113 1420 condemnavit
2135 1388 2262 1419 contra
2280 1385 2372 1428 leges

1278 1435 1314 1467 et
1338 1442 1463 1467 sacras
1486 1431 1761 1467 constitutiones
1781 1430 1934 1476 ideoque
1954 1430 2091 1465 Lucius
2111 1429 2227 1465 Titius
2249 1434 2373 1465 contra

1276 1477 1455 1522 prolatam
1491 1476 1705 1513 sententiam
1739 1476 1910 1511 iniustam
1948 1475 2123 1521 praesidis
2161 1476 2371 1520 appellavit:

1278 1533 1431 1568 quaero,
1468 1533 1549 1558 cum
1585 1532 1660 1557 non
1699 1521 1897 1558 secundum
1929 1521 2065 1566 legem⁹
2095 1520 2210 1556 Titius
2243 1532 2371 1566 provo-

1278 1572 1416 1611 casset,
1452 1578 1498 1603 an
1531 1567 1588 1603 exi
1614 1567 1622 1574 ”
1655 1568 1771 1613 possit
1800 1567 1956 1612 pecunia
1979 1566 2176 1602 secundum
2207 1566 2370 1601 condem-

1279 1614 1472 1649 nationem.
1521 1613 1583 1648 Mo
1611 1613 1748 1648 estinus
1773 1612 1970 1657 respondit,
1996 1613 2026 1647 si
2052 1611 2250 1648 sententiae
2276 1616 2373 1647 certa

1279 1659 1461 1704 quantitas
1488 1658 1711 1701 continetur,
1741 1658 1830 1693 nihil
1853 1658 2026 1703 proponi,
2060 1668 2123 1693 0111
2146 1657 2293 1692 111(110011
2317 1658 2373 1701 agi

1277 1716 1350 1740 non
1374 1705 1499 1750 possit.

1324 1747 1378 1788 28
1402 1750 1513 1785 IDEM
1540 1749 1631 1785 libro
1663 1748 1875 1784 duodecimo
1908 1759 1967 1783 res
1995 1759 2165 1784 misorum
2212 1747 2293 1783 Duo
2318 1748 2371 1782 111-

1279 1796 1378 1831 dices
1403 1795 1479 1830 dati
1503 1795 1661 1831 diversas
1692 1794 1888 1830 sententias
1914 1793 1957 1829 de
1983 1797 2102 1829 erunt.
2148 1793 2372 1829 Modestinus

1277 1841 1464 1887 respondit
1487 1845 1676 1885 utramque
1700 1840 1916 1875 sententiam
1938 1839 1976 1874 in
2000 1839 2171 1885 pendenti
2194 1850 2284 1882 esse,
2310 1839 2371 1875 do-

1279 1897 1345 1922 nec
1372 1890 1579 1931 competens
1604 1885 1712 1920 iudex
1735 1895 1845 1920 unam
1869 1895 1993 1920 earum
2018 1884 2291 1920 confirmaverit.

1324 1929 1378 1969 29
1392 1932 1500 1967 IDEM
1513 1932 1606 1967 libro
1618 1931 1770 1977 septimo
1784 1931 2051 1976 pandectarum
2090 1931 2258 1975 Tempus,
2281 1930 2371 1975 quod

1277 1977 1383 2012 datur
1414 1977 1592 2020 iudicato,
1627 1977 1736 2012 etiam
1759 1976 1950 2011 heredibus
1984 1976 2059 2012 eius
2091 1976 2289 2021 ceterisque
2313 1976 2372 2020 qui

1277 2024 1313 2057 in
1338 2024 1458 2058 locum
1483 2023 1560 2058 eius
1585 2021 1785 2057 succedunt
1807 2021 1978 2056 tribuitur
2009 2021 2186 2065 (videlicet
2210 2021 2306 2066 quod
2330 2032 2371 2056 ex

1277 2073 1438 2113 tempore
1474 2067 1598 2112 deest),
1637 2067 1721 2112 quia
1753 2077 1885 2102 causae
1915 2067 2027 2112 magis
2060 2077 2167 2112 quam
2199 2077 2372 2112 personae

1278 2113 1490 2149 beneficium
1513 2113 1774 2159 praestituitur.

1326 2156 1379 2197 30
1405 2159 1637 2194 Pomomos
1667 2159 1758 2193 libro
1787 2159 1939 2204 septimo
1963 2158 2148 2193 variarum
2182 2157 2372 2193 lectionum

1279 2205 1367 2240 Cum
1399 2215 1444 2240 ex
1476 2215 1588 2240 causa
1619 2203 1821 2239 donationis
1854 2203 2031 2248 promissa
2054 2202 2208 2248 pecunia
2238 2208 2309 2245 est,
2343 2203 2372 2237 si

1279 2250 1428 2285 dubium
1452 2250 1515 2293 sit,
1548 2260 1596 2284 an
1619 2260 1663 2284 ea
1685 2260 1744 2284 res
1769 2259 1810 2284 eo
1834 2259 1948 2293 1150110
1973 2248 2156 2284 donatoris
2181 2248 2372 2283 facultates

1279 2296 1469 2331 exhaurire
1497 2295 1629 2340 possit,
1666 2298 1708 2330 ut
1736 2294 1796 2329 vix
1851 2294 2018 2339 111οο110111
2050 2294 2082 2329 01
2113 2294 2150 2328 111
2181 2293 2283 2328 bonis
2316 2303 2371 2328 re-

1277 2342 1401 2376 lictum
1426 2341 1490 2384 sit,
1518 2341 1612 2376 actio
1636 2341 1674 2375 in
1697 2340 1734 2375 id
1759 2350 1828 2384 0110
1879 2339 1999 2375 facere
2022 2339 2139 2384 possit
2164 2339 2281 2373 danda
2307 2343 2371 2380 est,

1277 2387 1328 2421 ita
1351 2390 1392 2421 ut
1416 2384 1452 2421 e‘t
1473 2386 1543 2439 ipsi
1568 2386 1734 2421 donatori
1764 2385 1899 2430 aliquid
1929 2384 2113 2420 sufficiens
2138 2384 2369 2429 relinquatur.

1278 2432 1374 2512 quod
1409 2442 1561 2467 maxime
1595 2431 1691 2466 inter
1733 2430 1864 2466 liberos
1900 2434 1937 2466 et
1977 2433 2145 2475 parentes
2181 2430 2369 2465 observan-

1303 2489 1362 2512 um
1387 2481 1452 2512 est.

1324 2520 1373 2560 31
1406 2522 1692 2558 CALLISTRATUS
1713 2521 1804 2556 libro
1829 2521 1986 2557 secundo
2011 2521 2257 2567 coynitz‘onum
2298 2519 2369 2555 De-

1280 2568 1456 2603 bitoribus
1481 2578 1553 2603 non
1576 2570 1716 2602 tantum
1747 2566 1954 2611 petentibus
1985 2566 2061 2601 dies
2085 2565 2131 2601 ad
2164 2564 2370 2600 solvendum

1279 2613 1386 2648 dandi
1410 2616 1504 2655 sunt,
1530 2612 1593 2648 sed
1618 2616 1654 2647 et
1676 2612 1910 2657 prorogandi,
1944 2612 1975 2647 si
2004 2622 2062 2647 res
2087 2612 2222 2656 exigat:
2256 2611 2287 2645 si
2312 2610 2369 2654 qui

1278 2664 1397 2694 tamen
1420 2668 1486 2704 per
1510 2658 1769 2693 contumaciam
1793 2657 1925 2702 magis,
1951 2667 2059 2702 quam
2084 2656 2168 2701 quia
2191 2667 2263 2690 non
2287 2666 2368 2700 pos-

1277 2705 1349 2739 sint
1373 2704 1554 2749 explicare
1577 2703 1778 2748 pecuniam,
1805 2703 1972 2738 differant
1996 2702 2220 2743 solutionem,
2246 2701 2367 2745 pigno-

1277 2750 1378 2785 ribus
1412 2749 1527 2794 captis
1559 2748 1795 2793 compellendi
1827 2752 1912 2783 sunt
1941 2748 1988 2783 ad
2012 2746 2301 2783 satisfaciendum
2327 2757 2371 2780 ex

1277 2795 1410 2837 forma,
1443 2805 1551 2839 quam
1583 2793 1708 2829 Cassio
1740 2793 1947 2838 proconsuli
1980 2793 2080 2828 divus
2104 2792 2190 2827 Pius
2220 2792 2257 2826 in
2281 2791 2369 2826 haec

1277 2841 1386 2876 verba
1408 2839 1609 2885 rescripsit:
1637 2839 1730 2881 ‘His‚
1767 2839 1827 2884 qui
1850 2839 2062 2874 fatebuntur
2086 2838 2215 2872 debere
2239 2841 2302 2871 aut
2325 2847 2368 2871 ex

1279 2888 1327 2920 ‘re
1358 2885 1519 2920 iudicata
1551 2895 1697 2920 necesse
1728 2884 1914 2919 habebunt
1944 2884 2111 2924 reddere,
2152 2887 2292 2926 tempus
2323 2881 2368 2915 ad

1278 2931 1497 2966 ‘solvendum
1518 2930 1632 2972 detur,
1659 2929 1754 2974 quod
1777 2929 1944 2965 sufficere
1967 2940 2034 2975 pro
2054 2928 2227 2963 facultate
2250 2926 2367 2961 cuius-

1279 2978 1287 2993 ⁶
1315 2986 1359 3011 ue
1383 2976 1578 3011 videbitur:
1616 2986 1756 3017 eorum,
1791 2975 1852 3020 qui
1875 2975 1971 3009 intra
1994 2974 2086 3009 diem
2109 2973 2165 3008 vel
2197 2973 2240 3006 ab
2266 2971 2365 3005 initio

1278 2988 1412 3055 ‘filatum
1441 3021 1497 3055 vel
1529 3031 1573 3055 ex
1608 3030 1651 3056 ea
1664 3022 1692 3041 ¹⁰
1725 3030 1835 3055 causa
1873 3024 2000 3065 postea
2039 3023 2268 3063 prorogatum
2300 3016 2367 3050 sibi

1278 3070 1362 3101 ‘non
1385 3065 1613 3107 reddiderint,
1638 3065 1789 3110 pignora
1813 3066 1932 3110 capi¹¹
1959 3074 2081 3109 eaque,
2107 3063 2136 3098 si
2159 3063 2253 3096 intra
2278 3061 2366 3112 duos

1278 3115 1430 3146 ‘menses
1453 3116 1532 3146 11011
1551 3111 1736 3154 solverint,
1761 3111 1979 3145 vendantur:
2013 3110 2043 3144 si
2068 3107 2151 3153 quid
2176 3118 2219 3141 ex
2242 3111 2365 3150 pretiis

1278 3160 1332 3191 ‘su
1360 3156 1457 3198 ersit,
1482 3155 1654 3191 reddatur
1678 3156 1729 3198 ei,
1762 3156 1863 3191 cuius
1896 3155 2045 3200 pignora
2075 3152 2216 3188 vendita
2240 3151 2364 3185 erant'.

1353 3199 1378 3238 2
1408 3200 1516 3236 IDEM
1544 3202 1634 3236 libro
1669 3202 1773 3236 tertio
1805 3202 2047 3246 coqnz'tionum
2097 3197 2184 3231 Cum
2215 3195 2364 3240 prolatis

1278 3246 1591 3282 constitutionibus
1613 3250 1740 3281 contra
1760 3256 1818 3280 eas
1841 3244 2050 3290 pronuntiat
2070 3242 2186 3282 iudex,
2209 3252 2249 3292 00
2270 3241 2364 3292 quod

1277 3303 1350 3327 non
1375 3292 1554 3327 existimat
1567 3301 1724 3333 causam,
1751 3291 1793 3326 de
1817 3301 1887 3335 qua
1906 3290 2050 3330 iudicat,
2075 3298 2138 3338 per
2158 3297 2217 3320 eas
2238 3296 2362 3338 iuvari,

1277 3348 1350 3372 non
1373 3336 1513 3372 videtur
1536 3340 1662 3372 contra
1686 3336 1958 3372 constitutiones
1983 3337 2192 3368 sententiam
2211 3330 2361 3381 dedisse.

1277 3383 1427 3427 ideoque
1449 3382 1495 3417 ab
1519 3382 1693 3417 eiusmodi
1717 3381 1894 3417 sententia
1913 3377 2162 3423 appellandum
2177 3382 2248 3410 cst:
2275 3375 2360 3410 alio-

1279 3428 1365 3473 quin
1389 3427 1442 3462 rei
1464 3426 1644 3462 iudicatae
1669 3428 1833 3462 stabitur.
2059 3466 2066 3473 .
2247 3464 2254 3470 ,

1324 3469 1377 3510 33
1391 3471 1496 3507 IDEM
1506 3473 1596 3508 libro
1635 3473 1734 3507 uinco
1748 3470 1989 3517 coquitz'onum
2021 3466 2133 3501 Divus
2145 3465 2358 3504 Hadrianus,

1278 3518 1397 3552 aditus
1430 3527 1496 3569 per
1525 3483 1684 3552 libelfum
1716 3528 1737 3551 a
1768 3516 1858 3549 Iulio
1891 3512 2085 3548 Tarentino
2114 3514 2154 3561 vet
2184 3509 2362 3562 indicante

1279 3573 1320 3598 eo
1359 3563 1460 3597 101515
1500 3562 1728 3600 testimoniis,
1778 3557 2039 3602 conspiratione
2081 3564 2360 3590 adversariorum

1277 3608 1430 3643 testibus
1453 3607 1608 3653 pecunia
1633 3605 1822 3650 corruptis,
1847 3603 2049 3646 religionem
2066 3600 2190 3634 iudicis
2211 3600 2359 3634 circum-

122 3723 163 3764 (1)
187 3722 267 3755 dum
279 3722 401 3755 om.F²
474 3723 516 3763 (2)
541 3722 684 3753 causaF
744 3722 787 3763 (3)
812 3720 900 3753 idem
911 3721 965 3753 F²
1029 3723 1071 3764 (4)
1096 3723 1173 3754 =l.
1190 3729 1206 3754 6
1278 3723 1321 3762 (τ)
1345 3720 1436 3763 etid]
1450 3719 1568 3752 itidem
1579 3732 1640 3752 scr.
1700 3719 1743 3757 (8)
1770 3719 1802 3747 et
1815 3714 1941 3748 ins-1W
1995 3716 2037 3754 19)
2062 3713 2211 3745 instituit
2223 3715 2281 3745 ‘'⁷1⁸-
2299 3710 2362 3753 [³⁰²

121 3780 173 3810 pr.
187 3769 216 3801 Ιι.
233 3775 253 3801 t.
348 3768 390 3808 (5)
419 3771 434 3806 ξ
449 3774 463 3801 1
475 3782 520 3796 =
532 3766 578 3800 D.
592 3768 647 3808 50,
659 3774 702 3808 17,
716 3774 766 3800 173
775 3779 821 3810 pr
919 3768 962 3808 (6)
988 3776 1052 3808 que
1064 3768 1142 3800 add.
1157 3767 1208 3799 F²

2019 3759 2073 3797 (11)
2099 3758 2274 3800 capiantur
2287 3759 2357 3790 edd.

2018 3812 2090 3846 84*

1278 3767 1340 3798 del.
1356 3764 1416 3806 17¹²,
1431 3766 1485 3798 hic
1500 3767 1558 3798 ins.
1573 3763 1625 3796 F²
1724 3762 1783 3802 (10)
1809 3770 1847 3793 ea
1859 3760 1920 3793 del.
