2528 3918
209 114 365 147 CONST.
395 114 541 146 TANTA

207 227 378 264 adversus
396 236 469 269 eos,
495 223 611 270 quiin
629 226 814 270 posterum
830 223 926 270 leges
944 225 1087 260 nostras
1103 231 1169 268 per
1185 221 1292 267 siglo-

206 283 287 310 rum
300 275 311 295 ¹
342 271 582 309 obscuritates
613 268 693 306 ausi
723 268 859 305 fuerint
889 268 1127 305 conscribere.
1175 267 1295 303 omnia

208 318 314 360 enim,
337 317 375 353 id
393 320 448 352 est
467 318 503 351 et
521 314 666 351 nomina
685 313 913 361 prudentium
933 318 970 350 et
988 314 1111 349 titulos
1130 316 1166 347 ct
1183 312 1293 348 libro·

207 374 288 399 rum
311 371 488 404 numeros,
513 370 577 406 per
601 359 874 404 consequentias
897 359 1096 395 litterarum
1121 357 1293 400 volumus,

207 419 280 444 non
302 418 368 453 per
391 406 504 451 sigla²
527 404 765 447 manifestari,
789 404 842 440 ita
865 408 923 449 ut,
948 404 1008 450 qui
1031 404 1140 439 talem
1163 402 1293 438 librum

209 453 277 489 sibi
300 450 497 499 paraverit,
530 450 567 485 in
591 460 662 503 quo
687 450 799 496 sigla²
821 450 941 495 posita
965 452 1050 485 sunt
1072 448 1110 483 in
1135 448 1293 494 qualem-

209 508 360 543 cumque
390 497 511 533 locum
538 495 621 531 libr1
650 495 707 532 vel
728 495 935 538 voluminis,
967 494 1059 530 sciat
1088 493 1224 529 inutilis
1255 503 1294 528 se

209 553 287 579 esse
319 541 452 578 codicis
484 540 681 577 dominum:
714 551 830 594 neque
859 540 952 575 enim
976 539 1155 575 licentiam
1179 538 1293 584 aperi-

209 599 287 623 mus
312 598 355 624 ex
378 586 443 622 tali
466 585 590 622 codice
611 585 649 622 in
671 586 841 621 iudicium
865 584 999 630 aliquid
1030 584 1200 627 recitare,
1233 583 1295 628 qui

208 635 245 669 in
275 641 500 712 quacumtffiie
531 641 598 667 sua
625 635 729 677 parte
758 631 950 681 siglorum.¹
987 629 1096 665 habet
1127 628 1294 664 malitias.

208 679 285 724 ipse
309 681 428 714 autem
467 676 632 718 'brarius,
657 677 719 721 qui
741 686 803 712 eas
826 675 1022 710 inscribere
1046 684 1155 710 ausus
1176 674 1293 716 fuerit,

208 734 281 759 non
311 723 427 759 solum
456 721 629 758 criminali
658 732 776 774 poena
806 719 1015 763 (secundum
1041 719 1136 764 quod
1161 719 1294 755 dictum

209 771 276 812 est)
299 768 495 814 plectetur,
525 766 590 803 sed
622 771 727 802 etiam
756 766 838 801 libri
862 764 1144 800 aestimationem
1169 765 1205 799 in
1229 764 1293 799 du-

207 814 307 859 plum
338 812 482 849 domino
512 812 656 855 reddat,
692 812 723 847 si
757 815 793 847 et
823 811 900 856 ipse
932 810 1096 845 dominus
1127 810 1295 855 ignorans

208 859 317 895 talem
346 858 478 894 librum
507 858 563 893 vel
593 856 852 910 comparaverit
875 856 929 891 vel
954 855 1083 891 confici
1107 855 1293 891 curaverit.

208 904 305 950 quod
335 907 374 940 et
400 907 508 940 antea
540 914 562 938 a
593 903 697 938 nobis
730 901 941 946 dispositum
965 904 1020 936 est
1044 904 1080 936 et
1103 901 1140 936 in
1164 901 1294 935 Latina

208 949 462 986 constitutione
494 952 530 984 et
558 949 595 983 in
627 948 767 983 Graeca
777 948 801 990 ³,
837 956 944 991 quam
979 945 1026 981 ad
1060 945 1176 991 legum
1211 957 1293 991 pro-

206 994 363 1032 fessores
387 994 594 1030 dimisimus.

253 1133 296 1167 23
342 1129 457 1175 Leges
483 1132 601 1165 autem
625 1131 785 1170 nostras,
816 1127 932 1172 quae⁴
955 1126 994 1162 in
1017 1126 1073 1162 his
1098 1125 1293 1168 codicibus,

205 1175 244 1212 id
267 1179 322 1213 est
344 1175 608 1211 institutionum
632 1184 696 1209 seu
723 1173 979 1208 elementorum
1010 1175 1046 1208 et
1078 1171 1295 1216 digestorum

206 1221 260 1257 vel
279 1220 540 1275 pandectarum
565 1219 769 1265 posuimus,
801 1228 906 1254 suum
931 1217 1093 1262 optinere
1117 1216 1228 1252 robur
1251 1226 1295 1251 cx

206 1270 312 1302 tertio
343 1269 467 1302 nostro
499 1264 702 1301 felicissimo
734 1263 915 1299 sancimus
947 1262 1157 1305 consulatu,
1189 1271 1293 1307 prae-

206 1311 318 1348 sentis
348 1311 580 1347 duodecimae
610 1308 814 1345 indictionis
837 1308 943 1344 tertio
969 1307 1138 1343 calendas
1162 1306 1293 1342 Ianua-

206 1357 278 1393 rias
289 1359 314 1399 ⁵,
345 1356 383 1392 in
416 1366 518 1392 omne
550 1365 676 1391 aevum
703 1354 874 1390 valituras
900 1356 935 1388 et
958 1363 1032 1388 una
1055 1363 1137 1388 cum
1160 1352 1294 1388 nostris

206 1402 520 1438 constitutionibus
552 1401 728 1446 pollentes
760 1403 796 1435 et
825 1409 928 1434 suum
960 1398 1124 1443 vigorem,
1139 1397 1178 1433 in
1202 1396 1293 1432 iudi-

209 1448 270 1483 ciis
295 1446 522 1483 ostendentes
545 1446 583 1481 in
607 1446 770 1481 omnibus
795 1444 930 1488 causis,
957 1444 1029 1480 sive
1053 1453 1144 1489 quae
1168 1446 1295 1488 postea

207 1492 415 1528 emerserint
444 1492 518 1528 sive
548 1492 586 1527 in
618 1490 757 1526 iudiciis
789 1489 908 1525 adhuc
939 1489 1097 1535 pendent
1131 1498 1198 1524 nec
1232 1498 1294 1524 eas

204 1538 382 1574 iudicialis
403 1537 459 1573 vel
482 1536 643 1573 amicalis
668 1536 784 1572 forma
808 1534 1040 1580 compescuit.
1085 1543 1176 1579 quae
1201 1533 1294 1570 enim

204 1583 276 1619 iam
311 1583 366 1619 vel
400 1582 559 1618 iudiciali
593 1582 770 1618 sententia
806 1580 908 1615 finita
944 1583 1029 1616 sunt
1062 1580 1118 1615 vel
1153 1578 1295 1615 amicali

205 1631 313 1709 pacto
345 1628 482 1673 sopita,
514 1628 605 1664 haec
635 1626 844 1663 resuscitari
866 1625 963 1661 nullo
988 1625 1151 1661 volumus
1175 1624 1293 1660 modo.

231 1684 296 1709 ene
326 1677 447 1709 autem
481 1672 750 1719 properavimus
782 1672 819 1707 in
847 1671 993 1706 tertium
1024 1674 1185 1706 nostrum
1209 1680 1293 1705 con-

206 1719 363 1754 sulatum
387 1722 423 1754 et
445 1719 512 1754 has
535 1719 631 1763 leges
656 1718 779 1760 edere,
812 1716 896 1770 quia
923 1716 1068 1751 maximi
1091 1715 1148 1751 dei
1172 1719 1208 1751 et
1231 1715 1293 1751 do-

205 1764 290 1799 mini
313 1764 427 1800 nostri
451 1764 559 1800 Ibesu
584 1763 716 1799 Christi
745 1762 917 1798 auxssium
946 1761 1190 1797 felicissimum
1213 1770 1295 1796 eum

205 1813 350 1846 nostrae
379 1810 432 1845 rei
460 1809 626 1854 publicae
658 1809 821 1844 donavit:
855 1818 935 1843 cum
958 1807 996 1842 in
1019 1807 1116 1842 hunc
1140 1810 1177 1842 et
1199 1806 1295 1842 bella

206 1854 377 1891 Parthica
401 1854 536 1891 abolita
560 1857 645 1890 sunt
668 1858 705 1890 et
752 1853 839 1889 uieti
862 1856 1059 1898 perpetuae
1081 1851 1234 1895 tradita,
1259 1855 1295 1887 et

205 1900 313 1936 tertia
335 1910 420 1945 pars
442 1899 564 1935 mundi
583 1899 686 1935 nobis
708 1909 729 1934 a
756 1898 866 1935 crevit
885 1901 982 1943 (post
998 1898 1182 1943 Europam
1201 1897 1294 1932 enim

206 1948 244 1981 et
262 1945 386 1981 Asiam
409 1949 445 1981 et
464 1949 543 1981 tota
561 1945 677 1991 Libya
700 1948 823 1981 nostro
847 1943 996 1989 imperio
1020 1942 1191 1978 adiuncta
1215 1945 1294 1986 est),

206 1993 243 2027 et
272 1993 374 2026 tanto
405 2001 426 2026 ο
454 1990 529 2026 eri⁶
560 1990 676 2036 legum
708 1993 818 2035 caput
841 1989 1046 2034 impositum
1071 1991 1142 2031 est,
1177 1988 1295 2023 omnia

206 2036 374 2072 caelestia
441 2046 512 2071 ona
553 2039 675 2071 nostro
719 2035 825 2071 tertio
870 2033 1096 2070 consulatui⁷
1142 2033 1293 2069 indulta.

208 2084 251 2116 24
299 2081 430 2117 Omnes
464 2082 586 2126 itaque
616 2081 752 2117 iudices
782 2080 898 2116 nostri
929 2090 994 2125 pro
1028 2089 1094 2115 sua
1129 2079 1293 2115 iurisdic-

206 2126 303 2162 tione
325 2126 468 2163 easdem
491 2127 588 2172 leges
612 2126 810 2172 suscipiant
839 2129 875 2161 et
897 2129 972 2160 tam
995 2125 1032 2160 in
1055 2124 1129 2160 suis
1151 2124 1293 2160 iudiciis

207 2181 313 2217 quam
342 2172 381 2207 in
411 2172 480 2208 hac
510 2172 608 2217 regia
637 2172 726 2207 urbe
755 2171 915 2207 habeant
943 2174 979 2205 et
1027 2174 1225 2216 reponant,
1259 2173 1294 2205 et

205 2217 397 2263 praecipue
420 2217 473 2253 vir
495 2217 658 2253 excelsus
680 2217 787 2252 huius
812 2216 927 2252 almae
951 2226 994 2250 ur
1020 2216 1050 2251 is
1074 2215 1293 2261 praefectus.

207 2272 316 2298 curae
339 2266 458 2298 autem
483 2263 552 2299 erit
574 2263 690 2299 tribus
713 2262 863 2298 excelsis
887 2260 1079 2307 praefectis
1129 2261 1293 2296 raetoriis

208 2310 281 2343 tam
313 2307 546 2345 orientalibus
570 2318 676 2353 quam
699 2307 850 2354 Illyricis
874 2316 942 2343 nec
964 2317 1037 2342 non
1060 2306 1105 2341 Li
1131 2305 1206 2352 ycis
1230 2316 1294 2351 per

207 2580 246 2622 (1)
271 2580 444 2623 signorum
462 2579 492 2613 S
591 2580 636 2622 (2)
660 2580 757 2623 signa
774 2579 804 2613 S
900 2580 945 2622 (3)
971 2579 1168 2623 dispositum
1191 2580 1240 2612 est
1257 2579 1294 2611 in

207 2625 449 2658 constitutione
460 2625 609 2668 (reliquis
622 2625 748 2668 deletas)
760 2625 795 2658 F
798 2624 814 2645 ²
826 2624 863 2658 S.
901 2625 950 2669 Cf
965 2632 1062 2659 const.
1076 2625 1147 2658 Deo
1159 2626 1295 2657 auctore

211 2675 227 2710 ς
241 2677 273 2705 1³
287 2677 317 2705 et
328 2671 466 2704 Omnem
481 2674 497 2710 §
511 2678 529 2704 8
622 2671 665 2712 (4)
691 2671 867 2713 requiritur
879 2680 962 2713 quas

211 2715 286 2750 Chr.
298 2722 353 2750 533
366 2716 447 2750 Dec.
460 2722 497 2750 80
889 2716 935 2758 (7)
958 2714 1136 2748 consulatu
1153 2715 1183 2748 S
1193 2715 1229 2748 F

591 2717 636 2758 (6)
660 2726 758 2759 opere
772 2716 808 2749 F

206 2881 359 2908 versum.
405 2871 536 2907 sciant.
553 2874 672 2908 autem
696 2872 803 2908 etiam
827 2872 894 2918 qui
914 2871 1079 2908 volumen
1103 2871 1155 2907 ita
1178 2871 1291 2924 scrip-

207 2921 282 2953 tum
314 2917 563 2964 compararint
593 2927 671 2952 eam
706 2917 1014 2964 comparationem
1051 2916 1187 2953 nullius
1223 2916 1295 2953 sibi

206 2962 374 2998 utilitatis
390 2961 558 3009 flaturam
576 2972 673 2997 esse:
697 2972 814 3008 neque
831 2963 925 2998 enim
936 2963 1182 3009 permittimus
1199 2961 1291 2997 eius-

207 3006 307 3044 modi
339 3006 450 3043 libros
484 3007 522 3042 in
558 3006 701 3043 iudiciis
734 3008 876 3044 versari
908 3012 943 3043 et
977 3007 1116 3050 valere,
1152 3007 1295 3042 etiamsi

207 3052 247 3089 id
281 3051 447 3088 volumen
481 3052 518 3087 in
556 3062 598 3087 eo
635 3051 730 3095 loco,
762 3053 860 3088 unde
888 3053 1083 3096 recitatur,
1117 3051 1295 3088 eiusmodi

207 3100 329 3134 notam
353 3096 489 3132 nullam
514 3095 645 3132 habere
668 3098 865 3145 continqat,
897 3097 963 3133 sed
992 3098 1029 3133 in
1061 3097 1135 3134 atio
1168 3097 1291 3143 aliquo

209 3142 307 3186 loco,
346 3141 429 3178 licet
463 3141 572 3178 semel
605 3142 645 3177 id
678 3142 819 3188 sactum
858 3143 923 3178 sit:
967 3145 1007 3178 ut
1047 3143 1126 3189 ipse
1163 3142 1291 3178 librum

207 3186 339 3225 habeat
375 3190 558 3234 tamquam
594 3198 668 3223 non
702 3188 876 3234 scriptum
907 3188 1072 3231 omnino,
1110 3187 1143 3223 is
1172 3190 1291 3223 autem

233 3233 275 3269 ui
300 3233 488 3279 scripserit
518 3234 553 3267 et
583 3232 771 3279 iqnoranti
800 3243 880 3268 eum
911 3232 1131 3276 vendiderit,
1169 3233 1205 3268 ei
1233 3233 1294 3268 cui

207 3243 377 3315 eqlamnum
407 3276 505 3313 dedit
537 3276 685 3324 duplam
714 3278 973 3314 aestimationis
1001 3279 1079 3314 eius
1110 3278 1292 3324 quantita-

208 3327 278 3360 tem
293 3321 494 3371 persolvat,
517 3321 699 3359 criminali
717 3333 837 3368 poena
861 3334 934 3358 non
955 3323 1075 3359 minus
1089 3325 1292 3376 propterea

207 3367 773 3450 arusuensis,
788 3368 945 3448 m
971 3367 1293 3449 erut-{rim

208 3459 268 3539 ἓνὲν
280 3467 467 3540 {livingum
501 3422 639 3495 oruella
673 3456 800 3505 linqua
834 3457 885 3493 ad
915 3424 1045 3505 leggia
1058 3422 1292 3507 ffrossesom

267 3515 287 3540 e
411 3530 419 3539 .

256 3551 299 3584 23
345 3547 427 3585 Hos
456 3549 576 3584 autem
606 3545 735 3591 libros,
769 3547 1032 3583 institutionum
1068 3547 1220 3585 dicimus
1257 3551 1292 3584 et

210 3591 449 3640 diqestorum,
479 3604 503 3628 a
534 3591 685 3628 termino
714 3592 814 3628 tertii
839 3593 957 3628 nostri
980 3593 1188 3639 felicissimi
1207 3603 1291 3630 con-

210 3639 351 3676 sulatus
387 3638 507 3674 valere
537 3637 806 3685 praecipimus,
848 3637 888 3674 id
926 3641 981 3673 est
1021 3650 1044 3674 a
1087 3638 1146 3674 die
1187 3638 1292 3674 tertio

209 3681 386 3719 kalendas
418 3682 617 3719 Ianum-ias
640 3682 851 3730 praesentis
884 3682 1090 3720 indictionis
1124 3682 1290 3720 duodeci-

210 3737 308 3770 mae,
346 3728 382 3764 in
418 3727 598 3774 reliquum
635 3737 739 3765 omne
772 3738 898 3765 aevum
933 3727 1110 3765 valituros
1143 3731 1180 3764 et
1216 3737 1291 3763 una

1234 98 1423 143 xxvm

1052 2671 1097 2713 (5)
1121 2682 1207 2704 anno
1218 2676 1297 2713 post

2023 114 2178 149 CONST-
2210 116 2451 150 ΔΕΔΩΚΕΝ

1361 220 1558 276 ταράττειν
1586 237 1655 269 την
1683 237 1830 274 γραφην
1859 225 2160 276 ἐπιχειρούντων,
2193 222 2286 263 ἀλλὰ
2314 226 2366 274 μὴ
2395 226 2444 264 δι’

1361 265 1446 303 ολου
1474 267 1558 323 τούς
1587 281 1629 303 τε
1657 267 1680 304 ἆ
1705 269 1837 316 ιθμοὺς
1869 270 1916 306 τά
1949 285 1990 306 τε
2023 270 2189 318 ὀνόματα
2222 273 2301 308 τῶν
2336 272 2449 309 πάλαι

1362 313 1490 359 σοφοῖν
1512 326 1581 358 την
1603 327 1644 349 τε
1666 283 1755 360 ὅςην
1776 317 2006 370 aggeo-‘halom
2020 316 2253 367 γραφόντων.
2287 318 2445 354 ἴστωσαν

1363 355 1403 413 δὲ
1417 361 1496 412 ’καὶ
1531 358 1565 393 οἱ
1600 358 1745 406 βιβλίον
1778 374 1875 397 ουτω
1908 366 2157 410 γεγραμμένον
2188 361 2369 410 κτώμενοι
2402 360 2450 399 ὠς

1361 416 1542 456 ανονητον
1565 404 1708 445 ἕξουσιν
1729 403 1799 450 τὴν
1820 406 1950 442 τούτου
1973 408 2118 452 κτῆσιν·
2149 406 2234 443 οὐδὲ
2262 407 2331 457 γὰρ
2354 407 2447 444 δίδο-

1362 460 1429 493 μεν
1461 446 1587 484 αδειαν
1616 452 1691 486 τοῖς
1721 451 1898 487 τοιούτοις
1927 451 2083 496 βιβλίοις
2111 454 2152 487 ἐν
2183 457 2257 488 τοῖς
2280 452 2447 498 δικαστη-

1362 497 1452 540 ρίοις
1479 492 1740 530 πολιτεύεσθαι
1768 500 1829 531 καὶ
1858 500 2022 544 κρατεῖν,
2058 495 2127 532 κᾶν
2155 499 2187 533 εἰ
2216 502 2376 544 συμβαίη
2406 498 2449 533 τὸ

1362 537 1510 583 βιβλίον
1541 536 1602 574 ἐπ’
1635 537 1744 576 αὐτοῦ
1768 543 1832 576 τοῦ
1854 545 1989 589 μέρους,
2013 534 2124 591 οὗπερ
2147 540 2449 592 ἀναγινώσκεται,

1361 582 1475 627 μηδὲν
1498 585 1592 627 ἔχειν
1611 587 1755 620 τοιοῦτο
1775 590 1933 632 σημεῖον,
1956 584 2032 622 ἀλλ’
2053 590 2094 622 ἐν
2114 588 2225 636 ἑτέρῳ
2246 587 2450 633 οἷῳδῆποτε

1364 628 1491 681 ἑαυτοῦ
1519 632 1638 685 μέρει,
1670 628 1739 665 κᾶν
1762 631 1794 665 εἰ
1817 631 2013 679 προσάπαξ
2035 632 2089 677 εἴη
2112 635 2220 668 τοῦτο
2241 632 2448 682 γενόμενον.

1364 686 1458 708 ωστε
1491 673 1597 710 αυτὸς
1627 677 1695 720 μὲν
1723 674 1765 711 τὸ
1796 676 1941 722 βιβλίον
1971 674 2053 712 ἀντὶ
2083 676 2176 723 μηδὲ
2204 682 2449 734 γεγραμμένου

1363 718 1551 754 παντελῶς
1582 721 1667 763 ἕξει,
1699 718 1719 755 ὁ
1752 719 1792 756 δὲ
1814 724 1921 757 τοῦτο
1952 723 2141 770 γεγραφώς
2168 727 2229 758 καὶ
2257 724 2448 778 αγνοοῧντι

1363 765 1659 854 {septais
1675 764 1984 857 §sterria
2004 766 2222 848 &witta
2237 779 2300 814 ‘²⁷‘
2321 768 2452 849 ‘’4232‘’

1364 845 1472 907 ἧττον
1503 825 1724 910 denegabas
1753 860 1813 891 καὶ
1842 826 1905 902 ξΙτὲς
1936 826 2191 904 gul-tramitis
2221 827 2308 894 κε’,
2338 827 2449 894 ἕέτδῖἷ

1363 911 1498 943 ποινης.
1533 913 1641 935 τουτο
1664 915 1732 949 γαρ
1756 900 1802 946 δὴ
1823 906 1884 936 καὶ
1907 907 1985 937 ταῖς
2004 872 2125 939 «isim
2145 901 2351 946 διατάξεων
2372 908 2449 939 ταῖς

1363 947 1446 991 περὶ
1469 943 1613 980 τούτων
1636 947 1821 982 τεθείσαις
1845 947 2106 996 ἐνεγράψαμεν,
2133 951 2213 983 ταῖς
2239 962 2280 984 τε
2301 950 2347 992 τῆ
2369 946 2449 984 Ῥω·

1360 993 1484 1044 μαίων
1519 989 1786 1046 προελθούσαις
1827 994 1951 1039 φωνῆ,
1991 995 2037 1042 τῇ
2076 1007 2118 1028 τε
2157 994 2237 1029 τῶν
2270 985 2450 1050 Ἑλλήνων

1361 1033 1527 1088 γλωττῃ,
1558 1032 1602 1079 ἠν
1631 1035 1720 1085 πρὸς
1750 1036 1832 1073 τοὺς
1860 1029 1938 1073 ‘cdv
1968 1038 2094 1084 νόμων
2117 1038 2327 1087 καθηγητὰς
2348 1052 2448 1076 αντε·

1407 1094 1429 1113 α
1462 1094 1485 1114 α
1532 1094 1564 1115 ν.

1362 1091 1462 1179 νζῗ2ἒξ
1485 1094 1624 1160 &afim
1647 1124 1688 1161 δὲ
1709 1125 1755 1171 δὴ
1775 1125 1822 1162 τὰ
1844 1127 1991 1174 βιβλία,
2022 1127 2069 1163 τά
2090 1142 2131 1164 τε
2154 1130 2233 1164 τῶν
2255 1129 2450 1166 Instituton

1362 1183 1408 1205 τα
1431 1183 1477 1226 τε)
1495 1172 1573 1205 τῶν
1596 1171 1769 1225 Digeston
1793 1176 1928 1219 φαμέν,
1960 1175 1999 1208 ἐκ
2029 1174 2095 1208 τοῦ
2119 1177 2273 1222 πέρατος
2294 1176 2356 1220 τῆς
2377 1179 2449 1231 τρί-

1361 1227 1424 1259 της
1441 1218 1605 1260 ευτύχοῦς
1619 1219 1723 1262 ημῶν
1738 1218 1912 1253 ὑπατείας
1930 1222 2076 1267 κρατεῖν
2094 1219 2330 1266 θεσπίζομεν,
2347 1217 2447 1256 τουτ’

1363 1262 1465 1295 ἔστιν
1493 1259 1567 1297 ἀπὸ
1597 1263 1658 1306 τῆς
1687 1262 1757 1310 πρὸ
1781 1266 1897 1312 τριῶν
1921 1262 2115 1299 καλανδῶν
2136 1261 2369 1315 Ἰανουαρίων
2390 1266 2451 1311 τῆς

1363 1308 1546 1359 παρούσης
1581 1305 1785 1352 δωδεκάτης
1819 1309 2061 1354 έπινεμὴσεως
2075 1311 2097 1351 ¹,
2138 1310 2187 1345 εἰς
2221 1309 2289 1345 τὸν
2324 1309 2451 1347 λοιπὸν

1362 1365 1510 1387 απαντα
1539 1355 1744 1400 κρατοῦντα
1773 1353 1905 1401 χρόνον
1939 1358 1999 1389 καὶ
2029 1358 2108 1390 ταῖς
2138 1354 2342 1401 βασιλικαῖς
2370 1369 2450 1392 συν·

1362 1395 1624 1443 πολιτευόμενα
1656 1396 1864 1440 διατάξεσιν
1899 1402 1959 1434 καὶ
1990 1398 2117 1448 χώραν
2151 1401 2280 1443 ἔχοντα
2314 1403 2380 1437 ἐπί
2410 1414 2451 1437 τε

1361 1443 1440 1477 τῶν
1468 1439 1620 1491 ὕστερον
1649 1447 1937 1490 συμβησομένων
1965 1447 2029 1481 ἐπί
2056 1459 2097 1480 τε
2118 1446 2197 1480 τῶν
2220 1447 2262 1481 ὃν
2285 1444 2449 1491 δικαστη-

1362 1491 1451 1546 ρίοις
1481 1485 1695 1536 ἠρτημένων
1723 1490 1778 1524 ἔτι
1810 1493 1871 1524 καὶ
1900 1489 2035 1537 φιλίαις
2062 1489 2113 1536 μὴ
2142 1503 2172 1527 π
2220 1490 2451 1538 αδεδομόνων

1361 1531 1603 1581 απαλλαγαῖς·
1632 1532 1676 1569 τὸ
1698 1533 1765 1583 γὰρ
1790 1536 2003 1584 ἔμπροσθεν
2025 1532 2126 1572 ἅπαν
2147 1503 2450 1595 ἣαδεδικασέιένον

1363 1577 1385 1623 ἢ
1420 1582 1720 1632 συμβεβασμένον
1753 1577 1939 1615 ἀνακινεῖν
1974 1578 2038 1616 οὐκ
2068 1578 2133 1616 ἆνε
2155 1580 2288 1627 όμεθα.
2335 1596 2380 1628 ην
2407 1580 2452 1627 δὴ

1361 1628 1490 1703 τρίτηῖ
1511 1622 1799 1680 ssafe-lamnia&
1820 1622 2120 1684 ὀνομαστότοὶτην3
2133 1595 2295 1683 δέδωκεν
2312 1624 2333 1664 ἆ
2353 1626 2450 1671 θεός,

1363 1683 1466 1758 ἓὲἴεέν
1482 1682 1530 1749 ἶῖό
1552 1675 2276 1761 ’ἔῖτὲἓιοῖτῖετέἴοὶιῗὲἰσῖἱέΐέᾍῖἵτῖἵ
2293 1675 2447 1764 ἕῖἔῖιοῗ

1362 1757 1452 1815 ᾇπερ
1477 1757 1597 1795 οὐδενὶ
1619 1761 1699 1795 τῶν
1722 1762 1936 1810 ἔμπροσθεν
1965 1762 2169 1811 ἐξεύρηται,
2201 1766 2262 1798 καὶ
2291 1763 2383 1812 πρός
2409 1777 2451 1813 γε

1362 1820 1384 1850 η
1405 1809 1510 1853 τρίτη
1533 1806 1595 1859 τῆς
1618 1806 1824 1851 οἰκουμένης
1845 1810 1970 1855 μοῖρα,
1999 1806 2072 1852 τὴν
2095 1804 2183 1853 ὅλην
2206 1807 2355 1864 Λιβύην
2383 1823 2450 1857 φα·

1361 1854 1439 1897 μέν,
1469 1854 1543 1886 τοῖς
1572 1854 1753 1900 ημετέροις
1776 1853 2039 1900 προστέθειται
2063 1853 2272 1902 σκήπτροις,
2301 1866 2449 1891 απαντι·

1362 1897 1480 1931 ταῦτα
1503 1898 1542 1930 ἐκ
1565 1897 1630 1931 τοῦ
1652 1896 1807 1945 μεγάλου
1832 1898 1923 1932 θεοῦ
1947 1901 2007 1932 καὶ
2031 1899 2190 1947 σωτῆρος
2212 1895 2317 1945 ἡμῶν
2337 1897 2450 1945 Ἰησοὶ)

1363 1942 1525 1995 Χριστοῦ
1560 1940 1662 1990 δῶρα
1696 1943 1758 1987 τῆς
1791 1946 1913 2000 τρίτης
1943 1939 2117 1979 ὑπατείας
2147 1939 2233 1989 ἡμῖν
2264 1942 2451 1991 δεδομένα.

1364 1990 1406 2023 24
1450 1990 1624 2022 Απαντες
1647 1991 1773 2022 τοίνυν
1796 2000 1831 2023 οι
1853 1987 2102 2024 ευκλεέστατοι
2117 1990 2179 2034 τῆς
2198 1985 2368 2039 ἡμετέρας
2387 2003 2450 2027 πο-

1363 2031 1497 2068 λιτείας
1526 2030 1695 2080 ἄρχοντες
1724 2031 1792 2077 τὴν
1823 2033 1935 2068 θείαν
1966 2030 2069 2079 ἡμῶν
2098 2033 2238 2089 ταύτην
2265 2033 2451 2082 δεχόμενοι

1363 2076 1531 2120 διάταξιν
1572 2078 1734 2127 χρῆσθαι
1776 2082 1851 2114 τοῖς
1890 2082 2158 2127 προειρημένοις
2193 2081 2297 2127 ημῶν
2330 2080 2452 2127 νόμοις

1363 2126 1511 2159 ἕκαστος
1535 2125 1575 2158 έν
1598 2126 1654 2169 τῷ
1671 2119 1763 2159 καθ’
1787 2122 1917 2160 ἑαυτὸν
1934 2124 2198 2174 παρασκευάσει
2219 2124 2450 2177 δικαστηρίῳ.

1362 2167 1545 2225 προθήσει
1568 2167 1608 2204 δὲ
1631 2165 1744 2215 αὐτὴν
1767 2170 1809 2204 ἐν
1830 2171 1877 2219 τί
1899 2174 2052 2227 μεγίστη
2074 2174 2135 2205 καὶ
2151 2169 2315 2216 βασιλίδι
2333 2171 2451 2216 ταύτῃ

1362 2213 1466 2251 πολει
1490 2218 1551 2269 καὶ
1573 2211 1593 2250 ὁ
1617 2214 1750 2271 ταύτης
1773 2184 2008 2257 ένδοέότατος
2029 2227 2196 2265 υπαρχος.
2240 2215 2386 2263 μελήσει
2410 2208 2450 2253 δὲ

1361 2262 1418 2305 τῷ
1439 2273 1480 2294 τε
1499 2272 1590 2307 υπερ
1641 2271 1781 2304 εστατῳ
1800 2263 1861 2295 καὶ
1879 2257 2120 2306 εὖκλεεστάτῳ
2139 2257 2244 2307 ἡμῶν
2259 2267 2448 2318 μαγίστρῳ

1361 2308 1435 2341 τοῖς
1464 2318 1505 2340 τε
1535 2274 1783 2347 ἐνῆἕοτάτοις
1812 2309 1873 2340 καὶ
1903 2305 2148 2354 πανευφήμοις
2179 2303 2350 2364 ὑπάρχοις
2370 2321 2450 2344 των

1362 2351 1471 2399 ἱερῶν
1488 2347 1592 2396 ἡμῶν
1609 2353 1860 2400 πραιτωρίων,
1879 2354 1952 2387 τοῖς
1969 2364 2009 2387 τε
2029 2349 2119 2400 πρὸς
2135 2347 2237 2397 ἥλιον
2254 2357 2450 2398 ανίσχοντα

1361 2399 1435 2435 τοῖς
1465 2408 1506 2431 τε
1536 2398 1599 2432 ἐπὶ
1628 2397 1691 2441 τῆς
1718 2392 1906 2445 Ἰλλυρίδος
1938 2399 2014 2433 τοῖς
2046 2410 2087 2433 τε
2122 2398 2183 2433 ἐπὶ
2212 2397 2355 2453 Λιβύης
2389 2397 2449 2435 διὰ

1361 2439 1598 2491 προστάξεων
1620 2442 1766 2477 οἰκείων
1787 2437 1927 2478 ἅπασιν
1949 2445 2024 2478 τοῖς
2051 2438 2115 2489 ὑφ’
2147 2443 2294 2480 §aurove
2323 2457 2447 2494 τεταγ-

1363 2579 1404 2621 (1)
1430 2590 1516 2612 anno
1523 2585 1602 2623 post
1617 2578 1690 2613 Chr.
1705 2585 1759 2614 533
1773 2578 1857 2614 Dec.
1870 2586 1907 2614 30

1361 2881 1442 2907 cum
1475 2870 1595 2907 sacris
1628 2869 1941 2907 constitutionibus
1976 2872 2046 2908 vim
2082 2872 2271 2920 locumque
2304 2872 2445 2912 habitu·

1359 2926 1422 2952 ros
1456 2918 1529 2952 tam
1563 2916 1601 2952 in
1636 2916 1683 2951 iis
1715 2925 1811 2962 quae
1833 2920 1966 2963 postea
1996 2916 2161 2954 accident
2190 2928 2300 2965 quam
2330 2919 2370 2956 in
2400 2919 2446 2956 iis

1361 2972 1456 3007 quae
1478 2961 1517 2996 in
1539 2960 1684 2998 iudiciis
1704 2959 1868 3008 pendent
1889 2971 2007 3008 neque
2029 2963 2176 2999 amicali
2201 2965 2446 3002 transactione

1359 3007 1481 3053 sopita
1503 3009 1608 3042 sunt:
1629 3016 1715 3042 nam
1737 3006 1924 3042 anteriora
1947 3007 2068 3043 omnia
2091 3008 2166 3044 sive
2187 3008 2349 3046 iudicata
2369 3010 2445 3046 sive

1361 3054 1547 3088 transacta
1580 3051 1798 3087 resuscitare
1830 3061 1904 3087 non
1925 3053 2110 3105 patimur.
2159 3063 2265 3099 quem
2299 3055 2444 3092 tertium

1360 3095 1586 3133 consulatum
1609 3096 1713 3132 nobis
1735 3095 1824 3132 deus
1847 3096 1946 3143 dedit
2021 3097 2325 3144 aeclarissimum,
2354 3110 2443 3147 quo·

1360 3142 1459 3177 niam
1482 3141 1520 3177 in
1543 3151 1586 3177 eo
1609 3144 1645 3176 et
1659 3151 1747 3188 pax
1769 3152 1849 3178 cum
1870 3140 1993 3179 Persis
2015 3142 2231 3189 confirmata
2249 3147 2302 3180 est
2321 3148 2357 3180 et
2375 3143 2445 3183 Ιιοε

1362 3186 1395 3222 le
1421 3196 1481 3222 um
1505 3186 1688 3229 volumen,
1718 3187 1827 3233 quale
1857 3188 2077 3224 anteriorum
2105 3188 2227 3224 nullus
2249 3189 2444 3234 adimenit,

1361 3242 1382 3267 e
1407 3232 1494 3267 itum
1518 3236 1555 3267 et
1602 3234 1766 3268 raeterea
1789 3233 1895 3269 tertia
1911 3243 2007 3280 pars
2028 3232 2125 3269 orbis
2148 3237 2339 3278 terrarum,
2363 3234 2444 3272 uni-

1361 3287 1500 3313 versam
1523 3277 1556 3313 A
1606 3277 1691 3314 ‘cam
1713 3276 1885 3322 dicimus,
1914 3280 2037 3313 nostro
2069 3278 2220 3325 imperio
2249 3278 2442 3317 adiuncta.-

1361 3322 1459 3358 dona
1494 3333 1539 3357 ea
1573 3322 1694 3358 omnia
1725 3322 1825 3358 tertii
1850 3322 2060 3359 consulatus
2092 3333 2115 3358 a
2144 3334 2277 3371 maqno
2307 3324 2374 3361 deo
2406 3327 2443 3362 et

1362 3369 1406 3403 24
1451 3366 1632 3404 salvatore
1661 3370 1785 3403 nostro
1808 3365 1894 3403 Iesu
1919 3366 2056 3405 Cstristo
2088 3367 2189 3404 nobis
2221 3369 2318 3406 data.
2364 3368 2441 3407 Ita·

1359 3422 1432 3493 zue
1465 3422 1589 3448 omnes
1620 3413 1739 3449 nostri
1766 3412 1911 3460 imperii
1941 3411 2134 3448 clarissimi
2165 3413 2302 3451 iudices
2332 3424 2442 3452 sacra

1385 3468 1430 3493 ac
1456 3460 1583 3494 nostra
1613 3457 1864 3494 constitutione
1893 3461 2044 3504 accepta
2071 3458 2174 3494 accin
2201 3462 2262 3495 ent
2287 3469 2367 3496 sese
2391 3457 2442 3497 ad

1358 3502 1569 3550 praedictas
1590 3503 1696 3540 nobis
1716 3502 1750 3539 le
1776 3513 1814 3539 es
1836 3502 1874 3538 in
1895 3511 1962 3538 suo
1985 3503 2137 3556 quisque
2181 3514 2247 3540 oro
2269 3503 2440 3542 adhiben-

1360 3548 1439 3584 das·
1469 3559 1543 3595 pro
1571 3550 1654 3584 onet
1671 3558 1692 3583 e

1359 3593 1466 3630 ettam
1497 3604 1523 3640 q
1537 3593 1778 3629 oriosissimus
1804 3592 1882 3629 eius

1360 3683 1496 3721 ciorum
1528 3683 1682 3730 itemque
1704 3682 1972 3730 gloriosissimis
1994 3686 2028 3718 et
2208 3682 2310 3720 sun&
2327 3694 2435 3732 prae-

1358 3728 1467 3774 fectis
1488 3738 1675 3765 sacrorum
1695 3730 1898 3765 nostrorum
1910 3727 2182 3775 praetoriorum
2201 3730 2275 3765 tam
2293 3738 2332 3765 in
2342 3738 2434 3778 ραν·
2474 3748 2475 3751 =

2495 2886 2518 2939 >⁴505
2495 2723 2519 2875 Ἅοιιρκμω,
2497 2696 2515 2711 ,3
2503 2671 2512 2687 .-
2499 2562 2512 2614 mss«
2497 2494 2518 2543 φημ’
2504 2437 2518 2481 μς,
2502 2388 2522 2417 ,³⁴¹
2509 2344 2518 2351 ,-

2503 3355 2506 3357 .
2485 3184 2513 3342 ’ᾗᾷ-’Ὰ-’ῆᾲωῃ
2491 3138 2519 3171 ,3232
2496 3119 2504 3124 ι
2492 3016 2511 3080 „vm-
2496 2948 2510 2997 U„

1839 3547 1877 3584 in
1896 3545 1967 3584 hac
1985 3558 2146 3584 maxima
2169 3551 2206 3586 et
2226 3549 2330 3596 reqia
2352 3548 2440 3586 τοὺς

1359 3638 1431 3674 erit
1451 3637 1694 3675 excelsissimo
1715 3640 1750 3673 et
1772 3592 2168 3718 emissigtzaegieacil‘slro
2179 3597 2439 3692 ξηιτῗῖοωέἦῗ

2477 3694 2528 3759 ,ιη
