2528 3918
151 109 209 139 DE
238 109 391 141 USURls
419 111 476 140 ΕΤ
504 111 749 143 FRUOTIBUS

1223 98 1304 146 285

2208 116 2383 159 XXIII

832 497 1011 548 LIBER
1039 499 1355 551 VIGESIMUS
1386 502 1696 554 SECUNDUS.

664 626 717 667 1¹.

143 694 205 726 DE
227 692 390 725 USURIS
410 692 472 724 ΕΤ
489 692 740 725 FRUOTIBUS
762 693 821 725 ΕΤ
844 692 999 725 CAUSIS
1020 693 1080 726 ET
1101 694 1233 726 OMNI-

333 737 418 770 BUS
442 736 794 770 ACOESSIONIBUS
819 738 879 770 ET
903 739 1039 771 MORA.

191 802 210 840 1
246 803 494 839 mmmm
526 804 617 839 libro
653 804 811 841 secundo
871 805 1096 840 uaestionum
1145 804 1233 840 Cum

142 849 273 884 iudicio
297 849 414 884 bonae
437 848 520 883 fidei
544 848 783 894 disceptatur,
817 860 857 884 ar
882 850 963 885 itrio
995 850 1121 885 iudicis
1146 861 1231 886 usu-

141 905 262 929 rarum
294 893 420 929 modus
452 904 494 928 ex
526 904 624 929 more
652 895 804 939 regionis
836 895 898 930 ubi
931 898 1155 930 contractum
1179 899 1234 931 est

146 943 157 973 l
211 939 451 981 constituitur,
476 939 527 973 ita
549 943 680 982 tamen,
705 943 746 975 ut
768 940 836 985 legi
855 951 927 975 non
948 940 1115 975 offendat.
1165 940 1230 976 So-

142 984 218 1019 cius
244 984 274 1020 si
292 983 373 1019 ideo
395 984 683 1020 condemnandus
705 985 781 1027 erit,
806 985 901 1030 quod
924 986 1114 1030 pecuniam
1135 996 1230 1021 com-

141 1039 282 1064 munem
305 1029 474 1064 invaserit
497 1029 552 1064 vel
575 1030 612 1064 in
635 1040 719 1065 suos
744 1041 830 1065 usus
855 1031 1084 1073 converterit,
1118 1031 1230 1066 omni-

140 1074 245 1110 modo
281 1074 386 1109 etiam
421 1085 521 1109 mora
556 1086 628 1110 non
662 1075 916 1111 interveniente
950 1076 1231 1121 praestabuntur

141 1122 160 1154 2
207 1129 350 1155 usurae.
398 1119 433 1154 N
436 1130 476 1154 ec
493 1124 612 1155 tamen
628 1120 736 1156 iudex
754 1120 876 1155 iudicii
895 1121 1012 1156 bonae
1031 1121 1114 1156 fidei
1132 1125 1230 1157 recte

140 1164 277 1200 iubebit
299 1165 477 1210 interponi
502 1165 706 1207 cautiones,
731 1170 789 1208 ut,
815 1166 845 1201 si
869 1166 1006 1201 tardius
1032 1167 1230 1201 sententiae

140 1210 395 1245 condemnatus
415 1210 585 1255 paruerit,
605 1210 718 1245 futuri
739 1211 908 1256 temporis
927 1211 1131 1256 pendantur
1143 1222 1227 1247 usu-

138 1265 222 1298 rae,
255 1265 336 1290 cum
367 1255 404 1289 in
428 1258 605 1299 potestate
630 1256 676 1290 sit
700 1257 832 1292 actoris
856 1256 1052 1291 iudicatum
1077 1257 1227 1301 exigere.

138 1299 196 1335 ΡΑ
204 1309 299 1335 ULUS
317 1303 438 1334 notat:
461 1300 545 1344 quid
570 1301 662 1335 enim
685 1301 838 1346 pertinet
858 1301 904 1336 ad
924 1301 1084 1337 officium
1102 1302 1228 1337 iudicis

139 1347 158 1380 3
204 1348 288 1390 post
302 1344 633 1380 condemnationem
646 1346 758 1381 futuri
767 1347 936 1398 temporis
945 1351 1121 1382 tractatus
1131 1348 1148 1382 ⁴?
1156 1347 1229 1382 PA-

138 1399 331 1425 PJNJANUS.
389 1389 493 1425 Circa
527 1391 660 1426 tutelae
695 1392 956 1427 restitutionem
998 1403 1063 1437 pro
1106 1392 1229 1427 favore

137 1435 352 1515 puzillorum
375 1435 482 1470 latior
504 1435 596 1470 inter
622 1437 749 1472 retatio
773 1436 872 1472 facta
896 1442 967 1472 est:
1001 1448 1103 1473 nemo
1137 1438 1228 1472 enim

138 1490 196 1515 am
221 1480 284 1525 igit
307 1480 423 1522 hodie,
449 1481 522 1515 sive
545 1481 581 1516 iu
608 1491 651 1516 ex
675 1482 883 1527 accipiatur,
908 1483 945 1517 in
968 1482 1060 1517 diem
1085 1486 1227 1518 senten-

136 1525 220 1567 tiae,
246 1525 319 1560 sive
343 1525 418 1560 sine
441 1525 558 1561 iudice
581 1527 695 1562 tutela
718 1528 945 1569 restituatur,
970 1528 1006 1562 in
1031 1538 1111 1562 eum
1136 1527 1227 1563 diem

137 1581 207 1615 quo
231 1571 411 1605 restituit²
435 1581 563 1606 usuras
583 1572 771 1616 praestari.
808 1573 914 1618 plane
935 1573 965 1607 si
983 1573 1116 1608 tutelae
1135 1573 1226 1608 iudi-

138 1616 192 1651 cio
218 1616 395 1651 nolentem
421 1616 571 1661 experiri
603 1620 701 1652 tutor
731 1618 825 1652 ultro
860 1618 1064 1653 convenerit
1097 1622 1132 1653 et
1164 1629 1225 1664 pe-

137 1661 278 1696 cuniam
303 1661 471 1705 optulerit
495 1671 643 1706 eamque
674 1663 896 1708 obsignatam
928 1663 1149 1708 deposuerit,
1184 1674 1227 1698 ex

137 1716 177 1741 eo
202 1709 362 1751 tempore
386 1717 458 1741 non
481 1707 679 1751 praestabit
702 1718 840 1743 usuras.

183 1748 207 1787 2
232 1751 341 1786 IDEM
360 1751 451 1787 libro
475 1755 581 1787 sexto
605 1754 855 1797 quaestionum
901 1753 1017 1798 Vulgo
1042 1763 1122 1788 rece
1150 1757 1225 1788 tum

137 1800 208 1838 est,
234 1800 293 1839 ut,
319 1797 478 1841 quamvis
501 1797 539 1831 in
561 1808 750 1842 personam
774 1802 894 1834 actum
918 1799 983 1840 sit,
1016 1803 1099 1843 post
1145 1799 1226 1834 'tem

137 1845 255 1876 tamen
281 1845 518 1877 contestatam
543 1843 677 1877 causa³
700 1847 919 1888 praestetur:
954 1844 1054 1878 cuius
1087 1844 1224 1888 opinio—

137 1887 190 1921 nis
215 1886 305 1921 ratio
331 1886 507 1929 redditur,
541 1888 708 1932 quoniam
733 1889 838 1933 quale
863 1892 934 1931 est,
969 1899 1049 1924 cum
1079 1889 1223 1934 petitur,

135 1932 207 1967 tale
240 1931 317 1966 dari
349 1932 455 1966 debet
479 1942 521 1967 ac
545 1936 736 1977 propterea
758 1938 886 1978 postea
910 1934 1059 1979 captos⁴
1084 1933 1223 1969 fructus

134 1980 346 2022 partumque
371 1977 505 2012 editum
529 1978 668 2012 restitui
692 1982 844 2023 oportet.

182 2019 205 2060 3
232 2022 341 2057 IDEM
367 2022 459 2057 libro
491 2023 655 2058 vicesimo
681 2025 930 2068 quaestionum
978 2024 1020 2058 In
1043 2023 1222 2059 fideicom-

135 2067 233 2102 missi
257 2067 524 2112 persecutione,
551 2078 630 2102 cum
655 2072 737 2113 post
759 2069 886 2104 iudicis
911 2069 1124 2104 sententiam
1148 2080 1222 2104 mo-

134 2122 211 2147 ram
234 2112 379 2147 fecisset
401 2113 525 2155 heres,
556 2112 660 2148 iussit
683 2113 877 2159 imperator
900 2115 1047 2149 Marcus
1071 2115 1222 2149 Antoni-

134 2168 221 2199 nus,
253 2157 453 2192 intermisso
484 2157 638 2202 legitimo
669 2161 828 2203 tempore
859 2159 955 2204 quod
980 2159 1222 2195 condemnatis

133 2205 338 2247 praestatur
369 2206 409 2237 ut
440 2213 552 2247 usque
584 2203 630 2237 ad
663 2204 874 2239 sententiam
907 2205 1092 2239 commoda
1123 2205 1221 2239 fidei-

136 2247 398 2282 commissarius
419 2248 583 2292 accipiat.
619 2249 713 2292 quod
734 2249 915 2284 decretum
927 2250 977 2284 ita
990 2249 1105 2294 accipi
1115 2260 1221 2295 opor-

134 2296 203 2335 tet,
236 2293 267 2327 si
298 2296 380 2327 ante
411 2292 537 2328 iudicis
561 2294 772 2328 sententiam
797 2305 897 2329 mora
921 2306 992 2330 non
1015 2295 1221 2330 intervenit:

133 2338 275 2373 tametsi
298 2348 369 2372 non
392 2337 498 2373 facile
523 2338 660 2374 evenire
683 2340 809 2384 possit,
834 2343 873 2375 ut
897 2351 997 2375 mora
1021 2351 1091 2375 non
1116 2351 1219 2385 prae-

135 2383 281 2418 cedente
305 2383 531 2427 perveniatur
555 2383 601 2418 ad
623 2384 794 2419 iudicem:
829 2385 892 2420 sed
915 2389 1003 2430 puta
1026 2385 1112 2429 legis
1137 2385 1220 2420 Fal-

135 2428 248 2463 cidiae
271 2428 443 2463 rationem
467 2428 707 2464 intervenisse.
747 2433 901 2465 ceterum
927 2430 956 2465 si
981 2434 1081 2472 ante,
1116 2441 1222 2475 quam

134 2473 180 2507 ad
202 2473 354 2508 iudicem
378 2473 636 2517 perveniretur,
669 2474 707 2508 in
730 2486 831 2510 mora
854 2476 957 2510 heres
982 2475 1069 2517 fuit,
1096 2475 1222 2510 exinde

132 2517 314 2553 fructuum
346 2519 642 2562 praestandorum
673 2520 886 2555 necessitate
922 2520 1116 2555 adstrictus
1152 2531 1223 2565 qua

132 2563 275 2598 tandem
300 2563 448 2606 ratione,
475 2564 640 2608 quoniam
666 2568 701 2599 et
719 2565 895 2600 sententia
914 2566 1026 2600 victus
1048 2570 1112 2608 est,
1137 2566 1221 2610 legi-

133 2608 208 2643 timi
239 2609 408 2653 temporis
441 2609 557 2653 spatio
589 2609 765 2644 fructibus
798 2610 1027 2652 liberabitur,
1066 2621 1146 2646 cum
1179 2621 1222 2645 ea

132 2654 300 2698 temporis
324 2653 554 2699 intercapedo
586 2654 744 2690 iudicato
779 2655 982 2690 dilationem
1014 2655 1117 2698 dare,
1150 2666 1221 2691 non

136 2701 150 2732 1
199 2699 338 2733 lucrum
370 2698 509 2734 adferre
541 2699 693 2734 debeat?
739 2700 781 2734 In
811 2700 866 2735 his
899 2712 1039 2754 quoque
1070 2700 1220 2742 iudiciis,

134 2753 224 2788 quae
249 2754 320 2778 non
344 2747 428 2778 sunt
452 2744 640 2779 arbitraria
664 2755 729 2780 nec
754 2745 869 2781 bonae
893 2745 993 2788 fidei,
1019 2750 1101 2791 post
1124 2746 1220 2780 litem

134 2792 372 2823 contestatam
393 2789 505 2823 actori
527 2800 635 2824 causa
655 2790 872 2834 praestanda
893 2795 947 2826 est
965 2791 1002 2825 in
1023 2801 1102 2826 eum
1116 2791 1218 2832 diem,

133 2843 202 2878 quo
228 2834 403 2868 sententia
428 2834 574 2869 dicitur:
602 2839 696 2869 certe
720 2839 803 2880 post
826 2846 900 2870 rem
918 2836 1111 2871 iudicatam
1131 2840 1218 2870 tem-

133 2881 152 2912 2
200 2888 267 2923 pus
300 2889 322 2913 a
352 2878 530 2914 fructibus
563 2880 804 2924 dependendis
829 2881 982 2916 immune
1008 2884 1071 2915 est.
1119 2880 1218 2915 Non-

132 2934 324 2968 numquam
357 2924 490 2966 evenit,
524 2928 582 2966 ut,
615 2935 827 2970 quamquam
851 2926 990 2961 fructus
1014 2925 1219 2960 hereditatis

133 2972 196 3003 aut
219 2969 392 3013 pecuniae
415 2979 525 3004 usura
550 2971 757 3004 nominatim
781 2971 905 3006 relicta
929 2982 1001 3006 non
1027 2971 1082 3012 sit,
1108 2970 1216 3004 nihilo

131 3013 247 3048 minus
282 3013 462 3049 debeatur.
500 3018 539 3048 ut
562 3019 651 3059 puta
674 3015 704 3050 si
729 3016 806 3060 quis
838 3020 982 3061 rogetur
1038 3019 1095 3050 ost
1126 3025 1218 3049 mor-

132 3061 202 3092 tem
234 3069 335 3093 suam
371 3059 541 3104 quidquid
573 3070 617 3094 ex
650 3060 752 3096 bonis
784 3061 959 3105 supererit
1023 3060 1084 3095 itio
1116 3059 1218 3094 resti-

132 3107 248 3138 tuere:
282 3107 323 3138 ut
355 3104 446 3138 enim
479 3115 521 3139 ea
545 3115 635 3149 quae
659 3105 729 3140 fide
752 3106 847 3140 bona
871 3105 1053 3140 deminuta
1077 3109 1160 3139 sunt
1183 3104 1219 3138 in

133 3158 243 3183 causa
263 3148 522 3184 fideicommissi
540 3160 612 3184 non
633 3150 952 3195 deprehenduntur,
978 3150 1007 3184 si
1027 3160 1092 3194 pro
1113 3149 1218 3184 modo

133 3196 331 3228 ceterorum
345 3204 485 3238 quoque
505 3195 679 3229 bonorum
702 3195 961 3236 deminuantur,
981 3195 1031 3228 ita
1056 3193 1151 3238 quod
1176 3204 1217 3228 ex

132 3237 310 3273 fructibus
344 3239 518 3283 supererit
547 3240 624 3274 iure
648 3240 839 3275 voluntatis
864 3240 1002 3275 restitui
1028 3238 1215 3284 oportebit.

134 3285 153 3317 3
203 3282 289 3318 Cum
312 3283 483 3318 Pollidius
516 3294 537 3318 a
569 3285 770 3329 propinqua
802 3295 867 3319 sua
898 3285 1000 3319 heres
1034 3284 1216 3318 institutus

133 3332 277 3372 rogatus
307 3328 435 3363 fuisset
457 3329 551 3363 filiae
574 3330 729 3364 mulieris
754 3329 924 3374 quidquid
949 3340 991 3363 ex
1016 3329 1117 3364 bonis
1143 3328 1217 3362 eius

134 3372 180 3407 ad
204 3383 242 3407 se
265 3374 500 3418 pervenisset,
533 3385 612 3409 cum
645 3378 778 3409 certam
802 3378 955 3409 aetatem
978 3374 1097 3418 puella
1122 3383 1216 3408 com-

133 3417 276 3461 plesset,
308 3418 511 3460 restituere,
548 3418 654 3464 idque
684 3419 752 3454 sibi
784 3422 898 3453 mater
928 3419 1008 3453 ideo
1039 3417 1216 3462 placuisse

1303 630 1515 664 testamento
1542 629 1884 674 comprehendisset,
1908 642 1953 666 ne
1983 632 2075 668 filiae
2105 637 2299 679 tutoribus,
2325 639 2386 673 sed

1329 673 1423 707 otius
1448 674 1702 709 necessitudini
1725 685 1782 709 res
1817 677 2135 721 committerentur,
2168 682 2386 727 eundemque

1335 717 1493 753 ollidium
1516 719 1669 754 fundum
1692 720 1845 755 retinere
1868 721 2047 757 iussisset:
2072 725 2257 767 praefectis
2308 739 2383 763 rae-

1302 762 1386 797 torii
1409 763 1508 798 suasi
1530 764 1681 806 fructus,
1708 765 1768 809 qui
1793 765 1888 800 bona
1912 766 1981 801 fide
2005 777 2026 801 a
2045 768 2193 805 Pollidio
2216 781 2258 806 ex
2308 773 2384 807 onis

1304 807 1495 843 defunctae
1517 810 1677 854 percepti
1703 814 1839 853 essent,
1865 811 2003 846 restitui
2027 812 2170 856 debere,
2195 816 2266 851 sive
2291 818 2384 861 quod

1301 851 1452 887 fundum
1484 854 1517 888 ei
1546 858 1687 889 tantum
1718 856 1982 907 praelegaverat
2012 857 2084 892 sive
2119 860 2212 903 quod
2247 861 2383 897 lubrico

1301 898 1437 932 tutelae
1471 898 1735 935 fideicommissi
1770 900 1962 935 remedium
2004 907 2115 937 mater
2157 906 2382 948 praetulerat.

1301 945 1322 976 4
1370 942 1407 977 Si
1431 953 1520 979 auro
1544 944 1600 979 vel
1623 948 1767 989 argento
1792 945 1889 981 facto
1913 956 1977 990 per
2000 946 2305 985 fideicommissum
2329 962 2383 986 re-

1300 987 1385 1022 licto
1411 999 1511 1023 mora
1533 989 1778 1032 intervenerit,
1812 1001 1857 1025 an
1890 1001 2079 1026 usurarum
2110 994 2305 1030 aestimatio
2330 996 2383 1031 fa-

1302 1032 1428 1067 cienda
1460 1033 1524 1076 sit,
1558 1035 1707 1069 tractari
1738 1036 1838 1070 solet.
1873 1036 1979 1080 plane
2009 1037 2040 1072 si
2070 1039 2250 1073 materiam
2281 1040 2384 1075 istam

1299 1077 1379 1112 ideo
1403 1079 1612 1131 relinquit⁵,
1649 1083 1689 1115 ut
1721 1090 1763 1115 ea
1795 1080 1969 1116 distracta
1998 1083 2219 1127 pecuniaque
2250 1084 2385 1120 refecta

1299 1122 1572 1159 fideicommlssa
1596 1125 1817 1160 solverentur
1840 1129 1904 1161 aut
1923 1126 2089 1162 alimenta
2111 1132 2385 1172 praestarentur,

1299 1178 1371 1202 non
1405 1173 1569 1214 oportere
1600 1169 1868 1206 frustrationem
1898 1171 2108 1216 impunitam
2139 1182 2216 1208 esse
2239 1184 2384 1219 respon-

1299 1212 1374 1248 deri
1407 1218 1569 1259 oportet:
1605 1215 1699 1260 quod
1730 1216 1760 1251 si
1790 1215 1884 1252 forte
1913 1216 1992 1252 ideo
2016 1218 2224 1262 relinquit⁵,
2260 1223 2300 1253 ut
2330 1219 2385 1255 his

1297 1258 1391 1293 vasis
1424 1262 1602 1303 uteretur,
1634 1271 1707 1296 non
1731 1261 1806 1296 sine
1829 1261 1959 1297 rubore
1982 1262 2278 1298 desiderabuntur
2300 1275 2384 1299 usu-

1297 1313 1360 1338 rae
1382 1303 1534 1349 ideoque
1557 1316 1629 1340 non
1654 1305 1847 1350 exigentur.

1344 1347 1370 1385 4
1407 1349 1515 1384 IDEM
1544 1351 1635 1386 libro
1670 1352 1836 1387 vicesimo
1869 1353 2018 1398 septimo
2055 1354 2302 1398 quaestionum
2349 1353 2386 1389 Si

1298 1394 1490 1439 stipulatus
1511 1395 1559 1431 sis
1580 1406 1655 1430 rem
1677 1396 1754 1431 dari
1775 1398 1994 1442 vacuamque
2006 1398 2268 1442 possessionem
2279 1399 2383 1441 tradi,
2427 1440 2430 1442 μ

1297 1438 1438 1475 fructus
1474 1444 1600 1485 postea
1636 1445 1761 1486 captos
1797 1442 1937 1477 actione
1971 1442 2098 1477 incerti
2134 1453 2176 1478 ex
2212 1443 2384 1488 stipulatu

1297 1488 1444 1536 propter
1466 1485 1635 1520 inferiora
1655 1487 1763 1521 verba
1783 1490 2058 1522 consecuturum
2077 1491 2113 1522 te
2132 1488 2223 1523 ratio
2244 1488 2382 1524 suadet.

1298 1539 1344 1563 an
1368 1529 1462 1565 idem
1486 1530 1530 1565 de
1553 1535 1659 1575 partu
1684 1531 1834 1566 ancillae
1864 1532 2071 1577 responderi
2101 1533 2232 1577 possit,
2267 1533 2382 1568 consi-

1297 1574 1495 1610 derandum
1520 1580 1584 1610 est.
1622 1586 1704 1610 nam
1729 1576 1825 1621 quod
1849 1577 1895 1611 ad
1919 1578 2027 1612 verba
2058 1577 2242 1622 superiora
2272 1579 2382 1622 perti·

1296 1624 1375 1659 net,
1410 1620 1483 1655 sive
1513 1620 1647 1656 factum
1679 1622 1730 1656 rei
1760 1622 1989 1666 promittendi
2021 1622 2092 1657 sive
2125 1622 2289 1658 effectum
2320 1633 2383 1668 per

1296 1664 1521 1700 traditionem
1556 1666 1701 1701 dominii
1735 1666 1971 1702 transferendi
2015 1668 2214 1709 continent,
2258 1672 2379 1712 partus

1296 1720 1369 1744 non
1389 1711 1607 1746 continetur:
1633 1721 1754 1746 verum
1779 1712 1808 1746 si
1828 1715 1964 1756 emptor
1987 1723 2009 1747 a
2029 1712 2209 1747 venditore
2229 1712 2379 1749 novandi

1295 1755 1411 1790 animo
1436 1755 1487 1790 ita
1510 1756 1702 1801 stipulatus
1728 1760 1799 1798 est,
1831 1756 1965 1791 factum
1997 1757 2159 1791 tradendi
2191 1757 2378 1801 stipulatus

1293 1799 1525 1844 intellegitur,
1560 1801 1644 1846 quia
1674 1812 1745 1836 non
1779 1805 1832 1836 est
1855 1802 2039 1836 verisimile
2063 1803 2142 1846 plus
2166 1802 2379 1837 venditorem

1293 1845 1508 1889 promisisse,
1534 1857 1639 1891 quam
1663 1846 1792 1881 iudicio
1819 1847 1926 1892 empti
1950 1851 2131 1891 praestare
2153 1847 2379 1891 compellere-

1293 1894 1362 1925 tur.
1402 1890 1465 1925 sed
1495 1894 1615 1926 tamen
1647 1895 1792 1936 propter
1823 1892 1883 1926 illa
1914 1892 2021 1926 verba
2046 1895 2274 1937 ‘vacuamque
2297 1902 2379 1936 pos-

1295 1935 1500 1971 ‘sessionem
1531 1936 1635 1971 tradi’
1660 1940 1778 1981 potest
1802 1937 1871 1971 dici
1895 1941 2018 1981 partus
2044 1947 2183 1982 quoque
2207 1937 2380 1971 rationem

1295 1981 1468 2015 committi
1490 1981 1617 2016 incerti
1641 1982 1910 2026 stipulatione⁶z
1946 1982 2074 2016 etenim
2098 1982 2226 2016 ancilla
2250 1981 2381 2016 tradita

1293 2029 1436 2069 partum
1466 2030 1593 2070 postea
1625 2026 1757 2061 editum
1788 2027 1825 2061 in
1856 2026 1959 2061 bonis
1984 2027 2057 2062 suis
2081 2037 2162 2061 reus
2187 2026 2380 2071 stipulandi

1297 2075 1310 2103 1
1360 2071 1494 2106 habere
1525 2072 1711 2116 potuisset.
1761 2071 1797 2106 Si
1820 2076 1902 2116 post
1926 2075 2145 2107 contractam
2169 2071 2380 2116 emptionem

1294 2118 1376 2149 ante
1418 2115 1664 2161 interpositam
1708 2117 1971 2161 stipulationem
2006 2120 2130 2161 partus
2167 2116 2281 2151 editus
2317 2119 2380 2150 aut

1294 2160 1425 2205 aliquid
1448 2171 1513 2205 per
1535 2172 1674 2196 servum
1698 2161 1871 2197 venditori
1895 2161 2108 2206 adquisitum
2131 2164 2194 2203 est,
2220 2160 2315 2206 quod
2335 2172 2378 2196 ex

1293 2205 1466 2257 stipulatu
1491 2207 1660 2251 consequi
1683 2217 1755 2241 non
1778 2206 1928 2251 poterit,
1960 2207 2089 2241 iudicio
2124 2206 2229 2250 empti
2254 2216 2376 2240 conse-

1293 2254 1429 2295 quitur:
1455 2251 1491 2285 id
1516 2251 1607 2286 enim
1631 2251 1726 2296 quod
1750 2263 1822 2287 non
1846 2250 2060 2286 transfertur
2082 2251 2118 2285 in
2144 2260 2287 2285 causam
2311 2261 2375 2285 no-

1292 2295 1444 2330 vationis
1469 2296 1545 2331 iure
1568 2296 1717 2341 pristino
1742 2297 1815 2341 peti
1838 2299 1967 2341 potest.

1339 2339 1362 2377 5
1388 2340 1496 2375 IDEM
1515 2341 1605 2377 libro
1630 2342 1793 2377 vicesimo
1818 2344 1942 2376 octavo
1967 2340 2212 2385 quaestionum
2260 2339 2374 2373 Gene-

1292 2386 1415 2420 raliter
1447 2386 1629 2421 observari
1662 2386 1824 2421 convenit
1855 2386 1971 2420 bonae
2002 2384 2083 2418 fidei
2114 2384 2279 2418 iudicium
2304 2394 2375 2418 non

1291 2431 1449 2475 recipere
1472 2432 1758 2475 praestationem,
1784 2441 1875 2475 quae
1899 2433 2023 2465 contra
2046 2429 2158 2463 bonos
2178 2438 2292 2462 mores
2314 2428 2373 2462 de-

1292 2475 1477 2511 sideretur.

1338 2519 1362 2557 6
1387 2520 1495 2555 IDEM
1515 2521 1604 2556 libro
1629 2521 1792 2555 vicesimo
1817 2530 1910 2554 nono
1936 2518 2185 2568 quaestionum
2231 2516 2316 2551 Cum
2330 2516 2373 2551 de

1290 2565 1327 2600 in
1358 2576 1433 2600 rem
1464 2575 1564 2600 verso
1591 2577 1670 2600 cum
1694 2564 1821 2599 herede
1844 2564 1956 2608 patris
1980 2563 2033 2597 vel
2058 2562 2187 2596 domim
2211 2564 2373 2613 ageretur

1292 2614 1327 2645 et
1350 2621 1540 2645 usurarum
1563 2610 1722 2655 quaestio
1755 2612 1974 2650 moveretur,
2005 2608 2198 2651 imperator
2220 2607 2370 2657 Antom-

1291 2666 1358 2690 nus
1382 2655 1462 2690 ideo
1488 2655 1673 2690 solvendas
1699 2664 1825 2688 usuras
1857 2652 2044 2694 iudicavit,
2078 2650 2172 2695 quod
2205 2661 2264 2685 eas
2296 2660 2372 2694 ipse

1294 2704 1307 2734 1
1360 2700 1521 2735 dominus
1535 2701 1588 2735 vel
1607 2703 1708 2744 pater
1729 2699 1832 2742 longo
1854 2702 2010 2742 tempore
2031 2695 2276 2740 praestitisset.
2303 2696 2369 2728 Im-

1290 2750 1435 2790 perator
1466 2755 1606 2789 quoque
1638 2748 1757 2778 noster
1782 2743 1929 2778 Severus
1961 2742 2054 2776 filiae
2078 2740 2190 2775 Flavii
2213 2740 2369 2791 Athena-

1288 2801 1414 2834 gorae,
1451 2790 1551 2824 cuius
1576 2790 1669 2823 bona
1693 2788 1834 2822 fuerant
1866 2785 2259 2839 publicatande‘fisco
2291 2784 2369 2819 ideo

1290 2835 1467 2869 numerari
1490 2834 1604 2868 decies
1630 2837 1778 2869 centena
1802 2832 1893 2867 dotis
1914 2832 2055 2866 nomine
2074 2833 2187 2870 iusslt,
2212 2829 2306 2874 quod
2328 2839 2369 2863 ea

1289 2883 1425 2925 patrem
1449 2879 1668 2924 praestitisse
1692 2877 1783 2912 dotis
1808 2887 1935 2912 usuras
1959 2876 2154 2919 allegasset.

1335 2921 1358 2960 7
1384 2924 1490 2958 IDEM
1510 2924 1600 2958 libro
1624 2922 1780 2957 secundo
1804 2932 2055 2967 responsorum
2103 2919 2252 2953 Debitor
2284 2929 2366 2969 usu-

1288 2969 1401 3004 rarius
1427 2968 1590 3003 creditori
1614 2967 1799 3011 pecuniam
1823 2966 1951 3011 optulit
1974 2969 2009 2999 et
2033 2975 2128 3006 eam,
2162 2974 2241 2998 cum
2274 2973 2366 3013 acci-

1288 3024 1372 3058 pere
1391 3013 1573 3054 noluisset,
1592 3011 1789 3056 obsignavit
1809 3022 1851 3046 ac
1870 3011 1913 3045 de
1940 3010 2050 3045 osuit:
2075 3019 2117 3043 ex
2138 3018 2178 3042 eo
2200 3008 2255 3042 die
2276 3012 2365 3040 ratio

1288 3069 1359 3093 non
1383 3057 1571 3092 habebitur
1594 3067 1793 3091 usurarum.
1831 3066 1899 3100 quo
1958 3055 1988 3090 si
2019 3058 2143 3105 postca
2176 3056 2365 3087 conventus

1288 3107 1327 3138 ut
1351 3103 1499 3137 solveret
1522 3111 1656 3136 moram
1680 3101 1814 3142 fecerit,
1839 3100 1971 3135 nummi
1995 3099 2130 3134 steriles
2156 3108 2197 3131 ex
2217 3106 2256 3130 eo
2279 3099 2363 3129 tem-

1287 3158 1372 3193 pore
1396 3158 1466 3181 non
1491 3149 1603 3180 erunt.
2151 3187 2156 3192 Ι
2279 3184 2285 3191 .
2337 3183 2343 3189 .

1333 3190 1356 3229 8
1382 3191 1487 3227 IDEM
1504 3191 1594 3225 libro
1606 3191 1756 3243 septimo
1769 3199 2020 3235 responsorum
2067 3188 2177 3230 Eqms
2191 3195 2253 3228 per
2265 3184 2361 3217 nde]-

1287 3237 1511 3272 commissum
1543 3235 1674 3270 relictis
1705 3238 1787 3279 post
1819 3244 1952 3268 moram
1983 3232 2076 3267 fetus
2101 3239 2236 3274 quoquc
2260 3237 2360 3271 prae-

1286 3282 1439 3316 stabitur
1474 3283 1514 3314 ut
1547 3279 1704 3321 fructus,
1741 3279 1804 3314 sed
1837 3279 1930 3313 fetus
1965 3275 2139 3311 secundus
2172 3278 2210 3307 ut
2242 3282 2360 3311 causa,

1285 3327 1376 3361 sicut
1399 3329 1523 3370 partus
1548 3324 1701 3359 mulieris
1711 3325 1735 3358 ⁷.
2308 3360 2314 3365 Ι

1331 3369 1355 3407 9
1401 3370 1505 3404 IDEM
1534 3369 1624 3404 libro
1659 3369 1846 3403 undecimo
1880 3377 1938 3401 res
1965 3374 2129 3400 onsorum
2186 3361 2360 3409 Pecuniae

1284 3414 1472 3456 faenebris,
1497 3414 1591 3448 intra
1617 3414 1707 3448 diem
1733 3416 1867 3448 certum
1887 3411 1929 3445 de
1956 3411 2003 3444 ito
2025 3419 2094 3442 non
2115 3406 2238 3444 soluto,
2264 3403 2360 3447 dupli

138 3477 2359 3500 Μ

181 3531 218 3571 (1)
245 3530 330 3572 Pap.
344 3538 445 3570 1...19;
467 3532 548 3565 Sab.
564 3540 683 3566 20...33.
699 3541 753 3571 493
775 3533 841 3564 Ed.
856 3538 982 3570 34...46;
1004 3531 1092 3573 App.
1107 3538 1151 3563 47.
1166 3537 1213 3564 48.

135 3592 178 3598 —
191 3575 276 3607 Bas.
291 3576 344 3615 23,
357 3582 385 3608 3.
399 3594 442 3599 —-
459 3577 508 3620 Cf.
525 3577 602 3610 cod.
616 3579 647 3616 4,
662 3585 697 3611 32
882 3577 925 3616 (2)
949 3575 1142 3608 restituitur
1152 3587 1214 3607 scr.

135 3619 175 3658 (3)
202 3620 382 3652 causamF
443 3623 484 3662 (4)
510 3623 676 3663 captusF
734 3623 777 3662 (5)
803 3620 941 3662 reliquit
954 3621 1033 3653 Hal.
1095 3621 1138 3660 (6)
1163 3629 1214 3650 ra-

134 3664 227 3696 tione
240 3665 406 3696 committi
420 3665 541 3697 incerti
555 3666 808 3708 stipulationem
823 3667 898 3698 dett.
1027 3666 1068 3703 (7)
1095 3663 1216 3705 [Equis

133 3718 194 3749 per
213 3709 503 3743 fideicommissum
525 3710 652 3743 relictis
674 3714 711 3742 ut
732 3711 860 3742 fructus
881 3713 957 3750 post
977 3711 1115 3749 m0]ram
1130 3709 1215 3740 fetus

1286 3538 1415 3569 quoque
1437 3525 1679 3568 praestabitur:
1703 3525 1759 3557 sed
1781 3525 1866 3555 fetus
1888 3520 2062 3563 [secundus
2084 3523 2119 3549 ut
2141 3526 2247 3567 causa,
2270 3515 2357 3546 sicut

1285 3575 1400 3615 partus
1413 3571 1588 3611 mulieris,]
1603 3571 1631 3602 si
1640 3580 1773 3611 gregem
1783 3567 1929 3608 reliquit,
1943 3565 1993 3597 vel
2004 3573 2110 3613 morae
2120 3562 2263 3599 act10[ne
2274 3568 2355 3589 non-

1285 3618 1361 3649 dum
1377 3619 1504 3658 coepta,
1520 3626 1594 3648 cum
1607 3613 1796 3646 omnimodo
1810 3612 1865 3643 ille
1877 3610 2020 3651 gregem]
2035 3607 2185 3639 rehetum
2199 3606 2356 3644 sequatur

1293 3662 1362 3694 Vat.
1380 3668 1415 3694 65
