2528 3918
135 97 183 128 m
211 98 302 127 REM
331 97 526 128 Acmona
1214 81 1267 128 95

134 206 264 252 optulit
294 217 375 242 reus
407 205 686 241 aestimationem
715 205 805 247 litis,
837 205 1083 242 Publicianam
1115 216 1209 242 com—

134 255 153 286 2
201 256 331 297 petere.
379 250 569 286 Marcellus
600 250 691 285 libro
724 250 873 295 septimo
898 250 1033 287 decimo
1058 251 1209 330 digesto-

134 307 210 331 rum
236 297 358 332 scribit
382 306 480 337 eum,
512 294 572 340 qui
595 305 616 329 a
639 294 774 330 furioso
798 295 965 340 ignorans
990 307 1070 332 eum
1109 306 1210 331 urere

134 342 227 383 emit,
278 351 356 376 osse
379 350 593 384 usucapere:
620 350 701 384 ergo
727 343 762 374 et
784 339 1030 376 Publicianam
1052 340 1209 376 habebit.

134 390 152 421 3
200 353 275 422 Sed3
294 390 328 420 et
351 385 380 420 si
411 385 489 429 quis
522 395 566 419 ex
594 384 776 420 lucrativis
807 385 924 422 causis
955 397 1029 421 rem
1061 386 1209 430 accepit,

133 431 241 466 habet
263 430 526 472 Publicianam,
559 440 649 482 quae
681 429 787 465 etiam
810 430 979 466 adversus
1004 431 1209 482 donatorem

133 476 321 520 competit:
354 478 409 510 est
440 474 530 509 enim
561 479 676 510 iustus
726 485 887 510 ossessor
910 480 944 511 et
967 477 1116 521 petitor,
1149 487 1209 521 qui

132 524 152 555 4
198 519 445 554 liberalitatem
482 519 632 564 accepit.
718 520 731 554 i
761 530 784 555 a
813 520 947 556 minore
977 522 1054 566 quis
1087 521 1210 556 emerit

131 568 150 599 5
196 565 363 616 ignorans
373 565 628 600 eumminorem
639 575 726 607 esse,
739 565 847 600 habet
856 565 1112 602 Publicianam.
1138 565 1209 600 Sed

130 614 165 644 et
199 620 229 644 81
263 609 476 654 permutatio
509 609 608 645 facta
642 610 705 652 sit,
742 610 864 645 eadem
898 611 991 647 actio
1029 611 1206 656 competit.

131 658 151 689 6
197 654 406 689 Publiciana
430 655 522 690 actio
556 655 603 690 ad
632 655 746 690 instar
776 656 1024 700 proprietatis,
1059 668 1132 692 non
1163 656 1208 691 ad

130 702 148 733 'l
195 699 309 734 instar
339 700 573 744 possessionis
604 700 759 745 respicit.
808 700 845 735 Si
867 702 1003 746 petenti
1026 702 1112 736 mihi
1134 711 1208 736 rem

127 743 370 779 iusiurandum
391 744 558 780 detuleris
581 755 714 790 egoque
732 745 893 781 iuravero
906 757 980 781 rem
992 757 1105 782 meam
1119 756 1206 788 esse,

129 789 296 833 competit
314 789 525 825 Publiciana
547 790 642 832 mihi,
667 790 730 825 sed
753 790 921 826 adversus
945 795 981 826 te
1004 792 1206 827 dumtaxat:

128 833 159 868 ei
184 834 275 869 enim
299 834 364 869 soli
388 845 517 870 nocere
549 835 653 870 debet
682 835 945 879 iusiurandum,
979 837 1039 882 qui
1071 836 1205 872 detulit.

127 878 189 914 sed
212 879 243 914 si
265 880 463 924 possessori
487 880 641 915 delatum
671 880 738 915 erit
767 881 1011 916 iusiurandum
1043 886 1078 918 et
1110 882 1206 917 iura-

127 924 215 959 verit
237 936 310 959 rem
334 925 494 969 petitoris
517 936 590 961 non
610 936 698 968 esse,
723 926 892 961 adversus
913 937 992 961 eum
1013 927 1126 962 solum
1145 937 1205 972 pe-

126 972 258 1004 tentem
279 970 486 1014 exceptione
506 974 638 1014 utetur,
662 981 735 1006 non
754 975 794 1005 ut
815 975 850 1006 et
868 972 1000 1007 habeat
1020 972 1205 1008 actionem.

127 1017 147 1048 8
193 1014 235 1048 In
258 1014 469 1050 Publiciana
492 1015 633 1051 actione
656 1016 774 1051 omnia
806 1017 928 1052 eadem
960 1021 1083 1060 erunt,
1116 1028 1207 1062 quae

127 1062 147 1094 9
194 1063 230 1094 01
252 1060 288 1094 111
311 1060 361 1095 rei
384 1060 619 1096 vindicatione
643 1060 803 1096 diximus.
851 1062 950 1097 Haec
975 1063 1068 1097 actio
1089 1067 1124 1098 et
1144 1063 1205 1097 he-

129 1107 169 1138 10
215 1105 290 1140 redi
315 1109 350 1140 et
381 1106 611 1142 ¹honorariis
643 1107 909 1142 successoribus
943 1108 1121 1152 competit.
1170 1107 1207 1142 Si

125 1160 188 1194 ego
214 1160 285 1185 non
309 1160 443 1193 emero,
475 1151 538 1186 sed
569 1161 690 1187 servus
714 1162 832 1194 meus,
864 1153 1003 1188 habebo
1028 1152 1205 1188 Publicia-

125 1205 218 1229 nam.
254 1195 348 1230 idem
372 1199 426 1231 est
450 1200 484 1231 et
508 1196 538 1231 si
560 1201 773 1242 procurator
802 1208 901 1233 meus
932 1198 988 1233 vel
1019 1202 1115 1233 tutor
1150 1198 1205 1233 vel

125 1243 270 1275 curator
287 1241 342 1276 vel
365 1241 443 1286 quis
467 1241 557 1277 alius
582 1243 759 1287 negotium
783 1253 900 1278 meum
923 1254 1047 1287 gerens
1072 1243 1204 1278 emerit.

128 1287 165 1319 11
214 1285 366 1321 Praetor
399 1287 466 1321 ait:
504 1287 576 1332 ‘qui
611 1288 706 1323 bona
739 1287 809 1323 fide
845 1288 950 1323 emit'.
994 1299 1067 1323 non
1101 1288 1206 1332 igitur

127 1330 240 1365 omnis
265 1332 394 1376 emptio
418 1332 595 1377 proderit,
628 1332 692 1368 sed
723 1343 784 1375 ea,
816 1344 908 1378 quae
939 1334 1070 1368 bonam
1100 1333 1205 1368 fidem

123 1375 249 1410 habet:
274 1376 424 1420 proinde
447 1377 516 1413 1100
541 1377 674 1413 sufficit
696 1389 752 1413 me
775 1379 891 1414 bonae
910 1378 993 1413 fidei
1013 1382 1206 1423 emptorem

122 1419 244 1463 fuisse,
270 1422 426 1466 quamvis
451 1433 523 1457 non
546 1433 569 1458 a
592 1422 733 1458 domino
759 1424 920 1466 emerim,
944 1424 1028 1459 licet
1050 1424 1109 1459 ille
1134 1424 1205 1459 cal-

122 1464 193 1500 lido
219 1466 364 1502 consilio
389 1467 601 1503 vendiderit:
633 1478 748 1514 neque
772 1468 864 1504 enim
888 1469 991 1504 dolus
1015 1469 1206 1504 venditoris

126 1512 166 1544 12
212 1511 297 1546 mihi
328 1512 479 1548 nocebit.
527 1513 570 1548 In
592 1513 661 1549 hac
686 1514 827 1549 actione
858 1525 930 1550 non
962 1514 1077 1550 oberit
1107 1514 1204 1556 mihi,

123 1555 154 1590 si
174 1565 361 1593 successor
382 1568 459 1593 sum
480 1561 515 1593 et
534 1558 616 1594 dolo
637 1558 718 1602 feci,
744 1570 825 1594 cum
843 1559 885 1602 is,
910 1560 946 1594 in
969 1560 1068 1594 cuius
1088 1559 1206 1595 locum

123 1601 298 1644 successi,
330 1602 425 1638 bona
459 1602 529 1638 fide
561 1604 719 1639 emisset:
752 1615 819 1640 nec
876 1605 1028 1647 roderit,
1063 1604 1094 1640 si
1124 1605 1205 1640 dolo

127 1648 165 1680 13
214 1657 330 1690 careo,
346 1658 426 1683 cum
439 1651 586 1693 emptor,
600 1649 658 1684 cui
669 1649 836 1692 successi,
876 1650 932 1685 olo
945 1649 1098 1685 fecisset.
1136 1650 1207 1685 Sed

123 1690 215 1725 enim
238 1692 269 1727 si
291 1703 412 1728 servus
436 1704 535 1729 meus
560 1694 663 1737 emit,
697 1695 800 1730 dolus
833 1695 908 1730 eius
940 1695 1007 1730 erit
1040 1699 1204 1740 spectan-

127 1739 166 1770 14
213 1737 299 1779 dus,
333 1748 405 1773 non
428 1749 542 1782 meus,
568 1740 622 1775 vel
647 1745 784 1775 contra.
831 1740 1043 1775 Publiciana
1066 1744 1206 1785 tempus

123 1782 308 1826 emptionis
334 1784 501 1827 continet,
527 1787 562 1820 et
584 1785 663 1820 ideo
688 1795 803 1830 neque
827 1785 923 1831 quod
946 1789 1029 1820 ante
1054 1786 1201 1830 emptio-

122 1836 201 1861 nem
225 1838 339 1872 neque
363 1829 458 1873 quod
480 1833 607 1874 postea
631 1830 711 1866 dolo
736 1831 829 1866 malo
853 1830 990 1866 factum
1014 1835 1069 1866 est
1087 1831 1123 1865 in
1136 1831 1204 1866 hac

125 1874 163 1905 15
211 1873 350 1908 actione
374 1874 501 1909 deduci
523 1875 719 1920 Pomponio
743 1876 890 1911 videtur.
926 1876 1064 1911 Bonam
1088 1879 1207 1911 autem

126 1920 165 1968 16
211 1917 316 1952 fidem
341 1919 449 1954 solius
474 1921 642 1965 emptoris
667 1921 835 1957 continet.
884 1921 933 1957 Ut
955 1921 1061 1966 igitur
1083 1921 1205 1956 Publi-

122 1972 225 1997 ciana
249 1968 444 2008 competat,
469 1965 558 2000 haec
583 1965 712 2001 debent
736 1977 963 2009 concurrere,
989 1971 1029 2001 ut
1053 1970 1088 2002 et
1111 1967 1205 2002 bona

122 2006 192 2042 fide
205 2008 282 2052 quis
303 2010 425 2044 emerit
445 2014 480 2044 et
500 2011 531 2044 ei
550 2021 607 2045 res
629 2014 747 2056 empta
769 2022 808 2046 eo
829 2011 969 2047 nomine
988 2012 1035 2047 sit
1053 2012 1203 2047 tradita:

122 2055 276 2088 ceterum
300 2058 381 2089 ante
404 2055 650 2098 traditionem,
683 2057 842 2101 quamvis
873 2057 990 2092 bonae
1021 2057 1104 2092 fidei
1127 2057 1204 2102 quis

128 2100 162 2131 17
213 2102 349 2143 emptor
372 2100 429 2141 sit,
451 2101 601 2145 experiri
612 2101 823 2136 Publiciana
834 2112 906 2137 non
918 2102 1059 2147 poterit.
1096 2102 1202 2137 Iulia-

122 2152 188 2177 nus
211 2143 300 2179 libro
325 2145 474 2190 septimo
500 2145 715 2191 digestorum
740 2147 882 2192 scripsit
905 2147 1131 2182 traditionem
1154 2148 1205 2183 rei

122 2191 259 2232 emptae
291 2194 454 2234 oportere
488 2191 584 2226 bona
614 2191 683 2226 fide
714 2191 810 2226 fieri:
843 2192 994 2237 ideoque
1026 2193 1056 2228 si
1088 2193 1203 2228 sciens

120 2232 271 2268 alienam
305 2235 563 2279 possessionem
597 2237 848 2281 adprehendit,
881 2237 1093 2273 Publiciana
1125 2248 1204 2273 eum

120 2278 270 2321 experiri
294 2290 365 2315 non
388 2291 512 2325 posse,
538 2281 620 2326 quia
643 2292 841 2326 usucapere
864 2294 937 2318 non
987 2283 1101 2318 oterit.
1138 2294 1203 2318 nec

120 2322 304 2368 quisquam
328 2326 452 2370 putet²
476 2326 544 2362 hoc
576 2338 642 2363 nos
675 2328 876 2363 existimare
909 2339 951 2363 su
968 2328 1073 2363 ficere
1103 2328 1202 2363 initio

119 2367 318 2405 traditionis
353 2370 535 2415 ignorasse
568 2383 643 2407 rem
677 2373 846 2415 alienam,
890 2373 943 2408 uti
978 2374 1056 2418 quis
1090 2374 1203 2418 possit

119 2412 331 2450 Publiciana
362 2417 531 2461 experiri,
564 2417 627 2453 sed
656 2421 822 2463 oportere
845 2422 881 2453 et
903 2422 990 2454 tunc
1014 2419 1109 2454 bona
1132 2418 1203 2454 fide

120 2469 174 2494 em
202 2463 315 2495 torem
339 2471 427 2496 esse.

218 2504 340 2540 Gaws
361 2506 452 2541 libro
478 2507 627 2552 septimo
652 2507 702 2542 ad
720 2507 872 2543 edictum
887 2509 1114 2554 provinciale
1148 2509 1202 2544 De

119 2550 232 2602 pretio
257 2560 339 2586 vero
365 2551 480 2586 soluto
505 2552 592 2587 nihil
616 2552 839 2597 exprimitur:
865 2553 959 2588 unde
978 2558 1096 2599 potest
1117 2565 1201 2589 con-

119 2598 257 2630 iectura
282 2596 374 2641 capi,
399 2596 501 2641 quasi
526 2608 592 2632 1100
617 2598 793 2632 801110111ἰο
815 2599 990 2643 praetoris
1016 2609 1057 2634 ea
1081 2599 1138 2642 sit,
1162 2603 1203 2634 ut

118 2651 157 2676 re
182 2641 330 2683 uiratur,
355 2651 400 2676 an
425 2642 580 2677 solutum
604 2642 650 2677 sit
672 2643 835 2687 pretium.

159 2651 189 2724 (ξ)
222 2685 415 2722 ULPIANUS
441 2686 531 2722 libro
563 2691 667 2722 sexto
692 2688 827 2723 decimo
852 2688 901 2723 ad
923 2688 1075 2723 edictum
1123 2689 1202 2724 Sive

119 2736 238 2767 autem
263 2731 412 2775 emptori
434 2742 490 2767 res
515 2732 647 2767 tradita
679 2736 732 2768 est
764 2733 835 2768 sive
867 2733 987 2768 heredi
1021 2734 1200 2778 emptoris,

123 2780 137 2811 1
185 2776 395 2812 Publiciana
428 2777 597 2822 competit
628 2778 733 2813 actio.
782 2777 819 2812 Si
843 2778 920 2822 quis
945 2789 1018 2813 rem
1043 2778 1139 2823 apud
1163 2789 1201 2814 se

119 2821 315 2866 depositam
348 2822 404 2856 vel
436 2822 503 2857 sibi
534 2823 792 2858 commodatam
825 2823 947 2858 emerit
977 2823 1032 2858 vel
1062 2824 1201 2868 pignori

119 2867 186 2901 sibi
205 2866 335 2909 datam,
355 2878 420 2911 pro
440 2867 572 2902 tradita
585 2868 650 2903 erit
660 2868 879 2913 accipienda,
901 2868 931 2903 si
949 2871 1032 2913 post
1052 2869 1199 2913 emptio-

119 2913 139 2946 2
185 2922 266 2946 nem
301 2911 396 2956 apud
431 2922 511 2947 eum
540 2913 719 2948 remansit.
767 2913 837 2948 Sed
872 2918 907 2948 et
943 2913 973 2948 si
1006 2913 1201 2958 praecessit

120 2959 139 2991 3
185 2956 327 2991 traditio
352 2957 582 3001 emptionem,
607 2957 698 2993 idem
722 2958 788 2993 erit
811 2958 1009 2993 dicendum.
1057 2958 1147 2993 Item
1171 2959 1201 2993 si

119 3001 349 3036 hereditatem
370 3012 486 3037 emero
509 3006 545 3037 et
565 3002 733 3038 traditam
753 3003 838 3038 mihi
857 3014 932 3038 rem
951 3003 1200 3038 hereditariam

120 3049 139 3080 4
212 3050 305 3081 01010
316 3046 429 3089 velim,
442 3046 611 3083 Neratius
631 3048 754 3083 scribit
772 3059 850 3083 esse
868 3048 1124 3084 Publicianam.
1162 3048 1200 3083 Si

120 3090 189 3126 duo
217 3102 259 3126 us
284 3091 360 3136 quis
385 3092 576 3136 separatim
598 3093 794 3128 vendiderit
824 3093 920 3129 bona
950 3093 1020 3128 fide
1054 3094 1197 3129 ementi-

120 3135 197 3178 bus,
213 3136 404 3179 videamus,
422 3137 499 3181 quis
519 3138 628 3182 magis
640 3138 850 3173 Publiciana
866 3139 919 3173 uti
933 3138 1057 3183 possit,
1079 3143 1199 3173 utrum

119 3179 149 3214 is
181 3180 239 3215 cui
268 3181 377 3226 priori
399 3191 456 3216 res
480 3182 612 3217 tradita
635 3187 689 3218 est
712 3193 758 3218 an
780 3183 811 3219 is
836 3184 896 3228 qui
917 3187 1056 3218 tantum
1080 3184 1162 3219 emit
1172 3185 1197 3219 ³.

120 3227 155 3259 et
176 3225 334 3260 Iulianus
356 3226 447 3261 libro
472 3228 620 3271 septimo
645 3227 860 3272 digestorum
885 3229 1046 3273 scripsit,
1078 3232 1136 3271 ut,
1170 3229 1199 3264 si

120 3269 259 3313 quidem
283 3271 327 3305 ab
353 3271 474 3306 eodem
498 3283 570 3307 non
594 3272 735 3308 domino
757 3273 913 3315 emerint,
937 3274 1055 3318 potior
1074 3274 1120 3308 sit
1141 3274 1199 3308 cui

119 3314 228 3357 priori
249 3325 306 3350 res
329 3315 460 3351 tradita
485 3321 548 3359 est,
574 3317 669 3362 quod
689 3318 719 3353 si
738 3328 761 3353 a
780 3318 924 3353 diversis
944 3329 1017 3354 non
1037 3318 1196 3361 dominis,

120 3358 242 3393 melior
262 3370 370 3395 causa
389 3361 436 3395 sit
453 3362 666 3406 possidentis
683 3373 790 3408 quam
808 3363 970 3408 petentis.
1008 3374 1098 3408 quae
1117 3374 1196 3399 sen-

120 3404 140 3436 5
186 3404 298 3438 tentia
327 3414 411 3440 vera
444 3410 506 3440 est.
554 3407 653 3443 Haec
678 3408 771 3443 actio
795 3408 833 3442 in
855 3408 910 3443 his
935 3418 1025 3453 quae
1048 3409 1198 3453 usucapi

120 3457 192 3482 non
210 3453 370 3491 possunt,
390 3454 478 3494 puta
496 3451 634 3487 furtivis
654 3453 709 3487 vel
729 3453 766 3487 in
787 3463 887 3488 servo
900 3453 1057 3498 fugitivo,
1079 3454 1197 3488 locum

121 3495 141 3526 6
185 3503 259 3526 11011
291 3493 409 3528 habet.
458 3495 495 3529 Si
526 3506 647 3532 servus
682 3498 917 3533 hereditarius
949 3502 1032 3533 ante
1064 3498 1197 3533 aditam

119 3535 350 3572 hereditatem
376 3538 528 3583 aliquam
547 3551 621 3576 rem
641 3543 764 3577 emerit
785 3546 821 3578 et
839 3542 1005 3577 traditam
1026 3543 1093 3578 sibi
1113 3554 1195 3588 pos-

2252 88 2364 130 V12

1283 205 1474 241 sessionem
1513 205 1687 248 amiserit,
1730 211 1827 242 recte
1861 208 1963 243 heres
1997 208 2207 243 Publiciana
2241 209 2364 251 utitur,

1282 251 1383 295 quasi
1414 251 1491 296 ipse
1524 251 1752 294 possedisset.
1798 253 1992 298 municipes
2025 264 2183 298 quoque,
2215 265 2364 298 quorum

1281 306 1381 331 servo
1405 307 1462 331 res
1486 297 1622 331 tradita
1645 301 1708 338 est,
1732 297 1769 331 in
1794 298 1915 333 eadem
1940 304 2043 333 erunt
2067 299 2284 342 condicione,

1330 339 1379 378 10
1404 340 1460 376 ΡΑ
1470 351 1568 377 υιυε
1597 341 1688 376 libro
1720 353 1815 377 nono
1847 343 1982 378 decimo
2014 343 2063 379 ad
2093 344 2246 380 edictum
2293 344 2365 379 sive

1279 386 1449 430 peculiari
1477 386 1619 422 nomine
1642 397 1764 421 servus
1790 388 1913 422 emerit
1936 388 2008 424 sive
2031 400 2114 424 non.

1327 429 1373 467 11
1409 430 1608 467 Urpfflvvs
1635 431 1726 467 libro
1759 435 1863 467 sexto
1895 433 2030 469 decimo
2054 435 2105 469 ad
2126 434 2279 470 edictum
2326 434 2364 469 Si

1278 486 1341 520 ego
1368 476 1434 510 emi
1463 480 1499 511 et
1521 487 1599 512 mea
1622 476 1803 513 voluntate
1827 477 1887 511 alii
1910 488 1965 512 res
1998 478 2044 513 sit
2073 479 2222 521 tradita,
2254 479 2362 524 impe-

1276 524 1375 555 rator
1409 520 1561 557 Severus
1604 522 1786 566 rescripsit
1819 521 2062 558 Publicianam
2105 525 2154 559 illi
2199 524 2353 559 dandam

1280 569 1294 600 1
1346 565 1382 600 Si
1403 565 1446 600 de
1471 578 1537 601 usu
1556 566 1677 602 fructu
1698 571 1823 611 agatur
1843 567 1988 610 tradito,
2010 568 2220 604 Publiciana
2240 569 2362 605 datur:

1276 610 1428 655 itemque
1464 612 1692 647 servitutibus
1716 612 1932 647 urbanorum
1954 614 2180 665 praediorum
2204 625 2268 659 per
2290 619 2362 650 tra-

1277 655 1448 691 ditionem
1483 657 1683 692 constitutis
1707 658 1762 692 vel
1793 667 1856 702 per
1887 658 2094 702 patientiam
2121 659 2224 698 (forte
2248 660 2277 695 si
2302 671 2364 705 per

1277 701 1418 736 domum
1453 702 1532 747 quis
1564 713 1665 737 suam
1696 713 1824 747 passus
1860 707 1912 738 est
1936 713 2051 748 aquae
2075 704 2221 739 ductum
2244 708 2360 740 trans-

1277 745 1393 788 duci):
1426 747 1510 781 item
1540 748 1774 790 rusticorum,
1808 758 1891 783 nam
1923 752 1958 783 et
1987 748 2046 783 hic
2078 749 2303 784 traditionem
2329 754 2364 784 et

1276 793 1295 825 2
1346 792 1553 836 patientiam
1577 792 1745 827 tuendam
1771 796 1922 828 constat.
1969 793 2098 829 Partus
2120 795 2269 830 ancillae
2288 795 2357 829 fur·

1275 835 1387 879 tivae‚
1413 837 1473 882 qui
1497 837 1594 882 apud
1619 838 1734 873 bonae
1757 837 1840 873 fidei
1863 842 2056 884 emptorem
2081 844 2273 884 conceptus
2298 844 2362 881 est,

1275 891 1340 925 per
1365 882 1457 916 hanc
1481 883 1655 918 actionem
1679 883 1854 928 petendus
1879 889 1951 927 est,
1984 884 2121 919 etiamsi
2155 885 2199 919 ab
2231 895 2271 920 eo
2305 886 2363 930 qui

1276 926 1359 961 emit
1384 937 1572 971 possessus
1597 939 1668 963 non
1693 932 1756 963 est.
1792 928 1855 964 sed
1877 929 1980 964 heres
2004 929 2093 964 furis
2125 929 2219 964 hanc
2250 931 2361 965 actio-

1274 982 1356 1006 nem
1382 983 1453 1007 non
1476 973 1596 1016 habet,
1622 973 1705 1018 quia
1728 973 1893 1009 vitiorum
1913 974 2072 1010 defuncti
2092 985 2278 1009 successor
2298 980 2360 1010 est.

1276 1020 1294 1051 3
1345 1017 1526 1053 Interdum
1550 1022 1680 1061 tamen,
1704 1019 1788 1054 licet
1811 1020 1944 1055 furtiva
1967 1023 2081 1055 mater
2100 1020 2271 1054 distracta
2291 1031 2361 1055 non

1275 1061 1332 1104 sit,
1358 1062 1421 1097 sed
1445 1062 1578 1098 donata
1601 1064 1779 1109 ignoranti
1802 1064 1888 1099 mihi
1911 1068 1946 1100 et
1970 1065 2065 1110 apud
2085 1075 2141 1099 me
2162 1066 2364 1110 conceperit

1276 1111 1310 1142 et
1336 1109 1530 1152 pepererit,
1564 1109 1735 1154 competit
1758 1110 1843 1144 mihi
1866 1110 1903 1144 in
1926 1115 2032 1155 partu
2056 1110 2287 1153 Publiciana,
2321 1114 2360 1145 ut

1273 1152 1434 1188 Iulianus
1457 1154 1518 1196 ait,
1545 1154 1575 1189 si
1594 1155 1699 1189 modo
1721 1165 1761 1189 eo
1783 1158 1854 1190 tem
1880 1166 1952 1198 ore,
1974 1166 2043 1200 quo
2065 1155 2228 1200 experiar
2238 1156 2262 1197 ⁴,
2287 1155 2362 1190 fur-

1274 1200 1295 1231 4
1343 1199 1451 1233 tivam
1474 1203 1622 1235 matrem
1645 1200 1813 1244 ignorem.
1880 1200 1957 1235 dem
1975 1201 2134 1236 Iulianus
2153 1201 2363 1245 generaliter

1276 1243 1383 1286 dicit,
1417 1254 1460 1279 ex
1493 1255 1563 1289 qua
1587 1255 1698 1280 causa
1728 1249 1877 1280 matrem
1908 1256 2107 1291 usucapere
2139 1256 2300 1291 possem,
2333 1246 2363 1281 si

1274 1287 1407 1323 furtiva
1431 1300 1503 1324 non
1527 1294 1630 1333 esset,
1657 1301 1699 1325 ex
1721 1301 1763 1325 ea
1782 1301 1892 1326 causa
1911 1295 2055 1336 partum
2075 1301 2130 1326 me
2151 1301 2360 1336 usucapere,

1276 1334 1306 1368 si
1328 1333 1495 1369 furtivam
1520 1345 1597 1370 esse
1621 1339 1769 1371 matrem
1792 1336 2017 1380 ignorabam:
2044 1347 2087 1372 ex
2111 1336 2274 1372 omnibus
2298 1337 2361 1381 igi-

1276 1382 1295 1413 5
1342 1383 1401 1414 tur
1434 1380 1576 1415 causis⁵
1599 1381 1846 1416 Publicianam
1868 1381 2020 1417 habebo.
2070 1381 2167 1417 Idem
2192 1385 2245 1417 est
2269 1385 2305 1417 et
2329 1382 2359 1417 si

1276 1434 1319 1458 ex
1342 1427 1449 1469 partu
1473 1430 1598 1470 partus
1623 1429 1677 1461 est
1700 1430 1736 1461 et
1759 1426 1789 1461 si
1813 1437 1885 1461 non
1908 1430 2032 1470 natus,
2067 1427 2130 1462 sed
2161 1430 2244 1472 post
2266 1437 2359 1462 mor-

1274 1473 1346 1504 tem
1369 1470 1491 1505 matris
1517 1475 1658 1506 exsecto
1682 1475 1804 1506 ventre
1829 1471 1903 1507 eius
1936 1475 2117 1508 extractus
2151 1476 2222 1515 est,
2255 1476 2296 1507 ut
2326 1476 2362 1507 et

1275 1518 1295 1550 6
1342 1515 1559 1560 Pomponius
1602 1516 1692 1552 libro
1754 1516 2028 1562 uadragensimo
2063 1517 2216 1563 scripsit.
2263 1517 2361 1553 Idem

1274 1559 1325 1594 ait
1348 1560 1494 1596 aedibus
1520 1562 1665 1606 emptis,
1690 1562 1720 1596 si
1730 1528 1876 1597 qfuerint
1900 1562 2058 1605 dirutae,
2084 1573 2126 1598 ea
2173 1573 2241 1598 uae
2264 1562 2359 1598 aedi-

1276 1608 1293 1638 7
1341 1604 1422 1641 ficio
1436 1610 1665 1641 accesserunt
1677 1607 1879 1642 huiusmodi
1891 1608 2031 1643 actione
2038 1612 2149 1660 peten
2175 1618 2207 1643 a.
2256 1608 2359 1652 Quod

1275 1653 1394 1685 tamen
1428 1661 1494 1696 per
1525 1652 1737 1687 alluvionem
1767 1651 1879 1688 fundo
1912 1657 2081 1695 00008811,
2115 1653 2227 1689 81111110
2256 1653 2298 1688 fit
2329 1654 2360 1688 ei

1276 1696 1333 1730 cui
1358 1696 1515 1731 accedit:
1549 1701 1584 1731 et
1616 1697 1695 1732 ideo
1727 1697 1758 1732 si
1787 1697 1864 1742 ipse
1893 1697 2026 1733 fundus
2050 1698 2262 1734 Publiciana
2285 1699 2359 1743 peti

1275 1751 1347 1775 non
1371 1745 1507 1785 potest,
1541 1743 1638 1778 non⁶
1661 1742 1731 1778 hoc
1754 1746 1914 1787 petetur,
1947 1743 1977 1778 si
2001 1747 2119 1778 autem
2142 1747 2278 1788 potest,
2294 1745 2308 1765 ⁷
2322 1748 2357 1779 et

1275 1785 1321 1820 ad
1342 1790 1493 1831 partem,
1519 1798 1610 1832 quae
1628 1798 1692 1832 per
1712 1787 1921 1823 alluvionem
1942 1789 2110 1824 accessit:
2137 1793 2172 1823 et
2190 1789 2242 1824 ita
2254 1789 2358 1825 Pom-

1275 1833 1294 1865 8
1342 1832 1471 1876 ponius
1502 1833 1636 1868 scribit.
1684 1832 1781 1868 Idem
1806 1833 1914 1868 adicit
1938 1837 1973 1869 et
1996 1834 2027 1869 si
2051 1836 2192 1869 statuae
2219 1838 2360 1878 emptae

1273 1881 1393 1920 partes
1418 1877 1553 1912 recisae
1576 1882 1761 1923 petantur,
1795 1878 1942 1913 similem
1974 1879 2150 1915 actionem
2174 1880 2357 1924 proficere.

1274 1924 1294 1956 9
1341 1922 1438 1957 Idem
1469 1923 1610 1966 scribit,
1643 1923 1674 1959 si
1705 1933 1826 1959 aream
1858 1934 1973 1959 emero
2007 1928 2042 1960 et
2073 1924 2225 1959 insulam
2256 1925 2294 1959 in
2318 1935 2360 1960 ea

1277 1970 1317 2001 10
1364 1967 1609 2011 aedificavero,
1633 1972 1731 2004 recte
1754 1979 1809 2004 me
1832 1969 2042 2005 Publiciana
2065 1980 2222 2005 usurum.
2260 1970 2359 2013 Item,

1273 2011 1405 2057 inquit,
1431 2013 1462 2047 si
1484 2013 1637 2048 insulam
1661 2014 1728 2049 emi
1753 2018 1787 2049 et
1811 2014 1857 2049 ad
1880 2025 1999 2050 aream
2024 2025 2067 2051 ea
2089 2015 2266 2061 pervenit,
2300 2025 2358 2051 ae-

1274 2068 1342 2102 que
1365 2061 1489 2102 potero
1525 2059 1577 2094 uti
1599 2059 1820 2095 Publiciana.

1322 2101 1372 2139 12
1397 2102 1556 2139 PAULUS
1587 2104 1678 2140 libro
1710 2116 1805 2140 nono
1837 2104 1973 2141 decimo
1998 2105 2048 2141 ad
2069 2105 2223 2141 edictum
2271 2105 2359 2141 Cum

1273 2158 1425 2192 sponsus
1457 2159 1611 2194 sponsae
1642 2160 1781 2185 servum
1813 2150 1982 2186 donasset
2006 2161 2156 2196 eumque
2178 2151 2215 2185 in
2240 2151 2358 2186 dotem

1272 2194 1471 2238 accepisset
1502 2198 1584 2229 01110
1615 2195 1887 2240 usucapionem,
1919 2196 2130 2241 rescriptum
2154 2199 2208 2231 est
2231 2206 2253 2231 a
2278 2196 2355 2232 divo

1271 2238 1335 2273 Pio
1373 2238 1521 2274 divortio
1557 2239 1654 2275 facto
1686 2240 1945 2276 restituendum
1976 2251 2053 2277 esse
2085 2252 2242 2277 servum:
2275 2251 2356 2276 nam

1271 2284 1422 2319 valuisse
1454 2284 1680 2320 donationem
1711 2285 1803 2320 inter
1827 2297 1996 2331 sponsum
2020 2290 2055 2322 et
2078 2297 2255 2331 sponsam.
2294 2286 2356 2322 da-

1271 2329 1366 2364 bitur
1398 2340 1479 2409 01·ἱο
1512 2334 1547 2365 01
1579 2331 1774 2375 possidenti
1806 2332 1966 2376 exceptio
2001 2335 2036 2367 et
2059 2332 2190 2367 amissa
2213 2342 2354 2376 posses-

1271 2374 1370 2410 sione
1382 2375 1436 2409 Pu
1462 2375 1603 2417 liciana‚
1624 2376 1696 2411 sive
1710 2380 1899 2412 extraneus
1913 2377 1985 2412 sive
1997 2377 2149 2412 donator
2160 2376 2354 2421 possideat.

1274 2422 1287 2453 1
1338 2419 1373 2454 Is
1387 2420 1444 2454 cui
1457 2431 1501 2455 ex
1513 2420 1736 2456 Trebelliano
1750 2422 1929 2457 hereditas
1948 2422 2113 2457 restituta
2134 2425 2198 2464 est,
2219 2422 2356 2457 etiamsi

1272 2475 1342 2499 non
1361 2464 1470 2500 fuerit
1488 2470 1616 2501 nactus
1638 2467 1910 2511 possessionem,
1930 2467 1982 2501 uti
2003 2470 2122 2511 potest
2133 2466 2353 2502 Publiciana.

1271 2512 1290 2543 2
1338 2510 1380 2544 In
1402 2511 1635 2555 vectigalibus
1661 2515 1696 2546 et
1718 2512 1755 2546 in
1779 2512 1856 2546 aliis
1881 2511 2055 2556 praediis,
2089 2522 2181 2556 quae
2204 2512 2354 2592 118110οᾹ11

1271 2565 1342 2589 11011
1366 2560 1527 2599 possunt,
1551 2556 1761 2591 Publiciana
1786 2557 1973 2601 competit,
1999 2556 2029 2592 si
2051 2556 2145 2592 forte
2168 2557 2262 2592 bona
2285 2557 2310 2592 fi
2337 2568 2355 2592 e

1271 2602 1290 2634 3
1338 2600 1423 2634 mihi
1446 2600 1603 2635 tradita⁸
1626 2605 1690 2636 est.
1739 2602 1834 2636 Idem
1867 2605 1921 2636 est
1953 2605 1989 2636 et
2021 2602 2052 2636 si
2076 2602 2354 2647 superficiariam

1270 2647 1291 2679 4
1338 2645 1490 2680 insulam
1521 2656 1543 2680 a
1574 2657 1646 2681 non
1678 2646 1819 2681 domino
1844 2646 1941 2681 bona
1963 2646 2034 2681 fide
2057 2657 2185 2682 emero.
2236 2647 2273 2682 Si
2296 2658 2353 2683 res

1270 2689 1351 2725 talis
1380 2690 1436 2733 sit,
1458 2694 1497 2725 ut
1517 2701 1593 2726 eam
1613 2692 1671 2726 lex
1692 2694 1755 2726 aut
1775 2691 1981 2727 constitutio
1995 2692 2142 2727 alienari
2153 2692 2352 2745 prohibeat,

1271 2745 1311 2770 eo
1337 2745 1424 2770 casu
1447 2735 1658 2771 Publiciana
1690 2747 1763 2771 non
1795 2736 1982 2781 competit,
2016 2737 2099 2782 quia
2130 2737 2185 2772 1118
2211 2738 2352 2773 casibus

1270 2782 1288 2814 5
1337 2780 1511 2815 neminem
1523 2784 1666 2825 praetor
1677 2784 1807 2824 tuetur,
1822 2791 1866 2816 ne
1880 2785 2005 2817 contra
2016 2782 2110 2827 leges
2122 2782 2243 2818 faciat.
2279 2783 2352 2818 Pu-

1269 2824 1423 2859 bliciana
1454 2826 1594 2861 actione
1625 2826 1731 2861 etiam
1755 2826 1798 2861 de
1821 2826 1956 2862 infante
1980 2837 2081 2863 servo
2106 2828 2265 2863 nondum
2289 2838 2352 2863 an-

1269 2873 1288 2904 6
1336 2869 1453 2905 11101110
1486 2870 1539 2904 1111
1594 2881 1769 2906 08811111118.
1818 2871 1856 2906 Si
1878 2882 1943 2916 pro
1966 2875 2069 2917 parte
2093 2873 2171 2918 quis
2195 2883 2267 2908 rem
2317 2884 2351 2908 0-

1269 2917 1286 2948 7
1335 2917 1411 2949 tere
1444 2915 1537 2957 vult,
1606 2915 1785 2951 ubliciana
1828 2917 1969 2952 actione
2003 2918 2056 2952 uti
2092 2921 2221 2963 potest.
2282 2885 2351 2953 §ed

1269 2959 1374 2994 etiam
1405 2959 1454 3001 is,
1480 2960 1541 3004 qui
1572 2964 1750 2996 momento
1774 2961 1954 3006 possedit,
1986 2966 2083 2998 recte
2113 2963 2182 2998 hac
2213 2964 2353 2999 actione

1268 3004 1495 3048 experiretur.

1320 3047 1368 3086 13
1398 3049 1520 3085 Gams
1551 3050 1641 3086 libro
1673 3051 1823 3097 septimo
1859 3051 1908 3087 ad
1941 3052 2095 3088 edictum
2123 3053 2351 3098 provinciale

1268 3094 1518 3139 Quaecumque
1530 3099 1614 3130 sunt
1631 3095 1747 3131 iustae
1768 3106 1898 3132 causae
1910 3097 2210 3142 adquirendarum
2221 3108 2349 3140 rerum,

1267 3140 1297 3174 si
1321 3149 1364 3174 ex
1387 3139 1442 3174 his
1468 3140 1585 3175 causis
1609 3140 1707 3176 nacti
1729 3151 1786 3176 res
1811 3142 2048 3185 amiserimus,
2080 3142 2223 3177 dabitur
2246 3143 2349 3177 nobis

1269 3188 1284 3219 1
1336 3195 1458 3219 earum
1467 3195 1586 3219 rerum
1598 3186 1920 3231 persequendarum
1931 3188 2046 3232 gratia
2057 3188 2146 3223 haec
2160 3187 2265 3223 actio.
2290 3187 2348 3221 In-

1266 3229 1405 3264 terdum
1453 3229 1640 3265 uibusdam
1664 3241 1729 3266 nec
1753 3242 1796 3267 ex
1818 3232 1921 3267 iustis
1945 3233 2229 3277 possessionibus
2254 3243 2348 3267 com-

1265 3274 1355 3319 petit
1376 3274 1431 3309 Pu
1457 3274 1623 3310 licianum
1645 3275 1832 3312 iudicium:
1864 3287 2016 3322 namque
2038 3277 2289 3323 pigneraticiae
2313 3280 2347 3311 et

1265 3319 1449 3364 precariae
1471 3321 1714 3364 possessiones
1738 3321 1854 3357 iustae
1884 3326 1988 3364 sunt,
2020 3322 2083 3358 sed
2115 3332 2158 3357 ex
2188 3322 2243 3356 his
2276 3332 2347 3356 non

1265 3364 1357 3399 solet
1388 3367 1589 3409 competere
1620 3366 1691 3401 tale
1720 3366 1907 3410 iudicium,
1940 3367 2001 3402 illa
2033 3367 2168 3402 scilicet
2197 3366 2346 3408 ratione,

1266 3409 1349 3453 quia
1372 3419 1486 3454 neque
1510 3410 1664 3446 creditor
1686 3422 1800 3456 neque
1822 3412 1853 3447 is
1878 3412 1938 3456 qui
1960 3412 2121 3457 precario
2145 3411 2282 3455 rogavit
2305 3421 2346 3445 eo

1266 3454 1382 3489 animo
1406 3454 1624 3491 nanciscitur
1647 3456 1923 3501 possessionem,
1955 3460 1996 3491 ut
2029 3456 2150 3491 credat
2173 3465 2211 3490 se
2235 3455 2345 3490 domi·

1267 3501 1285 3532 2
1334 3509 1419 3533 num
1443 3509 1532 3535 esse.
1580 3500 1648 3545 Qui
1672 3512 1694 3536 a
1716 3502 1851 3546 pupillo
1877 3501 1970 3544 emit,
1994 3501 2145 3546 probare
2165 3500 2269 3535 debet
2288 3503 2344 3534 tu-

1265 3547 1342 3578 tore
1373 3548 1521 3580 auctore
1549 3545 1626 3591 lege
1657 3557 1728 3582 non
1757 3546 1966 3591 prohibente
1991 3556 2029 3581 se
2053 3545 2187 3580 emisse.
2223 3544 2286 3579 sed
2311 3548 2346 3580 et

118 3609 2075 3627 Ἢ

120 3649 159 3688 (l)
183 3648 220 3680 in
233 3650 293 3682 ins.
305 3650 341 3682 F

120 3692 192 3725 tum
203 3697 295 3727 tenet
305 3708 366 3728 scr.

449 3654 491 3689 (2)
516 3655 626 3692 potest
637 3653 697 3686 FS

438 3697 478 3737 (4)
492 3698 654 3739 experiar]
669 3710 706 3730 ea
719 3699 831 3742 pariat
847 3700 997 3735 Cuiacius

808 3655 850 3697 (3)
876 3657 1006 3687 tantum
1018 3655 1109 3696 emit]
1123 3666 1193 3687 eam

1063 3701 1104 3743 (ὅ)
1119 3711 1195 3732 cau·

1800 3659 1844 3700 (e)
1857 3659 1938 3698 non]
1951 3668 2011 3689 neo
2023 3657 2053 3690 s
2172 3658 2215 3699 (7)
2228 3655 2342 3688 Publi-

1265 3655 1311 3687 sis
1324 3656 1354 3689 S
1365 3669 1432 3690 cum
1446 3658 1491 3701 B,
1506 3658 1639 3691 casibus
1652 3659 1685 3691 F

1881 3704 1925 3746 (8)
1950 3713 2001 3734 res
2016 3703 2073 3735 ins.
2089 3703 2162 3735 dett.

1266 3701 1362 3734 ciana
1373 3703 1520 3743 pertinet
1533 3705 1586 3737 vel
1595 3705 1715 3737 similia
1729 3705 1787 3737 ins.
