2528 3918
171 105 385 150 XXXXII
412 108 440 150 5

171 226 362 263 dicendum
394 231 452 263 cst
480 226 600 263 locum
630 237 711 264 esse
740 227 939 274 privilegio,
980 228 1011 264 si
1042 227 1146 264 modo
1178 227 1258 273 quis

175 277 190 307 1
239 282 313 308 non
343 271 521 309 abiciendi
550 272 721 318 privilegii
749 283 862 310 causa
890 273 1082 319 stipulatus
1106 276 1172 310 est.
1219 272 1258 308 Si

172 326 306 362 sponsa
321 315 419 353 dedit
434 317 554 353 dotem
569 321 606 353 et
621 318 755 364 nuptiis
771 319 1013 354 renuntiatum
1029 322 1094 362 est,
1114 318 1259 353 tametsi

171 362 251 413 ipsa
273 361 393 398 dotem
416 362 584 404 condicit,
608 367 729 399 tamen
751 373 904 409 aequum
929 368 983 398 est
1006 362 1100 398 hanc
1119 361 1167 398 ad
1181 362 1256 408 pri-

172 406 335 451 vilegium
358 406 515 450 admitti,
538 406 624 443 licet
645 408 782 443 nullum
803 408 1069 443 matrimonium
1091 412 1256 443 contrac-

171 458 248 487 tum
270 455 345 487 esti
375 452 469 488 idem
490 456 580 498 puto
603 452 791 489 dicendum
814 453 939 494 etiam,
970 453 1001 488 si
1029 453 1145 488 minor
1168 452 1256 488 duc-

172 496 287 532 decim
310 497 414 533 annis
440 497 480 533 in
502 496 646 534 domum
669 498 772 544 quasi
796 509 887 534 uxor
910 498 1065 533 deducta
1088 497 1146 540 sit,
1174 496 1258 533 licet

172 541 331 577 nondum
354 552 447 578 uxor
469 541 534 578 sit:

221 583 272 624 18
286 589 296 608 ¹
317 585 373 622 ΡΛ
380 596 476 623 vsvs
491 586 584 624 libro
598 588 827 634 seaeaqesimo
844 587 893 622 ad
907 587 1061 623 edictum
1097 588 1259 629 (interest

171 631 266 667 enim
283 631 336 667 rei
352 632 520 677 publicae
538 636 576 668 et
593 631 689 667 hanc
708 632 859 668 solidum
878 631 1059 677 consequi,
1081 638 1122 667 ut
1141 637 1259 669 aetate

172 677 399 722 permittente
421 677 556 713 nubere
579 677 707 723 possit)

222 719 272 759 19
303 721 498 758 offusus
524 722 615 759 libro
637 722 865 768 sexaqesimo
889 722 994 757 tertio
1026 722 1076 757 ad
1104 722 1258 758 edictum

172 766 406 819 dabimusque
443 777 489 803 ex
521 767 578 803 his
609 767 727 803 causis
758 767 827 812 ipsi
858 767 996 803 mulieri
1023 766 1255 812 privilegium.

176 816 188 846 ί
240 811 278 864 Sj
301 822 401 865 quis,
419 823 507 865 ‘cuin
529 816 629 848 tutor
651 823 724 847 non
747 816 859 854 esset,
883 823 949 864 pro
973 816 1093 848 tutore
1115 811 1259 857 negotia

170 861 331 944 ξέῖέἕὲὲι,
337 857 591 948 23:3⁹3&
595 868 675 946 “13¹3
690 867 799 945 ςῐῖἒι
814 857 1258 954 ffiffiestssmeisss‘stffi?

172 956 241 991 que
265 957 501 983 successores.
548 947 626 992 ipse
649 951 769 982 autem
791 947 950 993 pupillus
973 947 1084 983 habet
1114 947 1255 993 privile-

171 991 278 1036 gium,
301 991 367 1029 sed
390 992 466 1028 eius
487 1002 714 1028 successores
731 1002 805 1028 non
820 992 966 1029 habent.
1002 992 1067 1028 sed
1085 993 1256 1037 aequissi-

171 1047 268 1072 mum
299 1037 368 1075 erit
390 1038 555 1073 ceteros2
585 1047 743 1082 quoque,
777 1037 907 1083 quibus
939 1043 1124 1074 curatores
1156 1038 1259 1083 quasi

171 1081 347 1119 debilibus
370 1081 427 1118 vel
449 1082 607 1127 prodigis
631 1082 774 1124 dantur,

216 1124 270 1165 20
294 1126 352 1164 ΡΑ
359 1137 403 1163 ω,
410 1137 454 1164 vs
469 1127 560 1164 libro
576 1127 805 1174 sexaqesimo
821 1127 871 1163 ad
886 1127 1042 1164 edictum
1076 1127 1132 1164 vel
1148 1127 1257 1164 surdo

170 1177 282 1215 muto,

215 1215 266 1255 21
297 1216 421 1253 Guvs
446 1217 538 1253 libro
561 1217 744 1254 vicessimo
769 1220 900 1264 quarto
924 1217 975 1254 ad
995 1217 1150 1254 edictum
1169 1230 1258 1266 pro·

169 1261 324 1298 virwiale
367 1262 424 1298 vel
447 1262 548 1298 fatuo

216 1305 270 1345 22
301 1306 494 1343 Urmiws
523 1307 615 1343 libro
638 1308 866 1353 sexaqesimo
891 1308 996 1344 tertio
1027 1308 1078 1344 ad
1102 1308 1256 1345 edictum

173 1357 186 1388 l
236 1352 331 1388 idem
353 1352 574 1398 privilegium
597 1363 676 1388 com
703 1358 810 1388 etere.
846 1352 918 1388 Sed
938 1353 1093 1389 sibonis
1111 1359 1258 1389 curator

170 1398 277 1437 datus
301 1397 349 1433 sit
371 1397 428 1433 vel
451 1397 610 1433 absentis
633 1408 675 1433 ve
712 1398 758 1433 ab
782 1398 947 1434 hostibus
972 1398 1070 1444 capti
1092 1399 1147 1434 vel
1171 1398 1255 1434 dum

170 1443 368 1479 deliberant
405 1442 532 1488 scripti
569 1442 719 1478 heredes
759 1443 804 1479 de
842 1443 1008 1479 adeunda
1046 1444 1255 1487 hereditate,

169 1499 242 1524 non
265 1487 445 1534 oportebit
466 1487 689 1533 privilegium
712 1487 808 1524 dari:
840 1499 914 1524 non
945 1488 1039 1525 enim
1068 1489 1107 1525 in
1132 1489 1256 1525 eadem

170 1544 282 1569 causa
303 1537 370 1569 est.

215 1575 267 1617 23
293 1577 453 1614 Pivws
478 1579 570 1615 libro
593 1579 821 1626 sexaqesirno
853 1578 903 1614 ad
925 1579 1078 1615 edictum
1126 1579 1164 1615 Si
1192 1590 1254 1615 ne-

168 1625 304 1669 gotium
325 1623 521 1676 impuberis
545 1624 594 1660 ali
618 1623 674 1660 uis
694 1634 739 1660 ex
756 1623 877 1659 officio
897 1623 1076 1660 amicitiae
1094 1625 1254 1669 gesserit,

169 1669 276 1705 debet
297 1669 403 1722 bonis
426 1669 502 1706 eius
526 1635 679 1706 venditis
703 1668 926 1715 privilegium
948 1669 1086 1715 pupillo
1111 1680 1255 1706 conser-

168 1714 261 1750 vari:
286 1718 324 1750 et
343 1718 396 1749 ita
418 1715 554 1761 accepi.
979 1759 981 1761 q

214 1757 268 1797 24
299 1757 495 1795 ULPJANUS
522 1760 614 1795 libro
636 1760 865 1806 seoeaqesimo
891 1760 995 1795 tertio
1027 1760 1078 1796 ad
1101 1760 1255 1796 edictum

169 1805 208 1840 Si
229 1803 345 1840 ventri
367 1809 514 1841 curator
537 1804 643 1840 datus
668 1804 716 1841 sit
739 1815 806 1840 nec
828 1809 954 1849 partus
978 1805 1115 1848 editus,
1146 1805 1254 1851 privi-

173 1854 186 1884 1
235 1849 366 1895 legium
389 1850 557 1886 cessabit.
604 1850 718 1885 Divus
741 1850 889 1886 Marcus
916 1850 969 1886 ita
997 1850 1129 1886 edixit:
1158 1850 1255 1887 ‘Cre-

169 1895 293 1938 ‘ditor‚
325 1894 387 1939 qui
415 1895 462 1931 ob
493 1895 755 1931 restitutionem
786 1895 1031 1931 aedificiorum
1055 1895 1254 1939 crediderit,

169 1941 218 1976 ‘in
240 1939 414 1985 pecunia,
446 1951 540 1985 quae
569 1940 705 1976 credita
733 1940 817 1984 erit,
849 1940 1070 1986 privilegium
1093 1941 1256 1993 exigendi

169 1985 349 2021 ‘habebit’.
397 1985 494 2030 quod
529 1985 576 2021 ad
613 1996 694 2020 eum
724 1996 867 2030 quoque
902 1987 1074 2031 pertinet,
1107 1997 1169 2032 qui
1198 1997 1255 2023 re-

169 2031 248 2066 dem
273 2029 344 2066 tori
367 2029 510 2066 dominc
534 2030 729 2066 mandante
751 2030 941 2076 pecuniam
961 2031 1254 2068 subministravit.

171 2082 189 2110 2
301 2075 406 2111 bonis
428 2075 635 2111 mensularii
656 2075 855 2111 vendundis
877 2080 962 2128 ppst
983 2076 1166 2122 privilegia
1188 2088 1254 2122 pc·

167 2121 295 2156 tiorem
331 2130 456 2156 eorum
490 2131 637 2156 causam
675 2131 754 2157 esse
790 2121 944 2166 placuit,
985 2122 1047 2167 qui
1082 2122 1254 2168 pecunias

167 2165 265 2211 apud
302 2175 461 2201 mensam
496 2165 603 2201 fidem
638 2165 822 2212 publicam
852 2167 966 2202 secuti
997 2166 1252 2212 deposuerunt.

167 2211 231 2247 sed
253 2211 347 2246 enim
370 2211 432 2256 qui
454 2210 625 2256 depositis
648 2211 802 2247 nummis
825 2222 954 2247 usuras
983 2222 1007 2247 a
1029 2212 1253 2248 mensulariis

168 2261 385 2302 acceperunt
408 2266 431 2291 a
454 2257 582 2292 ceteris
606 2255 841 2292 creditoribus
864 2267 938 2292 non
961 2267 999 2293 se
1026 2262 1194 2301 arantur,
1219 2262 1255 2294 et

167 2301 312 2337 merito:
345 2301 442 2337 aliud
475 2305 530 2337 est
552 2301 645 2337 enim
669 2301 832 2344 credere,
864 2301 963 2338 aliud
1012 2313 1176 2348 eponere.
1223 2302 1255 2339 si

167 2353 286 2383 tamen
317 2345 453 2382 nummi
484 2350 644 2391 exstent,
675 2346 850 2382 vindicari
882 2357 943 2383 eos
975 2358 1082 2393 posse
1110 2352 1198 2394 puto
1231 2359 1254 2383 a

167 2391 397 2438 depositariis
420 2396 458 2427 et
479 2392 640 2427 futurum
664 2402 746 2427 eum
769 2392 830 2437 qui
852 2391 1011 2428 vindicat
1039 2397 1123 2429 ante
1144 2393 1252 2439 privi-

167 2442 187 2473 3
234 2436 337 2482 legia.
374 2436 511 2473 Eorum
530 2437 624 2473 ratio
646 2437 747 2483 prior
769 2442 825 2473 est
849 2437 1077 2481 creditorum,
1102 2449 1254 2484 quorum

166 2482 322 2528 pecunia
353 2482 401 2517 ad
431 2482 627 2518 creditores
657 2481 914 2528 privilegiarios
945 2482 1117 2529 pervenit.
1170 2494 1252 2529 per-

166 2527 305 2563 venisse
334 2532 455 2563 autem
485 2526 783 2573 quemadmodum
814 2528 1028 2574 accipimus,
1068 2533 1188 2564 utrum
1222 2529 1254 2565 si

166 2572 289 2609 statim
318 2572 482 2618 profecta
512 2577 568 2609 est
597 2573 644 2608 ab
673 2572 902 2609 inferioribus
927 2573 974 2609 ad
995 2573 1253 2620 privilegiarios

166 2628 215 2653 an
243 2627 327 2653 vero
360 2622 396 2652 et
426 2618 457 2653 si
486 2627 552 2663 per
583 2617 754 2670 debitoris
769 2628 994 2698 (personam,
1033 2619 1103 2655 hoc
1137 2624 1193 2655 est
1221 2619 1254 2656 si

166 2667 252 2698 ante
282 2662 316 2698 ei
346 2667 535 2698 numerata
565 2663 612 2698 sit
635 2667 671 2698 et
692 2673 745 2699 sic
794 2663 938 2699 ebitoris
963 2663 1062 2699 facta
1085 2663 1254 2700 creditori

166 2707 403 2754 privilegiaric
427 2712 615 2744 numerata
638 2708 719 2743 est?
758 2708 855 2753 quod
884 2707 1025 2753 quidem
1047 2713 1168 2754 potest
1189 2709 1251 2744 be-

164 2753 271 2833 }iigne
294 2752 383 2795 dici,
413 2753 444 2788 si
467 2752 573 2790 modo
597 2763 670 2789 non
691 2758 775 2799 post
798 2753 944 2799 aliquod
967 2753 1192 2790 intervallum
1216 2755 1253 2790 id

181 2802 301 2833 actum
325 2798 383 2833 sit.

212 2839 266 2879 25
290 2841 398 2878 loru
419 2842 510 2879 libro
529 2843 760 2889 sexaqesimo
780 2847 911 2889 quarto
934 2843 985 2879 ad
1002 2844 1156 2881 edictum
1190 2845 1253 2880 Ait

165 2887 471 2976 9153305312‘13333,
485 2888 970 2978 {iffiffimrssssssssffiffiu
989 2900 1072 2970 ¹3⁸3?
1087 2889 1252 2970 ξὲῑὲἕὲἓὲ

1058 2961 1068 2977 5

167 2981 222 3014 ‘eo
270 2977 307 3013 ui
331 2978 561 3020 contraxerit,
585 2989 631 3013 ne
654 2978 749 3014 actio
774 2989 816 3014 eo
840 2979 981 3015 nomine
1003 2980 1130 3016 detur’.

212 3020 239 3060 2
292 3022 451 3058 Pactus
475 3022 566 3058 libro
589 3027 694 3058 sexto
718 3023 855 3059 decimo
885 3025 1001 3060 brevis
1029 3025 1138 3061 edicti
1182 3025 1251 3070 Qui

165 3068 204 3103 in
233 3077 360 3104 navem
391 3067 642 3103 exstruendam
673 3068 727 3103 vel
754 3068 999 3105 instruendam
1023 3070 1173 3106 credidit
1196 3071 1251 3106 vel

165 3113 274 3148 etiam
297 3111 493 3154 emendam,
543 3112 735 3157 rivilegium
758 3114 879 3150 habet.

212 3155 265 3196 27
298 3157 505 3209 ΠιΡΙΔΝυε.
533 3158 611 3193 ibro
627 3159 752 3210 prjmo
784 3158 829 3194 de
858 3159 985 3212 officio
1008 3161 1166 3196 consulis
1211 3160 1250 3196 si

166 3203 394 3248 magistratus
424 3202 687 3238 fideicommism
718 3203 882 3239 servandi
912 3215 1023 3240 causa
1046 3205 1083 3240 in
1104 3215 1249 3251 posses-

166 3248 302 3283 sionem
324 3247 494 3291 miserint,
518 3246 604 3282 dare
627 3248 800 3283 arbitrum
823 3254 977 3294 possunt
993 3249 1040 3285 ad
1057 3261 1100 3286 ea
1119 3250 1247 3286 distra-

165 3292 294 3337 henda,
318 3303 410 3338 quae
431 3302 534 3328 mora
555 3291 734 3328 deteriora
755 3292 879 3329 futura
901 3299 995 3337 sunt,
1027 3295 1080 3330 ita
1104 3300 1145 3330 ut
1166 3306 1247 3341 pre-

166 3338 254 3373 tium
291 3348 335 3373 ex
372 3337 428 3372 his
463 3336 647 3373 redactum
686 3337 784 3382 apud
815 3338 1180 3376 fideicommissarium
1209 3340 1248 3375 in

166 3393 276 3418 causa
299 3381 451 3428 depositi
473 3382 539 3425 sit,
568 3381 683 3418 donec
711 3382 756 3417 de
787 3382 1059 3421 fideicommisso
1088 3385 1185 3431 quod
1215 3385 1249 3421 ei

165 3427 316 3464 debetur
339 3432 490 3464 constet.

162 3545 203 3583 (ι)
229 3542 468 3585 epotam
567 3542 611 3579 (π)
636 3541 754 3574 ceteris
765 3542 838 3575 eda.

162 3678 286 3709 sciente
306 3689 366 3709 scr.
474 3678 518 3718 (4)
542 3676 590 3719 in]
609 3677 650 3709 ad
667 3677 702 3710 F
791 3682 834 3715 (5)
859 3680 898 3707 ut
918 3677 979 3709 ins.

163 3731 262 3765 quain
331 3722 507 3754 hereditati
527 3723 589 3755 del.
608 3723 684 3755 Ant.
705 3721 812 3754 Faber

1051 3723 1057 3727 Ι
1084 3680 1128 3718 (⁶)
1152 3681 1242 3720 POW

926 3724 968 3761 (7)
993 3721 1240 3765 obligationem]

1254 101 1341 150 674
1547 93 1565 131 Ὗ
1584 141 1595 145 s

1488 6 1558 90 ἢ

1695 118 1758 150 ’.ΟΕ
1786 118 1926 151 REBUS
1953 117 2082 151 AUOT.
2111 118 2206 161 mn,
2234 119 2408 153 Possm.

1374 224 1427 265 28
1451 227 1498 264 Ia
1507 238 1676 266 νοιιινυε
1695 229 1786 267 libro
1798 231 1923 283 primo
1943 231 2179 279 winulorum
2223 231 2333 270 Pater
2354 233 2407 270 fa-

1326 273 1441 309 milias
1465 273 1641 319 impuberi
1662 274 1753 320 filio,
1777 286 1808 312 si
1831 282 1915 312 ante
1937 277 2164 322 pubertatem
2186 277 2407 322 decessisset,

1327 317 1513 354 substituit
1543 318 1728 358 heredem
1762 320 1795 357 is
1828 321 1922 357 filius
1960 325 2113 367 paterna
2144 322 2342 359 hereditate
2370 334 2409 360 se

1326 362 1500 398 abstinuit
1522 363 1674 409 ideoque
1696 365 1792 401 bona
1813 366 1928 412 patris
1951 366 2154 403 venierunt:
2185 372 2312 414 postea
2333 367 2407 404 filio

1326 407 1506 460 hereditas
1530 408 1688 460 obvenit,
1721 421 1791 463 qua
1814 410 1912 447 adita
1935 411 2099 464 decessit.
2147 423 2295 457 quaero,
2328 424 2409 466 cum

1325 459 1751 541 Bissikf'sssssistpcsr‘zffitffl
1767 455 2409 547 Ἢέῗὲὲἓὲωὲὲῗτξοὲῗέοξὲἳὲᾱὲῗέ

1327 542 1446 594 daret,
1476 553 1525 578 an
1552 543 1591 578 in
1621 544 1855 581 substitutum
1885 546 2122 583 creditoribus
2152 547 2268 593 patris
2291 547 2409 583 danda

1326 592 1373 623 sit
1395 587 1510 631 actio,
1548 599 1630 624 cum
1660 600 1705 625 ex
1734 590 1838 626 bonis
1866 592 2042 636 paternis,
2074 602 2166 637 quae
2197 592 2333 628 scilicet
2363 593 2409 628 ad

1327 632 1522 669 creditores
1545 633 1674 670 missos
1697 634 1757 670 in⁴
1778 635 1875 671 bona
1896 636 2093 682 pertinent,
2125 637 2213 672 nihil
2243 637 2410 682 adquirat

1326 682 1363 713 et
1386 689 1468 714 cum
1491 678 1686 715 creditores
1709 679 1796 716 nihil
1820 680 1907 717 iuris
1938 682 1976 717 in
1998 682 2101 718 bouis
2125 681 2251 728 pupilli
2274 682 2408 718 habue-

1327 722 1400 775 rint
1428 734 1621 776 eorumque
1649 723 1739 760 nihil
1768 725 1988 769 interfuerit,
2020 726 2179 763 adiretur
2208 737 2321 763 necne
2343 738 2408 773 pu-

1326 767 1403 847 Eilh
1433 768 1632 812 hereditas,
1672 780 1754 805 cum
1790 781 1833 806 ea
1869 771 1964 807 bona
1998 772 2131 808 omissa
2160 783 2183 808 a
2216 772 2408 808 substituto

1352 812 1524 865 ereditate
1553 813 1600 849 ad
1629 814 1821 852 creditores
1852 827 1924 851 non
1950 817 2189 861 pertinebant.
2235 828 2293 854 me
2322 817 2411 853 illud

1327 868 1480 894 maxime
1499 863 1628 902 movet,
1649 860 1745 904 quod
1763 861 2056 906 praeceptoribus
2074 861 2146 898 tuis
2164 861 2285 907 placet
2302 874 2411 898 unum

1327 913 1406 938 esse
1426 907 1690 940 testamentum.
1727 905 1928 951 respondit:
1954 906 2049 951 quod
2071 913 2217 952 praetor
2239 907 2324 949 filio.
2350 908 2410 953 qui

1327 958 1349 983 a
1372 952 1523 1000 paterna
1545 949 1742 986 hereditate
1765 961 1805 986 se
1829 951 1999 994 abstinet,
2031 956 2207 997 praestat,
2239 962 2284 988 ne
2307 952 2410 988 bonis

1326 999 1438 1038 patris
1475 994 1552 1029 eius
1590 994 1743 1031 venditis
1780 995 1818 1031 in
1850 1007 1930 1031 eum
1961 995 2054 1032 actio
2085 996 2208 1040 detur,
2247 998 2411 1033 ⁶tametsi

1326 1039 1508 1119 {335²ss
1519 1039 1713 1121 Βῗῗέἓέιΐὲ,
1733 1040 2407 1124 ffiissmiizrssissffissssss'fflffnssfflss’

1327 1129 1494 1173 quoniam
1516 1129 1582 1165 filii
1605 1129 1735 1175 pudori
1757 1131 1936 1176 parcitur,
1961 1136 2001 1167 ut
2022 1132 2143 1178 potius
2166 1132 2278 1177 patris
2302 1114 2410 1186 quam,

1327 1173 1404 1210 eius
1429 1174 1525 1210 bona
1547 1180 1715 1218 veneant,
1739 1175 1861 1221 itaque
1883 1177 1922 1212 in
1944 1176 1998 1219 id,
2022 1176 2119 1222 quod
2140 1181 2268 1223 postea
2290 1188 2324 1213 ei
2347 1178 2410 1214 ob-

1325 1219 1439 1262 venit,
1472 1219 1567 1255 actio
1600 1220 1835 1257 creditoribus
1866 1220 2076 1267 denegatur,
2109 1221 2193 1267 quia
2221 1222 2258 1258 id
2281 1232 2325 1258 ex
2347 1222 2410 1258 ad·

1325 1264 1478 1317 venticic
1510 1265 1727 1311 adquisitum
1758 1271 1832 1308 est,
1873 1278 1945 1303 non
2007 1277 2047 1303 er
2084 1271 2223 1313 patrem
2253 1267 2301 1303 ad
2331 1278 2411 1304 eum

1324 1315 1498 1355 pervemt.
1546 1317 1585 1345 at
1607 1322 1689 1346 cum
1713 1311 1929 1347 substitutus
1994 1312 2025 1348 ’o
2049 1312 2283 1348 hereditatem
2312 1313 2410 1356 adiit,

1324 1359 1516 1400 postquam
1566 1355 1697 1401 upillus
1722 1367 1761 1392 se
1782 1361 1955 1402 paternae
1978 1356 2162 1393 miscuerit
2181 1357 2377 1405 ⁴hereditati
2386 1360 2409 1402 ⁶,

1325 1404 1413 1436 tunc
1443 1367 1623 1437 hereditas
1653 1407 1690 1437 et
1717 1402 1830 1447 patris
1859 1407 1897 1438 et
1924 1402 1988 1438 filii
2016 1413 2090 1438 una
2118 1407 2174 1439 est
2197 1407 2233 1438 et
2254 1403 2293 1439 in
2315 1403 2411 1439 omni

1326 1455 1409 1481 aere
1440 1446 1576 1490 alieno,
1606 1446 1703 1492 quod
1733 1451 1797 1482 aut
1823 1447 1939 1493 patris
1970 1453 2035 1483 aut
2062 1447 2127 1483 filii
2148 1447 2258 1484 fuerit
2305 1448 2411 1484 etiam

1325 1490 1455 1542 invitus
1485 1491 1590 1527 heres
1617 1491 1817 1543 obligatur:
1858 1498 1895 1528 et
1930 1492 2227 1538 quemadmodum
2260 1475 2410 1542 iiber-um

1326 1545 1359 1570 ei
1380 1546 1453 1571 non
1477 1540 1532 1572 est
1554 1537 1805 1581 obhgationem
1816 1538 1841 1580 ⁷,
1872 1542 1914 1573 ut
1935 1549 2009 1574 non
2030 1538 2252 1581 omnimodo,
2283 1538 2317 1575 si
2337 1549 2409 1574 non

1326 1580 1538 1624 defenditur,
1562 1581 1678 1634 ipsius,
1699 1582 1795 1618 bona
1818 1588 1980 1625 veneant,
2004 1582 2059 1619 ita
2081 1593 2126 1619 ne
2144 1594 2312 1630 separare
2332 1583 2408 1629 qui-

1325 1625 1407 1662 dem
1442 1637 1504 1663 aes
1537 1626 1693 1662 alienum
1722 1627 1837 1672 patris
1868 1633 1905 1664 et
1935 1628 1999 1663 filii
2031 1628 2181 1674 poterit:
2219 1639 2290 1681 quo
2323 1639 2409 1664 casu

1325 1670 1521 1714 efficietur,
1552 1676 1594 1707 ut
1623 1671 1860 1708 creditoribus
1883 1672 1922 1708 in
1945 1683 2026 1709 eum
2050 1674 2143 1709 actio
2169 1673 2246 1709 dari
2269 1673 2408 1709 debeat.

1325 1716 1422 1761 quod
1456 1716 1487 1752 si
1524 1717 1740 1753 substitutus
1770 1717 1875 1753 heres
1905 1718 2139 1754 hereditatem
2168 1729 2242 1754 non
2270 1718 2409 1760 adierit,

1325 1761 1562 1798 creditoribus
1581 1762 1694 1807 patris
1711 1763 1749 1797 in
1767 1762 1814 1802 id.
1840 1762 1936 1808 quod
1957 1763 2116 1809 pupillus
2138 1763 2292 1809 reliquit,
2315 1764 2409 1800 actio

1325 1806 1404 1842 dari
1426 1818 1499 1843 non
1522 1806 1646 1851 debet,
1678 1808 1845 1853 quoniam
1876 1818 1991 1854 neque
2019 1808 2147 1860 pupilli
2173 1809 2270 1845 bona
2291 1809 2411 1845 venire

1325 1851 1457 1887 debent
1486 1856 1634 1898 propter
1661 1863 1722 1888 aes
1753 1852 1909 1889 alienum
1937 1857 2051 1906 patris
2086 1863 2202 1900 neque
2237 1853 2276 1890 in
2306 1854 2410 1891 bonis

1324 1897 1438 1942 patris
1462 1903 1517 1933 est
1540 1898 1636 1943 quod
1685 1898 1817 1943 upillus
1841 1898 2020 1944 adquisiit.

1371 1939 1425 1980 29
1451 1941 1610 1978 PAULUS
1637 1943 1652 1978 I
1659 1945 1665 1951 “
1686 1954 1728 1978 νο
1752 1944 1878 1989 quinto
1909 1943 1959 1979 ad
1987 1943 2099 1990 leqem
2123 1943 2256 1980 Iuliam
2279 1947 2314 1980 et
2338 1943 2409 1980 Pa-

1317 1987 1423 2034 piam
1468 1987 1633 2024 Fufidius
1656 1987 1766 2024 refert
1788 1992 1928 2024 statuas
1956 1988 1994 2024 in
2017 1988 2161 2034 publico
2184 1988 2320 2034 positas
2341 1988 2407 2025 bo-

1324 2032 1378 2068 nis
1408 2032 1588 2068 distractis
1617 2032 1712 2077 eius,
1745 2033 1846 2070 cuius
1878 2033 1917 2070 in
1945 2034 2117 2070 honorem
2144 2034 2283 2079 positae
2314 2040 2407 2077 sunt,

1324 2088 1398 2114 non
1421 2088 1501 2114 esse
1524 2078 1694 2124 emptoris
1717 2078 1894 2115 bonorum
1918 2079 2013 2122 eius,
2043 2079 2108 2115 sed
2138 2083 2203 2115 aut
2232 2079 2408 2125 publicas,

1325 2123 1356 2159 si
1387 2123 1539 2159 ornandi
1569 2123 1753 2170 municipii
1782 2134 1895 2160 causa
1917 2125 2062 2177 positae
2091 2124 2182 2167 sint,
2221 2130 2286 2161 aut
2319 2124 2407 2167 eius,

1324 2167 1495 2249 (εἰυίιιέωίη
1523 2169 1694 2205 honorem
1724 2168 1866 2215 positae
1895 2174 1987 2206 sint:
2017 2174 2054 2206 et
2083 2169 2182 2205 nullo
2211 2169 2316 2206 modo
2347 2180 2408 2205 eas

1347 2218 1402 2249 etr
1453 2213 1461 2221 ⁶
1512 2224 1604 2250 osse.

1369 2256 1422 2296 30
1446 2225 1643 2295 Pfemms
1670 2258 1814 2296 Iosrvs
1840 2259 1932 2296 libro
1954 2261 2080 2307 primo
2113 2259 2158 2296 dc
2187 2260 2408 2297 constitutio·

1322 2304 1429 2340 nibus
1472 2304 1710 2349 Imperatores
1732 2305 1937 2341 Antoninus
1969 2310 2006 2341 et
2028 2305 2145 2341 Verus
2167 2305 2321 2351 Augusti
2350 2315 2407 2340 re-

1322 2348 1544 2394 scripserunt
1572 2359 1652 2392 eos,
1682 2350 1744 2402 qui
1773 2350 1871 2386 bona
1900 2361 1968 2386 sua
1997 2355 2129 2396 negant
2155 2350 2234 2386 iure
2256 2349 2406 2391 venisse,

1320 2393 1541 2474 praeiudicio
1580 2394 1735 2447 experiri
1773 2394 1902 2430 debere
1941 2400 1978 2431 et
2014 2395 2150 2432 frustra
2185 2394 2407 2442 principem·¹

1306 2451 1308 2453 ·
1348 2438 1527 2475 esiderare
1549 2439 1705 2475 rescindi
1726 2439 1974 2476 venditionem.

1368 2481 1419 2522 31
1453 2483 1649 2520 Urmzws
1668 2484 1760 2520 libro
1782 2486 1940 2521 secundo
1963 2485 2008 2521 de
2031 2486 2195 2522 omnibus
2218 2485 2406 2521 tribunali-

1322 2529 1389 2565 bus
1434 2528 1472 2564 Si
1495 2529 1688 2565 creditores
1710 2529 1878 2566 heredem
1900 2535 2107 2577 suspectum
2129 2534 2275 2583 putent,
2299 2530 2406 2567 satis-

1322 2574 1502 2610 dationem
1530 2574 1670 2620 exigere
1686 2579 1853 2621 ¹possunt
1880 2587 1948 2622 pro
1979 2586 2045 2612 suo
2070 2575 2190 2612 debito
2213 2575 2403 2611 reddendo.

1322 2619 1424 2656 cuius
1453 2619 1507 2655 rei
1535 2619 1652 2664 gratia
1686 2630 1902 2673 cognoscere
1930 2625 2132 2666 praetorem
2166 2624 2309 2667 oportet
2338 2631 2405 2656 nec

1322 2664 1442 2700 statim
1471 2674 1553 2700 eum
1582 2664 1825 2701 satisdationis
1854 2665 2061 2710 necessitati
2094 2666 2258 2702 subicere
2288 2665 2404 2707 debet,

1321 2709 1390 2745 nisi
1413 2720 1524 2745 causa
1547 2709 1690 2755 cognita
1713 2710 1913 2746 constiterit
1932 2710 2090 2758 prospici
2107 2710 2236 2746 debere
2254 2710 2322 2753 his,
2345 2711 2405 2756 qui

1324 2758 1339 2790 1
1389 2759 1595 2800 suspectum
1629 2765 1711 2790 eum
1775 2756 2030 2792 ostulaverunt.
2085 2755 2155 2792 Sed
2190 2757 2406 2801 suspectus⁹

1320 2799 1422 2835 heres
1445 2810 1519 2836 non
1541 2799 1653 2836 isdem
1670 2811 1727 2836 mo
1768 2811 1797 2843 s,
1822 2801 1951 2846 quibus
1970 2806 2160 2847 suspectus
2177 2805 2276 2837 tutor
2295 2801 2402 2836 aesti—

1319 2850 1456 2881 matur:
1489 2844 1663 2890 siquidem
1693 2849 1848 2881 tutorem
1877 2857 1949 2882 non
1977 2846 2187 2890 facultates,
2218 2845 2282 2882 sed
2304 2845 2401 2881 frau-

1320 2889 1467 2925 dulenta
1490 2890 1527 2925 in
1550 2890 1657 2926 rebus
1676 2891 1913 2936 pupillaribus
1931 2895 1968 2927 et
1980 2893 2008 2913 ¹⁰
2031 2890 2161 2927 callida
2180 2891 2401 2927 conversatio

1320 2941 1532 3015 {usgeictuni
1543 2935 2062 3017 commeizdetfflhsreldemdxtegg
2081 2936 2183 3016 solado?i
2197 2935 2399 3016 fagiultates'.

1431 2990 1688 3016 anemrecen
1735 2990 1758 3015 a
1834 2992 1854 3017 e
1898 2991 1957 3017 ere
2049 2992 2147 3017 isau
2185 2991 2230 3017 en
2285 2991 2399 3022 erun,

1319 3025 1380 3070 qui
1403 3029 1610 3071 suspectum
1632 3025 1834 3070 postulant:
1861 3032 2018 3062 ceterum
2041 3026 2072 3062 si
2089 3026 2287 3071 probentur
2302 3027 2400 3072 passi

1320 3081 1401 3106 eum
1423 3070 1461 3105 in
1483 3069 1681 3106 hereditate
1704 3070 1836 3106 morari
1862 3082 1929 3107 nec
1953 3072 2140 3116 quicquam
2163 3071 2302 3116 possint
2323 3071 2397 3107 cbi-

1318 3125 1400 3151 cere
1431 3114 1586 3151 criminis
1619 3115 1723 3160 quasi
1751 3115 1874 3152 dolose
1897 3121 2037 3152 versato
2061 3126 2123 3159 eo,
2152 3126 2224 3152 non
2257 3116 2400 3152 debebit

1317 3164 1400 3206 post
1430 3159 1581 3195 multum
1611 3161 1782 3213 temporis
1817 3160 1863 3196 ad
1898 3162 1992 3197 hanc
2022 3161 2271 3197 necessitatem
2302 3171 2396 3197 com-

1318 3210 1338 3241 3
1386 3204 1478 3251 pelli.
1533 3203 1637 3249 Quod
1664 3206 1735 3240 si¹¹
1765 3211 1954 3251 suspectus
1985 3205 2159 3242 satisdare
2188 3205 2307 3242 iussus
2337 3205 2396 3241 de-

1318 3255 1415 3286 creto
1445 3250 1621 3302 praetoris
1652 3261 1725 3286 non
1754 3250 2065 3297 obtemperaverit,
2094 3256 2182 3288 tunc
2210 3251 2306 3287 bona
2334 3251 2397 3287 he-

1316 3294 1476 3331 reditatis
1512 3294 1690 3340 possideri
1701 3296 1730 3317 ¹²
1765 3306 1964 3341 venumque
2000 3295 2078 3331 dari
2108 3306 2154 3332 ex
2184 3295 2301 3332 edicto
2333 3306 2398 3332 suo

1317 3342 1339 3375 4
1383 3339 1628 3392 permittere¹³
1659 3340 1807 3375 iubebit.
1854 3340 1965 3376 Plane
1995 3340 2026 3376 si
2049 3341 2221 3377 doceatur
2243 3341 2332 3377 nihil
2355 3351 2397 3376 ex

1316 3384 1419 3420 bonis
1443 3384 1618 3420 alienasse
1640 3395 1707 3420 nec
1730 3385 1777 3421 sit
1799 3385 1894 3430 quod
1917 3385 1950 3421 ei
1972 3386 2065 3422 iuste
2083 3390 2228 3431 praeter
2269 3396 2395 3433 auper-

1315 3435 1426 3466 tatem
1456 3429 1650 3475 obiciatur,
1689 3434 1878 3466 contentus
1909 3440 1987 3466 esse
2019 3436 2165 3477 praetor
2200 3430 2245 3468 de
2270 3436 2324 3476 et,
2357 3437 2397 3466 ut

937 3545 979 3581 (3)
1004 3543 1178 3576 consilium
1191 3554 1243 3576 re·
1311 3545 1359 3576 sic
1378 3543 1441 3584 F',
1466 3547 1540 3585 post
1558 3542 1795 3586 obligationem
1814 3544 1876 3587 F’,
1902 3545 2141 3589 obligationem
2158 3547 2392 3581 hereditariam

163 3588 288 3630 ceperit
300 3587 498 3630 (receperint
509 3586 574 3626 ΓΞ)
586 3587 627 3620 fr.
639 3586 696 3628 ια]
709 3585 885 3619 consilium
897 3586 1157 3621 rraudandonun
1172 3599 1242 3621 cre-
1311 3598 1463 3620 recusare
1481 3601 1543 3621 ser.

163 3632 310 3665 ditorum
332 3631 458 3675 ceperit
479 3634 514 3673 (r
528 3651 535 3658 ·
551 3642 571 3665 o
585 3651 591 3657 -
606 3642 754 3665 oei-sarr
773 3647 817 3660 ε-
837 3636 1056 3674 aeceremr),
1088 3633 1242 3666 fraudare
1310 3633 1372 3710 gio)
1396 3631 1441 3710 eb]
1453 3633 1510 3666 sed
1523 3634 1585 3675 F',
1597 3633 1649 3667 vel
1662 3634 1717 3667 Γ*

1333 3687 1388 3711 ere

1661 3592 1707 3631 (8)
1730 3599 1750 3621 a
1767 3589 1920 3634 principe
1941 3591 1969 3624 S
2087 3593 2133 3633 (9)
2156 3595 2345 3635 suspectum
2364 3593 2398 3625 F

1801 3635 1858 3675 (ii)
1883 3635 1978 3678 quasi
1990 3635 2116 3671 im.F²
2366 3638 2391 3662 '-

1521 3685 1577 3718 (13)
1601 3679 1792 3721 permittere
1804 3680 1866 3712 del.
