2528 3918
200 115 424 159 xxnna

200 247 283 273 cum
306 235 385 271 divo
409 238 511 282 patre
534 244 601 271 suo
623 233 808 280 rescripsit
828 235 981 279 intellegi
1013 244 1092 270 eum
1117 234 1185 270 hoc
1208 233 1286 285 ipso

200 281 294 317 nolle
317 283 465 325 nuptam
488 279 575 322 sibi,
607 279 668 325 qui
699 289 777 315 eam
810 280 986 315 actionem
1015 278 1071 314 vel
1103 278 1210 314 aliam
1231 288 1285 313 ιιι-

199 329 319 371 portet
342 335 433 371 quae
458 335 530 360 non
554 324 645 360 solet
666 323 735 360 nisi
758 334 802 360 ex
825 324 973 359 divortio
998 323 1094 359 oriri.
1123 333 1234 368 quare
1256 322 1288 358 si

200 379 371 405 accusare
395 379 473 404 eam
497 368 662 404 adulterii
685 369 842 421 coeperit
864 368 918 404 vel
942 368 1010 403 alio
1036 367 1181 404 crimine
1203 377 1286 413 pos-

199 415 325 457 tulare,
349 413 444 466 quod
465 414 567 449 uxori
579 423 681 450 nemo
695 413 815 456 obicit,
828 414 937 457 magis
951 417 1014 455 est,
1024 417 1065 447 ut
1077 411 1287 464 diremptum

200 459 247 494 sit
267 458 548 494 matrimonium:
573 457 704 495 etenim
715 458 915 494 meminisse
928 468 948 493 ο
976 460 1070 494 ortet
1087 456 1168 493 ideo
1181 456 1287 492 adimi

201 514 282 539 cum
305 503 375 539 alio
401 503 603 546 conubium,
629 502 713 549 quia
728 508 901 555 patronus
921 502 951 538 si
976 502 989 537 i
1008 511 1057 537 nu
1082 505 1156 537 tam
1176 501 1285 547 cupit.

199 547 414 594 ubicumque
436 548 543 594 igitur
565 548 619 584 vel
649 551 765 584 tenuis
795 546 995 582 intellectus
1028 547 1062 582 vi
1087 546 1138 582 eri
1195 548 1289 582 otest

199 593 353 630 nolentis
376 596 535 638 nuptam,
561 592 748 630 dicendum
781 596 835 627 est
866 592 938 627 iam
960 590 1116 637 incipere
1138 590 1165 626 li
1190 594 1288 626 ertae

203 648 284 673 cum
319 637 388 674 alio
421 647 500 673 esse
532 637 735 674 conubium.
764 634 920 689 proinde
954 636 984 672 si
1014 640 1188 682 patronus
1220 635 1288 670 sibi

200 681 428 728 desponderit
460 682 567 719 aliam
597 683 652 718 vel
684 680 910 717 destinaverit
940 681 995 716 vel
1025 680 1287 716 matrimonium

200 727 344 763 alterius
368 727 566 772 appetierit,
591 726 789 763 credendus
813 729 867 761 est
890 726 983 761 nolle
1006 725 1100 761 hanc
1118 728 1285 770 nuptam:

200 776 236 852 {t
270 772 300 853 sii
336 772 571 839 cqncubmam
615 772 682 808 sibi
716 770 940 813 adhibuerit,
975 770 1068 806 idem
1104 770 1170 806 erit
1202 780 1285 815 pro-

227 826 273 852 an
299 827 359 853 um
385 844 393 852 .

700 954 758 991 111
769 951 794 992 ².

254 1019 427 1053 SOLUTO
451 1018 749 1095 ΜΑΤΒΙΜὲξὶΙΓΕΔ)Δ
752 1017 849 1096 ’11)ἕέ
875 1017 1234 1054 QUEMADMODUM

249 1128 267 1167 1
306 1128 536 1165 POMPONIUS
567 1128 657 1164 libro
697 1130 822 1174 quinto
858 1127 993 1163 decimo
1029 1126 1079 1163 ad
1111 1125 1286 1163 Sabinum

200 1174 347 1210 Dotium
372 1184 481 1209 causa
505 1184 645 1218 semper
669 1177 705 1208 et
727 1173 788 1208 ubi
813 1183 859 1208 ue
906 1172 1074 1217 raecipua
1097 1176 1168 1207 est:
1204 1182 1287 1207 nam

200 1223 236 1255 et
258 1219 400 1264 publice
429 1219 578 1254 interest
608 1218 709 1253 dotes
739 1229 774 1253 m
816 1218 822 1225 ‘
846 1217 878 1252 ri
903 1227 946 1253 us
970 1216 1181 1259 conservari,
1206 1227 1287 1252 cum

200 1264 343 1300 dotatas
364 1273 441 1299 esse
460 1262 610 1298 feminas
631 1262 677 1298 ad
696 1263 857 1299 subolem
876 1261 1135 1307 procreandam
1147 1262 1286 1307 replen-

200 1309 282 1344 dam
306 1319 351 1344 ue
373 1308 494 1344 liberis
518 1308 696 1343 civitatem
719 1307 871 1343 maxime
893 1307 941 1343 sit
963 1306 1215 1344 necessarium.

246 1351 271 1390 2
331 1362 499 1388 LPJANUS
527 1352 618 1388 libro
650 1353 832 1399 triqesimo
845 1352 859 1373 ³
890 1352 1016 1398 quinto
1040 1351 1090 1387 ad
1111 1350 1286 1390 Sabinum

199 1398 324 1434 Soluto
337 1397 559 1434 matrimonio
573 1397 663 1434 solvi
681 1397 819 1432 mulieri
839 1396 903 1432 dos
924 1396 1038 1432 debet.
1064 1406 1130 1432 nec
1150 1396 1289 1441 cogitur

199 1443 348 1478 maritus
373 1442 432 1477 alii
457 1453 534 1477 eam
565 1442 611 1477 ab
634 1442 736 1478 initio
761 1442 947 1487 stipulanti
976 1442 1194 1487 promittere,
1219 1441 1288 1477 nisi

198 1488 267 1523 hoc
304 1488 335 1522 ei
370 1487 456 1522 nihil
490 1491 614 1523 nocet:
657 1497 741 1523 nam
776 1487 807 1522 si
845 1485 1108 1522 incommodum
1142 1485 1288 1538 aliquod

198 1533 347 1568 maritus
378 1536 583 1576 suspectum
613 1532 733 1574 habet,
766 1542 838 1568 non
870 1531 1000 1567 debere
1023 1541 1102 1567 eum
1126 1542 1205 1576 cogi
1228 1531 1288 1566 alii

199 1588 305 1622 quam
340 1577 443 1612 uxori
476 1577 683 1622 promittere
717 1576 905 1612 dicendum
939 1580 1003 1612 est.
1042 1577 1133 1612 haec
1164 1576 1195 1611 si
1230 1576 1287 1612 sui

201 1626 216 1657 1
265 1621 352 1657 iuris
376 1622 501 1657 mulier
526 1626 588 1657 est.
637 1621 742 1666 Quod
772 1622 802 1657 si
832 1621 870 1656 in
891 1622 1006 1666 patris
1056 1625 1209 1657 otestate
1233 1625 1287 1656 est

198 1675 235 1703 et
266 1666 331 1703 dos
366 1667 412 1702 ab
448 1677 488 1702 eo
519 1665 682 1712 profecta
713 1667 777 1710 sit,
810 1666 922 1711 ipsius
947 1670 983 1704 et
1046 1667 1100 1702 'ae
1123 1666 1188 1703 dos
1213 1669 1284 1702 est:

198 1712 351 1758 denique
385 1714 487 1757 pater
522 1722 594 1747 non
629 1711 732 1747 aliter
762 1722 868 1757 quam
900 1721 944 1746 ex
973 1711 1157 1747 voluntate
1191 1710 1286 1747 filiae

197 1760 319 1802 petere
342 1756 462 1792 dotem
485 1767 551 1792 nec
569 1767 635 1802 per
654 1766 693 1792 se
706 1767 772 1792 nec
791 1767 856 1801 per
867 1760 1136 1801 procuratorem
1155 1759 1284 1801 potest.

198 1803 250 1838 sic
274 1812 355 1846 ergo
387 1805 424 1837 et
452 1801 730 1847 promittendum
762 1801 917 1837 Sabinus
941 1802 1002 1836 ait.
1039 1801 1071 1838 ei
1095 1811 1177 1846 ergo
1201 1812 1285 1846 pro-

197 1846 409 1883 mittendum
433 1847 509 1889 erit,
535 1847 592 1882 cui
615 1850 696 1882 uter
720 1857 766 1882 ue
787 1847 941 1882 iusserit.
964 1850 1120 1882 ceterum
1139 1847 1170 1882 si
1184 1850 1287 1891 pater

199 1892 297 1927 solus
319 1891 435 1934 iussit,
460 1892 553 1927 dotis
574 1892 668 1927 actio
681 1892 706 1926 fi
722 1892 775 1927 ‘ae
786 1894 858 1927 non
879 1892 947 1927 erit
969 1891 1148 1937 adempta,
1173 1901 1285 1936 quan-

199 1937 316 1989 doque
347 1936 403 1971 sui
431 1937 518 1972 iuris
549 1936 624 1971 filia
652 1936 762 1972 fuerit
790 1936 899 1971 facta.
935 1937 1021 1972 item
1051 1937 1081 1972 si
1104 1937 1286 1972 voluntate

199 1982 308 2018 solius
332 1980 427 2017 filiae
449 1982 687 2026 promittatur,
712 1982 910 2017 remanebit
929 1981 1020 2017 dotis
1038 1982 1132 2017 actio
1148 1982 1287 2026 integra

198 2026 313 2072 patri:
342 2026 406 2062 sed
429 2030 547 2062 utrum
571 2030 612 2064 ut
635 2027 692 2062 et⁴
718 2031 802 2071 agat
815 2026 916 2064 ,solus
937 2037 983 2061 an
1005 2030 1041 2062 et
1058 2030 1099 2062 ut
1119 2026 1287 2062 adiuncta

199 2081 340 2117 quoque
371 2071 465 2107 filiae
488 2081 653 2115 persona.
675 2071 827 2116 experiri
857 2071 996 2150 gossit?
1035 2075 1071 2106 et
1099 2075 1188 2116 puto
1220 2081 1286 2107 nec

199 2127 277 2152 eam
300 2116 477 2151 actionem
501 2116 678 2158 amissam,
703 2126 811 2160 quam
834 2125 856 2150 a
881 2116 1004 2151 iuncta
1019 2115 1114 2151 filiae
1131 2125 1286 2160 persona

198 2164 319 2206 potest
349 2160 492 2196 habere.
533 2160 629 2205 quod
661 2161 691 2196 si
724 2161 781 2196 sui
811 2160 898 2195 iuris
929 2159 1038 2196 fuerit
1068 2160 1167 2196 facta
1200 2160 1285 2203 filia,

199 2209 218 2241 2
267 2205 412 2240 nocebit
432 2205 465 2240 ei
486 2205 557 2240 ista
576 2205 622 2240 sti
648 2205 770 2240 ulatio.
807 2205 1038 2240 Voluntatem
1049 2209 1168 2240 autem
1179 2205 1285 2248 filiae,

200 2261 280 2287 tum
303 2254 407 2295 pater
439 2250 513 2296 agit
543 2250 587 2285 de
643 2253 719 2293 ote,
751 2253 870 2286 utrum
902 2250 978 2285 sic⁶
1009 2250 1221 2296 accipimus,
1246 2254 1287 2285 ut

203 2295 400 2331 consentiat
431 2305 479 2330 an
508 2305 591 2331 vero
627 2305 673 2330 ne
707 2295 932 2331 contradicat
953 2294 1052 2331 filia?
1091 2299 1128 2330 et
1162 2299 1216 2331 est
1239 2296 1284 2331 ab

201 2341 412 2385 Imperatore
433 2340 616 2376 Antonino
640 2341 851 2385 rescriptum
874 2339 993 2383 filiam,
1018 2340 1086 2376 nisi
1107 2340 1287 2376 evidenter

202 2385 433 2427 contradicat,
457 2385 567 2421 videri
590 2385 792 2421 consentire
813 2384 919 2430 patri.
956 2388 992 2420 et
1014 2385 1172 2421 Iulianus
1195 2385 1285 2421 libro

201 2430 466 2475 quadragesimo
502 2434 628 2466 octavo
671 2430 887 2475 digestorum
928 2430 1073 2476 scripsit
1130 2430 1209 2466 uasi
1243 2440 1287 2465 ex

202 2475 382 2511 voluntate
415 2475 511 2510 filiae
539 2474 650 2510 videri
682 2475 833 2521 experiri
861 2478 1022 2520 patrem,
1054 2475 1086 2511 si
1131 2475 1287 2511 uriosam

202 2520 308 2556 filiam
337 2520 486 2555 habeat:
517 2530 600 2555 nam
630 2520 693 2555 ubi
723 2531 796 2556 non
826 2524 944 2565 potest
977 2530 1042 2565 per
1076 2520 1286 2556 dementiam

200 2565 456 2606 contradicere,
481 2566 682 2600 consentire
706 2566 783 2611 quis
809 2575 886 2600 eam
910 2566 1034 2601 merito
1060 2565 1190 2601 credet.
1223 2565 1286 2601 sed

200 2611 231 2645 si
262 2610 391 2645 absens
425 2610 500 2645 filia
534 2610 582 2645 sit
595 2636 603 2652 ,
637 2610 826 2646 dicendum
849 2610 916 2645 erit
938 2621 1011 2645 non
1035 2620 1079 2645 ex
1101 2611 1287 2646 voluntate

201 2655 276 2690 eius
299 2654 336 2689 id
357 2653 495 2690 factum
519 2655 784 2700 cavendumque
814 2659 930 2690 ratam
952 2666 1028 2691 rem
1049 2655 1159 2690 filiam
1181 2656 1284 2691 habi-

200 2703 317 2734 turam
340 2710 363 2734 a
385 2703 509 2745 patre:
541 2700 603 2735 ubi
627 2701 720 2735 enim
752 2700 862 2745 sapit,
885 2701 978 2736 scire
1001 2711 1079 2735 eam
1103 2701 1284 2745 exigimus,

200 2748 242 2779 ut
263 2744 426 2779 videatur
448 2755 520 2780 non
545 2745 800 2781 contradicere.

246 2786 270 2826 3
296 2788 352 2823 ΡΑ
360 2799 455 2825 υιυε
474 2789 564 2826 libro
587 2791 738 2836 septimo
762 2790 812 2825 ad
833 2789 1006 2826 Sabinum
1060 2789 1143 2825 Non
1171 2790 1286 2826 solum

201 2838 319 2869 autem
342 2834 380 2868 in
403 2834 584 2879 exigenda,
608 2835 672 2870 sed
696 2834 802 2870 etiam
824 2835 862 2870 in
885 2835 1055 2871 solvenda
1074 2835 1168 2879 dote,
1193 2845 1286 2881 quae

201 2879 395 2930 communis
419 2884 474 2914 est
495 2880 608 2924 patris
633 2883 669 2914 et
691 2879 801 2923 filiae,
825 2880 1012 2925 utriusque
1034 2880 1198 2916 voluntas
1223 2891 1284 2916 ex-

224 2924 351 2958 uintur
385 2934 451 2959 nec
487 2925 576 2960 alter
610 2925 755 2960 alterius
798 2925 1005 2960 deteriorem
1042 2925 1286 2962 condicionem

199 2935 320 3004 §acere
328 2972 479 3048 fiffitest.
525 2969 588 3005 sed
619 2970 650 3005 si
682 2971 836 3022 pecunia
866 2970 913 3005 ad
943 2974 1081 3015 patrem
1115 2970 1285 3016 pervenit,

201 3022 307 3059 quam
433 3014 589 3059 accepit,
621 3019 715 3050 actio
750 3015 794 3051 de
825 3015 909 3051 dote
940 3015 1100 3060 utrisque
1129 3015 1284 3051 tolletur.

246 3056 273 3095 4
306 3057 534 3094 Poueomvs
566 3059 657 3096 libro
695 3060 820 3106 quinto
855 3059 992 3096 decimo
1027 3060 1078 3095 ad
1110 3059 1284 3096 Sabinum

201 3102 239 3138 Si
260 3105 364 3148 pater
394 3103 469 3138 sine
501 3114 676 3139 consensu
706 3104 802 3140 filiae
825 3105 941 3140 dotem
965 3115 988 3140 a
1010 3105 1085 3140 viro
1110 3106 1285 3151 exegisset

200 3151 237 3183 et
274 3147 422 3183 eandem
456 3148 517 3183 alii
548 3149 621 3183 viro
654 3150 729 3185 eius
761 3150 855 3185 filiae
885 3150 1028 3185 nomine
1059 3150 1215 3186 dedisset
1248 3154 1285 3186 et

200 3198 341 3228 mortuo
365 3195 468 3238 patre
491 3193 566 3228 filia
597 3204 677 3228 cum
708 3195 827 3240 priore
849 3195 924 3230 viro
948 3198 1079 3240 ageret,
1104 3195 1176 3231 doli
1199 3195 1283 3231 mali

200 3238 409 3283 exceptione
430 3238 622 3283 repellitur.

246 3282 271 3320 5
303 3282 496 3318 ULPIANUS
523 3283 614 3318 libro
647 3285 828 3329 triqesimo
859 3285 909 3320 ad
931 3284 1104 3321 Sabinum
1150 3284 1206 3320 De
1228 3284 1281 3320 di-

199 3327 333 3363 visione
356 3327 441 3363 anni
473 3327 566 3369 eius,
599 3339 668 3372 quo
702 3329 887 3364 divortium
917 3329 1052 3365 factum
1083 3334 1148 3372 est,
1196 3339 1280 3365 uae-

199 3372 301 3414 ritur,
326 3382 371 3407 ex
387 3372 445 3408 die
463 3372 674 3408 matrimonii
694 3383 740 3407 an
760 3384 804 3408 ex
823 3374 878 3409 die
896 3375 1017 3410 traditi
1034 3375 1161 3410 marito
1245 3374 1282 3410 di

199 3417 348 3452 maritus
372 3417 440 3452 sibi
464 3421 645 3463 computet
667 3421 817 3462 tempus.
844 3423 878 3453 et
903 3420 1022 3465 utique
1045 3420 1082 3454 in
1104 3419 1280 3455 fructibus

199 3471 222 3497 a
245 3462 318 3497 viro
343 3462 534 3498 retinendis
559 3472 673 3508 neque
699 3462 772 3498 dies
805 3464 896 3498 dotis
929 3465 1145 3500 constitutae
1167 3475 1282 3510 neque

201 3578 239 3616 (1)
266 3576 317 3608 hic
329 3576 479 3608 desinunt
493 3576 619 3608 codices
627 3575 920 3619 vulqareeDiqesti
935 3577 1057 3611 Veteris
1067 3579 1285 3620 incipiuntque

201 3620 278 3653 libri
298 3620 338 3652 In
357 3621 476 3653 ortiati.

245 3671 288 3703 ‹2›
343 3666 701 3704 ab.1...ss.ss.02.ec;
741 3664 1043 3708 Pap.so...54.c1;
1076 3667 1142 3700 Ed.
1157 3673 1281 3701 55...5s.

201 3716 249 3742 co.
272 3716 317 3742 63.
341 3716 395 3751 ως
427 3710 516 3752 App.
540 3716 586 3743 65.
608 3716 654 3743 67.
679 3728 724 3733 —
750 3710 831 3743 Bas.
847 3710 902 3751 28,
917 3717 943 3743 8.
969 3728 1014 3734 —
1042 3712 1091 3754 Cf.
1110 3711 1279 3752 Cod.5,1e

1279 110 1364 158 32⁰

1828 125 2002 157 sonmo
2032 125 2318 158 mramomo
2347 125 2437 158 nos
2514 98 2528 169 J

1501 186 1560 210 x
2494 182 2501 188 .

1355 233 2010 315 saesarffssiffirzier
2052 233 2438 315 ,inararem
2500 219 2507 247 f

1400 319 1426 360 6
1447 322 1523 374 ,ΡΑ
1531 331 1625 358 vsvs
1654 321 1748 359 libro
1783 304 1933 375 {eptimo
1969 322 2019 358 ad
2052 321 2106 375 Sa·
2128 323 2226 368 inum
2250 365 2258 375 .
2284 322 2321 359 Si
2356 327 2440 360 ante

1354 370 1504 464 333¹?ss
1527 366 2363 463 §.meamet’maferezmmm
2366 368 2440 448 ..r

1354 456 1446 492 idem
1469 467 1505 491 m
1530 458 1660 492 ceteris
1683 457 1786 493 annis
1810 460 1983 499 servatur,
2009 456 2121 493 donec
2154 456 2343 493 divortium
2365 457 2438 492 fiat.

1354 511 1437 536 nam
1460 501 1490 536 si
1514 504 1598 536 ante
1622 501 1765 546 nuptias
1789 501 1942 537 traditus
1966 502 2012 537 sit
2035 506 2071 536 et
2092 500 2232 537 fructus
2254 501 2337 538 inde
2360 513 2439 548 per-

1355 545 1458 591 cepti,
1494 545 1532 580 hi
1566 545 1775 581 restituendi
1810 550 1895 582 sunt
1926 546 2138 592 quandoque
2169 546 2317 582 divortio
2340 545 2439 583 facto

1354 590 1456 636 quasi
1479 590 1573 626 dotis
1597 589 1695 626 facti.

1400 633 1423 671 7
1457 634 1652 671 Uzmmvs
1682 634 1774 672 libro
1810 636 1994 681 triqesimo
2053 636 2146 671 rimo
2187 635 2237 671 ad
2266 633 2439 671 Sabinum

1353 679 1509 715 Fructus
1533 690 1595 715 eos
1620 689 1696 715 esse
1721 683 1874 722 constat,
1898 680 1958 726 qui
1981 679 2024 715 de
2050 683 2134 716 ucta
2147 680 2296 726 inpensa
2317 690 2440 732 super-

1355 728 1479 777 erunt:
1517 724 1613 770 quod
1644 724 1816 760 Scaevola
1829 729 1882 778 'et
1910 724 1957 777 ad
1988 724 2106 777 mariti
2136 728 2182 777 et·
2205 724 2252 760 ad
2284 724 2440 777 mulieris

1353 779 1479 857 {1¹22}ss
1481 768 1798 866 affluam.
1809 769 2345 858 Βὲιῗὲἒὲθὲιξῖἓξιῗαῗῗὲιῗ
2367 769 2442 850 ἓξὲξ

1354 858 1702 949 ξέῗὲιῗωῖἶῖξῗέ
1713 858 1926 950 ἒιῗέὲωέἓῖι
1933 857 2442 940 ffiiffiutrssffssffliffi

1353 949 1452 992 fiant,
1478 930 1709 985 deducendis
1732 931 1833 984 suni:
1866 916 1994 994 igitiir,
2026 916 2116 985 sipet
2137 949 2285 984 marinis
2307 949 2442 994 aliquid

1353 993 1514 1039 inpendit
1535 993 1573 1030 in
1597 993 1748 1030 eundem
1771 1005 1915 1032 annum.
1948 994 2132 1039 utriusque
2161 993 2333 1039 inpensae
2355 1004 2440 1030 con·

1353 1039 1685 1120 gltlilcenfi’abxtusst’
1711 1038 2441 1129 giiimimgfdlrsiffiusmaiinffiffligrssffimonio

1352 1128 1432 1172 fuit,
1457 1138 1605 1164 necesse
1629 1110 1684 1164 es't
1708 1128 1811 1174 primi
1834 1129 1918 1163 anni
1936 1129 2135 1174 computari
2158 1129 2327 1174 temporis
2370 1128 2442 1164 uod

1358 1177 1371 1209 1
1422 1173 1469 1209 sit
1491 1177 1574 1209 aute
1597 1173 1719 1209 datum
1743 1173 1935 1219 praedium.
1968 1174 2186 1219 Papinianus
2209 1177 2327 1209 autem
2378 1174 2440 1209 bro

1353 1218 1540 1254 undecimo
1575 1219 1823 1264 quaestionum
1855 1218 2004 1254 divortio
2035 1218 2133 1255 facto
2165 1218 2304 1254 fructus
2337 1218 2442 1253 dividi

1354 1263 1406 1299 ait
1427 1273 1500 1299 non
1524 1273 1568 1298 ex
1591 1263 1647 1299 die
1670 1263 1868 1306 locationis,
1893 1264 1957 1299 sed
1980 1264 2103 1299 habita
2134 1264 2274 1299 ratione
2295 1273 2442 1309 praece-

1355 1308 1469 1344 dentis
1492 1308 1673 1354 temporis,
1693 1319 1763 1360 quo
1778 1308 1903 1343 mulier
1921 1309 1958 1343 in
1974 1309 2196 1345 matrimonio
2215 1308 2302 1343 fuit:
2328 1318 2442 1353 neque

1355 1353 1458 1396 enim,
1495 1353 1526 1389 si
1556 1353 1752 1389 vindemiae
1782 1357 1941 1405 tempore
1971 1353 2104 1389 fundus
2134 1354 2172 1389 in
2195 1353 2314 1389 dotem
2337 1353 2441 1388 datus

1354 1398 1401 1434 sit
1423 1408 1574 1443 eumque
1598 1399 1651 1433 vir
1669 1408 1712 1434 ex
1731 1398 1887 1434 calendis
1904 1398 2163 1434 Novembribus
2180 1398 2302 1444 primis
2319 1397 2440 1434 fruen-

1354 1443 1439 1479 dum
1461 1443 1640 1486 locaverit,
1665 1443 1795 1479 mensis
1819 1444 1976 1479 Ianuarii
1999 1454 2164 1496 suprema
2188 1443 2245 1478 die
2266 1442 2364 1478 facto
2389 1443 2440 1478 di-

1354 1488 1479 1531 vortio,
1503 1488 1656 1524 retinere
1690 1488 1802 1524 virum
1837 1492 1873 1524 et
1906 1488 2103 1524 vindemiae
2136 1488 2276 1524 fructus
2307 1492 2343 1523 et
2365 1488 2441 1523 eius

1354 1533 1450 1576 anni,
1476 1543 1545 1579 quo
1570 1532 1759 1569 divortium
1777 1532 1913 1568 factum
1927 1537 1993 1575 est,
2013 1537 2176 1578 quartam
2219 1537 2331 1569 artem
2349 1543 2440 1568 mer-

1356 1578 1451 1614 cedis
1476 1588 1629 1623 aequum
1654 1582 1726 1614 est:
1752 1578 1909 1623 alioquin
1929 1579 1960 1614 si
1983 1579 2118 1614 coactis
2135 1578 2194 1614 vin
2220 1578 2442 1617 emiisaltera

1354 1623 1412 1658 die
1435 1623 1622 1659 divortium
1653 1623 1869 1666 intercedat,
1900 1623 2042 1658 fructus
2075 1623 2232 1668 integros
2263 1622 2440 1659 retinebit.

1353 1668 1475 1714 itaque
1497 1669 1529 1704 si
1550 1669 1622 1703 fine
1645 1668 1776 1704 mensis
1799 1668 1957 1703 Ianuarii
1980 1668 2167 1704 divortium
2190 1668 2255 1703 fiat
2278 1671 2314 1703 et
2337 1671 2440 1720 quat-

1353 1717 1437 1749 tuor
1459 1714 1639 1749 mensibus
1662 1713 1924 1749 matrimonium
1947 1713 2102 1756 steterit,
2126 1713 2322 1749 vindemiae
2342 1715 2440 1748 truc-

1354 1763 1413 1795 tus
1444 1762 1482 1794 et
1536 1762 1641 1794 uarta
1670 1758 1788 1804 portio
1802 1759 1816 1780 ⁶
1847 1758 2018 1794 mercedis
2049 1758 2216 1794 instantis
2246 1757 2333 1793 anni
2356 1768 2441 1794 con·

1353 1803 1456 1839 fundi
1480 1803 1524 1839 de
1550 1803 1672 1846 ebunt,
1697 1807 1738 1838 ut
1770 1813 1814 1838 ex
1845 1813 1888 1839 ea
1918 1803 2072 1849 pecunia
2093 1803 2200 1839 tertia
2222 1803 2339 1848 portio
2364 1803 2439 1839 viro

1355 1851 1374 1883 2
1421 1848 1653 1894 relinquatur.
1699 1848 1732 1884 E
1758 1849 1938 1884 contrario
1962 1858 2104 1893 quoque
2133 1848 2226 1883 idem
2249 1848 2440 1884 observan-

1355 1893 1439 1930 dum
1471 1897 1542 1929 est:
1575 1903 1659 1928 nam
1693 1893 1724 1928 si
1756 1893 1882 1928 mulier
1912 1897 2083 1945 percepta
2113 1893 2290 1929 vindemia
2321 1892 2441 1928 statim

1353 1938 1503 1973 fundum
1520 1938 1595 1973 viro
1615 1938 1652 1973 in
1675 1937 1793 1973 dotem
1806 1937 1943 1974 dederit
1954 1941 1990 1974 et
2008 1938 2062 1973 vir
2074 1948 2119 1973 ex
2133 1938 2289 1974 calendis
2300 1937 2441 1973 Martiis

1354 1982 1505 2018 eundem
1535 1983 1706 2018 locaverit
1737 1986 1773 2018 et
1804 1983 1961 2018 calendis
1991 1983 2174 2028 Aprilibus
2205 1983 2353 2028 primis⁷
2388 1983 2440 2018 di-

1352 2028 1505 2064 vortium
1527 2028 1637 2064 fuerit
1659 2032 1839 2071 secutum,
1863 2039 1937 2063 non
1967 2028 2081 2064 solum
2111 2031 2249 2080 partem
2272 2027 2440 2063 duodeci-

1354 2083 1447 2108 mam
1469 2073 1653 2116 mercedis,
1679 2073 1742 2108 sed
1763 2083 1829 2118 pro
1853 2073 1958 2109 modo
1982 2076 2150 2118 temporis
2170 2073 2326 2108 omnium
2343 2083 2440 2109 men-

1354 2118 1991 2208 3¹¹¹¹¹13eflissrdssssssiioffle‘iisstffifflt’
2017 2117 2440 2199 {affie'siefffieiisseeiffi

1354 2208 1456 2250 anni,
1490 2218 1560 2253 quo
1592 2208 1783 2243 divortium
1813 2207 1949 2243 factum
1973 2212 2044 2251 est,
2070 2208 2235 2244 colonum
2259 2218 2303 2243 ex
2325 2207 2442 2243 forma

1353 2252 1541 2288 locationis
1575 2257 1786 2298 sequantur,
1818 2256 1902 2288 ante
1932 2252 2144 2288 vindemiam
2174 2253 2290 2288 soluto
2314 2253 2436 2288 matri-

1353 2297 1471 2333 monio
1503 2297 1611 2333 nihilo
1646 2298 1762 2333 minus
1795 2297 1949 2343 pecunia
1981 2298 2147 2333 messium
2182 2297 2221 2332 in
2255 2302 2439 2343 computa-

1354 2345 1375 2377 4
1420 2342 1553 2378 tionem
1571 2353 1652 2378 cum
1668 2353 1734 2387 spe
1749 2342 1894 2378 futurae
1908 2342 2105 2378 vindemiae
2116 2343 2244 2378 veniet.
2277 2343 2440 2388 Apparet

1353 2387 1460 2432 igitur
1483 2397 1528 2422 ex
1550 2387 1606 2423 his
1628 2387 1707 2423 illos
1730 2386 1882 2430 fructus,
1907 2398 1996 2440 quos
2014 2388 2139 2423 mulier
2154 2388 2315 2433 percepit
2338 2392 2438 2423 ante·

1354 2442 1460 2477 quam
1484 2432 1645 2475 nuberet,
1669 2443 1742 2468 non
1765 2432 1893 2468 debere
1922 2443 1960 2468 ιιι
1992 2432 2288 2468 contributionem
2310 2432 2440 2468 venire.

1353 2481 1373 2512 5
1421 2477 1476 2513 Ob
1501 2477 1724 2519 donationes,
1747 2477 1832 2513 item
1855 2478 1901 2513 ob
1925 2488 1982 2513 res
2007 2481 2144 2513 amotas
2177 2487 2222 2513 ex
2251 2477 2307 2513 his
2341 2476 2438 2513 fruc-

1352 2522 1469 2565 tibus,
1506 2522 1566 2568 qui
1599 2526 1684 2568 post
1718 2522 1906 2558 divortium
1939 2533 2046 2568 perce
2071 2522 2099 2557 ti
2134 2525 2238 2565 sunt,
2271 2532 2438 2575 compen·

1354 2570 1374 2603 6
1420 2567 1576 2603 sationes
1607 2567 1685 2603 fieri
1718 2571 1879 2613 possunt.
1949 2567 2026 2612 Quo
2091 2567 2128 2602 in
2168 2577 2261 2603 anno
2298 2567 2438 2610 dicitur,

1353 2616 1472 2657 potest
1495 2612 1565 2647 dici
1590 2617 1625 2648 et
1641 2613 1755 2648 insex
1773 2612 1964 2655 mensibus,
1989 2612 2020 2648 si
2042 2612 2098 2648 bis
2121 2612 2158 2647 in
2181 2622 2276 2648 anno
2298 2611 2438 2648 fructus

1355 2660 1373 2692 7
1422 2658 1618 2702 capientur,
1642 2661 1684 2693 ut
1706 2661 1762 2693 est
1785 2658 1822 2693 in
1846 2658 1935 2694 locis
1958 2657 2115 2703 inriguis.
2150 2657 2201 2692 Et
2223 2658 2260 2692 in
2276 2656 2438 2703 pluribus

1354 2705 1374 2738 8
1421 2703 1524 2738 aunis
1538 2702 1641 2738 idem
1665 2702 1734 2738 dici
1756 2706 1887 2748 potest,
1911 2705 1953 2738 ut
1973 2703 2011 2738 in
2045 2703 2133 2738 silva
2155 2702 2303 2738 caedua.
2348 2702 2438 2738 Item

1353 2747 1384 2782 si
1406 2747 1537 2783 locatio
1562 2748 1637 2792 agri
1660 2748 1742 2783 talis
1766 2747 1830 2790 sit,
1862 2751 1903 2783 ut
1932 2757 2040 2793 super
2062 2757 2218 2783 annuam
2241 2747 2437 2783 mercedem

1354 2792 1593 2838 quinquennio
1629 2802 1770 2838 quoque
1811 2792 1945 2838 aliquid
1985 2792 2136 2838 amplius
2174 2795 2435 2837 praestaretur:

1352 2837 1390 2872 in
1414 2847 1455 2873 eo
1481 2838 1574 2873 enim
1591 2837 1687 2883 quod
1701 2837 1853 2882 amplius
1872 2841 1926 2873 est
1943 2837 2142 2883 tempusad
2160 2837 2436 2883 quinquennium

1354 2886 1375 2917 9
1422 2892 1501 2918 com
1527 2886 1680 2918 utamus.
1725 2882 1808 2918 Non
1839 2883 1954 2918 solum
1986 2886 2105 2918 autem
2136 2881 2181 2918 de
2206 2881 2340 2924 fundo,
2373 2882 2437 2918 sed

1354 2927 1459 2962 etiam
1508 2937 1527 2962 e
1549 2937 1679 2973 pecore
1700 2926 1794 2963 idem
1817 2927 1992 2970 dicemus,
2016 2930 2058 2962 ut
2079 2927 2163 2963 lana
2185 2928 2301 2962 ovium
2323 2926 2435 2962 fetus·

1353 2982 1422 3017 que
1444 2973 1640 3018 pecorum·
1661 2975 1913 3018 praestaretur.
1948 2982 2060 3018 quare
2083 2973 2193 3015 enim,
2224 2972 2255 3007 si
2285 2972 2435 3008 maritus

1354 3027 1464 3063 prope
1485 3021 1628 3063 partum
1651 3027 1732 3053 oves
1750 3017 1825 3053 doti
1849 3017 2036 3063 acceperit,
2060 3017 2144 3053 item
2155 3017 2334 3063 proximas
2354 3020 2434 3053 ton-

1352 3072 1469 3105 surae,
1492 3065 1576 3115 post
1597 3066 1739 3107 partum
1763 3066 1799 3098 et
1820 3066 1944 3098 tonsas
1975 3072 2059 3098 oves
2088 3062 2251 3108 protinus
2284 3061 2434 3098 divortio

1352 3106 1450 3143 facto
1473 3107 1561 3142 nihil
1583 3107 1736 3142 reddat?
1765 3117 1848 3142 nam
1872 3110 1908 3142 et
1929 3107 1988 3142 hic
2010 3107 2150 3143 fructus
2175 3110 2251 3143 toto
2275 3110 2435 3152 tempore

1352 3162 1422 3197 quo
1448 3155 1628 3194 curantur,
1653 3162 1724 3187 non
1749 3162 1819 3198 quo
1877 3153 2114 3197 ercipiuntur,
2148 3152 2343 3187 ”rationem
2373 3161 2434 3187 ac-

1357 3200 1395 3232 10
1443 3197 1561 3243 cipere
1595 3197 1775 3232 debemus.
1853 3208 1877 3232 n
1912 3207 2012 3233 servo
2046 3207 2188 3243 quoque
2223 3196 2307 3232 anni
2340 3197 2432 3232 ratio

1353 3240 1514 3284 habetur,
1538 3241 1570 3277 si
1592 3242 1629 3276 in
1653 3252 1785 3277 annum
1807 3242 1901 3278 forte
1923 3251 2053 3287 operae
2076 3242 2151 3277 eius
2174 3242 2316 3277 locatae
2338 3246 2432 3284 sunt,

1353 3290 1392 3321 ut
1424 3286 1606 3332 praeteriti
1638 3290 1710 3322 tem
1738 3287 1808 3323 oris
1839 3287 1886 3322 ad
1918 3286 2100 3329 maritum,
2131 3290 2215 3331 post
2246 3286 2433 3322 divortium

1353 3334 1391 3366 11
1441 3334 1559 3367 autem
1583 3330 1630 3366 ad
1653 3342 1687 3366 m
1727 3333 1834 3367 ierem
1857 3341 1986 3376 operae
2010 3332 2219 3377 pertineant.
2267 3331 2323 3367 De
2344 3340 2431 3376 pen·

1351 3376 1510 3412 sionibus
1552 3386 1622 3429 quo
1649 3387 1693 3412 ue
1760 3376 1958 3412 taediorum
1998 3376 2216 3411 urbanorum
2251 3376 2344 3411 idem
2378 3379 2433 3411 est

1353 3423 1393 3456 12
1440 3421 1535 3466 quod
1565 3432 1602 3456 ιιι
1649 3426 1740 3457 ructi
1767 3432 1808 3456 us
1838 3421 2063 3456 rusticorum.
2119 3421 2156 3456 Si
2186 3421 2335 3456 fundum
2358 3421 2430 3456 viro

1350 3476 1441 3501 uxor
1463 3466 1501 3500 in
1524 3465 1643 3501 dotem
1668 3466 1804 3502 dederit
1834 3466 1934 3511 isque
1962 3466 2044 3501 iude
2076 3466 2221 3502 arbores
2253 3465 2430 3507 deciderit,

1355 3578 1397 3619 (3)
1423 3578 1476 3610 hie
1495 3578 1650 3619 deficiunt
1660 3575 1791 3622 Diqesti
1806 3578 1931 3612 Veteris
1950 3580 2075 3613 codices
2087 3580 2304 3623 antiquissimi
2312 3580 2429 3622 quiquo

1354 3625 1396 3663 (4)
1421 3625 1455 3654 et
1467 3622 1528 3655 del.
1542 3622 1623 3655 Hal.
1680 3623 1722 3664 (ὁ)
1747 3623 1839 3655 sitF'
1902 3626 1946 3663 (6)
1970 3624 2158 3656 vindemiae
2170 3624 2297 3656 fructus
2309 3626 2428 3666 quarta

1351 3667 1462 3752 Egi-tiit?
1469 3670 1587 3745 :inatres
1600 3679 1662 3700 cer.
1741 3669 1784 3709 (¹1)
1810 3671 1843 3700 et
1856 3669 1915 3702 ins.
1927 3668 1982 3701 F²
2058 3670 2102 3710 (8)
2127 3679 2187 3711 pro
2199 3668 2354 3710 portione
2366 3668 2426 3702 ine.
