2528 3918
140 124 202 158 DE
229 123 568 158 Dounnomus

140 238 253 275 usus¹
277 246 390 274 causa
411 233 589 281 mancipia
611 231 774 269 duxisset
796 233 833 268 et
854 230 894 267 in
912 230 990 267 sola
1007 230 1230 277 professione

145 288 185 319 10
232 286 398 327 errasset,
421 278 675 328 ignoscendum
697 287 777 314 esse
799 277 845 314 ei.
885 276 967 312 Divi
990 286 1133 322 quoque
1154 276 1230 312 fra-

141 334 215 365 tres
245 327 522 374 rescripserunt,
559 334 642 367 cum
680 322 824 368 quidam
854 332 928 358 non
959 332 1025 375 per
1053 321 1229 363 fraudem,

142 374 206 410 sed
237 383 303 419 per
332 381 487 408 errorem
515 369 554 405 in
583 378 731 405 causam
755 367 935 404 commissi
957 367 1159 409 incidisset,
1191 370 1233 402 ut

142 418 251 465 duplo
281 416 441 462 vectigali
470 413 630 451 contenti
657 412 843 459 publicani
874 422 998 449 servos
1027 412 1230 448 restituant.

148 468 183 499 11
235 463 408 508 ²Magnus
437 459 643 496 Antoninus
682 458 885 503 rescripsit,
921 458 953 494 si
989 457 1139 493 colonus
1176 455 1233 492 vel

142 508 235 545 servi
258 506 391 544 domini
411 504 549 551 praedii
572 503 707 540 ferrum
737 503 860 539 illicite
891 503 929 538 in
958 503 1105 548 praedio
1136 502 1231 537 fece-

143 555 238 589 rint³
260 554 446 598 ignorante
470 550 624 592 domino,
649 548 749 584 nulla
766 558 885 594 poena
905 548 1087 584 dominum
1104 546 1230 583 teneri.

150 602 186 634 12
233 598 271 634 Si
294 596 373 643 quis
401 595 586 641 professus
616 593 714 640 apud
741 593 972 639 publicanum
1001 593 1127 635 fuerit,
1160 602 1233 628 non

142 649 261 680 tamen
289 641 441 686 vectigal
470 639 633 681 solverit,
673 639 744 675 hoc
777 639 996 675 concedente
1026 638 1232 684 publicam,

143 693 183 724 ut
211 687 329 724 solent
358 686 497 730 facere,
522 685 594 721 divi
617 685 770 721 Severus
795 688 831 720 et
853 684 1056 720 Antoninus
1079 683 1233 727 rescrip-

142 736 265 769 serunt
286 742 345 768 res
368 731 407 766 in
430 731 657 767 commissum
681 740 755 765 non
776 729 922 766 cadere:
949 740 1031 765 cum
1051 729 1155 772 enim,
1178 728 1233 763 in-

142 778 284 824 quiunt,
315 777 560 823 professiones
583 775 783 811 recitantur
791 776 816 818 ⁴,
851 776 1079 811 commissum
1104 776 1233 816 cessat,

142 834 223 859 cum
259 822 392 868 poterit
422 821 591 858 satisfieri
619 820 709 857 fisco
745 830 790 856 ex
820 820 925 856 bonis
958 820 1235 873 publicanorum

146 871 184 904 13
231 868 287 904 vel
309 866 573 903 fideiussorum.
609 865 755 902 Poenae
779 866 825 901 ab
849 865 1041 901 heredibus
1065 864 1140 911 peti
1161 874 1236 900 non

140 916 309 960 possunt,
339 913 371 948 si
401 922 475 948 non
503 915 559 948 est
582 911 746 958 quaestio
770 915 869 946 mota
891 912 968 947 vivo
994 921 1036 947 eo
1061 909 1123 956 qui
1147 908 1235 945 deli-

141 959 236 1006 quit:
261 962 298 994 et
319 958 390 994 hoc
414 957 509 994 sicut
530 956 569 992 in
587 957 716 993 ceteris
736 957 874 1002 poenis,
897 956 949 991 ita
969 960 1004 991 et
1021 956 1060 991 in
1077 954 1234 1000 vectiga-

147 1009 187 1040 14
233 1003 328 1039 libus
352 1006 418 1039 est.
455 1001 494 1039 Si
517 1002 602 1048 quid
625 1006 746 1038 autem
769 1001 968 1037 indebitum
990 1011 1056 1047 per
1078 1009 1235 1036 errorem

372 1047 562 1084 ublicanus
597 1047 756 1093 accepit,
795 1050 892 1083 retro
928 1058 1010 1083 eum
1045 1046 1236 1083 restituere

360 1093 406 1130 'vi
428 1093 580 1130 Severus
605 1097 641 1129 et
663 1092 869 1131 Antoninus
893 1092 1167 1138 rescripserunt.

140 1049 309 1086 solventis

142 1099 310 1141 oportere

654 1232 691 1271 V
701 1231 728 1271 ⁸.

470 1298 534 1332 DE
557 1296 910 1331 DONATIONIBUS.

192 1366 210 1404 1
238 1365 433 1403 IULIANUS
452 1364 544 1402 libro
563 1364 716 1411 septimo
737 1363 874 1400 decimo
896 1362 1118 1410 diqestorum
1160 1360 1235 1396 Do-

144 1412 305 1448 nationes
338 1409 539 1456 complures
571 1412 666 1445 sunt.
713 1409 776 1445 dat
805 1408 935 1453 aliquis
966 1417 1009 1443 ea
1032 1410 1166 1449 mente,
1197 1409 1238 1442 ut

143 1458 263 1494 statim
298 1455 383 1492 velit
416 1454 627 1501 accipientis
661 1454 741 1490 fieri
775 1464 843 1490 nec
878 1453 952 1490 ullo
990 1463 1078 1491 casu
1116 1451 1163 1488 ad
1198 1461 1237 1487 se

144 1502 291 1545 reverti„
308 1506 345 1538 et
366 1504 516 1548 propter
538 1499 673 1536 nullam
697 1499 805 1535 aliam
829 1509 976 1535 causam
999 1498 1098 1542 facit,
1130 1508 1238 1543 qnam

144 1554 184 1584 ut
207 1547 457 1584 liberalitatem
477 1549 513 1581 et
531 1544 811 1581 munificentiam
828 1548 1012 1580 exerceat:
1037 1544 1129 1579 haec
1152 1553 1236 1588 pro-

143 1594 220 1640 prie
245 1592 389 1628 donatio
413 1591 627 1638 appellatur.
668 1590 732 1626 dat
754 1591 895 1635 aliquis,
920 1593 962 1625 ut
983 1593 1070 1624 tunc
1095 1588 1238 1624 demum

143 1639 352 1685 accipientis
383 1637 466 1680 fiat,
505 1647 587 1672 cum
624 1635 759 1681 aliquid
796 1640 961 1671 secutum
997 1634 1128 1670 fuerit:
1165 1644 1237 1669 non

144 1684 288 1731 proprie
313 1683 457 1719 donatio
481 1681 741 1728 appellabitur,
770 1681 834 1718 sed
857 1684 972 1717 totum
995 1680 1064 1715 hoc
1090 1679 1235 1715 donatio

145 1731 211 1766 sub
238 1728 447 1765 condicione
470 1732 536 1763 est.
583 1727 669 1763 item
698 1737 781 1762 cum
809 1726 914 1772 quis⁶
946 1736 990 1761 ea
1021 1728 1139 1760 mente
1163 1724 1235 1766 dat,

147 1779 185 1810 ut
208 1774 330 1811 statim
353 1773 496 1818 quidem
518 1771 631 1808 faciat
653 1772 879 1817 accipientis,
904 1771 935 1807 si
958 1775 1079 1806 tamen
1102 1770 1238 1815 aliquid

146 1821 280 1857 factum
303 1819 413 1854 fuerit
428 1822 492 1854 aut
508 1828 582 1854 non
598 1817 718 1861 fuerit,
741 1817 827 1853 velit
844 1816 891 1852 ad
907 1826 947 1853 se
963 1816 1093 1852 reverti
1103 1816 1140 1859 θ’,
1165 1826 1238 1850 ιιοιι

145 1865 290 1912 proprie
319 1863 466 1900 donatio
497 1863 644 1906 dicitur,
676 1862 740 1899 sed
768 1866 884 1899 totum
907 1862 977 1897 hoc
1002 1861 1147 1897 donatio
1172 1864 1237 1903 est,

145 1921 238 1957 quae
281 1910 349 1946 sub
391 1908 600 1945 condicione
638 1908 808 1944 solvatur.
864 1907 980 1952 qualis
1020 1910 1076 1942 est
1113 1905 1238 1942 mortis

151 1961 162 1992 1
214 1966 325 1992 causa
354 1954 512 1990 donatio.
567 1954 680 1999 Igitur
713 1963 795 1988 cum
826 1952 977 1990 dicimus
1006 1952 1098 1987 inter
1129 1962 1237 1997 spon-

146 2012 224 2038 sum
249 2006 283 2037 et
306 2010 477 2046 sponsam
500 1998 730 2034 donationem
754 1998 881 2042 valere,
907 1997 1055 2043 propria
1078 1997 1237 2042 appella-

146 2047 243 2083 tione
272 2047 407 2081 utimur
436 2049 472 2081 et
495 2044 632 2080 factum
656 2044 959 2086 demonstramus,
991 2042 1087 2088 quod
1117 2043 1162 2077 ab
1197 2052 1238 2077 eo

146 2091 402 2138 proficiscitur,
438 2090 499 2135 qui
530 2089 756 2125 liberalitatis
787 2089 905 2133 gratia
928 2087 1064 2133 aliquid
1088 2087 1166 2130 dat,
1199 2090 1240 2122 ut

147 2137 337 2173 confestim
360 2135 472 2171 faciat
495 2134 704 2180 accipientis
728 2144 795 2170 nec
819 2144 988 2179 umquam
1020 2133 1093 2169 ullo
1116 2133 1238 2168 facto⁷

147 2183 193 2217 ad
217 2193 255 2218 se
281 2181 412 2217 reverti
435 2181 531 2216 velit.
556 2191 638 2216 cum
661 2190 744 2215 vero
769 2179 936 2222 dicimus,
968 2178 1000 2215 si
1029 2179 1099 2214 hac
1122 2181 1240 2214 mente

147 2228 258 2263 donat
289 2237 442 2272 sponsus
474 2235 645 2271 sponsae,
678 2229 720 2260 ut
751 2224 884 2270 nuptiis
914 2234 988 2260 non
1017 2224 1150 2260 secutis
1181 2234 1239 2259 res

148 2273 351 2315 auferatur,
381 2282 488 2316 posse
511 2270 644 2316 repeti,
676 2280 749 2305 non
773 2270 993 2306 contrarium
1017 2269 1129 2314 priori
1152 2268 1238 2304 dici-

147 2329 243 2360 mus,
275 2316 339 2353 sed
370 2315 596 2352 concedimus
624 2315 719 2351 inter
742 2326 803 2351 eas
826 2325 1001 2360 personas
1026 2314 1104 2350 fieri
1128 2314 1238 2350 dona-

148 2364 280 2399 tionem
304 2373 393 2406 eam,
421 2371 512 2407 quae
536 2362 602 2397 sub
628 2361 838 2396 condicione
863 2361 1034 2396 solvatur.

194 2406 219 2445 2
247 2407 374 2444 'IDEM
401 2406 492 2443 libro
522 2407 778 2453 scoeaqensimo
803 2406 1024 2452 diqestorum
1072 2404 1125 2447 Si,
1159 2415 1240 2440 cum

147 2453 243 2490 filius
273 2453 426 2488 familias
457 2451 646 2498 pecuniam
678 2450 812 2487 donare
842 2451 965 2494 vellet,
997 2450 1111 2496 patris
1138 2450 1239 2485 iussu

148 2510 226 2536 eam
251 2498 428 2544 promisit,
452 2497 548 2532 valet
570 2496 734 2539 donatio,
759 2496 907 2541 perinde
932 2507 975 2531 ac
999 2496 1029 2531 si
1052 2495 1239 2530 fideiusso-

154 2549 165 2579 1
217 2555 292 2580 rem
320 2543 488 2579 dedisset.
538 2542 575 2578 Si
597 2552 682 2578 vero
706 2547 811 2587 pater
833 2542 1032 2578 donaturus
1057 2541 1152 2576 Titio
1176 2551 1239 2585 pe-

151 2589 292 2625 cuniam
315 2589 460 2624 iusserit
482 2587 594 2623 filium
622 2598 727 2623 suum
751 2597 828 2622 eam
852 2587 1075 2632 promittere,
1107 2586 1241 2631 poterit

149 2635 219 2671 dici
242 2636 432 2675 interesse,
463 2633 604 2668 debitor
625 2632 721 2667 filius
743 2632 839 2676 patri
862 2643 927 2668 suo
951 2631 1060 2667 fuerit
1083 2642 1149 2667 nec
1173 2641 1237 2666 ne:

149 2691 233 2715 nam
256 2679 287 2715 si
309 2678 531 2714 tantumdem
555 2677 651 2713 filius
674 2678 768 2722 patri
792 2677 933 2720 debuit,
959 2681 1132 2722 quantum
1155 2687 1238 2722 pro-

150 2725 255 2770 misit,
279 2724 396 2760 valere
421 2723 564 2759 donatio
582 2722 811 2767 intellegitur,
835 2722 983 2767 perinde
1003 2732 1047 2757 ac
1068 2723 1098 2757 si
1117 2733 1238 2767 quem-

151 2771 237 2806 libet
265 2770 373 2805 alium
404 2768 599 2805 debitorem
629 2772 733 2813 pater
756 2767 919 2804 iussisset
941 2767 1130 2812 pecuniam
1155 2778 1239 2812 pro-

152 2819 170 2850 2
217 2816 368 2850 mittere.
406 2814 494 2849 Cum
518 2824 600 2849 vero
626 2823 690 2858 ego
716 2813 810 2849 Titio
829 2813 1020 2858 pecuniam
1041 2813 1239 2848 donaturus

151 2866 196 2905 te,
221 2861 282 2906 qui
304 2859 391 2895 mihi
413 2858 624 2894 tantundem
649 2859 783 2894 donare
806 2859 963 2901 volebas,
987 2858 1126 2893 iussero
1143 2857 1238 2893 Titio

150 2906 376 2951 promittere,
413 2905 508 2940 inter
542 2914 664 2939 omnes
698 2914 871 2948 personas
903 2903 1048 2939 donatio
1078 2902 1240 2947 perfecta

152 2956 171 2986 3
219 2955 284 2987 est.
331 2949 441 2985 Aliud
463 2949 551 2984 iuris
576 2950 655 2991 erit,
680 2949 710 2984 si
734 2949 940 2993 pecuniam,
966 2959 1072 2994 quam
1097 2958 1152 2983 me
1175 2948 1241 2983 tibi

152 2997 282 3032 debere
311 2995 574 3037 existimabam,
611 2994 711 3029 iussu
739 3001 803 3030 tuo
835 2994 1088 3039 spoponderim
1120 2994 1153 3028 ei
1182 2994 1241 3029 cui

152 3041 286 3077 donare
309 3041 472 3076 volebas:
507 3040 716 3084 exceptione
745 3039 838 3074 enim
865 3039 938 3075 doli
960 3039 1045 3074 mali
1067 3038 1161 3074 tueri
1184 3049 1241 3074 me

153 3091 277 3131 potero
302 3090 337 3120 et
359 3089 546 3131 praeterea
569 3083 720 3119 incerti⁹
744 3084 970 3120 condictione
993 3084 1240 3129 stipulatorem

154 3141 232 3167 com
257 3131 378 3175 ellam,
417 3134 457 3165 ut
485 3130 570 3165 mihi
601 3132 788 3174 acceptum
818 3129 930 3165 faciat
960 3129 1238 3175 stipulationem.

154 3179 173 3210 4
238 3179 308 3210 tem
332 3176 362 3211 si
386 3176 428 3218 ei,
454 3186 558 3220 quem
582 3174 792 3210 creditorem
815 3178 917 3210 tuum
940 3176 1106 3220 putabas,
1138 3174 1239 3210 iussu

153 3225 214 3256 tuo
247 3221 450 3272 pecuniam,
487 3230 592 3265 quam
630 3230 685 3255 me
720 3220 786 3254 tibi
819 3219 950 3256 debere
981 3220 1238 3263 existimabam,

154 3276 386 3311 promlssero,
418 3269 595 3318 petentem
627 3265 700 3300 doli
728 3265 811 3300 mali
843 3266 1052 3310 exceptione
1083 3276 1238 3300 summo-

155 3311 243 3346 vebo
269 3314 305 3345 et
327 3310 476 3356 amphus
499 3310 628 3345 incerti
652 3309 788 3354 agendo
814 3321 895 3345 cum
920 3311 1129 3354 stipulatore
1153 3321 1237 3345 con-

155 3360 173 3390 5
222 3365 362 3400 sequar,
387 3359 428 3390 ut
442 3356 529 3390 mihi
548 3359 736 3400 acceptum
755 3355 866 3390 faciat
884 3355 1161 3400 stipulationem.
1202 3355 1240 3390 Si

154 3401 342 3446 pecuniam
366 3400 450 3434 mihi
472 3400 589 3436 Titius
613 3400 748 3436 dederit
779 3401 915 3446 absque
946 3401 1019 3436 ulla
1031 3403 1059 3422 ¹⁰
1088 3401 1238 3446 stipula-

154 3447 269 3488 tione,
309 3455 352 3481 ea
385 3448 505 3480 tamen
535 3445 763 3488 condicione,
802 3449 843 3480 ut
873 3450 960 3481 tunc
990 3446 1130 3481 demum
1161 3456 1240 3482 mea

155 3560 198 3602 (1)
221 3569 296 3592 oum
310 3558 446 3601 quidam
458 3558 516 3600 qui
526 3558 617 3591 intra
627 3558 811 3601 legitimam
824 3560 963 3592 aetatem
976 3569 1042 3592 esse
1053 3570 1086 3592 se
1100 3559 1241 3602 dicebat,

158 3615 233 3637 usus
244 3617 305 3638 ser.
385 3606 426 3644 (2)
452 3604 508 3636 sed
522 3605 580 3637 ins.
595 3604 646 3637 ΡΞ
722 3608 764 3647 (3)
790 3605 936 3637 foderint
947 3617 1010 3638 scr.
1088 3607 1131 3647 (4)
1156 3606 1240 3638 reci-

156 3652 293 3692 piantur
303 3662 366 3683 scr.

201 3697 243 3735 (5)
271 3695 351 3736 Sat.
362 3702 386 3728 1.
401 3701 429 3728 2.
444 3700 538 3727 4...16.
552 3700 606 3732 3⁰3
625 3694 689 3727 Ed.
701 3702 728 3729 3.
740 3702 863 3733 17...2s;
887 3695 971 3738 Pap.
983 3702 1103 3730 27...29.
1118 3703 1238 3734 31...34;

159 3742 241 3783 App.
257 3747 358 3774 35.—
366 3739 453 3773 Bas.
463 3739 518 3780 47,
526 3745 605 3772 1.-
616 3739 666 3783 Cs.
676 3740 756 3773 Inst.
767 3742 799 3781 2,
810 3749 842 3779 ἰς
866 3741 941 3774 Cod.
952 3741 984 3783 8,
995 3748 1031 3774 54
1085 3742 1129 3783 (6)
1151 3740 1238 3783 quis]

1223 101 1308 152 6⁰7

2017 81 2271 150 xxxvnn
2301 106 2340 147 4.
2366 107 2391 145 5

1300 229 1421 273 fieret,
1454 240 1536 266 cum
1567 228 1670 264 Seius
1702 230 1827 266 consul
1857 231 1974 267 factus
2006 234 2118 267 esset:
2149 230 2224 268 sive
2252 229 2393 267 furente

1301 285 1344 312 eo
1367 275 1441 311 sive
1465 278 1606 311 mortuo
1626 273 1729 310 Seius
1754 276 1980 312 consulatum
1998 276 2150 329 adeptus
2170 276 2288 319 fuerit,
2314 286 2394 312 mea

1301 325 1322 353 6
1369 320 1442 356 fiet.
1491 319 1561 356 Sed
1593 319 1622 355 si
1647 320 1734 399 guis
1766 320 1963 357 donaturus
1992 322 2079 357 mih1
2110 321 2298 367 pecuniam
2330 321 2392 357 de-

1301 365 1393 401 derit
1415 365 1535 408 a1icui,
1560 368 1601 400 ιιι
1624 375 1644 399 a
1693 374 1750 400 me
1773 366 1958 409 perferret,
1985 370 2020 402 et
2040 371 2124 403 ante
2142 371 2304 403 mortuus
2325 367 2395 403 erit

1302 421 1409 456 quam
1433 410 1479 445 ad
1502 421 1559 446 me
1582 409 1792 455 perferat¹¹,
1827 421 1900 445 non
1928 411 2005 446 fieri
2036 413 2223 457 pecuniam
2248 412 2394 448 dominii

1302 460 1319 490 7
1369 456 1438 491 mei
1463 459 1616 491 constat.
1665 454 1759 490 Titio
1790 454 1912 490 decem
1941 456 2068 492 donavi
2098 468 2141 493 ea
2172 457 2393 500 condicione,

1302 504 1343 536 ut
1373 501 1454 536 inde
1485 500 1647 536 Stichum
1683 500 1751 535 sibi
1790 504 1941 536 emeret:
1983 512 2132 546 quaero,
2169 513 2250 538 cum
2285 503 2392 539 homo

1302 549 1494 591 antequam
1524 549 1701 581 emeretur
1730 549 1893 581 mortuus
1924 545 1986 588 sit,
2024 557 2070 582 an
2102 548 2224 593 aliqua
2253 549 2394 584 actione

1303 591 1424 626 decem
1457 591 1638 636 recipiam.
1686 590 1873 635 respondi:
1909 590 1996 626 facti
2027 592 2138 637 magis
2171 603 2277 638 quam
2306 593 2394 629 iuris

1327 636 1466 672 uaestio
1499 640 1571 671 est:
1604 646 1687 671 nam
1721 635 1751 671 si
1780 635 1903 671 decem
1928 636 2022 671 Titio
2054 637 2091 672 in
2121 638 2191 674 hoc
2222 638 2322 681 dedi,
2353 642 2395 674 ut

1329 682 1465 716 tichum
1495 685 1645 724 emeret,
1677 681 1782 717 aliter
1808 691 1883 717 non
1905 680 2073 725 daturus,
2105 687 2247 719 mortuo
2271 683 2394 720 Sticho

1305 726 1530 762 condictione
1543 728 1571 748 ¹²
1601 730 1781 772 repetam:
1815 726 1847 762 si
1875 736 1959 762 vero
1990 727 2078 762 alias
2109 738 2250 774 quoque
2282 729 2394 765 dona-

1302 775 1406 807 turus
1431 771 1526 807 Titio
1550 771 1690 814 decem,
1716 772 1801 817 quia
1823 771 1965 807 interim
1988 771 2148 808 Stichum
2172 783 2287 810 emere
2336 784 2394 810 ro·

1302 820 1474 862 posuerat
1487 818 1524 861 ¹³,
1557 817 1707 852 dixerim
1736 817 1774 852 in
1805 817 1875 852 hoc
1906 827 1962 852 me
1976 818 2003 838 ¹⁴
2034 818 2136 860 dare,
2166 823 2207 853 ut
2235 819 2309 855 Stic
2337 830 2396 854 um

1305 866 1436 898 emeret
1450 863 1488 905 ²⁵,
1532 873 1643 898 causa
1677 862 1790 907 magis
1828 862 2046 907 donationis,
2089 873 2195 908 quam
2233 864 2396 900 condicio

1304 907 1445 943 dandae
1468 907 1643 952 pecuniae
1668 907 1865 943 existimari
1887 907 2032 944 debebit
2054 911 2091 944 et
2114 912 2254 945 mortuo
2273 909 2395 945 Sticho

1303 953 1457 999 pecunia
1481 953 1578 998 apud
1602 952 1736 988 Titium
1759 953 1971 989 remanebit.

1351 996 1375 1036 3
1409 997 1605 1034 Urpmws
1618 998 1708 1034 libro
1732 1000 2025 1045 septuaqensimo
2048 1004 2155 1035 sexto
2178 999 2228 1034 ad
2243 1000 2398 1035 edictum

1303 1043 1354 1079 Et
1377 1044 1591 1088 generaliter
1620 1044 1691 1080 hoc
1721 1043 1760 1079 in
1791 1043 2045 1080 donationibus
2076 1043 2317 1080 definiendum
2345 1048 2400 1080 est

1303 1089 1455 1124 multum
1478 1089 1662 1132 interesse,
1688 1099 1799 1125 causa
1820 1089 1977 1125 donandi
2000 1089 2069 1125 fuit
2091 1100 2140 1124 an
2163 1089 2343 1125 condicio:
2368 1089 2399 1125 si

1304 1144 1417 1216 lcausa
1428 1134 1506 1215 ιἰἒίι,
1528 1145 1671 1171 cessare
1682 1134 1941 1180 repetitionem,
1959 1134 1991 1171 si
2003 1134 2177 1178 condicio,
2197 1134 2400 1180 repetitioni

1319 1191 1425 1216 ocum
1465 1191 1539 1216 ore.

1351 1224 1378 1263 4
1402 1225 1633 1262 Poupomvs
1660 1225 1752 1262 libro
1790 1226 1942 1273 septimo
1974 1225 2112 1262 decimo
2144 1225 2195 1261 ad
2224 1224 2399 1261 Sabinum

1304 1271 1425 1306 Etiam
1456 1281 1540 1351 pert
1551 1270 1800 1317 interpositam
1830 1281 2023 1317 personam
2054 1270 2201 1307 donatio
2234 1280 2399 1307 consum-

1304 1316 1396 1352 mari
1445 1320 1522 1352 otes
1542 1344 1550 1352 .

1351 1360 1376 1399 5
1437 1372 1605 1398 LPIANUS
1625 1362 1716 1398 libro
1741 1361 1950 1408 triqensimo
1974 1361 2131 1398 secundo
2157 1361 2207 1398 ad
2225 1360 2399 1398 Sabinum

1304 1407 1515 1444 Affectionis
1546 1407 1663 1453 gratia
1694 1417 1739 1443 ne
1765 1417 1810 1443 ue
1840 1407 2013 1443 honestae
2044 1417 2160 1453 neque
2190 1407 2401 1442 inhonestae

1305 1452 1517 1489 donationes
1541 1457 1626 1489 sunt
1674 1418 1871 1495 rohibitae,
1902 1453 2076 1488 honestae
2104 1462 2189 1498 erga
2212 1453 2304 1488 bene
2327 1462 2400 1488 me-

1305 1502 1423 1534 rentes
1447 1498 1582 1534 amicos
1604 1509 1647 1534 ve
1690 1498 1932 1541 necessarios,
1964 1499 2175 1534 inhonestae
2206 1498 2304 1534 circa
2327 1508 2400 1534 me-

1305 1544 1465 1580 retrices.

1353 1587 1378 1627 6
1403 1589 1511 1625 IDEM
1531 1589 1622 1626 libro
1647 1589 1954 1636 quadraqensimo
1972 1588 2129 1624 secundo
2154 1588 2204 1624 ad
2226 1588 2400 1625 Sabinum

1307 1634 1376 1679 Qui
1400 1645 1527 1670 saxum
1550 1633 1635 1669 mihi
1659 1634 1812 1670 eximere
1843 1634 1887 1670 de
1918 1644 1983 1669 suo
2013 1633 2175 1679 permisit
2198 1633 2400 1670 donationis

1307 1690 1435 1724 causa,
1479 1681 1507 1703 1⁸
1515 1680 1636 1715 statim
1669 1690 1750 1714 cum
1787 1679 1878 1725 lapis
1915 1690 2017 1715 exem
2043 1682 2101 1715 tus
2132 1682 2188 1715 est
2216 1689 2316 1716 meus
2348 1679 2400 1724 fit,

1307 1736 1424 1779 neque
1458 1724 1682 1771 prohibendo
1715 1735 1771 1760 me
1802 1725 1952 1761 evehere
1976 1724 2013 1760 ef
2039 1724 2103 1767 cit,
2135 1729 2176 1759 ut
2199 1735 2299 1761 meus
2323 1735 2402 1761 esse

1307 1771 1457 1813 desmat,
1477 1771 1561 1816 quia
1579 1770 1840 1815 quodammodo
1859 1770 2051 1805 traditione
2071 1780 2171 1806 meus
2191 1769 2311 1806 factus
2329 1774 2400 1806 est:

1306 1816 1412 1862 plane
1437 1816 1467 1852 si
1491 1816 1756 1852 mercennarius
1777 1826 1877 1851 meus
1901 1816 2040 1859 exemit,
2065 1815 2151 1851 mihi
2172 1816 2313 1852 exemit.
2337 1815 2402 1852 sed

1307 1861 1338 1896 si
1360 1862 1391 1897 is
1416 1861 1477 1906 qui
1490 1863 1518 1883 ¹⁷
1551 1872 1573 1896 a
1596 1871 1652 1897 me
1684 1865 1836 1904 emerat,
1869 1861 1942 1896 sive
1974 1860 2137 1896 mercede
2170 1861 2401 1905 conduxerat,

1307 1910 1348 1942 ut
1369 1911 1514 1952 paterer
1545 1917 1626 1942 eum
1658 1906 1726 1942 sibi
1749 1907 1827 1941 iure
1851 1906 2022 1947 eximere,
2055 1906 2085 1942 si
2109 1909 2302 1951 antequam
2326 1907 2400 1942 exi-

1307 1957 1400 1995 mat,
1436 1962 1492 1987 me
1522 1952 1754 1998 paenituerit,
1792 1961 1893 1987 meus
1924 1951 2015 1996 lapis
2046 1951 2168 1994 durat,
2203 1952 2233 1987 si
2262 1957 2400 1997 postea,

1307 1997 1420 2042 ipsius
1453 1998 1589 2033 factum
1621 2007 1773 2032 avocare
1804 2008 1877 2033 non
1906 2007 2073 2042 possum:
2115 1997 2216 2050 quasi
2255 1997 2400 2034 traditio

1308 2043 1402 2078 enim
1425 2042 1524 2078 facta
1546 2042 1702 2084 videtur,
1736 2053 1817 2078 cum
1845 2042 2012 2078 eximitur
2042 2041 2175 2078 dommi
2205 2042 2399 2079 voluntate.

1309 2088 1406 2133 quod
1428 2088 1466 2123 in
1489 2098 1577 2124 saxo
1597 2091 1662 2130 est,
1687 2088 1781 2123 idem
1799 2088 1867 2123 erit
1890 2087 2007 2131 etiam,
2033 2088 2064 2123 si
2086 2087 2125 2123 in
2143 2087 2274 2124 arbore
2295 2089 2402 2125 caesa

1308 2133 1363 2169 vel
1387 2133 1533 2179 dempta
1556 2133 1737 2169 acciderit.

1355 2177 1378 2215 7
1404 2178 1514 2214 IDEM
1538 2178 1628 2215 libro
1653 2178 1959 2225 quadraqensimo
1992 2181 2124 2225 quarto
2153 2178 2204 2214 ad
2226 2177 2401 2215 Sabinum

1309 2224 1423 2259 Filius
1446 2223 1600 2260 familias
1625 2223 1760 2259 donare
1783 2234 1856 2259 non
1906 2227 2016 2267 otest,
2049 2234 2164 2269 neque
2197 2224 2228 2260 si
2250 2224 2401 2260 liberam

1309 2269 1440 2314 peculii
1463 2269 1807 2305 administrationem
1830 2235 1981 2304 haBeat:
2022 2279 2095 2305 non
2127 2269 2220 2304 enim
2252 2269 2299 2305 ad
2331 2270 2401 2306 hoc

1309 2315 1341 2350 ei
1366 2315 1575 2350 conceditur
1597 2314 1712 2350 libera
1733 2314 1866 2360 peculii
1888 2314 2164 2357 administratio,
2196 2318 2237 2350 ut
2259 2315 2399 2360 perdat.

1315 2364 1326 2394 1
1377 2360 1470 2404 Quid
1494 2370 1588 2405 ergo,
1614 2360 1645 2395 si
1667 2360 1764 2395 iusta
1786 2361 1925 2395 ratione
1942 2363 2060 2396 motus
2084 2360 2204 2403 donet,
2229 2359 2402 2406 numquid

1308 2407 1424 2450 possit
1448 2405 1518 2441 dici
1541 2406 1661 2441 locum
1684 2415 1763 2440 esse
1787 2404 1995 2440 donationi?
2018 2404 2115 2449 quod
2137 2405 2248 2450 magis
2266 2405 2400 2457 proba-

1309 2454 1329 2485 2
1376 2451 1484 2486 bitur.
1527 2451 1616 2485 Item
1634 2450 1828 2494 videamus,
1854 2451 1883 2485 si
1897 2450 1975 2495 quis
1989 2450 2061 2485 filio
2077 2449 2230 2486 familias
2250 2450 2400 2486 liberam

1308 2496 1439 2541 peculii
1472 2495 1813 2531 administrationem
1846 2495 2081 2538 concesserit,
2118 2500 2159 2530 ut
2191 2495 2399 2532 nominatim

1309 2541 1467 2577 adiceret
1491 2541 1542 2576 sic
1566 2551 1604 2576 se
1628 2541 1662 2575 ei
1686 2541 1898 2583 concedere,
1929 2544 1970 2575 ut
1993 2539 2128 2576 donare
2175 2551 2293 2586 uoque
2315 2552 2400 2587 pos-

1308 2587 1365 2631 sit,
1395 2597 1440 2622 an
1466 2587 1583 2622 locum
1606 2586 1738 2621 habeat
1763 2586 1928 2621 donatio:
1961 2589 1997 2620 et
2020 2596 2092 2622 non
2117 2585 2165 2621 du
2190 2586 2240 2622 ito
2266 2586 2401 2622 donare

1309 2635 1328 2667 3
1376 2643 1517 2677 quoque
1540 2643 1622 2667 eum
1635 2632 1663 2653 ¹⁸
1684 2641 1802 2676 posse.
1838 2631 2114 2676 Nonnumquam
2131 2631 2237 2667 etiam
2256 2642 2302 2668 ex
2317 2642 2399 2677 per·

1310 2688 1399 2713 sona
1421 2677 1555 2722 poterit
1577 2677 1646 2712 hoc
1667 2676 1799 2721 colligi:
1825 2687 1919 2721 pone
1942 2677 2035 2712 enim
2058 2676 2169 2711 filium
2193 2687 2271 2713 esse
2296 2687 2398 2713 sena-

1308 2723 1422 2758 toriae
1446 2723 1501 2758 vel
1529 2722 1630 2758 cuius
1662 2722 1809 2757 alterius
1834 2721 2035 2774 dignitatis:
2069 2732 2180 2767 quare
2203 2733 2275 2757 non
2300 2723 2397 2758 dicas

1308 2768 1420 2804 videri
1448 2772 1604 2813 patrem,
1635 2767 1705 2802 nisi
1728 2767 1762 2802 ei
1785 2767 1989 2812 speeialiter
2012 2767 2168 2803 donandi
2191 2767 2399 2803 facultatem

1309 2813 1459 2857 ademit,
1496 2813 1566 2849 hoc
1598 2823 1739 2858 quoque
1772 2812 2010 2856 concessisse,
2044 2812 2129 2848 dum
2157 2813 2305 2849 liberam
2338 2813 2399 2848 dat

1310 2862 1330 2893 4
1378 2858 1509 2903 peculii
1545 2858 1911 2893 administrationem?
1964 2857 2050 2893 Pari
2089 2861 2208 2893 autem
2247 2858 2396 2901 ratione,

1309 2914 1380 2948 qua
1409 2904 1543 2939 donare
1573 2903 1668 2938 filius
1699 2902 1852 2938 familias
1885 2903 2111 2948 prohibetur,
2143 2904 2251 2939 etiam
2275 2903 2397 2939 mortis

1310 2959 1421 2984 causa
1445 2949 1579 2984 donare
1601 2948 1867 2993 prohibebitur:
1901 2949 2060 2993 quamvis
2092 2948 2185 2983 enim
2210 2958 2254 2983 ex
2285 2949 2397 2993 patris

1308 2994 1490 3029 voluntate
1507 2994 1632 3028 mortis
1651 3003 1792 3038 quoque
1812 3003 1923 3028 causa
1940 2993 2075 3030 donare
2094 2993 2219 3039 possit,
2240 2997 2396 3028 attamen

1308 3039 1370 3074 ubi
1391 3042 1510 3074 cessat
1525 3039 1702 3081 voluntas,
1732 3038 1951 3074 inhibebitur
1967 3038 2058 3074 haec
2079 3049 2148 3084 quo
2173 3049 2219 3074 ue
2239 3038 2395 3074 donatio.

1310 3089 1328 3118 5
1376 3084 1447 3119 Sed
1471 3084 1564 3119 enim
1584 3083 1784 3119 meminisse
1806 3083 1996 3129 oportebit,
2022 3084 2053 3120 si
2077 3084 2135 3119 cui
2180 3093 2288 3119 onare
2307 3093 2395 3128 quo-

1309 3140 1377 3173 que
1394 3129 1605 3174 permissum
1623 3133 1687 3171 est,
1713 3128 1781 3164 nisi
1801 3129 2004 3175 specialiter
2019 3129 2126 3165 etiam
2142 3128 2264 3164 mortis
2287 3138 2397 3163 causa

1309 3175 1442 3210 donare
1464 3175 1573 3210 fuerit
1594 3174 1824 3219 permissum,
1856 3185 1929 3210 non
1984 3175 2105 3210 osse¹⁹
2133 3173 2256 3208 mortis
2286 3183 2396 3208 causa

1309 3224 1328 3254 6
1376 3219 1520 3255 donare.
1557 3220 1656 3255 Haec
1680 3219 1798 3255 omnia
1822 3221 1940 3255 locum
1989 3220 2146 3255 abebunt
2167 3218 2205 3253 in
2229 3218 2394 3263 paganis:

1309 3269 1466 3300 ceterum
1507 3265 1568 3310 qui
1609 3265 1743 3300 habent
1781 3269 1962 3300 castrense
1998 3264 2177 3309 peculium
2207 3263 2263 3298 vel
2293 3263 2394 3308 quasi

1309 3314 1501 3352 castrense,
1525 3310 1563 3345 in
1585 3320 1630 3345 ea
1653 3309 1862 3345 condicione
1885 3314 1978 3351 sunt,
2004 3313 2045 3343 ut
2062 3309 2195 3344 donare
2216 3312 2252 3343 et
2269 3307 2395 3343 mortis

1309 3365 1419 3390 causa
1450 3358 1486 3391 et
1508 3365 1581 3390 non
1604 3355 1729 3391 mortis
1761 3366 1872 3391 causa
1895 3354 2051 3400 possint,
2085 3363 2166 3388 cum
2190 3353 2394 3388 testamenti

1308 3400 1501 3436 factionem
1524 3400 1693 3436 habeant.

1355 3443 1380 3482 8
1405 3445 1461 3480 ΡΑ
1469 3455 1564 3481 mos
1588 3446 1679 3481 libro
1708 3446 1833 3492 quinto
1854 3445 1989 3480 decimo
2018 3443 2068 3478 ad
2086 3441 2258 3478 Sabinum
2293 3441 2396 3486 Quae

1310 3559 1379 3601 ipse
1388 3559 1441 3592 ΡΞ
1487 3560 1543 3602 (θ’)
1556 3559 1702 3602 perverti
1716 3560 1749 3591 F’
1756 3560 1778 3601 ¹,
1789 3558 1916 3600 peverti
1930 3558 1978 3590 Γ)
2024 3557 2035 3596 (
2039 3558 2066 3596 7)
2082 3558 2180 3598 pacto
2190 3555 2393 3589 Brencman·

1310 3617 1370 3637 nus
1417 3606 1461 3645 (8)
1479 3606 1526 3637 ad
1539 3610 1555 3644 §
1566 3611 1593 3638 3.
1609 3613 1624 3638 4
1637 3608 1680 3648 cf.
1691 3605 1736 3636 D.
1748 3606 1840 3644 44,4,
1851 3611 1864 3636 7
1914 3604 1957 3643 (9)
1975 3601 2100 3643 incepti
2111 3601 2146 3632 F
2187 3602 2248 3642 (1ο)
2270 3599 2397 3632 ullasF

1311 3653 1364 3687 (11)
1388 3649 1575 3692 perferatur
1584 3650 1627 3682 R.
1639 3649 1826 3691 Stephanus
1880 3649 1938 3687 (12)
1954 3646 2193 3678 condicioneF
2242 3647 2299 3685 (13)
2316 3655 2393 3687 pro-

1308 3694 1457 3736 posuerit
1467 3694 1522 3728 F²
1588 3695 1644 3735 (14)
1670 3694 1699 3726 ei
1714 3694 1746 3726 F
1752 3693 1767 3713 ²
1827 3695 1885 3733 (15)
1910 3702 2049 3724 emerem
2063 3691 2098 3723 F
2154 3692 2214 3732 (1⁶)
2238 3690 2318 3732 quia
2331 3692 2390 3724 ine.

1309 3744 1367 3782 (ιι)
1390 3739 1419 3772 is
1431 3739 1502 3782 qui]
1515 3740 1590 3781 quis
1601 3753 1663 3772 scr.
1759 3741 1818 3778 (is)
1842 3738 1986 3770 tumim.
2079 3738 2138 3778 (19)
2164 3745 2290 3776 possem
2303 3735 2338 3769 F
