2528 3918
174 137 293 182 1216

174 257 313 294 balanis
344 262 417 302 est,
450 259 504 294 vel
527 259 558 295 si
588 260 648 306 qui
677 260 739 296 alii
762 260 911 297 nuclei¹.
959 261 1003 297 de
1024 262 1112 307 pinu
1136 266 1255 299 autem

172 303 246 338 inte
291 303 298 310 '
323 303 463 339 strobili
485 304 571 349 ligni
594 305 833 350 appellatione
857 306 1145 342 continebuntur.

223 314 324 385 133²
349 347 507 384 Paetus
534 350 625 386 libro
657 354 789 396 quarto
820 350 870 386 ad
891 350 1064 387 Sabinum
1119 352 1196 387 Pali
1221 356 1256 387 et

219 392 332 428 rticae
354 393 391 428 in
414 404 599 430 numerum
617 395 787 431 materiae
803 395 984 441 redigendi
1002 401 1096 438 suut,
1122 401 1158 433 ct
1176 397 1255 434 ideo

173 402 370 482 ‘lignorum‘
394 440 633 483 appellatione
656 451 729 476 nou
753 441 988 477 continentur.

222 479 323 520 169⁸
347 482 453 518 loru
472 484 563 520 libro
588 486 712 531 quinto
737 485 786 522 ad
807 485 981 522 Sabinum
1010 485 1092 522 Non
1116 490 1257 522 tantum

171 527 209 580 in
232 527 502 572 traditionibus,
527 529 591 565 sed
614 534 650 565 et
672 530 709 566 in
734 531 971 576 emptionibus
996 535 1032 567 et
1055 531 1255 576 stipulatio-

170 572 278 609 nibus
301 576 338 609 et
360 575 581 610 testamentis
601 574 752 612 adiectio
770 576 860 612 haec
885 576 950 611 ‘uti
968 576 1123 621 optimus
1143 577 1255 612 maxi-

173 620 332 698 ‘musgiue
361 619 427 654 est’
461 619 531 655 hoc
560 620 754 673 significat,
769 666 776 674 ·
791 625 832 657 ut
868 622 1017 673 liberum
1052 626 1256 666 praestetur

171 672 269 745 prat}
274 674 470 760 &132anss
475 668 534 745 172¹²
540 669 875 757 hebtssmtrsfflgaes
888 666 999 746 2⁵12?
999 667 1067 747 bg}
1068 669 1255 748 saranum

173 752 345 789 ‘Heredis’
377 754 617 800 appellatione
645 766 768 792 omnes
799 756 991 801 significari
1028 767 1255 793 successores

172 798 387 834 credendum
411 803 480 843 est,
505 800 573 837 etsi
594 802 711 837 verbis
735 813 808 838 non
832 802 903 836 sint
925 802 1095 847 expressi.

219 841 295 880 171
329 843 559 881 Poupomvs
585 846 675 882 libro
704 850 810 882 seaeto
842 847 978 882 decimo
1009 847 1059 882 ad
1080 846 1254 883 Sabinum

170 888 390 925 ‘Pervenisse
425 889 471 925 ad
505 891 552 926 te’
587 895 683 927 recte
718 891 866 934 dicitur,
910 891 1006 937 quod
1039 902 1104 937 per
1137 895 1174 927 te
1208 892 1255 928 ad

169 934 278 969 alium
301 935 518 979 pervenerit,
554 940 595 971 ut
617 937 654 971 in
678 936 875 972 hereditate
898 947 921 972 a
948 937 1077 973 liberto
1128 947 1167 973 er
1189 948 1253 982 pa-

168 983 312 1015 tronum
335 979 448 1015 filium
475 980 628 1017 familias
660 982 755 1027 patri
779 982 854 1017 eius
886 981 1052 1027 adoptivo
1076 948 1255 1028 adquisita

168 1034 225 1060 res
252 1035 380 1060 onsum
403 1029 469 1061 est.

243 1067 296 1107 72
333 1069 527 1106 Uzmzws
554 1070 645 1106 libro
675 1071 884 1117 triqensimo
917 1075 1041 1107 octavo
1073 1072 1123 1108 ad
1150 1071 1254 1109 Sabi-

167 1125 253 1195 niam
275 1115 459 1195 ‚t‘Liberti'
489 1116 729 1162 appellatione
753 1117 859 1151 etiam
890 1116 1055 1153 libertam
1080 1118 1255 1154 contineri

206 1170 286 1195 acui
305 1187 313 1196 .

166 1171 190 1206 p
216 1202 293 1243 173
329 1205 437 1241 IDEM
474 1206 565 1242 libro
607 1207 816 1253 triqensimo
856 1217 952 1242 nono
995 1207 1045 1242 ad
1077 1206 1253 1244 Sabinum

168 1251 414 1296 ‘collegarum'
449 1251 688 1297 appellatione
722 1251 760 1286 hi
795 1252 1038 1296 continentur,
1075 1253 1135 1305 qui
1169 1256 1254 1289 sunt

171 1299 183 1331 l
234 1295 390 1332 eiusdem
419 1297 618 1341 potestatis.
673 1296 742 1341 Qui
769 1300 873 1332 extra
904 1297 1123 1334 continentia
1153 1297 1253 1334 urbis

166 1341 395 1422 esassabest’:
421 1346 578 1378 ceterum
595 1352 709 1388 usque
728 1341 774 1378 ad
796 1341 1015 1379 continentia
1034 1353 1107 1379 non
1126 1343 1253 1380 abesse

164 1386 200 1422 vi
269 1386 352 1423 itur.

214 1429 293 1469 174
317 1431 422 1467 IDEM
451 1432 541 1469 libro
566 1431 870 1479 quadragensimo
894 1432 1052 1470 secundo
1076 1433 1126 1469 ad
1148 1432 1252 1469 Sabi-

164 1488 251 1558 Ξῗιῃ
296 1477 406 1556 alliud
435 1481 492 1513 est
521 1478 728 1558 pf⁰fflt3oe
759 1478 886 1532 ‘furem
915 1478 1253 1559 ffin.te}se’dmaltiug

166 1533 273 1610 esuse'o
281 1567 323 1602 de
331 1533 706 1620 offisgrdposito
724 1534 902 1614 wanti&
926 1535 998 1614 qu?
1009 1535 1114 1604 smum
1138 1535 1250 1604 nox}-

165 1623 233 1658 que
256 1612 431 1656 solutum,
463 1613 594 1648 nemim
623 1623 702 1650 esse
725 1613 813 1649 furti
837 1614 1034 1659 obligatum
1064 1614 1249 1659 promittit.

213 1655 291 1695 175
317 1657 546 1694 Poupomcrs
570 1659 660 1695 libro
682 1660 874 1695 vicensimo
896 1659 1053 1695 secundo
1078 1659 1128 1695 ad
1150 1660 1251 1695 Sabi-

164 1714 249 1739 num
304 1703 496 1740 ‘Faciendi’
529 1704 636 1740 verbo
667 1704 839 1741 reddendi
875 1705 982 1740 etiam
1022 1714 1134 1741 causa
1164 1715 1250 1741 con-

162 1748 306 1784 tinctur.

213 1791 294 1831 176
336 1792 531 1830 ULPJAst
565 1794 657 1831 libro
698 1795 1001 1848 quadraqensimo
1038 1796 1164 1842 quinto
1202 1794 1251 1831 ad

163 1838 337 1875 Sabinum
391 1839 610 1876 ‘Solutionis'
647 1841 755 1876 verbo
791 1840 1071 1876 satisfactionem
1109 1851 1251 1886 quoque

163 1894 304 1920 omnem
335 1884 579 1930 accipiendam
607 1885 739 1930 placet.
787 1886 947 1922 ‘solvere'
979 1885 1129 1922 dicimus
1157 1896 1250 1929 eum,

163 1929 251 1974 qui⁴
273 1929 361 1965 fecit
383 1929 479 1975 quod
501 1928 622 1966 facere
644 1930 818 1976 promisit.

213 1972 317 2011 177⁵
347 1973 457 2010 IDEM
486 1975 577 2011 libro
609 1976 914 2023 quadraqensimo
936 1976 1085 2023 septimo
1111 1975 1161 2011 ad
1183 1974 1251 2011 Sa-

163 2019 284 2055 binum
336 2019 479 2055 Natura
510 2020 765 2064 cavillationis,
800 2031 908 2066 quam
932 2021 1061 2057 Graeci
1090 2023 1252 2068 σωρίτην

162 2064 447 2110 appellaverunt,
479 2064 570 2100 haec
600 2069 671 2109 est,
703 2070 744 2101 ut
775 2067 821 2102 ab
851 2066 1032 2102 evidenter
1060 2066 1153 2103 veris
1184 2076 1251 2111 per

162 2109 388 2146 brevissimas
417 2110 632 2146 mutationes
662 2111 857 2156 disputatio
891 2111 939 2147 ad
969 2122 1029 2156 ea,
1062 2121 1154 2157 quae
1177 2111 1249 2147 evi-

162 2155 309 2191 denter-⁶
331 2155 426 2191 falsa
449 2159 543 2200 sunt,
566 2155 795 2201 perducatur.

210 2197 290 2238 178
315 2200 422 2236 IDEM
440 2200 531 2237 libro
555 2201 860 2248 quadr-aqensimo
884 2213 979 2238 nono
1004 2201 1054 2237 ad
1075 2201 1250 2237 Sabinum

163 2245 364 2281 ‘Pecuniae’
395 2246 544 2281 verbum
573 2256 646 2282 non
669 2248 785 2283 solum
815 2250 1039 2283 numeratam
1062 2246 1250 2299 pecuniam

163 2291 431 2337 complectitur,
463 2302 587 2327 verum
611 2302 749 2328 omnem
773 2292 916 2328 omnino
940 2302 1148 2338 pecuniam,
1179 2291 1250 2344 hoc

162 2340 218 2372 est
248 2335 368 2372 omnia
396 2347 566 2381 corpora:
604 2347 688 2372 nam
718 2348 871 2383 corpora
902 2347 1044 2383 quoque
1073 2347 1250 2382 pecuniae

164 2385 178 2415 1
229 2381 468 2427 appellatione
492 2381 666 2418 contineri
689 2393 792 2419 nemo
812 2386 867 2418 est
886 2382 948 2428 qui
967 2382 1130 2435 ambiget.
1165 2381 1248 2418 ‘He-

161 2425 319 2462 ‘reditas'
349 2427 437 2462 iuris
465 2437 595 2463 nomen
626 2430 697 2470 est,
736 2428 832 2473 quod
865 2431 899 2463 et
939 2437 1181 2463 accessmnem
1213 2431 1250 2463 et

161 2471 401 2507 decessionem
419 2471 459 2507 in
476 2482 515 2508 se
533 2472 677 2519 recipit:
702 2473 881 2508 hereditas
895 2477 1016 2508 autem
1026 2473 1081 2508 vel
1097 2472 1250 2509 maxime

161 2519 181 2551 2
228 2516 406 2552 fructibus
430 2521 590 2562 augetur.
639 2518 823 2554 ‘Actionis’
853 2518 1000 2554 verbum
1024 2522 1061 2554 et
1093 2517 1250 2563 speciale

160 2565 216 2598 est
247 2565 283 2597 et
312 2562 489 2607 generale.
537 2573 620 2597 nam
653 2563 767 2599 omnis
799 2564 894 2599 actio
927 2563 1074 2607 dicitur,
1109 2563 1182 2599 sive
1211 2563 1248 2599 in

161 2617 352 2651 personam
383 2607 457 2643 sive
486 2607 524 2642 in
554 2618 630 2643 rem
661 2608 708 2643 sit
742 2609 907 2653 petitio⁷:
944 2608 1008 2644 sed
1038 2608 1248 2654 plerumque

162 2651 347 2687 ‘actiones'
394 2652 602 2697 personales
648 2653 804 2689 solemus
850 2653 980 2689 dicere.
1044 2653 1247 2698 ‘petitionis’

161 2701 282 2732 autem
312 2697 422 2732 verbo
453 2698 490 2733 in
521 2707 595 2732 rem
627 2698 811 2734 actiones⁸
849 2698 1042 2752 significari
1070 2698 1246 2734 videntur.

162 2742 440 2786 ‘persecutionis’
485 2743 594 2778 verbo
633 2743 935 2779 extraordinarias
979 2744 1246 2789 persecutiones

160 2791 249 2832 puto
273 2786 463 2830 contineri,
487 2791 529 2822 ut
550 2791 641 2833 puta
663 2788 1017 2824 fideicommissorum
1042 2793 1078 2824 et
1100 2788 1131 2824 si
1155 2799 1247 2834 quae

160 2832 252 2867 aliae
275 2835 376 2874 sunt,
411 2842 502 2877 quae
526 2843 598 2868 non
627 2833 761 2869 habent
790 2833 879 2869 iuris
905 2833 1075 2869 ordinarii
1098 2844 1246 2869 exsecu-

162 2879 181 2911 3
225 2876 369 2912 tionem.
427 2877 507 2912 Hoc
548 2878 695 2913 verbum
740 2878 885 2914 ‘debuit’
928 2889 1068 2914 omnem
1102 2879 1246 2916 omnino

160 2922 337 2958 actionem
360 2922 660 2967 comprehendere
683 2923 916 2969 intellegitur,
941 2925 1014 2959 sive
1038 2923 1148 2960 civilis
1173 2924 1246 2960 sive

161 2967 353 3002 honoraria
376 2967 450 3003 sive
472 2967 736 3004 fideicommissi
757 2968 827 3004 fuit
849 2969 1063 3014 persecutio.

209 3009 289 3049 179
314 3011 419 3047 IDEM
447 3012 538 3048 libro
594 3013 892 3060 uinquaqensimo
916 3015 1040 3061 primo
1071 3014 1122 3050 ad
1143 3013 1246 3050 Sabi-

159 3068 245 3092 mem
283 3057 382 3092 Inter
399 3057 489 3093 haec
508 3023 617 3093 verga
640 3060 777 3103 ‘quanti
797 3069 840 3094 ea
859 3069 917 3094 res
936 3059 1014 3095 erit’
1036 3059 1092 3095 vel
1111 3060 1247 3104 ‘quanti

161 3106 251 3137 ‘eam
274 3112 349 3137 rem
372 3112 451 3138 esse
474 3103 588 3148 paret’
612 3102 699 3138 nihil
722 3103 889 3140 interest:
914 3103 953 3139 in
976 3107 1129 3158 utraque
1152 3104 1245 3140 enim

161 3147 323 3182 clausula
369 3147 465 3184 lacet
486 3157 606 3183 veram
630 3148 681 3183 rei
704 3148 985 3185 aestimationem
1007 3148 1097 3185 fieri.

211 3190 289 3230 180
367 3202 560 3227 om’omvs
597 3192 688 3228 libro
731 3194 938 3239 triqensimo
980 3194 1030 3229 ad
1070 3193 1245 3230 Sabinum

161 3237 330 3281 ‘Tugurii'
354 3247 400 3282 ap
427 3237 594 3273 ellatione
617 3247 722 3273 omne
739 3238 951 3282 aedificium,
976 3239 1072 3284 quod
1088 3239 1246 3275 rusticae

159 3282 269 3327 magis
287 3286 389 3317 custo
416 3283 471 3317 iae
488 3282 654 3318 convenit
670 3293 775 3328 quam
791 3284 938 3320 urbanis
955 3284 1115 3328 aedibus,
1137 3284 1244 3329 signi-

164 3331 177 3362 1
227 3326 368 3362 ficatur.
424 3327 550 3363 Ofilius
582 3327 632 3362 ait
661 3328 842 3373 tugurium
876 3338 899 3364 a
936 3332 1033 3365 tecto
1063 3332 1246 3374 tamquam

158 3371 395 3417 tegularium⁹
414 3382 493 3408 esse
512 3372 657 3414 dictum,
682 3378 723 3408 ut
740 3376 826 3418 toga
838 3374 876 3415 ¹⁰,
896 3374 992 3418 quod
1009 3384 1052 3410 ea
1069 3378 1244 3419 tegamur,

211 3414 284 3454 181
317 3416 424 3452 loru
460 3417 551 3453 libro
584 3418 793 3463 triqensimo
828 3419 954 3464 quinto
992 3419 1043 3454 ad
1071 3418 1245 3455 Sabinum

160 3461 319 3497 Verbum
342 3461 429 3497 illud
453 3462 654 3507 ‘pertinere'
683 3462 855 3499 latissime
878 3467 997 3508 patet:
1029 3474 1111 3499 nam
1136 3468 1172 3499 et
1194 3464 1245 3500 eis

159 3576 199 3616 (ι)
223 3574 328 3608 veluti
341 3576 452 3617 virgae
465 3574 623 3607 carbones
642 3574 755 3607 nuclei
774 3574 949 3616 olivarum,
966 3575 1087 3616 quibus
1103 3575 1146 3608 ad
1165 3575 1242 3608 nul·

159 3619 224 3652 lam
248 3618 348 3652 aliam
372 3630 439 3652 rem
464 3619 529 3651 nisi
551 3618 595 3652 ad
617 3619 877 3653 comburendum
898 3620 1003 3663 possit
1026 3620 1095 3651 uti:
1126 3620 1184 3654 sed
1209 3623 1244 3654 et

161 3664 272 3697 balani
291 3664 343 3697 vel
360 3665 388 3697 si
407 3664 467 3706 qui
484 3663 544 3696 alii
561 3663 674 3697 nuclei
692 3665 736 3697 D.
753 3665 773 3697 l.
785 3676 865 3707 qem.
950 3665 996 3707 (2)
1018 3679 1064 3693 ι-
1075 3665 1121 3698 D.
1136 3666 1191 3707 32,
1204 3672 1240 3699 56

159 3710 204 3748 (³)
229 3709 330 3751 cth.
345 3710 488 3751 21‚2,7⁶
572 3710 617 3752 (⁴)
639 3709 676 3742 id
687 3710 746 3743 ine.
762 3708 814 3743 Ρ
894 3709 940 3753 (s)
962 3709 1242 3754 efD-50,17,ss

160 3757 206 3795 (6)
230 3753 404 3786 evidentur
424 3753 457 3785 F
582 3754 626 3797 (7)
647 3753 767 3798 petitio
787 3753 848 3787 del.

1251 136 1336 185 864

1302 3711 1375 3753 suit
1392 3710 1578 3744 sestertium
1595 3709 1706 3743 decem
1721 3709 1853 3742 milium

983 3754 1030 3797 (8)
1053 3753 1196 3788 notioni·
1216 3754 1251 3787 F
1308 3756 1383 3800 ya'us

1493 26 1496 40 Ι
2220 8 2256 21 κ

1494 48 1497 66 ἱ

1502 65 1563 126 '7

1552 127 1571 162 'y‘
2076 160 2137 192 DE
2167 160 2408 193 VERBOBUM

1325 263 1434 299 rebus
1464 264 1626 309 petendis
1649 269 1772 311 aptum
1795 271 1867 310 est,
1899 277 1991 313 quae
2020 267 2164 306 dominii
2186 270 2301 308 nostri
2323 271 2405 314 sint,

1325 312 1362 360 et
1384 308 1454 351 eis,
1487 319 1576 361 quas
1599 308 1686 362 iure·
1707 310 1827 357 aliquo
1859 312 2121 358 possideamus,
2154 317 2310 368 quamvis
2334 327 2407 352 non

1325 357 1397 389 sint
1420 358 1533 389 nostn
1557 354 1718 391 dommii:
1750 357 1926 402 pertinere
1955 358 2001 394 ad
2033 369 2100 395 nos
2124 364 2230 396 etiam
2253 371 2296 396 ea
2318 361 2406 397 dici·

1325 409 1420 477 muts,
1445 408 1535 443 quae
1557 399 1595 435 in
1618 400 1717 436 nulla
1740 412 1861 438 eorum
1885 413 1996 439 causa
2019 404 2108 447 sint,
2138 405 2201 441 sed
2223 416 2302 442 esse
2323 417 2406 452 pos-

1326 453 1381 479 sin
1401 471 1408 477 .

1374 485 1453 525 182
1478 488 1673 526 ULPIANUS
1692 491 1783 527 libro
1806 491 1996 529 vicensimo
2018 494 2168 541 septimo
2191 494 2242 530 ad
2255 495 2407 532 edictum

1325 532 1434 568 Pater
1464 533 1617 570 familias
1646 535 1736 571 liber
1773 537 1996 600 ‘peculium''
2013 549 2086 575 non
2114 543 2234 584 potest
2263 539 2406 584 habere,

1325 577 2045 678 (1υῗξέᾱῇῗὲῗῠῖἷῦυῗέἔνῖἓξποὴίἳῗαῦο
2067 629 2117 664 ad
2133 628 2287 666 edictum
2323 629 2406 665 ‘Ta-

1325 667 1480 703 ‘bernae'
1501 669 1707 722 ‘appellatio
1735 670 1896 707 declarat
1926 682 2029 709 omne
2059 674 2146 709 utile
2170 673 2217 710 ad
2238 674 2406 711 habitan-

1325 713 1407 748 dum
1431 713 1649 758 aedificlum,
1681 718 1789 751 non¹¹
1821 726 1865 752 ex
1893 727 1935 752 eo
1960 717 2055 762 quod
2083 719 2215 755 tabulis
2239 718 2405 755 cluditur.

1374 754 1453 795 184
1484 758 1643 796 Panos
1669 759 1762 797 libro
1794 762 2001 808 triqensimo
2033 762 2082 798 ad
2111 763 2265 800 edictum
2320 763 2408 800 Inde

1324 802 1597 839 tabernacula¹2
1620 808 1657 840 et
1679 806 1952 843 contubernales
1975 806 2063 844 dicti
2087 811 2181 844 sunt.

1374 844 1451 886 185
1484 848 1679 886 ULPIANUS
1705 850 1797 887 libro
1821 852 2011 889 vicensimo
2035 856 2160 889 octavo
2184 852 2234 889 ad
2254 853 2408 890 edictum

1325 893 1563 930 ‘Instructam’
1588 899 1708 931 autem
1725 896 1912 932 tabernam
1936 897 1988 933 sic
2006 897 2233 943 accipiemus,
2258 908 2350 944 quae
2373 902 2409 934 et

1323 938 1431 973 rebus
1455 943 1491 974 et
1513 939 1713 976 hominibus
1737 940 1784 976 ad
1804 941 2079 986 negotiationem
2100 943 2238 988 paratis
2255 947 2407 980 constat.

1374 980 1451 1021 186
1476 983 1584 1019 IDEM
1603 985 1693 1021 libro
1718 987 1926 1033 triqensimo
1950 987 2000 1022 ad
2021 987 2174 1024 edictum
2210 987 2407 1025 ‘Commen-

1325 1028 1432 1063 ‘dare'
1457 1029 1545 1064 nihil
1568 1029 1666 1065 aliud
1690 1034 1745 1067 est
1769 1041 1874 1076 quam
1898 1031 2085 1077 deponere.

1374 1070 1451 1111 187
1483 1074 1591 1110 [osu
1625 1075 1716 1111 libro
1749 1077 1958 1122 triyensimo
1988 1077 2145 1114 secundo
2175 1077 2226 1115 ad
2254 1077 2407 1114 edictum

1324 1118 1482 1154 Verbum
1507 1122 1669 1156 ‘exactae
1687 1121 1873 1166 pecuniae'
1897 1132 1970 1157 non
1993 1122 2108 1158 solum
2131 1122 2178 1158 ad
2197 1122 2407 1160 solutionem

1322 1163 1548 1200 referendum
1571 1169 1637 1208 est,
1661 1176 1784 1202 verum
1807 1166 1915 1202 etiam
1937 1167 1985 1202 ad
2009 1167 2274 1213 delegationem.

1372 1206 1450 1247 188
1482 1209 1538 1244 ΡΑ
1546 1220 1589 1246 vl.
1597 1220 1641 1246 vs
1675 1210 1767 1247 libro
1800 1212 2007 1265 triqensimo
2040 1213 2144 1249 tertio
2176 1212 2226 1249 ad
2254 1212 2407 1250 edictum

1323 1254 1488 1290 ‘Habere'
1520 1254 1660 1292 duobus
1692 1256 1804 1293 modis
1828 1256 1975 1301 dicitur,
2008 1257 2120 1295 altero
2149 1258 2227 1294 iure
2250 1257 2408 1301 dominii,

1322 1299 1433 1335 altero
1470 1300 1631 1353 optinere
1674 1301 1749 1337 sine
1789 1301 2076 1347 interpellatione
2114 1302 2152 1339 id
2192 1302 2288 1348 quod
2327 1303 2407 1349 quis

1325 1347 1340 1378 1
1389 1350 1524 1380 emerit.
1574 1345 1750 1382 ‘Cautum’
1781 1347 2013 1392 intellegitur,
2044 1348 2118 1384 sive
2147 1348 2310 1394 personis
2333 1348 2408 1385 sive

1321 1389 1428 1426 rebus
1453 1394 1598 1425 cautum
1621 1391 1678 1426 sit.

1371 1432 1451 1472 189
1483 1435 1591 1471 IDEM
1625 1436 1716 1472 libro
1748 1437 1957 1483 triqensimo
1996 1441 2127 1483 quarto
2167 1438 2218 1474 ad
2253 1438 2408 1475 edictum

1322 1478 1469 1516 ‘Facere
1492 1481 1667 1526 oportere’
1699 1484 1737 1517 et
1764 1481 1859 1517 hanc
1881 1481 2176 1527 significationem
2203 1483 2329 1528 habet,
2367 1487 2409 1520 nt

1321 1524 1500 1561 abstineat
1517 1525 1596 1571 quis
1617 1526 1663 1562 ab
1682 1537 1724 1562 eo
1744 1526 1854 1569 facto,
1880 1527 1976 1572 quod
1995 1530 2122 1564 contra
2139 1529 2407 1566 conventionem

1320 1569 1433 1612 fieret,
1458 1575 1494 1606 et
1517 1572 1701 1607 curaret¹³
1723 1582 1769 1607 ne
1792 1571 1867 1607 fiat.

1370 1612 1448 1653 190
1473 1615 1668 1652 Uaemws
1688 1617 1779 1653 libro
1800 1618 2010 1664 triqensimo
2033 1622 2165 1664 quarto
2185 1618 2236 1654 ad
2253 1618 2407 1656 edictum

1321 1659 1584 1697 ‘Provinciales'
1611 1672 1671 1697 eos
1692 1662 1855 1707 accipere
1878 1661 2061 1706 debemus,
2085 1663 2146 1709 qui
2169 1663 2207 1699 in
2226 1664 2408 1709 provincia

1320 1705 1536 1785 donssicilium
1554 1706 1699 1749 habent,
1723 1717 1797 1743 non
1819 1717 1892 1750 eos,
1917 1707 1980 1753 qui
1999 1717 2044 1744 ex
2062 1708 2248 1754 provincia
2265 1709 2408 1746 oriundi

1322 1761 1415 1786 sun.

1370 1793 1446 1833 191
1481 1795 1537 1832 ΡΑ
1545 1806 1640 1832 nos
1667 1796 1759 1833 libro
1791 1797 2001 1843 triqensimo
2033 1798 2159 1844 quinto
2182 1798 2234 1834 ad
2253 1798 2407 1835 edictum

1319 1841 1417 1877 Inter
1447 1841 1659 1877 ‘divortium'
1698 1846 1734 1877 et
1766 1841 1974 1887 ‘repudium'
2006 1843 2076 1879 hoc
2105 1842 2272 1886 interest,
2310 1844 2407 1889 quod
2442 1846 2447 1852 ’

1319 1886 1503 1931 repudiari
1531 1886 1639 1922 etiam
1667 1887 1829 1922 futurum
1863 1887 2126 1924 matrimonium
2155 1891 2294 1934 potest,
2333 1900 2407 1926 non

1319 1935 1417 1967 recte
1440 1935 1560 1967 autem
1579 1942 1714 1977 sponsa
1733 1932 1921 1968 divortisse
1937 1932 2076 1978 dicitur,
2101 1933 2198 1978 quod
2217 1933 2406 1971 divortium

1319 1987 1365 2057 3}
1387 1987 1442 2057 eoi
1454 1976 1589 2012 dictum
1613 1981 1684 2020 est,
1717 1977 1813 2023 quod
1835 1977 1873 2013 in
1904 1977 2062 2014 diversas
2089 1982 2212 2025 partes
2236 1982 2324 2015 eunt
2346 1979 2406 2026 qui

1357 2025 1681 2119 ⁸1:32unldipmlws·
1705 2066 1796 2103 libro
1827 2068 2035 2114 triqcnsimo
2063 2069 2215 2122 septimo
2239 2068 2290 2104 ad
2310 2068 2403 2105 edic-

1320 2115 1394 2147 tum
1429 2112 1528 2148 Haec
1553 2112 1706 2148 adiectio
1730 2112 1907 2157 ‘plurisve'
1930 2123 2004 2149 non
2019 2112 2194 2149 infimtam
2242 2114 2404 2150 ecuniam

1320 2157 1497 2200 continet,
1522 2157 1586 2193 sed
1613 2156 1805 2201 modicam,
1835 2161 1877 2193 ut
1899 2157 2035 2194 taxatio
2058 2158 2150 2195 haec
2174 2162 2226 2195 ‘so
2242 2158 2318 2195 'dos
2342 2158 2404 2195 de-

1320 2205 1410 2238 ‘cem
1422 2203 1448 2224 ¹⁴
1471 2203 1639 2248 plurisve’
1671 2202 1952 2239 ad·minutulam
1974 2214 2147 2240 summam
2169 2204 2358 2240 referatur.

1370 2245 1445 2285 193
1481 2247 1589 2283 IDEM
1623 2247 1713 2283 libro
1753 2249 1961 2295 triqensimo
1999 2252 2126 2285 octavo
2165 2249 2216 2284 ad
2251 2249 2403 2285 edictum

1317 2292 1418 2328 Haec
1452 2293 1562 2328 verba
1596 2292 1732 2337 ‘quanti
1767 2304 1847 2329 eam
1881 2304 1956 2330 rem
1990 2298 2096 2339 paret
2129 2293 2218 2330 esse'
2253 2304 2327 2330 non
2358 2294 2402 2329 ad

1318 2337 1415 2383 quod
1437 2338 1604 2380 interest,
1634 2337 1699 2374 sed
1722 2338 1769 2373 ad
1791 2339 1844 2374 rei
1875 2339 2156 2375 aestimationem
2187 2338 2402 2375 referuntur.

1367 2380 1448 2421 194
1493 2382 1687 2420 Umfflvs
1730 2383 1822 2419 libro
1870 2383 2174 2429 quadraqensimo
2214 2385 2318 2420 tertio
2355 2384 2405 2420 ad

1317 2427 1471 2464 edictum
1506 2428 1604 2463 Inter
1624 2427 1778 2464 ‘donum'
1803 2431 1840 2464 et
1862 2429 2013 2464 ‘munus’
2037 2429 2107 2465 hoc
2124 2428 2283 2471 interest,
2309 2429 2404 2474 quod

1316 2473 1410 2509 inter
1447 2483 1559 2519 genus
1598 2477 1635 2509 et
1673 2473 1843 2518 speciem:
1881 2484 1965 2509 nam
2000 2484 2114 2518 genus
2153 2484 2233 2509 esse
2271 2473 2403 2510 donum

1318 2518 1454 2554 Labeo2
1478 2529 1501 2554 a
1538 2517 1705 2555 donando
1746 2518 1896 2563 dictum,
1936 2529 2066 2559 munus
2102 2519 2273 2564 speciem:
2320 2529 2403 2555 nam

1317 2574 1446 2599 munus
1470 2574 1550 2600 esse
1573 2563 1704 2600 donum
1733 2574 1814 2600 cum
1838 2573 1966 2608 causa,
1996 2567 2038 2600 ut
2065 2567 2155 2610 puta
2183 2563 2402 2606 natalicium,

1317 2620 1365 2644 nu
1392 2608 1601 2645 talicium¹⁵.
1627 2615 1631 2619 ”

1366 2619 1445 2692 195
1471 2654 1577 2690 IDEM
1605 2654 1696 2690 libro
1720 2653 2024 2700 quadraqensimo
2048 2656 2154 2690 sexto
2177 2653 2228 2690 ad
2248 2653 2402 2690 edictum

1316 2699 1567 2735 Pronuntiatio
1592 2699 1765 2736 sermonis
1793 2699 1831 2734 in
1861 2709 1950 2735 sexu
1973 2698 2172 2735 masculino
2195 2697 2243 2734 ad
2265 2701 2402 2734 utrum-

1320 2748 1333 2778 1
1385 2755 1453 2789 que
1477 2755 1602 2780 sexum
1624 2744 1834 2790 plerumque
1856 2744 2061 2789 porrigitur.
2117 2743 2314 2779 ‘Familiae'
2337 2753 2401 2790 ap-

1315 2788 1913 2880 ἓὲἓέῇὲωὲζΐῗὲἔι-Ἕὲξῗῗέἓέ
1935 2788 2401 2879 Υῗέῖῖᾞφοὲἑοὲἒὲἀὲἑῗ

1316 2879 1460 2915 ducitur
1471 2881 1508 2915 ¹⁶.
1554 2880 1592 2915 in
1615 2889 1691 2923 res,
1715 2882 1756 2914 ut
1777 2883 1867 2924 puta
1889 2879 1927 2914 in
1950 2879 2027 2924 lege
2050 2878 2238 2915 duodecim
2259 2878 2399 2914 tabula-

1314 2935 1394 2960 rum
1418 2925 1474 2960 his
1498 2925 1616 2961 verbis
1642 2924 1828 2969 ‘adgnatus
1851 2924 2035 2969 proximus
2057 2923 2228 2959 familiam
2245 2923 2399 2959 habeto’.

1315 2969 1362 3005 ad
1391 2980 1565 3015 personas
1596 2973 1716 3005 autem
1737 2969 1894 3004 refertur
1922 2968 2080 3004 familiae
2103 2968 2315 3013 significatio
2336 2968 2399 3011 ita,

1316 3025 1397 3050 cum
1428 3014 1473 3051 de
1501 3019 1654 3060 patrono
1686 3017 1723 3050 et
1751 3014 1880 3049 liberto
1909 3013 2067 3059 loquitur
2089 3014 2162 3049 lex:
2195 3016 2251 3048 ‘ex
2280 3023 2323 3048 ea
2345 3014 2399 3048 fa·

1316 3060 1444 3104 ‘milia’‚
1469 3059 1595 3106 inquit,
1628 3060 1676 3094 ‘in
1699 3069 1778 3095 eam
1802 3059 2001 3095 familiam’:
2035 3063 2070 3094 et
2092 3059 2150 3094 hic
2174 3058 2219 3094 de
2242 3058 2397 3104 singula-

1315 3107 1336 3140 2
1381 3105 1482 3141 ribus
1523 3104 1685 3151 personis
1723 3103 1836 3149 legem
1875 3104 1975 3150 loqui
2014 3107 2166 3140 constat.
2227 3102 2400 3138 Familiae

1314 3150 1507 3195 appellatio
1531 3149 1686 3185 refertur
1709 3153 1746 3184 et
1769 3149 1815 3184 ad
1837 3148 1998 3202 corporis
2019 3147 2204 3184 cuiusdam
2221 3147 2398 3193 significa·

1313 3195 1457 3237 tionem,
1482 3195 1579 3239 quod
1602 3197 1666 3229 aut
1688 3194 1766 3229 iure
1789 3204 1935 3239 proprio
1957 3193 2116 3239 ipsorum
2138 3196 2202 3228 aut
2222 3193 2399 3229 communi

1315 3240 1502 3276 universae
1526 3239 1747 3284 cognationis
1772 3240 1985 3275 continetur.
2026 3239 2103 3274 iure
2125 3238 2271 3283 proprio
2295 3236 2398 3273 fami-

1312 3284 1399 3320 liam
1421 3284 1572 3320 dicimus
1595 3284 1715 3330 plures
1739 3294 1929 3330 personas,
1961 3293 2052 3329 quae
2080 3286 2166 3319 sunt
2195 3282 2263 3318 sub
2292 3283 2398 3318 unius

1313 3333 1492 3375 potestate
1527 3332 1591 3364 aut
1629 3333 1761 3364 natura
1797 3333 1860 3364 aut
1889 3329 1968 3364 iure
1999 3327 2199 3372 subiectae,
2239 3330 2281 3362 ut
2335 3331 2399 3362 uta

1339 3380 1452 3410 atram
1485 3373 1658 3418 familias,
1693 3377 1842 3409 matrem
1876 3373 2048 3415 familias,
2084 3371 2198 3408 filium
2231 3338 2396 3414 famffias,

1352 3420 1422 3455 iam
1445 3419 1598 3455 familias
1623 3419 1754 3465 quique
1777 3418 1945 3464 deinceps
1968 3418 2079 3454 vicem
2101 3427 2225 3453 eorum
2241 3427 2397 3463 sequun-

1313 3468 1391 3508 tur,
1422 3468 1464 3500 ut
1491 3468 1580 3510 puta
1611 3468 1761 3510 nepotes
1791 3467 1828 3500 et
1848 3467 1974 3510 neptes
2004 3466 2043 3499 et
2070 3462 2250 3509 deinceps.
2293 3465 2399 3509 pater

2218 3575 2275 3617 (ιι)
2299 3584 2397 3614 omne

1311 3578 1356 3616 (9)
1381 3576 1550 3618 tegurium
1575 3576 1709 3610 Grotius
1822 3576 1884 3617 (¹0)
1906 3576 2018 3618 togam
2034 3588 2100 3609 scr.

2174 3620 2237 3672 (¹²)
2260 3619 2395 3653 tabena-

1311 3620 1499 3654 aedificium
1516 3631 1585 3654 non
1603 3620 1687 3655 utile
1707 3621 1750 3654 ad
1766 3620 1983 3653 habitandum
2003 3633 2064 3654 scr.

1311 3664 1388 3698 cula
1407 3666 1444 3699 F·
1538 3668 1598 3707 (13)
1623 3669 1718 3699 curet
1734 3666 1950 3699 Senneaeonius
2048 3666 2106 3707 (u)
2129 3664 2252 3698 solidos
2271 3663 2394 3707 decem}

1945 3712 2004 3751 (25)
2028 3709 2264 3753 nuptialioium
2278 3709 2394 3743 Mena·

1475 3758 1535 3798 (ια)
1560 3755 1731 3788 diducitur
1749 3755 1783 3788 F
