2528 3918
182 100 330 150 msr.
358 101 394 162 1,
424 105 536 149 2-5

1889 117 1953 152 DE
1981 119 2090 154 mna
2118 122 2424 159 PERSONARUM

183 218 386 260 trahuntur,
410 215 578 262 quoniam
601 224 673 250 non
688 213 759 249 hoc
773 213 941 266 princeps
955 215 1047 251 vult:
1072 226 1156 251 nam
1171 214 1268 267 quod
1335 218 1371 251 et
1394 215 1425 252 si
1448 216 1529 269 quis
1553 227 1598 252 ex
1619 220 1733 254 matre
1754 217 1869 254 libera
1891 222 2073 264 nascatur,
2124 223 2201 257 atre
2224 231 2337 266 servo,
2360 222 2415 259 in-

182 262 291 299 alicui
314 262 360 298 ob
384 261 510 297 merita
531 258 690 302 indulsit,
713 258 769 294 vel
792 269 824 294 si
840 269 897 295 cui
912 269 1065 305 poenam
1087 260 1265 306 irrogavit,

180 308 237 344 vel
259 307 291 343 si
314 307 372 343 cui
395 306 471 342 sine
494 304 655 349 exemplo
678 303 852 348 subvenit,
876 315 1066 350 personam
1080 316 1152 342 non
1168 315 1265 350 egre-

182 353 288 389 ditur.
324 352 416 387 aliae
431 355 561 393 autem,
587 360 668 385 cum
682 349 865 395 generales
882 354 975 393 sunt,
1001 360 1124 386 omnes
1139 351 1266 396 procul

183 402 202 433 7
249 397 359 433 dubio
382 399 516 431 tenent.
563 395 776 431 Praetorum
792 405 933 441 quoque
957 395 1074 431 edicta
1090 406 1163 431 non
1187 406 1264 431 mo·

182 444 299 479 dicam
329 442 417 477 iuris
447 440 611 485 optinent
640 440 903 476 auctoritatem.
946 441 1035 476 haec
1072 441 1178 477 etiam
1207 441 1263 476 ius

181 487 413 524 honorarium
444 486 600 521 solemus
631 485 832 531 appellare,
873 486 969 530 quod
1005 486 1065 531 qui
1110 486 1265 520 honores

223 536 318 575 runt,
342 532 379 567 id
398 535 453 567 est
471 530 710 576 magistratus,
735 530 986 566 auctoritatem
1006 530 1089 567 huic
1107 531 1178 566 iuri
1201 530 1263 566 de-

180 543 320 614 ffirunt.
354 576 605 622 proponebant
635 580 672 612 et
702 575 833 611 aediles
867 576 1007 611 curules
1040 576 1195 612 edictum
1219 576 1263 611 de

181 622 392 669 quibusdam
427 621 591 664 casibus,
631 621 727 667 quod
760 621 917 656 edictum
955 620 1042 656 iuris
1081 621 1263 657 honorarii

181 672 201 703 8
248 667 365 713 portio
391 671 457 703 est.
509 666 728 712 ’'Responsa
750 665 979 711 prudentium
1003 670 1089 701 sunt
1119 671 1261 702 senten-

181 714 262 749 'tiae
293 717 329 748 et
358 712 543 758 opiniones
574 722 715 754 eorum,
747 711 875 756 quibus
912 712 1124 756 permissum
1162 712 1263 747 erat²

181 759 268 794 'iura
291 757 447 794 condere
457 758 491 793 ³.¹
538 768 621 793 nam
652 757 849 802 antiquitus
875 756 1076 792 institutum
1100 761 1189 799 erat,
1221 761 1263 792 ut

179 807 301 839 essent
331 803 392 849 qui
422 803 503 839 iura
538 803 681 849 publice
711 803 1049 846 interpretarentur,
1082 802 1210 848 quibus
1241 813 1263 837 a

179 849 332 885 Caesare
354 849 411 884 ius
426 848 665 894 respondendi
681 848 802 882 datum
826 851 891 889 est,
916 847 976 892 qui
999 847 1086 882 iuris
1110 847 1263 883 consulti

179 894 463 939 appellabantur.
489 904 638 939 quorum
663 892 819 928 omnium
844 892 1041 927 sententiae
1064 897 1102 932 et
1125 893 1261 941 opinio-

175 953 240 979 nes
272 952 352 978 eam
380 941 631 978 auctoritatem
662 942 801 983 tenent,
835 944 876 975 ut
898 940 1007 976 iudici
1038 940 1205 977 recedere
1237 951 1260 976 a

176 991 198 1023 9
244 997 420 1032 responso
437 996 559 1022 eorum
576 996 646 1021 non
659 985 781 1029 liceat,
801 990 842 1021 ut
859 990 915 1021 est
931 986 1177 1022 constitutum.
1200 985 1259 1021 Ex

178 1041 251 1066 non
275 1032 409 1076 scripto
433 1030 489 1066 ius
512 1030 627 1071 venit,
660 1028 756 1074 quod
780 1038 866 1063 usus
890 1028 1146 1073 comprobavit.
1179 1039 1263 1063 nam

178 1076 337 1112 diuturni
359 1086 477 1112 mores
502 1084 679 1110 consensu
703 1073 879 1109 utentium
903 1074 1128 1119 comprobati
1150 1074 1263 1118 legem

181 1125 222 1157 10
268 1121 464 1157 imitantur.
511 1120 563 1155 Et
592 1131 662 1155 non
686 1119 904 1163 ineleganter
934 1118 971 1153 in
1003 1118 1093 1154 duas
1125 1120 1262 1164 species

176 1167 234 1203 ius
265 1166 367 1203 civile
405 1166 634 1201 distributum
666 1164 813 1200 videtur.
854 1174 937 1198 nam
968 1164 1067 1209 origo
1100 1165 1176 1200 eius
1216 1165 1261 1200 ab

177 1212 349 1248 institutis
381 1212 534 1247 duarum
567 1210 784 1252 civitatium,
815 1209 1039 1244 Athenarum
1068 1210 1205 1245 scilicet
1228 1214 1264 1245 et

176 1256 470 1299 Lacedaemonis,
493 1256 640 1292 fluxisse
663 1255 820 1290 videtur:
851 1254 890 1289 in
912 1254 968 1290 his
993 1254 1086 1290 enim
1110 1255 1262 1291 civitati-

178 1303 245 1338 bus
268 1303 321 1338 ita
350 1302 408 1348 agi
438 1302 582 1338 solitum
615 1304 710 1342 erat,
741 1303 783 1335 ut
813 1299 1090 1336 Lacedaemonii
1121 1300 1262 1346 quidem

176 1348 288 1394 magis
312 1357 375 1391 ea,
407 1357 499 1393 quae
529 1357 595 1392 pro
627 1346 764 1390 legibus
790 1345 1039 1388 observarent,
1072 1346 1264 1382 memoriae

176 1393 405 1435 mandarent,
437 1392 673 1428 Athenienses
712 1400 795 1426 vero
835 1400 896 1433 ea,
935 1401 1028 1435 quae
1058 1391 1094 1426 in
1125 1391 1263 1437 legibus

176 1439 312 1485 scripta
333 1448 372 1474 re
398 1437 645 1473 rehendissent
653 1437 678 1479 ⁴,
704 1435 936 1471 custodirent.

179 1488 216 1519 11
311 1483 358 1519 Se
406 1482 585 1518 naturalia
608 1481 750 1528 quidem
772 1481 870 1524 iura,
903 1491 996 1526 quae
1020 1481 1116 1526 apud
1140 1492 1262 1518 omnes

174 1533 298 1575 gentes
313 1538 490 1574 peraeque
507 1532 705 1570 servantur,
731 1526 850 1578 divina
866 1526 1021 1571 quadam
1039 1527 1263 1572 providentia

176 1575 372 1611 constituta
386 1584 528 1619 semper
543 1573 647 1608 firma
662 1576 769 1618 atque
785 1572 1019 1607 immutabilia
1034 1577 1262 1617 permanent:

175 1631 221 1656 ea
242 1630 346 1663 vero,
379 1629 472 1665 quae
502 1619 584 1664 ipsa
614 1617 682 1653 sibi
713 1627 876 1669 quaeque
908 1617 1033 1653 civitas
1066 1618 1262 1661 constituit,

174 1675 283 1711 saepe
306 1664 435 1700 mutari
458 1664 575 1699 solent
589 1663 644 1700 vel
658 1666 769 1698 tacito
786 1673 964 1698 consensu
983 1663 1108 1708 populi
1123 1664 1178 1699 vel
1193 1664 1264 1699 alia

176 1715 303 1758 postea
325 1711 403 1755 lege
426 1710 510 1744 lata.

177 1759 218 1792 12
313 1755 459 1791 ‘'Omne
482 1757 603 1790 autem
626 1754 694 1797 ius,
707 1764 778 1799 quo
790 1753 934 1796 utimur,
958 1754 1013 1788 vel
1029 1754 1076 1789 ad
1090 1765 1263 1799 personas

175 1801 339 1847 'pertinet
361 1800 417 1836 vel
440 1800 488 1836 ad
511 1810 568 1835 res
592 1799 647 1835 vel
671 1799 718 1834 ad
734 1799 906 1835 actiones.
939 1809 982 1834 ac
998 1799 1098 1844 prius
1123 1800 1167 1836 de
1182 1810 1262 1845 per-

175 1847 282 1883 'sonis
289 1846 494 1882 videamus.⁴
519 1856 602 1880 nam
610 1855 739 1890 parum
756 1848 811 1880 est
826 1844 882 1880 ius
898 1854 1016 1887 nosse,
1034 1844 1064 1880 si
1073 1855 1261 1890 personae,

173 1902 323 1939 quarum
348 1901 459 1928 causa
482 1894 657 1927 statutum
681 1894 747 1933 est,
770 1890 988 1935 ignorentur.

682 2005 764 2046 1110

445 2073 507 2107 DE
531 2072 643 2106 IURE
667 2072 987 2107 PERSONARUM.

219 2138 400 2175 ''Summa
422 2139 568 2186 itaque⁸
591 2139 716 2176 divisio
742 2139 786 2175 de
807 2139 886 2174 iure
910 2150 1146 2184 personarum
1169 2140 1260 2176 haec

173 2186 249 2227 ’esa
298 2184 370 2220 uod
393 2194 516 2222 omnes
539 2185 700 2221 homines
725 2188 789 2220 aut
811 2185 914 2220 liberi
945 2188 1031 2221 sunt
1061 2189 1126 2221 aut
1148 2186 1260 2221 servi.⁴

175 2234 191 2265 1
242 2196 316 2265 ”fit
338 2229 482 2267 libertas
507 2230 648 2276 quidem
672 2233 745 2274 est,
778 2240 822 2265 ex
845 2240 918 2276 qua
941 2230 1048 2266 etiam
1071 2231 1174 2266 liberi
1197 2242 1258 2267 vo-

173 2279 320 2318 cantur,
351 2276 527 2312 naturalis
557 2275 714 2312 facultas
750 2275 826 2311 eius
858 2275 954 2321 quod
986 2276 1115 2321 cuique
1137 2275 1260 2312 facere

173 2323 193 2356 2
240 2320 339 2363 libet,
361 2320 431 2357 nisi
454 2322 485 2358 si
508 2321 594 2367 quid
609 2325 674 2357 aut
687 2321 722 2356 vi
738 2324 802 2356 aut
815 2320 894 2356 iure
916 2321 1136 2366 prohibetur.
1177 2321 1258 2357 Ser-

172 2366 265 2402 vitus
292 2370 413 2402 autem
437 2371 492 2403 est
516 2366 723 2402 constitutio
755 2366 844 2401 iuris
874 2366 1044 2411 gentium,
1076 2377 1148 2412 qua
1179 2367 1258 2412 quis

172 2414 193 2447 3
240 2410 396 2448 dominio
428 2412 544 2448 alieno
577 2415 705 2448 contra
727 2415 895 2447 naturam
926 2412 1112 2447 subicitur.
1161 2411 1259 2448 Servi

171 2459 291 2492 autem
314 2466 358 2492 ex
374 2467 416 2493 eo
432 2457 603 2503 appellati
618 2460 713 2500 sunt,
738 2456 835 2502 quod
849 2457 1082 2502 imperatores
1099 2458 1258 2503 captivos

171 2501 324 2538 vendere
346 2502 472 2538 iubent
487 2512 531 2538 ac
546 2513 611 2555 per
625 2502 695 2538 hoc
711 2511 853 2538 servare
869 2513 935 2538 nec
951 2502 1114 2538 occidere
1131 2503 1257 2538 solent.

172 2547 234 2592 qui
257 2547 364 2582 etiam
402 2548 583 2594 mancipia
613 2547 701 2583 dicti
731 2550 833 2590 sunt,
873 2547 970 2593 quod
1008 2548 1054 2583 ab
1093 2548 1258 2584 hostibus

172 2595 194 2626 4
240 2602 349 2628 manu
373 2593 575 2638 capiuntur.
615 2592 715 2629 Servi
739 2595 858 2628 autem
882 2596 947 2628 aut
969 2597 1171 2629 nascuntur
1195 2597 1259 2628 aut

171 2636 273 2672 fiunt.
306 2642 505 2674 nascuntur
535 2648 579 2674 ex
610 2638 748 2673 ancillis
770 2638 930 2673 nostris:
962 2637 1055 2673 fiunt
1086 2643 1151 2674 aut
1181 2638 1259 2674 iure

171 2682 347 2762 flentium,
371 2682 409 2718 id
432 2687 488 2718 est
511 2693 555 2718 ex
587 2683 812 2728 captivitate,
844 2687 909 2718 aut
930 2683 1009 2719 iure
1033 2683 1144 2727 civili,
1178 2695 1258 2719 cum

198 2737 278 2763 omo
302 2728 393 2763 liber
423 2728 537 2764 maior
559 2729 682 2773 viginti
713 2728 817 2764 annis
848 2727 895 2764 ad
925 2728 1080 2774 pretium
1111 2730 1257 2774 partici-

171 2771 330 2818 pandum
360 2783 439 2809 sese
476 2773 683 2809 venumdari
721 2783 849 2819 passus
881 2777 947 2810 est.
1001 2774 1040 2809 in
1077 2784 1259 2810 servorum

172 2819 193 2853 5
241 2817 452 2854 condicione
475 2819 574 2854 nulla
598 2818 799 2854 differentia
822 2820 921 2855 est¹⁰.
969 2819 1013 2855 In
1028 2819 1150 2855 liberis
1167 2820 1258 2855 mul-

171 2865 232 2899 tae
263 2863 484 2900 differentiae
513 2867 608 2901 sunt.
656 2868 720 2900 aut
758 2864 851 2900 enim
889 2864 1033 2910 ingenui
1072 2868 1158 2902 sunt
1195 2869 1259 2901 aut

171 2908 336 2945 libertini.

657 2980 773 3020 1111¹¹

556 3046 619 3079 DE
642 3046 875 3081 INGENUIS.

218 3112 396 3158 Ingenuus
418 3111 449 3147 is
474 3114 547 3155 est,
579 3111 641 3157 qui
664 3112 784 3148 statim
807 3115 849 3148 ut
870 3117 978 3149 natus
1002 3115 1058 3149 est
1079 3111 1170 3148 liber
1192 3115 1258 3156 est,

172 3158 247 3194 sive
269 3167 315 3193 ex
337 3156 477 3193 duobus
507 3157 669 3202 ingenuis
692 3158 916 3194 matrimonio
941 3158 1077 3202 editus,
1110 3157 1183 3194 sive
1214 3167 1259 3194 ex

172 3202 360 3246 libertinis,
384 3201 458 3239 sive
481 3212 526 3238 ex
549 3202 662 3239 altero
685 3202 852 3239 libertino
866 3203 978 3240 altero
995 3203 1161 3249 ingenuo.
1193 3202 1258 3239 sed

173 3365 215 3406 (ί)
243 3362 321 3397 Gai.
333 3363 390 3403 1,·1
514 3362 558 3404 (2)
582 3360 669 3406 erat]
686 3362 865 3402 VA,estB
877 3361 954 3396 Gai.
1069 3364 1111 3405 (3)
1137 3372 1255 3395 conce-

173 3407 251 3441 dere
267 3407 331 3442 VP
417 3406 461 3448 (4)
485 3407 534 3441 n'c
549 3406 883 3449 VA,invenissentB
976 3408 1018 3447 (5)
1048 3407 1194 3448 Gai.1,s

220 3455 272 3506 <⁶2
294 3452 437 3505 cf...
557 3451 1049 3531 Ansamenses>
1102 3453 1259 3540 ..5⁸:³²3

174 3497 379 3577 25:1²3?ss
380 3499 462 3577 20¹¹?
463 3507 560 3586 {1⁰33
575 3507 706 3583 1,3,⁰⁴)q
864 3543 924 3585 (ιο)
948 3543 997 3576 εἰσ
1006 3510 1133 3584 ntur,
1143 3522 1256 3576 nuniie

175 3587 383 3620 differentiae
391 3587 511 3620 suntA

222 3635 277 3674 (n)
306 3632 356 3676 Os:
369 3632 446 3667 Gai.
459 3633 528 3673 1,ss
686 3633 745 3674 (12)
765 3633 887 3676 pnfin.
899 3631 1254 3667 eaeMarcianH.1ime-

175 3677 270 3720 (Diq.
282 3679 311 3717 1,
321 3685 349 3717 5,
359 3685 387 3717 5,
396 3684 426 3713 2.
435 3679 466 3718 ³)
559 3678 619 3719 (13)
643 3677 675 3710 ei
685 3690 743 3711 om.
755 3676 929 3711 A⁶0A9B0

222 3723 279 3764 (u)
308 3723 359 3766 C's.
382 3722 457 3757 Gm‘.
481 3724 508 3763 l,
528 3730 593 3757 ιι..
605 3730 640 3757 34
658 3723 738 3767 Diy.
756 3724 812 3764 40,
842 3731 854 3757 ι
872 3735 961 3767 seqq.
986 3724 1066 3758 cod.
1083 3724 1115 3765 7,
1134 3730 1148 3758 1
1163 3735 1252 3768 seqq.

1332 271 1470 306 genuus
1494 262 1604 298 mhilo
1627 262 1745 298 minus
1768 263 1947 300 nascitur:
1973 275 2102 311 quema
2163 266 2270 302 odum
2293 268 2355 313 qui
2372 278 2416 304 ex

1333 311 1448 342 matre
1462 306 1576 342 libera
1592 310 1628 342 et
1643 307 1780 344 incerto
1798 312 1900 353 patre
1915 314 2022 346 natus
2039 315 2105 353 est,
2154 311 2298 347 uoniam
2311 312 2415 358 vulgo

1333 356 1530 397 conceptus
1546 355 1610 387 est.
1646 352 1674 374 ¹²
1682 351 1817 404 sufficit
1839 358 1958 390 autem
1980 355 2126 391 liberam
2157 356 2253 393 uisse
2267 361 2416 393 matrem

1333 406 1375 431 eo
1399 400 1559 441 tempore
1582 407 1652 442 quo
1677 401 1846 441 nascitur,
1870 398 1954 435 licet
1978 401 2108 436 ancilla
2134 412 2244 438 conce
2290 402 2346 438 rit.
2380 407 2417 438 et

1333 451 1377 476 ex
1401 442 1579 478 contrario
1603 442 1635 477 si
1656 442 1769 478 libera
1784 445 1998 489 conceperit,
2024 445 2150 482 deinde
2165 447 2244 483 anc'
2274 457 2296 482 a
2318 447 2417 482 facta

1332 486 1461 532 pariat,
1486 487 1624 532 placuit
1646 497 1726 522 eum
1751 488 1812 533 qui
1834 489 1996 526 nascitur
2016 490 2166 527 liberum
2190 492 2301 536 nasci,
2332 492 2417 537 quia

1332 542 1406 567 non
1429 532 1537 567 debet
1560 532 1743 568 calamitas
1775 534 1898 569 matris
1923 534 1956 570 ei
1978 546 2127 579 nocere,
2184 538 2221 573 ui
2251 537 2289 572 in
2313 541 2415 573 utero

1332 581 1396 612 est.
1421 587 1466 612 ex
1489 577 1544 612 his
1560 581 1597 612 et
1618 577 1704 613 illud
1720 578 1918 623 quaesitum
1934 583 2000 623 est,
2024 581 2055 616 si
2070 582 2148 617 anc‘
2179 592 2201 617 a
2215 592 2415 628 praegnans

1331 622 1549 658 manumissa
1572 622 1636 666 sit,
1670 622 1797 658 deinde
1827 624 1958 659 ancilla
1988 629 2114 670 postea
2143 626 2243 662 facta
2292 628 2415 673 eperit‚

1330 666 1482 719 liberum
1491 678 1537 702 an
1546 678 1685 703 servum
1702 668 1845 713 pariat?
1869 673 1905 704 et
1912 669 2105 706 Marcellus
2120 672 2251 717 probat
2265 638 2416 708 liberum

1331 722 1450 748 nasci:
1483 712 1618 748 sufficit
1649 713 1742 748 enim
1766 713 1798 748 ei
1811 715 1837 735 ¹³
1869 714 1931 759 qui
1960 715 1998 750 in
2028 720 2150 752 ventre
2181 721 2238 753 est
2268 717 2416 753 liberam

1331 762 1480 793 matrem
1503 758 1558 793 vel
1582 758 1697 794 medio
1720 762 1880 804 tempore
1904 759 2091 796 habuisse:
2117 762 2214 807 quod
2236 766 2273 798 et
2295 773 2416 798 verum

1335 805 1349 836 1
1400 806 1464 838 est.
1514 803 1603 838 Cum
1627 808 1746 839 autem
1767 804 1942 849 ingenuus
1967 805 2094 851 aliquis
2117 810 2226 842 natus
2249 807 2314 850 sit,
2346 817 2417 843 non

1331 847 1446 883 officit
1475 848 1526 883 illi
1556 849 1593 883 in
1616 849 1786 884 servitute
1815 848 1927 885 fuisse
1952 855 1988 886 et
2010 855 2140 896 postea
2161 852 2417 888 manumissum

1331 902 1427 928 esse:
1453 893 1662 938 saepissime
1685 894 1779 929 enim
1804 895 2037 931 constitutum
2062 900 2117 932 est
2139 897 2320 934 natalibus
2344 907 2416 932 non

1331 938 1476 974 officere
1499 939 1820 975 manumissionem.

1835 1079 1870 1118 V
1881 1078 1909 1098 u

1687 1144 1747 1176 DE
1774 1144 2048 1178 LIBERTINIS.

1382 1209 1603 1245 ¹⁶'Libertini
1626 1213 1720 1253 sunt,
1746 1211 1807 1256 qui
1832 1221 1876 1246 ex
1897 1210 1993 1247 iusta
2017 1211 2188 1248 servitute
2210 1211 2417 1248 manumissi

1332 1255 1447 1290 'sunt‘
1506 1256 1534 1276 ¹⁶
1542 1255 1769 1291 manumissio
1802 1260 1923 1291 autem
1961 1260 2016 1292 est
2041 1256 2144 1293 datio
2158 1257 2186 1278 ¹⁷
2223 1256 2416 1292 libertatis:

1332 1310 1416 1335 nam
1439 1300 1609 1345 quamdiu
1632 1301 1711 1346 quis
1735 1301 1773 1336 in
1796 1301 1967 1337 servitute
1989 1306 2064 1343 est,
2094 1302 2216 1338 manui
2238 1305 2276 1337 et
2297 1305 2416 1347 potes-

1331 1345 1399 1380 tati
1414 1346 1623 1391 suppositus
1641 1350 1705 1389 est,
1731 1351 1767 1382 et
1781 1347 2021 1382 manumissus
2037 1346 2210 1383 liberatur
2225 1350 2413 1393 potestate.

1332 1401 1424 1436 quae
1454 1400 1511 1426 res
1543 1401 1566 1426 a
1596 1391 1673 1426 iure
1702 1391 1859 1437 gentium
1889 1392 2061 1444 originem
2092 1392 2263 1439 sumpsit,
2294 1395 2418 1438 utpote

1333 1447 1413 1472 cum
1435 1436 1513 1472 iure
1536 1436 1692 1473 naturali
1715 1447 1839 1473 omnes
1862 1436 1966 1472 liberi
1987 1442 2220 1474 nascerentur
2236 1447 2302 1473 nec
2324 1442 2418 1474 esset

1331 1485 1420 1517 nota
1442 1482 1693 1525 manumissio,
1727 1493 1808 1517 cum
1831 1482 1982 1518 servitus
2006 1487 2102 1519 esset
2122 1483 2322 1528 incognita:
2355 1482 2418 1518 sed

1331 1530 1568 1572 posteaquam
1597 1527 1675 1562 iure
1704 1528 1862 1572 gentium
1893 1528 2044 1564 servitus
2073 1528 2224 1565 invasit.
2255 1531 2417 1577 secutum

1333 1576 1389 1608 est
1410 1572 1623 1608 beneficium
1645 1573 1943 1609 manumissionis.
1959 1575 1997 1607 et
2012 1580 2093 1606 cum
2109 1581 2183 1611 une
2200 1574 2418 1606 (50111111111111υ

1333 1617 1476 1654 nomine
1505 1618 1667 1654 homines
1699 1618 1961 1664 appellaremur
1974 1620 2013 1662 ¹⁹,
2045 1619 2123 1654 iure
2162 1619 2319 1663 gentium
2348 1618 2417 1653 tria

1330 1673 1463 1708 genera
1485 1663 1670 1699 hominum
1693 1674 1772 1699 esse
1796 1667 2002 1709 coeperunt,
2026 1663 2129 1699 liberi
2144 1668 2180 1699 et
2202 1663 2257 1698 his
2275 1667 2407 1699 contra·

1331 1708 1424 1743 rium
1447 1709 1540 1745 servi
1563 1712 1598 1744 et
1621 1708 1766 1744 tertium
1796 1719 1908 1754 genus
1940 1708 2114 1752 libertini,
2146 1709 2208 1754 qui
2239 1708 2418 1744 desierant

1334 1756 1350 1788 1
1401 1764 1478 1790 esse
1501 1754 1603 1790 servi.
1650 1753 1776 1789 Multis
1800 1758 1920 1790 autem
1943 1754 2056 1790 modis
2079 1753 2308 1789 manumissio
2333 1764 2416 1799 pro-

1332 1799 1443 1835 cedit:
1477 1802 1541 1835 aut
1564 1799 1656 1835 enim
1681 1810 1725 1835 ex
1749 1799 1862 1835 sacris
1887 1798 2202 1836 constitutionibus
2225 1800 2264 1835 in
2295 1809 2416 1835 sacro-

1332 1845 1466 1880 sanctis
1490 1844 1649 1880 ecclesiis
1674 1849 1738 1880 aut
1759 1844 1918 1880 vindicta
1926 1845 1959 1866 2⁰
1989 1848 2054 1880 aut
2081 1845 2176 1881 inter
2197 1844 2332 1881 amicos
2355 1848 2419 1880 aut

1357 1899 1396 1925 er
1419 1890 1608 1935 epistulam
1632 1894 1696 1925 aut
1718 1900 1784 1935 per
1806 1894 2060 1926 testamentum
2075 1894 2140 1925 aut
2162 1890 2269 1925 aliam
2316 1899 2415 1925 uam-

1330 1900 1417 1970 libet
1432 1935 1593 1971 ultimam
1608 1935 1839 1971 voluntatem.
1865 1934 1929 1971 sed
1947 1940 1982 1971 et
2005 1935 2084 1971 aliis
2108 1935 2229 1971 multis
2244 1901 2358 1971 moins
2374 1935 2413 1970 li-

1331 1981 1451 2016 bertas
1459 1991 1562 2016 servo
1573 1984 1774 2026 competere
1781 1984 1912 2026 potest,
1922 1981 1983 2026 qui
1990 1985 2064 2017 tam
2072 1991 2116 2016 ex
2124 1980 2302 2016 veteribus
2334 1991 2416 2017 uam

1331 2028 1351 2060 2
1403 2026 1535 2062 nostris
1560 2026 1876 2062 constitutionibus
1899 2026 2098 2063 introducti
2121 2029 2217 2062 sunt.
2266 2025 2315 2047 ²⁰
2344 2025 2417 2062 ervi

1330 2071 1423 2107 'vero
1447 2081 1470 2106 a
1501 2071 1652 2107 dominis
1685 2081 1824 2117 semper
1854 2071 2057 2107 manumitti
2087 2071 2221 2107 solent:
2254 2070 2344 2107 adeo
2376 2075 2417 2106 ut

1330 2116 1396 2152 *vel
1418 2116 1456 2152 in
1485 2117 1642 2152 transitu
1672 2115 1986 2156 manumittantur.
2018 2117 2127 2153 veluti
2159 2127 2241 2152 cum
2270 2119 2417 2162 praetor

1330 2162 1403 2197 ’aut
1424 2162 1620 2207 proconsul
1652 2165 1716 2198 aut
1745 2172 1891 2207 praeses
1914 2162 1952 2197 in
1976 2162 2145 2198 balneum
2168 2161 2224 2198 vel
2253 2161 2290 2197 in
2313 2161 2414 2197 thea-

1331 2208 1439 2243 'trum
1465 2207 1545 2243 eat.⁴

1328 2255 1348 2288 3
1427 2252 1495 2288 Lib
1499 2252 1692 2289 ertinorum
1701 2257 1819 2288 autem
1829 2256 1944 2287 status
1956 2252 2156 2298 tripertitus
2164 2255 2270 2288 antea
2278 2252 2296 2287 f
2295 2255 2397 2288 uerat
2405 2265 2415 2287 :

1327 2308 1410 2333 nam
1434 2298 1496 2343 qui
1518 2298 1873 2340 manumittebantur,
1905 2297 2010 2333 modo
2034 2298 2204 2334 maiorem
2227 2301 2263 2333 et
2285 2297 2415 2333 iustam

1326 2343 1528 2379 libertatem
1562 2343 1876 2388 consequebantur
1906 2347 1942 2379 et
1971 2342 2108 2379 fiebant
2130 2343 2224 2379 cives
2248 2341 2414 2384 Romani,

1328 2388 1433 2424 modo
1458 2388 1629 2424 minorem
1654 2393 1690 2423 et
1712 2388 1834 2423 Latini
1857 2398 1901 2423 ex
1931 2388 2008 2433 lege
2031 2388 2134 2424 Iunia
2156 2388 2330 2424 Norbana
2351 2387 2413 2423 fie-

1328 2433 1427 2476 bant,
1451 2433 1558 2469 modo
1581 2433 1785 2469 inferiorem
1809 2437 1845 2468 et
1860 2433 1997 2468 fiebant
2013 2443 2056 2468 ex
2079 2433 2156 2479 lege
2171 2432 2275 2468 Aelia
2292 2431 2415 2468 Sentis

1327 2478 1571 2514 dediticiorum
1586 2488 1744 2514 numero.
1770 2478 1834 2513 sed
1850 2478 2095 2514 dediticiorum
2110 2478 2253 2524 quidem
2260 2478 2415 2524 pessima

1328 2524 1489 2560 condicio
1520 2524 1592 2559 iam
1624 2534 1668 2559 ex
1698 2523 1817 2559 multis
1840 2523 2061 2568 temporibus
2085 2523 2123 2559 in
2147 2522 2413 2560 desuetudinem

1327 2569 1434 2612 abiit,
1465 2569 1678 2604 Latinorum
1707 2579 1791 2604 vero
1823 2578 1954 2604 nornen
1989 2580 2062 2605 non
2094 2568 2411 2614 frequentabatur:

1326 2614 1477 2660 ideoque
1507 2618 1632 2650 nostra
1662 2614 1778 2659 pietas
1810 2613 1929 2650 omnia
1953 2624 2083 2659 augere
2114 2617 2151 2650 et
2171 2613 2211 2649 in
2232 2613 2413 2650 meliorem

1327 2663 1462 2696 statum
1493 2659 1665 2695 reducere
1698 2659 1903 2695 desiderans
1938 2659 1976 2694 in
2008 2659 2149 2695 duabus
2184 2659 2411 2696 constitutio-

1327 2705 1466 2740 nibus2'2
1484 2705 1553 2741 hoc
1573 2704 1772 2740 emendavit
1790 2708 1827 2740 et
1843 2705 1881 2740 in
1899 2704 2088 2750 pristinum
2106 2707 2240 2740 statum
2259 2703 2413 2747 reduxit,

1327 2750 1412 2795 quia
1435 2753 1472 2785 et
1495 2760 1518 2786 a
1540 2750 1663 2796 primis
1688 2750 1788 2786 urbis
1811 2749 1948 2785 Romae
1979 2749 2167 2786 cunabulis
2198 2759 2272 2786 una
2303 2753 2413 2795 atque

1328 2795 1476 2841 simplex
1506 2795 1654 2831 libertas
1689 2795 1932 2841 competebat,
1968 2794 2005 2830 id
2037 2798 2091 2831 est
2126 2794 2269 2838 eadem,
2304 2805 2411 2841 quam

1327 2840 1485 2876 habebat
1499 2841 1746 2883 manumissor,
1772 2839 1841 2876 nisi
1857 2839 1953 2885 quod
1976 2840 2114 2876 scilicet
2135 2839 2322 2876 libertinus
2338 2839 2412 2875 flt²³

1352 2885 1390 2921 ui
1412 2886 1691 2930 manumittitur,
1722 2885 1807 2921 licet
1829 2885 2066 2921 manumissor
2087 2885 2262 2931 ingenuus
2286 2885 2345 2921 sit.
2377 2889 2413 2921 et

1328 2897 1513 2968 dediticios
1548 2931 1691 2977 quidem
1728 2940 1794 2976 per
1802 2930 1834 2952 ²⁴
1868 2930 2156 2967 constitutionem
2199 2930 2411 2976 expulimus,

1329 2987 1436 3022 quam
1464 2976 1764 3022 promulgavimus
1793 2975 1887 3011 inter
1917 2979 2059 3012 nostras
2091 2975 2308 3018 decisiones,
2346 2985 2412 3021 per

1329 3032 1418 3067 quas
1435 3026 1645 3067 suggerente
1659 3021 1763 3057 nobis
1780 3020 1999 3058 Triboniano
2023 3021 2098 3057 viro
2123 3020 2263 3057 excelso
2281 3030 2408 3066 quaes-

1328 3071 1407 3104 tore
1428 3067 1566 3112 antiqui
1594 3066 1682 3103 iuris
1706 3066 1958 3102 altercationes
1988 3065 2225 3112 placavimus:
2258 3065 2411 3102 Latinos

1327 3115 1447 3148 autem
1470 3111 1640 3148 Iunianos
1665 3115 1701 3148 et
1723 3121 1862 3148 omnem
1893 3121 1985 3157 quae
2009 3111 2105 3148 circa
2129 3121 2190 3148 eos
2212 3110 2323 3147 fuerit
2345 3111 2407 3147 ob—

1326 3157 1574 3194 servantiam²⁵
1598 3157 1670 3194 alia
1689 3156 1943 3193 constitutione
1961 3166 2026 3210 per
2038 3155 2196 3193 eiusdem
2232 3155 2408 3193 uaestoris

1326 3202 1584 3248 suggestionem
1600 3202 1828 3245 correximus,
1854 3212 1946 3249 quae
1967 3205 2061 3238 mter
2075 3201 2202 3248 imperi
2239 3211 2277 3237 es
2292 3201 2409 3237 radiat

1327 3363 1385 3405 (15)
1414 3362 1799 3406 Gai.1,11(Di9.1,5,o)
1915 3362 1976 3403 (to)
1991 3373 2049 3438 ἔν.
2058 3362 2176 3411 figaeae
2190 3361 2266 3404 Ulp.
2279 3361 2408 3395 laium.

1328 3407 1422 3450 (Diq.
1440 3409 1466 3449 1,
1481 3414 1506 3448 1,
1518 3409 1549 3449 4)
1615 3409 1676 3451 (1¹1)
1693 3408 1744 3441 sic
1763 3406 1866 3440 WEo
1878 3405 1972 3450 1919..
2013 3407 2128 3438 omno
2142 3404 2178 3437 B
2243 3408 2305 3446 (18)
2322 3415 2409 3439 oom-

1328 3452 1435 3491 muni]
1457 3451 1531 3491 PE,
1551 3451 1701 3486 naturali
1718 3452 1799 3495 Βίρ-
1815 3453 1856 3492 O,
1875 3463 1936 3484 om.
1948 3450 1985 3484 Β
2093 3449 2157 3491 (19)
2179 3451 2227 3484 sic
2240 3450 2308 3483 PE
2316 3449 2410 3494 Diffi,

1327 3496 1535 3539 appellemur
1544 3497 1615 3530 ΒΘ
1744 3497 1807 3538 (20)
1832 3495 1998 3537 vindicta]
2006 3496 2042 3530 E
2050 3496 2120 3537 ΠΜ,
2130 3496 2221 3530 vind.
2230 3498 2411 3529 manumit-

1328 3542 1491 3575 tunturB
1501 3540 1556 3577 W¹³
1717 3542 1776 3583 (21)
1804 3541 1881 3575 Gai.
1896 3543 1924 3582 l,
1934 3548 1971 3575 20
2132 3543 2195 3581 (22)
2223 3541 2302 3576 God.
2312 3542 2344 3582 ’1,
2355 3549 2383 3576 s.
2394 3550 2411 3575 o

1328 3587 1389 3629 (23)
1415 3586 1467 3628 fit]
1478 3588 1523 3628 B,
1541 3586 1631 3621 sitE
1638 3599 1707 3621 cum
1718 3587 1749 3620 Θ
1947 3591 2008 3623 (24)
2033 3587 2106 3628 per]
2116 3587 2152 3620 E
2162 3587 2242 3628 ΨΘ,
2261 3588 2296 3620 et
2304 3596 2365 3629 per
2375 3586 2411 3620 B

1327 3632 1389 3674 (2⁶)
1421 3642 1570 3666 omnem.
1581 3632 1858 3673 ,obser-vantium]
1873 3631 1911 3665 Ε
1917 3631 2006 3672 We,
2030 3641 2144 3665 omnes
2174 3642 2259 3675 quae
2274 3631 2409 3666 fumat

1325 3676 1539 3712 observantia
1548 3679 1621 3720 (om.
1631 3677 1722 3711 circa
1729 3677 1799 3721 eos)
1809 3676 1846 3710 B
