2528 3918
129 113 186 143 DE
204 110 468 143 HEREDITAT.
490 112 610 150 QUAE
620 112 678 143 AB
693 110 861 142 m'rEs'r.
878 111 1036 142 DEFER.

125 238 210 262 suus
234 226 336 262 heres
361 224 512 260 existere
536 226 671 268 potest:
708 233 748 257 eo
782 226 940 267 tempore
973 222 1214 268 quaerendum

126 277 197 313 est,
231 282 299 317 quo
333 274 465 305 certum
499 274 552 304 est
576 269 727 314 aliquem
754 268 829 302 sine
854 272 1065 304 testamento
1092 268 1212 303 deces-

126 318 231 352 sisse:
268 315 362 362 quod
403 314 534 350 accidit
575 316 632 349 et¹
666 314 835 349 destituto
874 318 1099 349 testamento.
1145 314 1213 348 hac

124 364 261 398 ratione
283 361 315 397 si
338 360 430 396 filius
456 359 691 396 exheredatus
716 359 823 394 fuerit
846 364 880 394 et
901 364 1090 395 extraneus
1110 359 1213 394 heres

123 408 306 443 institutus
331 409 395 448 est,
421 405 494 441 filio
518 409 657 440 mortuo
680 408 805 450 postca
828 408 964 439 certum
984 405 1093 440 fuerit
1112 405 1212 439 here-

124 454 201 488 dem
225 452 426 487 institutum
452 462 495 487 ex
518 454 732 487 testamento
758 461 830 484 non
851 450 927 485 fieri
947 450 1125 492 heredem,
1151 453 1214 484 aut

123 499 205 544 quia
228 497 342 533 noluit
374 507 452 532 esse
482 497 586 532 heres
617 499 681 531 aut
713 496 796 541 quia
829 507 900 531 non
932 496 1065 540 potuit:
1101 506 1212 540 nepos

122 554 186 579 avo
212 553 298 579 suus
322 542 424 578 heres
450 542 587 583 existet,
613 542 697 586 quia
721 553 790 586 quo
817 544 975 586 tempore
1000 544 1135 576 certum
1160 544 1214 575 est

122 590 329 625 intestatum
354 587 548 624 decessisse
572 591 710 632 patrem
742 586 913 628 familias,
947 587 1044 622 solus
1077 586 1210 621 inveni-

123 637 142 670 8
189 638 250 669 tur
273 644 396 679 nepos.
434 637 469 669 et
487 633 556 668 hoc
577 636 711 668 certum
731 635 795 667 est.
844 632 894 666 Et
912 632 995 667 licet
1016 635 1099 677 post
1118 642 1211 667 mor-

121 683 192 716 tem
217 679 273 715 avi
297 682 403 714 natus
427 678 484 721 sit,
510 683 628 713 tamen
652 689 717 713 avo
738 678 816 712 vivo
839 681 1046 722 conceptus,
1072 680 1211 712 mortuo

147 730 223 761 atre
265 724 343 760 eius
378 728 573 769 posteaque
609 723 748 759 deserto
784 723 840 758 avi
875 726 1088 758 testamento
1125 733 1211 758 suus

121 737 222 807 Heres
247 769 412 806 efficitur.
449 770 555 815 plane
580 769 610 805 si
635 773 669 804 et
694 772 890 813 conceptus
916 772 950 803 et
974 772 1080 804 natus
1105 768 1212 803 fuerit

121 820 202 862 post
226 818 374 851 mortem
399 816 465 858 avi,
490 818 631 851 mortuo
649 818 751 860 patre
770 825 834 849 suo
855 814 1066 859 desertoque
1086 817 1212 859 postea

121 862 176 897 avi
200 864 412 897 testamento
437 872 523 896 suus
547 861 650 895 heres
675 870 740 895 avo
762 870 834 895 non
855 860 983 901 existit,
1010 860 1093 905 quia
1113 859 1210 894 nullo

120 908 196 943 iure
232 906 451 952 cognationis
486 910 624 951 patrem
655 906 710 941 sui
742 905 855 950 patris
888 905 1013 950 tetigit.
1061 905 1113 940 sic
1145 915 1211 939 nec

120 953 179 988 ille
212 955 266 989 est
297 952 391 987 inter
420 952 550 987 liberos
582 962 667 994 avo,
703 961 807 996 quem
840 950 933 986 filius
967 951 1211 995 emancipatus

120 998 364 1044 adoptaverat.
408 997 446 1032 hi
477 1001 596 1032 autem
628 1007 709 1032 cum
741 1007 812 1032 non
844 999 928 1031 sunt
960 999 1133 1041 quantum
1165 995 1211 1030 ad

121 1043 353 1080 hereditatem
377 1043 498 1085 liberi,
523 1053 637 1088 neque
661 1042 836 1078 bonorum
860 1042 1124 1087 possessionem
1148 1051 1209 1086 pe-

118 1094 195 1171 }:lere
205 1091 383 1170 dppssunt
418 1088 519 1134 quasi
554 1087 707 1135 proximi
743 1088 895 1133 cognati.
940 1087 1029 1123 haec
1061 1087 1104 1123 de
1137 1087 1210 1122 suis

145 1145 203 1171 ere
228 1146 239 1169 1
266 1144 320 1170 us.

119 1184 139 1216 9
231 1179 459 1225 Emancipati
490 1182 609 1215 autem
641 1179 742 1215 liberi
773 1179 850 1214 iure
882 1178 974 1214 civili
1005 1178 1094 1214 nihil
1124 1178 1209 1213 iuris

118 1226 270 1262 habent:
304 1235 419 1270 neque
444 1225 534 1260 enim
559 1224 614 1260 sui
637 1224 786 1260 heredes
812 1227 914 1266 sunt,
940 1224 1024 1270 quia
1046 1224 1083 1258 in
1107 1227 1208 1269 pote-

118 1275 212 1308 state
237 1281 314 1307 esse
338 1270 517 1306 desierunt
539 1270 708 1315 parentis,
733 1280 849 1316 neque
868 1270 937 1305 alio
958 1270 1029 1305 ullo
1050 1270 1127 1305 iure
1146 1280 1211 1314 per

118 1318 230 1363 legem
251 1316 439 1353 duodecim
457 1316 660 1351 tabularum
679 1319 862 1351 vocantur.
900 1315 964 1351 sed
983 1318 1127 1361 praetor
1146 1325 1208 1349 na-

117 1363 225 1399 turali
249 1362 428 1407 aequitate
451 1364 569 1398 motus
594 1361 655 1397 dat
680 1362 728 1397 eis
754 1362 928 1397 bonorum
949 1361 1210 1406 possessionem

118 1408 213 1444 unde
235 1407 349 1450 liberi,
401 1407 521 1443 erinde
545 1418 587 1442 ac
613 1407 643 1442 si
666 1407 702 1442 in
727 1410 906 1452 potestate
929 1406 1088 1451 parentis
1114 1417 1208 1441 mor-

117 1454 163 1490 tis
187 1457 348 1499 tempore
389 1453 541 1495 uissent‚
566 1453 639 1488 sive
662 1453 729 1488 soli
753 1453 825 1488 sint
848 1453 921 1488 sive
946 1463 1027 1487 cum
1050 1451 1123 1487 suis
1147 1452 1208 1486 he-

117 1499 262 1536 redibus
287 1501 514 1535 concurrant.
551 1499 671 1544 itaque
691 1498 831 1534 duobus
851 1498 972 1533 liberis
993 1497 1207 1539 extantibus,

119 1544 340 1590 emancipato
366 1547 401 1580 et
425 1544 485 1590 qui
508 1544 631 1580 mortis
655 1547 814 1589 tempore
834 1544 871 1579 in
890 1546 1069 1588 potestate
1089 1543 1207 1585 fuerit,

118 1601 205 1626 sane
229 1590 369 1636 quidem
392 1590 423 1625 is
448 1589 507 1635 qui
530 1590 567 1624 in
590 1593 769 1635 potestate
792 1589 902 1624 fuerit
926 1589 1022 1624 solus
1046 1589 1124 1624 iure
1158 1589 1207 1623 ci-

117 1636 177 1672 vili
200 1636 304 1672 heres
329 1639 400 1678 est,
425 1635 462 1670 id
486 1638 541 1670 est
564 1636 661 1671 solus
686 1646 773 1670 suus
797 1635 901 1670 heres
927 1638 997 1670 est:
1031 1634 1094 1670 sed
1128 1645 1207 1670 cum

118 1681 364 1726 emancipatus
397 1680 568 1717 beneficio
601 1681 778 1726 praetoris
809 1681 846 1716 in
882 1683 1020 1725 partem
1052 1679 1206 1715 admitti-

120 1731 159 1763 10
207 1731 266 1762 tur
276 1727 301 1769 ²,
322 1726 448 1768 evenit,
466 1730 507 1761 ut
527 1737 613 1762 suus
623 1726 726 1761 heres
740 1736 803 1771 pro
817 1731 919 1771 parte
934 1726 1035 1761 heres
1048 1726 1122 1760 fiat.
1161 1727 1209 1760 At

117 1773 164 1816 hi,
189 1772 250 1819 qui
274 1772 488 1824 emancipati
512 1783 534 1807 a
557 1775 705 1817 parente
728 1772 765 1807 in
789 1771 1019 1816 adoptionem
1043 1782 1082 1807 se
1102 1771 1206 1806 dede-

116 1822 211 1861 runt,
236 1829 308 1853 non
332 1817 569 1853 admlttuntur
592 1817 639 1853 ad
661 1818 757 1852 bona
778 1817 951 1852 naturalis
972 1817 1085 1862 patris
1107 1817 1209 1862 quasi

116 1864 230 1907 liberi,
254 1863 286 1899 si
308 1863 413 1899 modo
439 1874 520 1898 cum
544 1863 574 1899 is
597 1866 796 1899 moreretur
819 1863 856 1898 in
880 1862 1048 1907 adoptiva
1071 1862 1208 1897 familia

117 1910 198 1945 sint.
235 1919 317 1944 nam
341 1909 418 1944 vivo
444 1919 485 1944 eo
511 1908 725 1953 emancipati
748 1909 794 1943 ab
816 1908 982 1954 adoptivo
1002 1911 1106 1953 patre
1127 1918 1207 1952 per-

117 1955 198 1991 inde
234 1954 471 1989 admittuntur
505 1954 551 1989 ad
583 1954 679 1989 bona
714 1954 889 1989 naturalis
923 1953 1056 1999 patris,
1101 1964 1144 1988 ac
1179 1954 1209 1988 si

117 1999 331 2045 emancipati
354 2000 399 2034 ab
423 2000 528 2045 ipso³
553 2003 673 2035 essent
696 2010 762 2035 nec
786 2009 955 2044 umquam
979 1999 1016 2034 in
1041 1998 1208 2044 adoptiva

116 2045 250 2081 familia
272 2044 444 2080 fuissent:
480 2048 514 2079 et
539 2045 788 2080 convenienter
812 2044 907 2090 quod
931 2044 978 2079 ad
1002 2044 1208 2090 adoptivum

116 2095 253 2137 patrem
272 2090 428 2136 pertinet
447 2094 697 2126 extraneorum
717 2091 797 2126 loco
812 2100 890 2126 esse
902 2090 1088 2135 incipiunt.
1126 2094 1209 2135 post

116 2140 264 2173 mortem
286 2146 368 2172 vero
394 2136 568 2172 naturalis
592 2136 705 2181 patris
730 2136 945 2181 emancipati
969 2136 1014 2171 ab
1040 2136 1207 2180 adoptivo

117 2186 152 2218 et
183 2184 356 2228 quantum
387 2181 433 2217 ad
463 2182 560 2217 hunc
594 2191 707 2226 aeque
738 2185 989 2217 extraneorum
1012 2181 1092 2217 loco
1118 2181 1209 2216 fiunt

117 2231 153 2264 et
175 2230 348 2273 quantum
373 2227 418 2263 ad
437 2227 609 2263 naturalis
630 2227 790 2272 parentis
810 2227 906 2262 bona
925 2227 1078 2272 pertinet
1099 2226 1206 2261 nihilo

116 2273 227 2319 magis
250 2273 442 2308 liberorum
464 2272 613 2318 gradum
638 2272 915 2308 nanciscuntur:
943 2272 1039 2318 quod
1055 2272 1135 2307 ideo
1156 2273 1207 2307 sic

115 2319 268 2365 placuit,
301 2318 384 2364 quia
414 2318 574 2363 iniquum
607 2322 684 2353 erat
716 2328 793 2353 esse
823 2318 859 2352 in
891 2320 1071 2362 potestate
1094 2318 1207 2362 patris

116 2363 291 2410 adoptivi,
325 2363 372 2398 ad
403 2374 492 2409 quos
524 2364 619 2399 bona
643 2364 816 2398 naturalis
840 2363 951 2408 patris
975 2363 1205 2408 pertinerent,

119 2413 156 2445 11
206 2413 326 2445 utrum
357 2409 405 2444 ad
436 2409 567 2445 liberos
601 2409 675 2444 eius
709 2419 755 2444 an
779 2408 826 2444 ad
849 2409 1035 2453 adgnatos.
1084 2409 1206 2443 Minus

117 2465 198 2500 ergo
229 2454 315 2490 iuris
347 2454 482 2490 habent
512 2454 668 2499 adoptivi
692 2465 798 2507 quam
822 2454 1015 2489 naturales.
1054 2464 1207 2498 namque

115 2500 297 2537 naturales
322 2500 536 2546 emancipati
560 2499 732 2535 beneficlo
753 2500 929 2545 praetoris
948 2500 1099 2544 gradum
1118 2500 1205 2534 libe-

115 2557 236 2582 rorum
255 2545 418 2588 retinent,
438 2545 522 2581 licet
539 2546 616 2580 iure
639 2545 731 2581 civili
750 2545 921 2590 perdunt:
947 2545 1015 2581 ado
1043 2545 1106 2580 tivi
1123 2555 1205 2580 vero

116 2591 329 2636 emancipati
354 2594 389 2626 et
418 2591 494 2626 iure
527 2590 618 2626 civili
649 2590 802 2636 perdunt
832 2590 982 2635 gradum
1039 2591 1206 2626 berorum

117 2641 153 2673 et
182 2647 204 2672 a
234 2639 399 2689 praetore
429 2647 502 2671 non
525 2636 775 2671 adiuvantur⁴.
811 2640 847 2671 et
877 2639 992 2671 recte:
1027 2636 1207 2671 naturalia

117 2683 210 2718 enim
232 2692 311 2717 lura
335 2681 445 2717 civilis
469 2682 560 2717 ratio
586 2691 767 2726 peremere
786 2692 858 2716 non
878 2685 997 2726 potest
1018 2691 1096 2723 nec,
1122 2682 1206 2726 quia

117 2727 284 2763 desinunt
297 2727 352 2762 sui
365 2727 511 2762 heredes
526 2736 614 2769 esse,
637 2727 797 2762 desinere
816 2731 968 2771 possunt
987 2726 1050 2761 filii
1069 2726 1206 2762 filiaeve

116 2777 179 2809 aut
202 2776 350 2818 nepotes
375 2775 542 2817 neptesve
566 2782 661 2807 esse:
695 2772 853 2817 adoptivi
884 2782 966 2808 vero
991 2772 1206 2816 emancipati

117 2822 364 2854 extraneorum
388 2818 466 2853 loco
491 2818 666 2862 incipiunt
690 2828 785 2860 esse,
820 2818 904 2862 quia
926 2818 982 2852 ius
1006 2828 1205 2862 nomenque

116 2863 179 2899 filii
212 2863 368 2905 filiaeve,
401 2863 495 2908 quod
531 2873 595 2908 per
626 2863 855 2908 adoptionem
890 2863 1075 2898 consecuti
1109 2867 1203 2905 sunt,

117 2909 186 2945 alia
222 2908 313 2943 civili
346 2909 504 2951 ratione,
539 2908 576 2943 id
611 2912 666 2943 est
701 2908 1004 2954 emancipatione,
1039 2907 1203 2953 perdunt.

120 2957 158 2990 12
206 2953 343 2989 Eadem
365 2953 455 2993 haec
479 2954 713 2989 observantur
737 2958 772 2989 et
795 2954 832 2988 in
856 2963 899 2988 ea
921 2954 1096 2988 bonorum
1120 2963 1203 2997 pos-

117 2999 293 3042 sessione,
327 3009 433 3044 quam
470 3003 596 3034 contra
630 2999 772 3034 tabulas
807 2998 1011 3034 testamenti
1046 2998 1203 3043 parentis

116 3045 235 3081 liberis
266 3044 486 3090 praeteritis,
522 3044 558 3079 id
587 3047 642 3079 est
672 3054 787 3090 neque
817 3044 1007 3079 heredibus
1031 3044 1203 3078 institutis

116 3100 231 3136 neque
250 3093 291 3125 ut
310 3093 452 3135 oportet
471 3089 707 3133 exheredatis,
727 3093 871 3135 praetor
890 3090 1088 3134 pollicetur.
1122 3099 1203 3123 nam

116 3146 178 3172 eos
203 3135 355 3181 quidem,
380 3135 440 3180 qui
463 3135 500 3170 in
524 3138 702 3180 potestate
720 3136 878 3180 parentis
900 3135 1023 3169 mortis
1045 3138 1204 3178 tempore

115 3181 272 3224 fuerunt,
297 3184 332 3215 et
356 3180 597 3225 emancipatos
622 3184 727 3216 vocat
750 3185 896 3226 praetor
919 3180 965 3215 ad
990 3190 1068 3215 eam
1092 3180 1203 3214 bono-

116 3237 196 3261 rum
218 3226 495 3272 possessionem:
523 3236 583 3261 eos
608 3236 709 3268 vero,
736 3226 795 3271 qui
819 3226 855 3260 in
880 3225 1048 3271 adoptiva
1070 3225 1205 3259 familia

116 3271 261 3307 fuerunt
283 3282 348 3317 per
370 3271 439 3306 hoc
469 3274 629 3316 tempus,
662 3282 731 3316 quo
763 3271 936 3306 naturalis
967 3280 1098 3315 parens
1130 3281 1204 3305 mo-

116 3320 274 3359 reretur,
299 3316 449 3362 repellit.
484 3316 568 3351 item
593 3316 778 3361 adoptivos
803 3317 934 3351 liberos
961 3316 1204 3361 emancipatos

117 3363 162 3397 ab
187 3361 353 3407 adoptivo
377 3365 480 3406 patre
504 3361 597 3397 sicut
620 3361 665 3396 ab
690 3361 871 3403 intestato,
895 3362 947 3396 ita
965 3361 1069 3406 longe
1087 3361 1204 3395 minus

118 3411 243 3443 contra
265 3406 408 3442 tabulas
432 3407 635 3442 testamenti
654 3406 700 3441 ad
721 3407 816 3442 bona
836 3407 911 3442 eius
931 3406 1097 3448 admittit,
1122 3406 1205 3450 quia

119 3520 158 3560 (1)
183 3521 230 3560 et]
247 3520 295 3552 Tv
306 3520 362 3554 W⁰
374 3533 443 3553 cum
458 3521 499 3561 Θ,
512 3530 552 3553 ex
565 3520 611 3561 B,
625 3538 679 3553 m-
693 3520 757 3562 (vel
771 3523 804 3552 et
812 3520 840 3562 ἲ)
855 3530 893 3552 ex
911 3521 959 3553 Τί
1087 3522 1131 3561 (2)
1156 3521 1204 3553 sic

118 3564 165 3604 B,
178 3565 215 3596 in
228 3567 323 3607 parte
335 3565 535 3598 admittatur
548 3565 582 3598 T
709 3567 752 3607 (3)
778 3566 867 3609 ipso]
881 3566 923 3605 Ε,
939 3565 1013 3608 ipso
1026 3568 1122 3608 patre
1135 3565 1209 3598 BT

119 3610 163 3651 (4)
187 3609 404 3653 adiuvantur]
417 3610 714 3652 Baradhibentur
729 3612 763 3644 T
835 3612 878 3652 (5)
907 3611 983 3644 Cod.
998 3611 1029 3650 8,
1039 3618 1073 3644 47
1084 3611 1158 3651 (48),
1169 3617 1202 3644 10

114 3655 162 3696 (6)
185 3656 234 3688 cie
248 3655 286 3696 T,
305 3655 463 3689 fueratB
569 3656 615 3697 (7)
637 3655 796 3696 affiniano]
811 3655 847 3688 B
866 3656 943 3689 Cod.
959 3655 990 3689 Θ
1002 3654 1058 3697 (τὸ
1071 3654 1198 3688 Afinia-

115 3699 195 3732 nion
217 3695 259 3732 δό
282 3701 358 3742 μα),
383 3700 573 3733 afabiniano
601 3701 650 3742 W,
673 3701 857 3743 papiniano
874 3700 918 3742 E,
941 3699 1118 3732 sabiniano
1140 3700 1204 3734 To

116 3745 160 3784 (τ)
184 3746 232 3778 sic
283 3769 293 3786 ,
314 3746 374 3777 hac
386 3755 526 3788 persona
541 3745 603 3779 To
699 3746 747 3785 (8)
771 3746 818 3778 sic
833 3745 942 3778 Pcum
958 3746 998 3787 Θ,
1019 3745 1199 3788 adoptione

2072 97 2217 154 INsT.
2247 96 2324 148 111,
2362 99 2377 138 1

1287 226 1326 257 13
1376 222 1543 257 desinunt
1566 221 1602 256 in
1626 221 1819 258 liberorum
1845 233 1992 259 numero
2018 232 2106 258 esse.
2155 222 2380 260 Admonendi

1284 272 1402 302 tamen
1428 277 1550 302 sumus
1576 277 1648 307 eos,
1676 268 1735 312 qui
1760 269 1795 303 in
1821 268 1989 314 adoptiva
2012 268 2148 303 familia
2168 272 2253 303 sunt
2275 270 2380 315 quive

1284 317 1365 359 post
1405 318 1553 347 mortem
1587 313 1760 348 naturalis
1796 315 1954 358 parentis
1989 314 2034 349 ab
2072 314 2241 360 adoptivo
2277 319 2380 360 patre

1285 357 1498 403 emancipati
1522 357 1664 399 fuerint,
1690 358 1858 394 intestato
1884 363 2032 404 parente
2057 360 2214 395 naturali
2238 364 2377 396 mortuo

1283 404 1367 438 licet
1391 414 1433 438 ea
1457 406 1559 448 parte
1585 402 1711 444 edicti,
1745 415 1816 448 qua
1839 405 1940 440 liberi
1965 405 2011 440 ad
2037 405 2212 440 bonorum
2235 416 2378 451 posses-

1283 449 1418 484 sionem
1444 451 1637 490 vocantur,
1663 459 1736 483 non
1760 449 2012 493 admittantur,
2038 451 2109 486 alia
2133 454 2252 486 tamen
2277 455 2379 497 parte

1283 495 1414 535 vocari,
1440 494 1476 528 id
1501 497 1554 528 est
1578 505 1649 538 qua
1674 495 1816 538 cognati
1841 495 1999 531 defuncti
2019 500 2205 531 vocantur.
2245 507 2287 532 ex
2309 508 2380 542 qua

1283 543 1385 584 parte
1409 540 1459 574 ita
1484 539 1730 581 admittuntur,
1757 540 1787 574 si
1811 551 1925 585 neque
1948 542 2003 575 sui
2025 542 2172 578 heredes
2193 542 2295 577 liberi
2317 553 2377 577 ne-

1283 596 1352 630 que
1376 584 1591 629 emancipati
1616 585 1760 620 obstent
1783 595 1899 630 neque
1924 586 2098 631 adgnatus
2120 587 2262 632 quidem
2284 588 2378 623 ullus

1282 631 1510 666 interveniat:
1537 633 1621 665 ante
1645 630 1738 665 enim
1757 635 1903 676 praetor
1922 632 2051 667 liberos
2072 636 2178 668 vocat
2199 638 2272 668 tam
2293 644 2378 669 suos

1282 676 1431 711 heredes
1457 686 1564 756 auam
1589 676 1844 722 emancipatos,
1870 676 1996 712 deinde
2020 678 2193 722 legitimos
2218 679 2377 721 heredes,

1285 725 1324 756 14
1374 721 1456 757 dein
1483 732 1502 756 e
1526 721 1708 766 proximos
1734 725 1916 767 cognatos.
1967 722 2037 762 Sed
2070 734 2111 757 ea
2143 724 2262 759 omnia
2285 725 2377 760 anti-

1282 767 1411 812 quitati
1436 767 1578 812 quidem
1602 767 1836 812 placuerunt:
1870 767 2025 812 aliquam
2058 772 2176 804 autem
2211 770 2376 805 emenda-

1282 813 1414 848 tionem
1448 823 1469 847 a
1506 816 1630 848 nostra
1666 813 1946 849 constitutione⁵
1989 818 2226 859 acceperunt,
2271 827 2378 861 quam

1282 869 1390 904 super
1412 858 1467 893 his
1500 858 1662 903 personis
1694 858 1897 903 posuimus,
1931 869 2022 905 quae
2056 870 2077 893 a
2109 861 2271 904 patribus
2303 862 2377 897 suis

1282 903 1504 939 naturalibus
1539 904 1576 938 iu
1612 903 1839 949 adoptionem
1875 905 1952 940 aliis
1989 905 2131 939 dantur.
2180 905 2376 942 invenimus

1282 949 1411 985 etenim
1436 949 1626 985 nonnullos
1651 960 1777 991 casus,
1802 950 1839 985 in
1863 950 1992 995 quibus
2017 950 2078 985 filii
2104 954 2138 985 et
2162 953 2377 987 naturalium

1281 999 1469 1040 parentum
1494 995 1759 1030 successionem
1790 999 1939 1040 propter
1973 996 2201 1048 adoptionem
2235 998 2375 1033 amitte-

1281 1040 1369 1076 bant
1401 1044 1437 1076 et
1467 1039 1660 1085 adoptione
1690 1040 1797 1076 facile
1831 1052 1895 1086 per
1919 1051 2054 1077 emanci
2082 1042 2236 1077 ationem
2261 1043 2378 1078 soluta

1281 1086 1327 1121 ad
1350 1086 1511 1122 neutrius
1536 1086 1649 1131 patris
1674 1087 1937 1122 successionem
1962 1053 2197 1123 voeagantur.
2230 1088 2299 1123 hoc
2319 1099 2376 1124 so-

1280 1132 1341 1167 lito
1367 1141 1465 1167 more
1490 1131 1707 1176 corrigentes
1733 1132 2024 1168 constitutionem
2049 1133 2275 1178 scripsimus,
2311 1145 2375 1178 per

1281 1188 1387 1222 quam
1424 1177 1665 1220 definivimus,
1709 1177 1853 1230 quando
1890 1189 2019 1223 parens
2055 1179 2230 1214 naturalis
2266 1179 2374 1218 filium

1280 1234 1384 1259 suum
1410 1222 1654 1268 adoptandum
1679 1223 1738 1258 ahi
1759 1223 1907 1266 dederit,
1932 1223 2070 1268 integra
2091 1224 2209 1259 omnia
2228 1224 2308 1260 iura
2327 1225 2377 1260 ita

1280 1269 1432 1311 servari,
1467 1272 1574 1313 atque
1606 1269 1637 1304 si
1667 1268 1706 1303 in
1737 1269 1850 1314 patris
1884 1269 2059 1305 naturalis
2091 1274 2271 1315 potestate
2296 1282 2376 1315 per-

1280 1314 1469 1350 mansisset
1493 1324 1558 1349 nec
1582 1314 1724 1359 penitus
1745 1314 1890 1360 adoptio
1912 1314 2047 1350 fuerit⁶
2071 1315 2283 1350 subsecuta:
2309 1316 2377 1352 nisi

1278 1360 1316 1394 in
1340 1360 1408 1395 hoc
1434 1359 1680 1396 tantummodo
1708 1371 1813 1403 casu,
1846 1364 1887 1395 ut
1918 1361 2033 1407 possit
2065 1361 2110 1396 ab
2134 1362 2304 1397 intestato
2331 1361 2376 1397 ad

1279 1406 1391 1450 patris
1424 1405 1581 1450 adoptivi
1612 1405 1730 1441 venire
1762 1406 2035 1442 successionem.
2074 1410 2286 1442 testamento
2312 1418 2375 1442 au-

1279 1455 1350 1486 tem
1383 1451 1428 1486 ab
1463 1462 1504 1487 eo
1536 1451 1634 1487 facto
1667 1462 1784 1497 neque
1814 1451 1892 1487 iure
1924 1452 2016 1487 civili
2047 1462 2162 1497 neque
2196 1453 2375 1498 praetorio

1279 1497 1413 1542 aliquid
1438 1507 1482 1531 ex
1505 1496 1703 1532 hereditate
1728 1498 1802 1533 eius
1827 1498 1993 1543 persequi
2013 1501 2133 1543 potest
2152 1508 2268 1543 neque
2289 1509 2374 1534 con-

1279 1545 1335 1577 tra
1366 1542 1509 1577 tabulas
1542 1542 1718 1578 bonorum
1750 1542 1978 1588 possessione
2013 1543 2135 1588 agnita
2170 1554 2286 1589 neque
2320 1545 2374 1579 in-

1279 1588 1432 1624 officiosi
1457 1588 1612 1632 querella
1636 1588 1818 1631 instituta,
1853 1600 1933 1624 cum
1965 1599 2031 1624 nec
2062 1589 2257 1625 necessitas
2281 1590 2375 1635 patri

1279 1633 1446 1679 adoptivo
1479 1633 1674 1678 imponitur
1705 1634 1758 1669 vel
1790 1634 1955 1669 heredem
1991 1645 2071 1670 eum
2102 1634 2287 1670 instituere
2320 1636 2374 1671 vel

1279 1679 1533 1714 exheredatum
1569 1679 1690 1715 facere
1725 1682 1850 1725 utpote
1892 1680 1990 1715 nullo
2034 1680 2191 1715 naturali
2232 1681 2372 1716 vinculo

1280 1725 1498 1770 copulatum.
1535 1735 1651 1770 neque
1682 1725 1713 1760 si
1745 1735 1788 1760 ex
1811 1725 2003 1761 Afinian0⁷
2027 1729 2174 1761 senatus
2208 1726 2373 1762 consulto

1279 1781 1322 1806 ex
1345 1771 1459 1805 tribus
1483 1770 1642 1805 maribus
1667 1770 1775 1806 fuerit
1799 1771 2010 1815 adoptatus:
2037 1782 2119 1806 nam
2140 1775 2175 1806 et
2193 1771 2230 1806 in
2250 1772 2372 1808 huius-

1279 1816 1375 1852 modi
1409 1827 1497 1851 casu
1529 1826 1644 1860 neque
1678 1820 1808 1861 quarta
1841 1817 1873 1851 ei
1906 1820 2069 1852 servatur
2092 1827 2157 1852 nec
2181 1817 2255 1852 ulla
2279 1818 2372 1853 actio

1279 1862 1323 1896 ad
1337 1862 1411 1897 eius
1424 1861 1710 1906 persecutionem
1731 1862 1763 1897 ei
1784 1863 1964 1907 competit.
2002 1866 2128 1898 nostra
2147 1866 2267 1898 autem
2288 1874 2372 1898 con-

1278 1908 1462 1943 stitutione
1496 1910 1667 1952 exceptus
1705 1911 1757 1942 est
1792 1908 1840 1950 is,
1886 1918 1990 1953 quem
2033 1918 2163 1953 parens
2199 1909 2372 1944 naturalis

1278 1952 1522 1998 adoptandum
1545 1953 1761 1998 susceperit:
1786 1957 1937 1998 utroque
1962 1953 2055 1988 enim
2078 1953 2155 1989 iure
2174 1957 2248 1989 tam
2269 1959 2372 1989 natu-

1278 1999 1345 2033 rali
1380 2009 1487 2043 quam
1521 1998 1676 2043 legitimo
1712 1999 1749 2033 in
1783 1998 1876 2034 hanc
1896 2010 2080 2044 personam
2091 2000 2116 2020 ⁷¹
2139 2004 2373 2035 concurrente

1278 2044 1429 2089 pristina
1452 2044 1531 2079 iura
1554 2044 1619 2079 tali
1643 2044 1851 2089 adoptioni⁸
1876 2044 2111 2087 servavimus,
2168 2045 2371 2080 uemadmo-

1279 2090 1362 2124 dum
1382 2089 1412 2124 si
1431 2093 1534 2134 pater
1553 2089 1708 2125 familias
1727 2100 1806 2125 sese
1827 2089 1964 2125 dederit
1987 2090 2146 2134 adrogan
2172 2102 2243 2125 um.
2281 2102 2372 2136 quae

1278 2135 1480 2180 specialiter
1512 2138 1548 2170 et
1578 2135 1783 2180 singillatim
1815 2145 1858 2170 ex
1889 2135 2075 2181 praefatae
2108 2136 2372 2171 constitutionis

1278 2185 1402 2216 tenore
1425 2183 1578 2225 possunt
1603 2181 1730 2226 colligi.

1281 2229 1320 2260 15
1414 2226 1503 2260 Item
1528 2229 1686 2261 vetustas
1711 2237 1755 2261 ex
1779 2226 1946 2261 masculis
1966 2227 2170 2271 progenitos
2192 2226 2272 2271 plus
2294 2227 2369 2261 dili-

1277 2282 1362 2316 gens
1398 2271 1494 2306 solos
1531 2275 1679 2316 nepotes
1715 2272 1770 2307 vel
1805 2275 1948 2317 neptes,
1987 2272 2046 2317 qui
2082 2283 2125 2307 ex
2157 2272 2247 2307 virili
2283 2283 2371 2308 sexu

1278 2317 1510 2359 descendunt,
1536 2317 1583 2352 ad
1606 2327 1753 2352 suorum
1777 2317 1931 2353 vocabat
1955 2318 2218 2353 successionem
2243 2321 2278 2352 et
2300 2317 2370 2352 iuri

1278 2362 1513 2407 adgnatorum
1538 2372 1599 2398 eos
1624 2363 1883 2408 anteponebat:
1910 2366 2057 2408 nepotes
2084 2367 2214 2405 autem,
2241 2363 2302 2408 qui
2327 2375 2369 2398 ex

1277 2408 1417 2443 filiabus
1443 2408 1519 2443 nati
1543 2411 1645 2450 sunt,
1679 2412 1714 2443 et
1737 2412 1953 2454 pronepotes
1979 2419 2023 2443 ex
2047 2409 2213 2453 neptibus
2239 2419 2368 2453 cogna-

1276 2458 1394 2488 torum
1427 2453 1506 2488 loco
1539 2464 1730 2489 numerans
1762 2458 1845 2499 post
1877 2453 2111 2498 adgnatorum
2146 2454 2275 2488 lineam
2308 2464 2369 2489 eos

1275 2499 1429 2534 vocabat
1452 2502 1526 2533 tam
1550 2499 1587 2534 in
1611 2499 1667 2534 avi
1689 2499 1743 2534 vel
1768 2500 1891 2544 proavi
1915 2499 2065 2534 materni
2086 2509 2193 2543 quam
2212 2499 2250 2533 in
2270 2500 2370 2535 aviae

1276 2544 1330 2579 vel
1354 2545 1522 2589 proaviae
1545 2544 1619 2580 sive
1651 2548 1824 2589 paternae
1851 2544 1923 2579 sive
1953 2548 2137 2579 maternae
2169 2545 2367 2580 successio-

1276 2600 1367 2624 nem.
1416 2590 1486 2624 divi
1518 2593 1637 2624 autem
1670 2590 1874 2634 principes⁹
1905 2600 1977 2625 non
2009 2590 2108 2634 passi
2139 2593 2224 2625 sunt
2259 2590 2368 2625 talem

1276 2639 1401 2671 contra
1413 2638 1579 2670 naturam
1598 2635 1764 2669 iniuriam
1785 2635 1861 2670 sine
1884 2635 2100 2680 competenti
2120 2635 2369 2671 emendatione

1275 2681 1492 2725 relinquere:
1537 2680 1599 2715 sed
1635 2691 1716 2715 cum
1752 2680 1892 2725 nepotis
1929 2683 1963 2716 et
1996 2681 2203 2726 pronepotis
2239 2692 2369 2717 nomen

1275 2736 1461 2762 commune
1493 2729 1547 2760 est
1577 2725 1737 2770 utrisque
1752 2727 1789 2767 ¹⁰,
1815 2726 1876 2770 qui
1899 2729 1972 2761 tam
1997 2736 2041 2760 ex
2064 2726 2233 2762 masculis
2261 2737 2368 2772 quam

1276 2782 1319 2806 ex
1342 2771 1482 2806 feminis
1509 2771 1741 2813 descendunt,
1765 2770 1845 2806 ideo
1870 2770 2021 2806 eundem
2043 2771 2193 2816 gradum
2218 2775 2254 2807 et
2273 2772 2366 2807 ordi-

1274 2827 1355 2852 nem
1379 2816 1615 2851 successionis
1640 2816 1690 2851 eis
1715 2816 1952 2852 donaverunt:
1985 2816 2048 2852 sed
2072 2820 2112 2851 ut
2135 2817 2268 2862 aliquid
2292 2828 2366 2852 am-

1274 2862 1366 2906 plius
1391 2862 1438 2897 sit
1462 2862 1522 2903 eis,
1549 2861 1609 2906 qui
1632 2872 1705 2896 non
1728 2862 1842 2896 solum
1866 2865 2028 2904 naturae,
2053 2862 2116 2898 sed
2140 2863 2247 2898 etiam
2270 2867 2366 2898 vete-

1274 2907 1322 2942 ris
1346 2907 1433 2941 iuris
1458 2906 1626 2950 suffragio
1651 2907 1877 2950 muniuntur,
1910 2908 2110 2952 portionem
2134 2911 2305 2953 nepotum
2330 2912 2366 2944 et

1274 2952 1430 2996 neptium
1452 2952 1507 2986 vel
1527 2951 1706 2997 deinceps,
1732 2952 1776 2988 de
1795 2953 1923 2998 quibus
1943 2964 2052 2998 supra
2072 2953 2237 2995 diximus,
2257 2954 2365 2998 paulo

1273 2996 1501 3031 minuendam
1537 3007 1614 3032 esse
1649 2997 1958 3040 existimaverunt,
1994 3002 2036 3033 ut
2072 2999 2189 3034 minus
2224 2999 2366 3034 tertiam

1299 3043 1450 3076 artem¹¹
1488 3042 1711 3087 acciperent,
1747 3054 1855 3088 quam
1890 3048 2004 3079 mater
2039 3054 2162 3080 eorum
2196 3044 2252 3079 vel
2286 3045 2367 3080 avia

1284 3087 1391 3122 ‘uerat
1415 3090 1627 3132 acceptura,
1652 3088 1707 3123 vel
1731 3092 1835 3134 pater
1859 3099 1981 3124 eorum
2005 3089 2060 3125 vel
2083 3099 2170 3125 avus
2194 3092 2365 3135 paternus

1273 3133 1346 3168 sive
1377 3136 1578 3175 maternus,
1612 3134 1755 3179 quando
1786 3134 1919 3169 femina
1949 3138 2092 3170 mortua
2122 3135 2170 3170 sit
2194 3134 2296 3170 cuius
2321 3135 2366 3170 de

1272 3178 1469 3213 hereditate
1493 3178 1620 3230 agitur,
1645 3179 1781 3224 hisque,
1806 3180 1890 3215 licet
1904 3180 1931 3200 ¹²
1955 3180 2022 3215 soli
2041 3180 2124 3222 sint,
2149 3179 2364 3215 adeuntibus

1274 3224 1448 3268 adgnatos
1482 3223 1624 3260 mmime
1658 3225 1847 3260 vocabant.
1897 3228 1934 3260 et
1967 3225 2263 3270 quemadmodum
2305 3226 2364 3260 lex

1274 3268 1461 3303 duodecim
1480 3269 1684 3305 tabularum
1703 3269 1776 3305 filio
1796 3274 1936 3306 mortuo
1957 3275 2106 3316 nepotes
2124 3271 2180 3306 vel
2199 3274 2322 3323 neptes
2336 3271 2364 3292 ¹³

1273 3315 1327 3350 vel
1350 3317 1565 3359 pronepotes
1590 3317 1626 3350 et
1647 3319 1839 3361 proneptes
1863 3316 1900 3350 in
1922 3316 2041 3352 locum
2064 3316 2176 3362 patris
2201 3327 2256 3351 sui
2275 3315 2321 3350 ad
2336 3316 2362 3336 ¹⁴¹

1273 3359 1535 3395 successionem
1558 3360 1615 3396 avi
1628 3362 1656 3383 ¹⁶
1677 3364 1800 3397 vocat:
1831 3361 1884 3396 ita
1916 3365 1952 3397 et
1980 3361 2186 3407 principalis
2211 3361 2361 3405 disposi-

1273 3405 1322 3440 tio
1337 3405 1364 3426 ¹⁰
1387 3405 1425 3440 in
1447 3405 1566 3441 locum
1597 3406 1721 3442 matris
1751 3416 1839 3442 suae
1867 3407 1922 3442 vel
1954 3407 2055 3442 aviae
2086 3417 2147 3443 eos
2179 3416 2260 3441 cum
2290 3405 2361 3441 iam

1273 3519 1375 3553 BTC'
1485 3522 1529 3561 (9)
1558 3521 1637 3555 Cod.
1650 3522 1681 3561 6,
1695 3529 1741 3561 55,
1756 3529 1774 3555 θ

1273 3565 1328 3605 (11)
1351 3565 1400 3598 sic
1415 3565 1481 3606 To,
1495 3566 1597 3598 tertia
1607 3569 1702 3608 parte
1716 3567 1752 3599 B

1271 3610 1353 3642 licet
1360 3610 1406 3651 B,
1416 3610 1469 3643 his
1480 3611 1538 3653 qui
1546 3610 1629 3644 licet
1637 3612 1666 3644 si
1677 3612 1720 3653 (si
1728 3612 1806 3645 add.
1814 3624 1897 3645 man.
1908 3618 1924 3644 2
1933 3611 1962 3652 ?)
1977 3611 2031 3648 Ta,
2042 3611 2162 3652 hisque
2171 3610 2301 3643 scilicet
2314 3609 2359 3644 Tb

1891 3522 1949 3562 (10)
1975 3522 2022 3553 sic
2037 3521 2070 3560 0,
2084 3520 2261 3560 utriusque
2273 3520 2360 3552 BF

1864 3567 1923 3608 (12)
1948 3566 2067 3606 hisque
2075 3565 2168 3605 licet]
2187 3565 2221 3604 0,
2233 3565 2286 3597 his
2299 3566 2358 3607 qui

1272 3655 1329 3696 (13)
1350 3658 1506 3697 nepotem
1515 3656 1567 3689 vel
1576 3660 1715 3698 nepotes
1726 3657 1821 3697 BP,
1833 3659 1970 3698 nepotes
1980 3655 2030 3687 vel
2040 3658 2172 3697 neptem
2186 3656 2229 3689 0²
2299 3658 2358 3698 (14)

1271 3700 1426 3786 ἓῗὲξέεῑ
1435 3701 1481 3742 Β,
1494 3704 1527 3734 et
1535 3702 1577 3734 ad
1591 3702 1624 3735 T
1717 3704 1775 3744 (15)
1800 3702 1868 3742 avi]
1881 3702 1925 3740 Β,
1934 3701 1986 3733 avi
2000 3701 2054 3732 sui
2070 3700 2103 3733 T
2190 3704 2250 3742 (16)
2280 3702 2357 3736 Cod.
