2528 3918
219 134 376 178 XX11

219 255 374 300 aufugit,
399 264 477 290 esse
499 252 703 298 fugitivum,
727 252 760 288 si
779 252 874 288 forte
895 251 975 288 ideo
998 252 1106 297 fugit,
1131 251 1216 296 quia
1236 251 1302 286 im-

219 300 400 336 moderate
431 309 471 333 eo
504 298 683 333 utebatur.
716 296 880 342 idemque
910 297 1040 342 probat
1070 301 1105 331 et
1135 296 1167 331 si
1189 296 1236 331 ab
1260 306 1302 332 eo

217 345 349 390 fugerit
371 343 430 378 cui
453 347 531 378 erat
554 342 810 385 commodatus,
835 342 865 378 si
888 345 1034 387 propter
1050 341 1199 376 eandem
1218 351 1303 376 cau-

219 400 295 426 sam
318 388 458 433 fugerit.
492 387 585 422 idem
604 387 736 432 probat
751 386 922 422 Vivianus
947 391 983 422 et
1005 386 1036 421 si
1059 385 1197 421 saevius
1222 396 1303 420 cum

219 445 261 471 eo
286 434 424 479 agebat.
459 432 549 467 haec
572 432 643 474 ita,
676 431 707 467 si
738 442 800 467 eos
824 431 973 476 fugisset
996 435 1032 466 et
1054 430 1100 465 ad
1123 430 1304 465 dominum

219 478 390 514 venisset:
424 481 581 513 ceterum
604 476 634 512 si
657 476 703 512 ad
727 476 904 512 dominum
928 486 1001 511 non
1023 475 1195 517 venisset,
1227 475 1303 510 sine

219 527 241 558 4
286 523 360 558 ulla
395 522 618 557 dubitatione
651 521 670 556 f
716 522 837 556 'tivum
871 520 983 556 videri
1015 520 1076 555 ait.
1109 518 1209 553 Idem
1234 519 1303 554 ait:

218 569 458 612 interrogatus
481 567 657 602 Proculus
714 577 734 602 e
766 577 827 608 eo,
860 566 920 610 qui
951 564 1045 600 domi
1075 564 1239 599 latuisset
1266 564 1306 599 in

219 613 290 648 hoc
322 612 477 654 scilicet,
508 615 550 647 ut
571 611 612 646 fu
636 621 678 646 ae
700 616 828 647 nactus
853 610 1074 646 occasionem
1099 619 1138 644 se
1161 609 1302 644 subtra-

218 658 338 698 heret,
361 657 423 700 ait,
446 656 589 692 tametsi
628 666 733 701 ugere
752 667 825 691 non
845 659 968 700 posset
987 654 1107 696 videri,
1132 653 1192 699 qui
1211 653 1305 689 domi

217 702 419 744 mansisset,
442 706 562 738 tamen
585 712 667 737 eum
688 701 874 746 fugitivum
896 700 1024 734 fuisse:
1049 699 1105 734 sin
1124 702 1243 734 autem
1267 699 1305 733 in

217 748 286 783 hoc
309 751 448 782 tantum
470 747 650 789 latuisset,
675 746 793 792 quoad
815 745 1000 780 iracundia-
1023 744 1176 779 domini¹
1202 743 1303 778 effer-

216 796 394 835 vesceret,
424 791 611 837 fugitivum
633 802 705 827 non
730 801 823 832 esse,
849 789 954 825 sicuti
976 800 1021 824 ne
1045 800 1125 824 eum
1149 788 1301 834 quidem,

218 837 279 882 qui
311 848 392 872 cum
424 837 604 873 dominum
634 836 927 871 animadverteret
948 834 1153 869 verberibus
1178 843 1216 868 se
1240 833 1302 868 ad-

216 883 324 919 ficere
346 882 453 926 velle,
485 881 763 927 praeripuisset2
786 890 824 915 se
848 880 894 915 ad
918 879 1088 921 amicum,
1121 889 1225 923 quem
1257 878 1303 913 ad

216 927 435 973 precandum
446 927 667 973 perduceret.
692 936 737 960 ne
750 936 828 961 eum
848 924 988 970 quidem
1007 924 1194 969 fugitivum
1213 933 1301 965 esse,

217 973 278 1018 qui
301 972 338 1008 in
361 973 430 1008 hoc
453 982 662 1017 progressus
688 974 759 1013 est,
792 974 833 1005 ut
856 980 895 1005 se
918 969 1171 1014 praecipitaret
1195 971 1301 1010 (cete-

216 1028 296 1053 rum
320 1018 427 1053 etiam
450 1027 531 1052 eum
555 1016 633 1062 quis
657 1016 842 1060 fugitivum
866 1014 1018 1057 diceret,
1051 1014 1111 1059 qui
1143 1013 1237 1048 domi
1265 1013 1303 1048 in

216 1063 330 1098 altum
352 1063 472 1098 locum
495 1062 543 1096 ad
565 1060 871 1106 praecipitandum
895 1070 933 1095 se
957 1059 1201 1102 ascendisset),
1226 1068 1301 1093 ma-

216 1107 339 1153 gisque
369 1108 467 1142 hunc
497 1111 647 1142 mortem
679 1106 747 1140 sibi
771 1105 993 1140 consciscere
1014 1104 1179 1140 voluisse.
1214 1102 1303 1138 illud

217 1152 321 1195 enim,
346 1152 443 1197 quod
466 1152 673 1203 plerumque
697 1151 742 1185 ab
767 1149 1059 1194 imprudentibus,
1083 1148 1208 1193 inquit,
1233 1147 1303 1183 dici

216 1197 326 1240 solet,
351 1208 432 1233 eum
456 1207 534 1232 esse
556 1196 760 1241 fugltivum‚
786 1195 846 1240 qui
869 1198 975 1230 nocte
1000 1194 1118 1238 aliqua
1141 1194 1217 1228 sine
1239 1203 1302 1228 vo-

215 1242 354 1278 luntate
378 1242 509 1277 domini
533 1241 760 1283 emansisset‚
793 1251 865 1275 non
889 1249 967 1275 esse
990 1249 1129 1280 verum,
1161 1237 1225 1273 sed
1255 1238 1301 1272 ab

217 1290 237 1322 5
285 1286 417 1322 affectu
437 1286 545 1322 animi
564 1287 737 1330 cuiusque
756 1283 1026 1320 aestimandum.
1073 1284 1171 1319 Idem
1181 1283 1301 1318 Vivia-

215 1342 284 1368 nus
308 1332 369 1374 ait,
394 1332 425 1367 si
447 1342 470 1366 a
491 1331 659 1376 magistro
683 1340 774 1375 puer
797 1330 945 1365 recessit
963 1334 999 1364 et
1017 1339 1143 1364 rursus
1161 1327 1208 1363 ad
1226 1338 1301 1362 ma-

215 1381 306 1412 trem
329 1377 499 1422 pervenit,
525 1387 606 1411 cum
629 1379 869 1420 quaereretur,
894 1385 979 1410 num
1001 1373 1169 1419 fugitivus
1189 1377 1300 1408 esset:

215 1422 247 1458 si
270 1422 408 1457 celandi
432 1431 542 1456 causa
565 1431 655 1466 quo,
687 1430 732 1455 ne
763 1419 810 1455 ad
842 1419 1022 1455 dominum
1054 1422 1301 1461 reverteretur,

214 1466 382 1520 fugisset,
406 1466 590 1511 fugitivum
614 1476 710 1501 esse:
743 1465 799 1500 sin
821 1475 902 1500 vero
927 1468 968 1499 ut
989 1474 1054 1509 per
1076 1467 1225 1498 matrem
1246 1462 1301 1498 fa-

215 1512 371 1547 cihorem
395 1511 681 1563 deprecationem
703 1510 852 1545 haberet
876 1509 996 1545 delicti
1027 1508 1196 1551 alicuius,
1229 1519 1302 1543 non

215 1559 236 1592 6
283 1567 362 1592 esse
379 1556 575 1601 fugitivum.
624 1555 765 1590 Caelius
789 1565 930 1600 quoque
953 1554 1086 1596 scribit,
1111 1553 1142 1588 si
1166 1563 1304 1588 servum

215 1601 360 1644 emeris,
385 1601 446 1646 qui
470 1611 508 1636 se
531 1601 569 1635 in
593 1600 749 1635 Tiberim
773 1600 920 1642 deiecit,
953 1599 984 1634 si
1006 1598 1179 1634 moriendi
1202 1598 1302 1633 dum-

213 1650 316 1682 taxat
346 1646 493 1681 consilio
527 1649 694 1690 suscepto
728 1655 751 1680 a
782 1644 924 1681 domino
957 1643 1195 1685 discessisset,
1230 1654 1304 1678 non

213 1701 291 1727 esse
321 1690 525 1736 fugitivum,
556 1690 618 1725 sed
653 1691 684 1725 si
705 1690 813 1735 fugae
861 1690 934 1724 rius
959 1689 1144 1724 consilium
1167 1688 1303 1730 habuit,

214 1736 341 1771 deinde
364 1740 503 1770 mutata
525 1735 708 1771 voluntate
730 1735 768 1770 in
791 1735 836 1770 Ti
862 1735 948 1769 erim
979 1744 1019 1769 se
1050 1733 1196 1775 deiecit,
1228 1743 1302 1768 ma-

212 1791 298 1816 nere
319 1780 515 1825 fugitivum.
553 1780 675 1815 eadem
698 1780 829 1824 probat
848 1783 884 1815 et
902 1779 946 1814 de
966 1789 1019 1821 eo,
1044 1779 1105 1823 qui
1128 1778 1172 1814 de
1194 1782 1304 1823 ponte

212 1836 253 1861 se
275 1826 532 1871 praecipitavit.
568 1825 658 1861 haec
682 1825 801 1860 omnia
823 1835 908 1860 vera
931 1828 1026 1866 sunt,
1051 1834 1142 1868 quae
1161 1823 1302 1858 Caelius

213 1874 232 1905 7
280 1871 415 1906 scribit.
462 1870 559 1906 Idem
582 1870 643 1913 ait,
668 1870 699 1906 si
723 1880 845 1906 servus
869 1874 953 1904 tuus
968 1869 1111 1914 fugiens
1131 1868 1303 1903 vicarium

212 1926 317 1951 suum
341 1925 463 1951 secum
486 1916 656 1951 abduxit:
689 1915 720 1951 si
750 1915 904 1950 vicarius
928 1914 1059 1949 invitus
1082 1917 1146 1949 aut
1167 1914 1301 1958 impru-

212 1960 300 1998 dens
334 1964 478 1997 secutus
512 1966 568 1997 est
598 1970 713 2006 neque
745 1960 970 1995 occasionem
1002 1959 1050 1994 ad
1071 1962 1108 1994 te
1131 1957 1302 1993 redeundi

212 2011 340 2042 nactus
363 2006 621 2052 praetermisit,
645 2016 718 2040 non
740 2004 853 2040 videri
875 2004 1061 2049 fugitivum
1083 2003 1212 2039 fuisse:
1238 2003 1302 2038 sed

214 2052 244 2088 si
279 2055 343 2087 aut
374 2052 457 2087 olim
482 2062 562 2086 cum
584 2050 724 2095 fugeret
746 2049 920 2084 intellexit
943 2048 1028 2094 quid
1052 2052 1216 2094 ageretur
1238 2052 1302 2083 aut

215 2100 341 2143 postea
372 2096 536 2141 cognovit
567 2095 651 2141 quid
683 2095 756 2130 acti
780 2098 873 2130 esset
896 2098 932 2130 et
954 2093 1068 2128 redire
1092 2093 1138 2128 ad
1161 2097 1197 2128 te
1221 2104 1302 2128 cum

215 2146 336 2187 posset
359 2141 490 2183 noluit,
525 2144 651 2176 contra
674 2150 764 2175 esse.
800 2139 894 2174 idem
917 2143 1022 2184 putat
1044 2138 1234 2174 dicendum
1258 2138 1302 2173 de

215 2189 234 2222 8
282 2196 343 2228 eo,
376 2196 480 2231 quem
510 2185 704 2230 plagiarius
736 2184 896 2220 abduxit.
943 2183 1042 2218 Idem
1066 2183 1207 2219 Caelius
1239 2183 1299 2225 ait,

214 2232 244 2267 si
267 2241 408 2273 servus,
442 2241 523 2266 cum
552 2231 590 2265 in
612 2230 724 2265 fundo
757 2233 870 2272 esset,
906 2229 1036 2264 exisset
1067 2228 1111 2263 de
1142 2228 1224 2262 villa
1258 2238 1302 2263 ea

213 2280 341 2318 mente,
362 2279 403 2311 ut
414 2275 620 2320 profugeret
632 2279 668 2310 et
711 2275 766 2310 uis
787 2285 876 2315 eum,
896 2274 1103 2318 priusquam
1124 2283 1168 2308 ex
1187 2273 1299 2308 fundo

213 2326 275 2356 tuo
300 2321 449 2362 exisset,
484 2320 694 2365 compr-eheu
722 2320 822 2361 sset,
854 2318 1040 2363 fugitivum
1063 2317 1191 2353 videri:
1224 2318 1299 2352 ani-

213 2369 233 2401 9
279 2377 375 2401 mum
399 2366 492 2401 enim
513 2365 699 2410 fugitivum
721 2364 851 2399 facere.
899 2363 997 2398 Idem
1028 2363 1079 2398 ait
1109 2373 1176 2398 nec
1208 2373 1299 2404 eum,

213 2412 274 2456 qui
304 2411 352 2446 ad
381 2410 502 2455 fugam
524 2410 674 2455 gradum
697 2420 807 2445 unum
831 2409 1025 2444 alterumve
1047 2407 1224 2453 promovit
1245 2408 1301 2443 vel

213 2456 319 2491 etiam
343 2465 486 2491 currere
511 2455 638 2500 coepit,
664 2454 695 2490 si
718 2454 899 2490 dominum
916 2457 1122 2499 sequentem
1142 2463 1215 2488 non
1234 2463 1299 2497 po-

216 2504 256 2535 10
302 2504 374 2536 test
397 2500 557 2542 evadere,
581 2511 655 2535 non
674 2510 753 2535 esse
771 2499 967 2543 fugitivum.
1014 2497 1113 2533 Idem
1132 2502 1229 2533 recte
1250 2497 1301 2532 ait

213 2546 385 2580 libertatis
410 2545 594 2581 cuiusdam
618 2545 772 2590 speciem
797 2554 875 2579 esse
896 2544 1040 2588 fugisse,
1064 2543 1134 2578 hoc
1157 2547 1213 2578 est
1234 2554 1298 2587 po-

216 2593 253 2625 11
302 2594 432 2625 testate
453 2590 630 2625 dominica
645 2589 683 2624 in
701 2589 879 2634 praesenti
891 2589 1080 2624 liberatum
1093 2598 1181 2623 esse.
1217 2588 1298 2633 Pig-

213 2636 291 2670 nori
315 2635 420 2670 datus
445 2645 567 2670 servus
591 2634 786 2670 debitorem
810 2634 950 2679 quidem
975 2633 1155 2668 dominum
1178 2633 1298 2675 habet,

213 2679 276 2714 sed
299 2680 340 2722 si,
365 2684 598 2724 posteaquam
621 2680 676 2714 ius
700 2689 805 2714 suum
829 2678 989 2714 exercuit
1012 2678 1177 2719 creditor,
1203 2678 1236 2712 ei
1259 2688 1298 2713 se

217 2727 257 2758 12
305 2725 501 2766 subtraxit,
526 2728 645 2769 potest
667 2724 835 2769 fugitivus
858 2723 980 2759 videri.
1028 2723 1136 2768 Apud
1157 2722 1297 2758 Labeo-

213 2779 293 2804 nem
318 2774 353 2804 et
377 2769 534 2804 Caelium
566 2770 766 2814 quaeritur,
801 2769 832 2804 si
863 2769 941 2814 quis
972 2769 1009 2803 in
1041 2768 1178 2814 asylum
1212 2778 1296 2803 con-

212 2813 343 2858 fugerit
367 2818 429 2848 aut
453 2824 493 2848 eo
518 2825 556 2849 se
580 2814 759 2855 conferat,
791 2825 861 2859 quo
894 2813 1010 2848 solent
1033 2813 1151 2848 venire
1174 2813 1235 2857 qui
1260 2822 1298 2847 se

212 2859 353 2893 venales
378 2860 571 2903 postulant,
597 2869 643 2893 an
662 2859 830 2903 fugitivus
848 2859 910 2894 sit:
979 2868 999 2893 ο
1020 2862 1107 2902 puto
1127 2867 1199 2892 non
1221 2868 1298 2892 esse

213 2913 294 2938 eum
316 2903 511 2947 fugitivum,
536 2904 597 2948 qui
616 2903 653 2938 id
671 2903 759 2938 facit
778 2903 873 2949 quod
891 2869 1034 2948 pu‘ffiice
1051 2903 1172 2938 facere
1190 2902 1297 2938 licere

213 2948 416 2983 arbitratur.
452 2959 496 2982 ne
521 2959 600 2983 eum
625 2948 775 2992 quidem,
800 2949 861 2993 qui
884 2947 930 2983 ad
953 2952 1109 2983 statuam
1133 2947 1296 2982 Caesaris

213 2992 385 3037 confugit,
404 2992 589 3036 fugitivum
609 2994 781 3028 arbitror:
804 3003 876 3028 non
898 2993 989 3028 enim
1009 2992 1166 3037 fugiendi
1178 2993 1295 3027 animo

212 3037 282 3073 hoc
304 3037 402 3072 facit.
438 3037 531 3072 idem
554 3042 640 3082 puto
665 3042 701 3073 et
723 3038 760 3072 in
784 3038 905 3081 eum³,
937 3037 997 3082 qui
1020 3037 1058 3072 in
1081 3037 1219 3082 asylum
1240 3037 1297 3072 vel

212 3081 310 3162 Pmd
343 3082 439 3116 aliud
471 3082 647 3126 confugit,
681 3083 765 3134 quia
795 3093 867 3118 non
897 3081 1053 3148 fugiendi
1085 3082 1203 3117 animo
1227 3082 1296 3117 hoc

229 3127 318 3162 acite
344 3127 374 3162 si
393 3131 511 3161 tamen
531 3131 614 3161 ante
635 3127 724 3171 fugit
745 3131 780 3163 et
802 3131 928 3172 postea
976 3137 1014 3162 se
1039 3127 1199 3169 contulit,
1224 3137 1296 3162 non

216 3174 256 3207 13
302 3171 382 3207 ideo
413 3172 524 3216 magis
556 3171 721 3215 fugitivus
754 3182 832 3207 esse
856 3172 992 3207 desinit.
1041 3172 1129 3207 Item
1155 3171 1295 3206 Caelius

213 3216 339 3251 scribit
361 3216 503 3261 placere
527 3226 605 3251 eum
631 3227 770 3260 quoque
793 3217 977 3262 fugitivum
1002 3227 1089 3258 esse,
1114 3216 1175 3261 qui
1195 3226 1237 3251 eo
1256 3226 1296 3251 se

214 3260 394 3303 conferat,
426 3260 518 3296 unde
549 3271 628 3295 eum
660 3261 822 3296 dominus
854 3262 1053 3306 reciperare
1075 3271 1148 3296 non
1170 3261 1294 3305 possit,

213 3306 395 3351 multoque
417 3306 528 3349 magis
551 3305 649 3339 illum
672 3305 857 3349 fugitivum
881 3316 969 3347 esse,
995 3306 1055 3351 qui
1079 3316 1121 3342 eo
1145 3316 1183 3341 se
1208 3316 1293 3340 con-

216 3353 258 3385 14
303 3351 413 3392 ferat,
437 3350 532 3385 unde
556 3350 685 3384 abduci
709 3361 780 3385 non
800 3352 922 3395 possit.
970 3350 1146 3386 Erronem
1163 3351 1215 3385 ita
1234 3350 1293 3385 de-

212 3395 292 3430 finit
317 3395 439 3431 Labeo
473 3394 638 3439 pusillum
669 3394 852 3438 fugitivum
884 3406 979 3437 esse,
1015 3400 1051 3430 et
1081 3405 1126 3430 ex
1156 3395 1293 3430 diverso

214 3440 398 3485 fugitivum
426 3450 590 3492 magnum
623 3449 781 3474 erronem
813 3450 900 3475 esse.
937 3440 999 3475 sed
1022 3440 1165 3484 proprie
1195 3450 1292 3475 erro-

214 3495 294 3519 nem
318 3485 370 3520 sic
392 3484 597 3520 definimus:
631 3483 691 3528 qui
722 3494 792 3518 non
826 3485 965 3529 quidem
988 3485 1097 3529 fugit,
1129 3484 1192 3520 sed
1221 3484 1292 3519 fre-

215 3600 253 3634 (ι)
278 3597 488 3628 dominorum
500 3595 553 3629 F²
644 3599 687 3638 (2)
714 3596 936 3637 proripuisset
950 3599 1110 3630 Budaeus
1190 3602 1232 3634 (3)
1257 3607 1296 3630 eo

212 3653 274 3673 scr.
357 3643 399 3681 (4)
424 3652 462 3674 eo
476 3643 536 3675 ins.
550 3641 631 3674 Hal.
713 3644 755 3677 (ὁ)
781 3640 918 3672 delituit
929 3643 1011 3675 Hal.
1094 3643 1138 3682 (6)
1163 3642 1296 3674 etiamsi

212 3685 247 3716 in
270 3696 308 3717 eo
329 3690 471 3718 errasset
490 3686 541 3717 vel
562 3686 662 3717 etiam
683 3685 843 3717 mentitus
857 3689 944 3718 esset
957 3688 1007 3718 vel
1016 3687 1136 3719 similia
1149 3688 1297 3719 videntur

214 3731 372 3763 accidisse
475 3733 518 3771 (7)
543 3730 752 3762 mentiendos
765 3730 799 3762 F
896 3733 940 3771 (8)
967 3741 1194 3772 quaecumque
1207 3742 1295 3763 com·

1294 127 1380 175 272

2135 143 2194 174 DE
2222 143 2455 180 AEDILIOIO

1372 256 1522 297 quenter
1544 252 1620 288 sine
1643 263 1754 288 causa
1775 256 1924 298 vagatur
1947 257 1982 288 et
2004 253 2223 298 temporibus
2246 254 2283 290 in
2305 265 2364 291 res
2387 266 2454 291 nu-

1375 300 1416 332 15
1462 297 1618 349 gatorias
1650 298 1868 342 consumptis
1901 298 2013 333 serius
2037 297 2180 333 domum
2203 298 2304 334 redit.
2349 300 2457 345 Apud

1373 341 1532 376 Caehum
1562 341 1735 387 scriptum
1765 346 1836 378 est:
1867 342 1985 378 liberti
2016 342 2112 388 apud
2142 346 2332 388 patronum
2354 345 2455 380 habi-

1371 387 1481 421 tantis
1505 386 1568 428 sic,
1593 390 1634 421 ut
1657 387 1723 422 sub
1746 397 1819 422 una
1843 387 1941 422 clave
1963 391 2042 422 tota
2062 387 2137 423 eius
2155 388 2330 424 habitatio
2352 394 2455 433 esset,

1373 441 1495 466 servus
1520 441 1563 466 ea
1585 435 1714 474 mente,
1738 442 1783 467 ne
1805 432 1937 467 rediret
1955 432 2002 467 ad
2022 443 2113 474 eum,
2138 436 2240 468 extra
2262 433 2454 470 habitatio-

1373 486 1454 511 nem
1473 476 1591 511 liberti
1609 475 1688 518 fuit,
1706 476 1770 511 sed
1786 476 1881 511 intra
1901 477 2007 512 aedes
2056 477 2181 519 atroni‚
2201 482 2237 513 et
2255 482 2334 514 tota
2351 483 2457 515 nocte

1372 520 1558 556 oblituit⁵z
1590 520 1701 556 videri
1724 531 1802 556 esse
1824 521 2010 566 fugitivum
2063 521 2175 557 aelius
2199 523 2260 557 ait.
2296 523 2403 568 plane
2427 524 2457 559 si

1371 565 1480 600 talem
1513 565 1711 601 custodiam
1742 576 1786 601 ea
1814 566 1988 601 habitatio
2021 577 2093 601 non
2123 567 2249 602 habuit
2280 572 2315 603 et
2344 568 2383 604 in
2414 579 2457 604 ea

1373 610 1463 645 cella
1485 610 1634 646 libertus
1658 610 1840 654 habitavit,
1866 611 1924 646 cui
1947 621 2133 648 commune
2157 615 2193 647 et
2241 612 2457 648 romiscuum

1371 655 1527 700 plurium
1547 655 1717 690 cellarum
1733 656 1803 691 iter
1822 660 1886 698 est,
1912 660 2038 691 contra
2081 656 2198 692 lacere
2242 657 2346 693 ebere
2367 657 2455 693 Cae-

1375 702 1416 735 16
1461 700 1530 735 lius
1554 700 1605 735 ait
1628 704 1664 735 et
1685 700 1808 736 Labeo
1832 701 1974 745 probat.
2022 701 2039 735 I
2065 711 2119 736 em
2143 701 2281 737 Caelius
2305 703 2356 737 ait
2379 713 2453 738 ser-

1371 755 1453 780 vum
1475 745 1513 780 in
1534 745 1752 790 provinciam
1774 746 1920 781 missum
1944 756 1966 781 a
1986 745 2138 788 domino,
2163 756 2244 782 cum
2264 757 2344 782 eum
2362 758 2455 783 mor-

1371 793 1473 825 tuum
1497 800 1575 825 esse
1598 793 1635 826 et
1656 794 1868 826 testamento
1893 801 1931 826 se
1950 790 2100 826 liberum
2118 791 2280 826 relictum
2299 792 2458 828 audisset

1372 839 1408 870 et
1426 834 1463 869 in
1483 835 1606 870 eodem
1627 834 1746 871 officio
1767 836 2021 881 permansisset
2039 839 2249 881 tantumque
2266 847 2332 882 pro
2344 837 2455 873 libero

1372 890 1411 915 se
1433 890 1557 925 gerere
1588 891 1651 915 coe
1677 880 1782 922 isset,
1815 882 1932 915 6hunc
1955 891 2028 916 non
2052 890 2130 916 esse
2151 880 2357 925 fugitivum:
2389 892 2455 918 nec

1372 925 1464 960 enim
1494 925 1649 960 mentien
1675 927 1719 960 0⁷
1743 936 1782 961 se
1810 926 1979 968 liberum,
2010 925 2145 970 inquit,
2177 925 2216 961 fu
2243 926 2346 962 'tivus
2379 937 2457 962 esse

1374 972 1413 1022 17
1462 970 1598 1015 coepit,
1631 970 1714 1015 quia
1744 971 1820 1006 sine
1851 970 1958 1015 fugae
1981 970 2127 1006 consilio
2150 970 2187 1006 id
2209 937 2305 1006 fficit.
2353 971 2456 1015 Quod

1371 1018 1472 1050 amnt
1494 1015 1626 1050 aediles
1650 1019 1757 1051 ‘noxa
1774 1015 1912 1051 solutus
1931 1026 2003 1050 non
2023 1015 2091 1058 sit’,
2115 1015 2167 1051 sic
2185 1015 2457 1060 intellegendum

1371 1063 1435 1101 est,
1459 1063 1498 1095 ut
1517 1070 1589 1095 non
1606 1060 1676 1096 hoc
1697 1060 1827 1096 debeat
1845 1059 2068 1106 pronuntiari
2089 1060 2222 1096 nullam
2234 1071 2314 1096 eum
2327 1071 2457 1096 noxam

1371 1105 1605 1147 commisisse,
1641 1105 1706 1141 sed
1735 1105 1823 1140 illud
1854 1115 1948 1140 noxa
1983 1105 2139 1141 solutum
2170 1116 2268 1149 esse,
2301 1106 2372 1141 hoc
2404 1111 2458 1141 est

1369 1150 1490 1184 noxali
1521 1150 1652 1186 iudicio
1685 1151 1885 1186 subiectum
1916 1160 1989 1185 non
2020 1160 2115 1186 esse:
2150 1161 2231 1196 ergo
2263 1150 2295 1186 si
2325 1161 2456 1186 noxam

1373 1197 1413 1229 18
1447 1195 1621 1230 commisit
1628 1205 1695 1231 nec
1702 1199 1898 1240 permanet,
1907 1205 2002 1230 noxa
2011 1195 2150 1230 solutus
2158 1195 2308 1231 videtur.
2332 1195 2456 1231 Noxas

1370 1240 1533 1285 accipere
1558 1240 1727 1276 debemus
1750 1241 1920 1320 privatas,
1944 1241 2012 1276 hoc
2037 1244 2092 1275 est
2115 1251 2187 1283 eas,
2212 1251 2457 1286 quaecumque

1371 1285 1639 1320 committuntur
1656 1296 1700 1320 ex
1716 1285 1759 1320 de
1775 1285 1864 1327 'ctis,
1884 1295 1957 1320 non
1976 1285 2128 1330 publicis
2149 1285 2355 1322 criminibus
2367 1286 2392 1328 ⁸,
2414 1296 2457 1321 ex

1371 1329 1499 1374 quibus
1523 1330 1640 1374 agitur
1661 1330 1801 1365 iudiciis
1832 1330 2038 1365 noxalibus:
2073 1330 2223 1375 denique
2254 1330 2457 1382 specialiter

1372 1378 1517 1410 cavetur
1526 1375 1619 1410 infra
1630 1375 1674 1410 de
1695 1385 1738 1411 ca
1763 1375 1907 1410 italibus
1926 1374 2125 1410 fraudibus.
2162 1385 2206 1410 ex
2224 1376 2371 1428 privatis
2392 1386 2456 1411 au·

1370 1423 1442 1454 tem
1465 1420 1579 1455 noxiis
1604 1420 1717 1455 oritur
1765 1431 1906 1455 amnum
1929 1420 2184 1465 pecuniarium,
2209 1430 2240 1455 si
2263 1420 2341 1466 quis
2364 1420 2457 1456 forte

1370 1475 1487 1500 noxae
1497 1465 1626 1500 dedere
1638 1465 1800 1506 noluerit,
1824 1465 1886 1500 sed
1902 1465 1974 1500 litis
1995 1465 2274 1500 aestimationem
2295 1465 2454 1501 sufferre.

1375 1512 1415 1544 19
1463 1509 1502 1544 Si
1533 1511 1610 1554 quis
1641 1511 1722 1545 talis
1747 1510 1794 1545 sit
1817 1520 1958 1552 servus,
1992 1509 2053 1555 qui
2083 1510 2226 1545 omnino
2258 1510 2457 1545 manumitti

1371 1565 1444 1590 non
1466 1555 1581 1599 possit
1605 1566 1648 1590 ex
1673 1555 1997 1597 constitutionibus,
2021 1555 2077 1590 vel
2099 1555 2130 1590 si
2153 1555 2219 1590 sub
2243 1565 2362 1600 poena
2380 1555 2455 1590 vin·-

1371 1599 1531 1635 culorum
1556 1600 1748 1635 distractus
1772 1600 1819 1635 sit
1849 1610 1871 1634 a
1902 1599 2043 1635 domino
2076 1599 2132 1635 vel
2163 1600 2209 1635 ab
2241 1600 2361 1652 aliqua
2390 1610 2455 1646 po-

1372 1648 1503 1680 testate
1527 1645 1713 1680 damnatus
1736 1645 1792 1680 vel
1823 1645 1854 1680 si
1885 1644 2172 1690 exportandus¹³=
2206 1645 2457 1690 aequissimum

1371 1693 1414 1724 20
1462 1690 1529 1725 erit
1550 1690 1656 1725 etiam
1674 1691 1745 1725 hoc
1764 1689 1932 1734 praedici.
1980 1690 2018 1724 Si
2036 1689 2116 1734 quis
2136 1689 2374 1725 adfirmaverit
2392 1690 2455 1725 ali-

1372 1734 1458 1779 quid
1473 1734 1599 1770 adesse
1615 1745 1715 1771 servo
1741 1745 1806 1770 nec
1830 1734 1934 1777 adsit,
1959 1735 2015 1769 vel
2038 1735 2165 1770 abesse
2188 1738 2224 1770 et
2246 1734 2350 1777 adsit,
2380 1736 2456 1770 ¹⁰ut

1370 1783 1460 1825 puta
1483 1780 1514 1814 si
1538 1780 1665 1815 dixerit
1687 1780 1802 1815 furem
1824 1790 1898 1815 non
1920 1789 1999 1815 esse
2023 1783 2059 1814 et
2080 1779 2140 1814 fur
2170 1779 2235 1822 sit,
2267 1780 2299 1815 si
2329 1779 2454 1815 dixerit

1372 1823 1545 1859 artificem
1568 1835 1646 1860 esse
1671 1829 1707 1860 et
1730 1835 1802 1860 non
1826 1825 1889 1860 sit:
1921 1824 1959 1860 hi
1982 1825 2092 1866 enim,
2126 1824 2210 1870 quia
2233 1824 2329 1870 quod
2352 1824 2455 1860 adse-

1371 1874 1580 1904 veraverunt
1610 1881 1682 1905 non
1730 1873 1908 1912 raestant,
1941 1869 2108 1905 adversus
2141 1869 2274 1905 dictum
2303 1870 2454 1915 promis-

1371 1924 1492 1950 sumve
1514 1914 1634 1950 facere
1657 1915 1689 1950 vi
1717 1918 1831 1950 entur.

1421 1956 1471 1996 18
1499 1959 1623 1995 Gmss
1650 1960 1741 1996 libro
1791 1961 1882 1995 rimo
1906 1960 1956 1995 ad
1978 1960 2131 1995 edictum
2155 1960 2325 1995 aedilium
2349 1970 2455 1996 curu»

1371 2004 1457 2039 lium
1504 2004 1542 2039 Si
1573 2005 1658 2050 quid
1688 1971 1849 2040 venditor
1872 2005 1916 2040 de
1939 2005 2116 2050 mancipio
2140 2004 2379 2040 adfirmaverit
2400 2004 2454 2039 id-

1370 2059 1439 2094 que
1462 2060 1535 2085 non
1557 2049 1609 2084 ita
1632 2060 1709 2085 esse
1740 2054 1879 2095 emptor
1908 2054 2096 2095 queratur,
2131 2054 2195 2085 aut
2224 2050 2454 2086 redhibitorio

1370 2098 1434 2129 aut
1456 2095 1695 2130 aestimator-io
1722 2095 1768 2134 (id
1791 2098 1845 2130 est
1864 2098 1998 2140 quanto
2017 2095 2174 2136 minoris)
2198 2094 2329 2130 iudicio
2351 2106 2455 2140 agere

1367 2143 1505 2183 potest:
1530 2140 1628 2175 verbi
1651 2140 1766 2184 gratia
1785 2140 1816 2175 si
1836 2143 2057 2175 constantem
2077 2143 2141 2175 aut
2156 2140 2374 2176 laboriosum
2393 2145 2456 2175 aut

1368 2194 1552 2219 curracem
1565 2186 1592 2206 ¹¹
1616 2185 1799 2230 vigilacem
1823 2195 1911 2227 esse,
1936 2189 1999 2220 aut
2018 2195 2062 2220 ex
2079 2184 2286 2230 frugalitate
2306 2195 2372 2220 sua
2391 2196 2453 2230 pe-

1370 2229 1502 2264 culium
1533 2229 1777 2274 adquirentem
1812 2229 2070 2272 adfirmaverit,
2105 2232 2142 2265 et
2170 2229 2200 2265 is
2236 2239 2281 2265 ex
2316 2230 2453 2265 diverso

1367 2274 1454 2309 levis
1477 2278 1663 2318 protervus
1688 2275 1885 2310 desidiosus
1909 2275 2167 2310 somniculosus
2199 2275 2299 2320 piger
2328 2275 2454 2310 tardus

1369 2329 1530 2354 comesor
1560 2319 1770 2354 inveniatur.
1806 2321 1895 2355 haec
1926 2320 2045 2355 omnia
2076 2319 2239 2354 videntur
2271 2330 2312 2355 eo
2343 2320 2452 2364 perti-

1369 2374 1472 2406 nere,
1505 2374 1551 2399 ne
1573 2364 1609 2399 id
1634 2364 1730 2410 quod
1753 2364 1991 2400 adfirmaverit
2012 2364 2174 2400 venditor
2197 2374 2316 2400 amare
2338 2365 2385 2399 ab
2411 2375 2452 2400 eo

1370 2408 1541 2453 exigatur,
1566 2409 1629 2444 sed
1653 2420 1734 2444 cum
1781 2409 1911 2445 nodam
1933 2413 2223 2454 temperamento,
2246 2414 2288 2444 ut
2310 2410 2342 2445 si
2360 2409 2454 2445 forte

1369 2457 1591 2489 constantem
1617 2464 1695 2489 esse
1718 2465 1740 2489 a
1846 2455 1967 2497 averit,
1992 2465 2065 2490 non
2089 2458 2218 2489 exacta
2238 2454 2393 2499 gravitas
2417 2458 2453 2489 et

1369 2499 1571 2534 constantia
1595 2499 1697 2544 quasi
1720 2510 1742 2534 a
1760 2499 1971 2545 philosopho
1992 2499 2222 2541 desideretur,
2247 2503 2283 2534 et
2301 2499 2332 2534 si
2350 2499 2451 2534 labo-

1367 2544 1502 2579 riosum
1526 2547 1562 2578 et
1584 2544 1767 2589 vigilacem
1791 2544 2029 2579 adfirmaverit
2052 2554 2139 2586 esse,
2164 2554 2237 2579 non
2260 2544 2450 2580 continuus

1367 2588 1470 2623 labor
1492 2598 1557 2633 per
1581 2589 1655 2624 dies
1679 2593 1873 2634 noctesque
1905 2590 1950 2624 ab
1984 2599 2025 2624 eo
2058 2589 2236 2633 exigatur,
2268 2588 2332 2624 sed
2362 2589 2452 2623 haec

1368 2634 1488 2668 omnia
1519 2644 1562 2668 ex
1593 2635 1686 2670 bono
1713 2639 1748 2669 et
1770 2645 1792 2669 a
1837 2645 1883 2670 uo
1907 2634 2045 2670 modice
2068 2633 2321 2669 desiderentur.
2357 2633 2451 2668 idem

1368 2682 1403 2713 et
1425 2679 1463 2713 in
1488 2679 1614 2714 ceteris
1639 2689 1730 2724 quae
1753 2690 1819 2714 ven
1847 2680 1914 2714 ‘tor
1936 2678 2175 2714 adfirmaverit
2196 2678 2449 2724 intellegemus.

1370 2727 1384 2757 1
1434 2723 1624 2766 Venditor‚
1650 2724 1710 2769 qui
1733 2725 1904 2769 optimum
1928 2735 2052 2759 cocum
2076 2733 2153 2759 esse
2177 2723 2325 2766 dixerit,
2357 2723 2449 2775 opti-

1366 2779 1461 2803 mum
1484 2769 1523 2803 in
1546 2779 1587 2804 eo
1612 2769 1761 2805 artificio
1792 2772 1976 2814 praestare
2006 2769 2127 2804 debet:
2162 2768 2223 2814 qui
2252 2778 2335 2804 vero
2367 2778 2450 2804 sim-

1365 2813 1505 2858 pliciter
1518 2824 1641 2848 cocum
1653 2824 1732 2849 esse
1743 2814 1880 2855 dixerit,
1901 2814 1988 2848 satis
2009 2813 2128 2848 facere
2140 2813 2290 2855 videtur,
2313 2813 2450 2848 etiamsi

1365 2858 1577 2894 mediocrem
1602 2869 1726 2894 cocum
1749 2862 1915 2904 praestet.
1959 2858 2051 2893 idem
2076 2862 2111 2894 et
2133 2858 2170 2893 in
2194 2858 2321 2893 ceteris
2343 2868 2448 2903 gene-

1365 2905 1385 2937 2
1432 2903 1530 2938 ribus
1549 2903 1790 2938 artificiorum.
1836 2904 1959 2948 Aeque
1979 2904 2009 2938 si
2052 2903 2107 2940 uis
2126 2903 2332 2948 simpliciter
2351 2902 2448 2938 dixe-

1364 2948 1412 2982 rit
1433 2948 1648 2992 peculiatum
1672 2958 1749 2983 esse
1772 2958 1930 2990 servum,
1962 2915 2113 2991 suflicit,
2145 2948 2176 2984 si
2207 2948 2238 2983 is
2268 2947 2324 2983 vel
2346 2947 2447 2982 mini·

1364 3003 1460 3027 mum
1483 2993 1615 3028 habeat
1637 2993 1824 3037 peculium.

1411 3035 1462 3074 19
1493 3037 1688 3073 mmmm
1707 3038 1797 3074 libro
1814 3038 1937 3084 primo
1957 3037 2006 3072 ad
2025 3037 2175 3073 edictum
2195 3037 2365 3073 aedilium
2385 3048 2447 3073 cu-

1363 3081 1496 3117 rulium
1542 3081 1733 3117 Sciendum
1763 3087 1882 3118 tamen
1913 3086 1969 3118 est
1999 3082 2174 3127 quaedam
2205 3086 2242 3118 et
2264 3082 2295 3118 si
2318 3082 2448 3117 dixerit

1363 3130 1546 3206 graestare
1571 3137 1650 3161 eum
1674 3138 1746 3162 non
1770 3127 1909 3169 debere,
1933 3127 2070 3162 scilicet
2092 3137 2153 3170 ea,

1388 3181 1445 3206 am
1477 3171 1616 3207 laudem
1649 3172 1739 3207 servi
1769 3173 1964 3217 pertinent:
1996 3172 2104 3207 veluti
2134 3171 2165 3207 si
2221 3172 2229 3179 ’
2257 3171 2324 3207 erit
2353 3170 2412 3206 fru
2437 3171 2445 3178 ⁰

1362 3216 1514 3260 probum
1527 3216 1622 3251 dicto
1643 3217 1853 3252 audientem.
1886 3222 1928 3251 ut
1947 3217 2039 3251 enim
2050 3216 2180 3252 Pedius
2200 3216 2334 3258 scribit,
2355 3182 2447 3250 muff-¹

1363 3265 1438 3296 tum
1460 3261 1626 3303 interest,
1659 3262 1926 3297 commendandi
1950 3261 2041 3297 servi
2065 3271 2176 3297 causa
2198 3260 2282 3306 quid
2305 3260 2446 3302 dixerit,
2501 3284 2504 3286 ψ

1366 3309 1379 3339 1
1430 3315 1477 3340 an
1488 3315 1571 3341 vero
1609 3310 1847 3342 raestaturum
1859 3316 1897 3342 se
1905 3306 2104 3351 promiserit
2113 3305 2208 3351 quod
2216 3305 2315 3340 dixit.
2334 3305 2447 3340 Plane
2498 3320 2499 3323 ¹

1362 3350 1393 3385 si
1416 3350 1545 3385 dixerit
1604 3355 1758 3386 eatorem
1790 3362 1862 3386 non
1893 3361 1988 3394 esse,
2019 3350 2133 3386 furem
2164 3361 2237 3386 non
2268 3359 2367 3392 esse,
2399 3349 2445 3384 ad

1362 3399 1518 3430 statuam
1542 3406 1734 3442 numquam
1757 3396 1975 3441 confugisse,
2007 3400 2148 3440 oportet
2178 3406 2258 3430 eum
2280 3395 2317 3430 id
2336 3404 2443 3447 prae-

1362 3442 1382 3474 2
1430 3445 1537 3475 stare.
1585 3440 1729 3475 Dictum
1749 3451 1771 3475 a
1791 3441 1962 3485 promisso
1983 3440 2035 3475 sic
2055 3440 2283 3475 discernitur:
2311 3439 2443 3474 dictum

1361 3484 1567 3528 accipimus,
1592 3485 1687 3529 quod
1711 3486 1816 3521 verbo
1841 3489 1945 3520 tenus
1968 3485 2238 3530 pronuntiatum
2257 3487 2311 3519 est
2330 3483 2443 3519 nudo-

1364 3597 1547 3629 mittuntur
1560 3608 1598 3630 ex
1612 3597 1755 3637 delictis,
1770 3609 1836 3630 non
1850 3597 1996 3639 publicis
2009 3597 2207 3630 criminibus
2220 3597 2281 3630 del.
2364 3597 2409 3638 (9)
2422 3606 2443 3627 ι

1367 3641 1503 3674 domino
1524 3642 1576 3674 vel
1599 3643 1628 3674 si
1649 3643 1875 3685 exportandus
1895 3642 1946 3674 vel
1969 3642 2009 3674 ab
2030 3642 2072 3674 al.
2094 3646 2163 3682 pot.
2184 3641 2361 3674 damnatus
2378 3651 2443 3674 ccv.

1365 3689 1424 3727 (10)
1450 3690 1582 3719 tenetur
1596 3689 1647 3720 ins
1751 3690 1805 3727 (ιι)
1831 3691 1890 3719 aut
1903 3689 1962 3720 ins.
1977 3687 2058 3720 Hal.

2210 3126 2445 3162 uaeadnu·
2500 3127 2525 3144 ·’
