2528 3918
162 92 250 135 Vl

162 216 295 250 carent.
332 213 409 258 lege
430 212 641 258 impeditur,
666 213 726 258 qui
749 217 877 249 senatu
899 218 1017 248 motus
1042 216 1108 248 est.
1143 212 1249 248 mori-

160 260 230 295 bus
251 257 406 294 feminae
429 261 465 293 et
487 258 589 300 servi,
614 267 687 293 non
710 258 793 304 quia
815 268 889 294 non
912 258 1047 293 habent
1070 256 1249 299 iudicium,

161 304 225 341 sed
247 302 332 349 quia
353 313 434 338 rece
460 306 536 337 tum
559 305 633 346 est,
664 306 706 338 ut
737 303 897 339 civilibus
921 302 1048 338 officiis
1072 312 1144 337 non
1167 302 1249 337 fun-

162 352 183 385 3
228 351 370 394 gantur.
449 347 486 382 ui
507 351 659 392 possunt
689 358 768 384 esse
797 348 951 390 iudices,
984 347 1071 382 nihil
1101 346 1252 382 interest

160 394 199 430 in
247 395 400 429 otestate
422 402 471 427 an
494 393 551 428 sui
572 392 660 428 iuris
683 393 765 429 sint.

236 436 259 476 3
289 437 413 474 GAIUS
442 437 533 473 libro
567 439 717 485 septimo
751 437 802 474 ad
832 437 987 474 edictum
1024 436 1251 484 provinciale

160 484 204 520 In
226 483 342 519 tribus
364 482 443 518 istis
466 481 605 518 iudiciis
628 482 783 519 familiae
803 482 1045 523 erciscundae,
1071 480 1250 517 communi

162 527 353 564 dividundo
379 531 415 563 et
436 526 560 563 finium
583 528 822 574 regundorum
845 527 1029 573 quaeritur
1049 526 1128 571 quis
1149 530 1251 561 actor

161 573 407 619 intellegatur,
442 572 527 618 quia
560 583 628 618 par
661 583 772 609 causa
803 573 959 608 omnium
991 571 1141 607 videtur.
1187 570 1250 606 sed

161 618 273 664 magis
296 617 436 664 placuit
465 627 547 654 eum
578 617 690 654 videri
720 622 879 654 actorem
911 617 971 662 qui
1002 616 1049 651 ad
1079 615 1249 652 iudicium

185 666 401 699 revocasset.

160 675 184 711 p
211 706 262 746 14
301 707 498 744 Uzmzws
528 707 621 744 libro
655 707 813 744 secundo
849 706 1132 753 disputationum
1180 706 1250 741 Sed

162 764 245 834 culm
268 752 373 789 ambo
398 752 446 789 ad
468 752 639 788 iudicium
662 755 868 798 provocant,
894 755 990 787 sorte
1012 762 1070 787 res
1095 751 1250 787 discerni

160 809 202 836 so
216 802 262 835 et.

211 842 261 881 15
285 842 395 879 IDEM
413 843 504 879 libro
527 843 716 879 vicensimo
733 842 857 889 primo
882 840 931 876 ad
948 841 1102 877 edictum
1137 841 1250 876 Filius

159 888 314 925 familias
325 889 336 910 ¹
355 887 464 924 iudex
484 888 621 924 silitem
634 898 735 923 suam
747 887 868 929 faciat,
892 886 929 921 in
947 890 1086 921 tantam
1107 886 1249 931 quanti-

161 938 273 970 tatem
295 937 457 976 tenetur,
487 943 579 978 quae
601 937 688 968 tunc
710 932 748 967 in
771 931 911 977 peculio
935 930 1021 974 fuit,
1054 942 1136 967 cum
1167 941 1247 966 sen-

164 982 179 1015 1
227 978 376 1014 tentiam
407 978 561 1014 dicebat.
609 977 721 1012 Iudex
750 980 837 1011 tunc
870 976 966 1012 litem
997 986 1098 1011 suam
1128 976 1250 1011 facere

159 1024 260 1060 intell
304 1023 392 1066 ‘tur,
426 1034 508 1059 cum
532 1023 612 1058 dolo
636 1022 728 1057 malo
751 1022 789 1056 in
811 1021 974 1056 fraudem
997 1021 1083 1066 legis
1108 1025 1249 1056 senten-

159 1070 249 1105 tiam
297 1069 304 1076 '
332 1068 399 1104 erit
423 1068 516 1110 (dolo
541 1068 634 1103 malo
658 1071 777 1102 autem
800 1066 940 1102 videtur
962 1066 1031 1101 hoc
1054 1066 1195 1109 facere,
1220 1066 1250 1101 si

160 1113 303 1150 evidens
339 1117 510 1159 arguatur
545 1113 620 1147 eius
654 1112 710 1147 vel
744 1112 859 1157 gratia
890 1111 947 1147 vel
979 1111 1165 1146 inimicitia
1195 1111 1250 1147 vel

161 1159 269 1196 etiam
288 1158 437 1204 sordes),
462 1161 503 1195 ut
524 1167 643 1194 veram
667 1157 948 1194 aestimationem
971 1156 1043 1193 litis
1067 1159 1251 1203 praestare

162 1208 322 1243 costatur.

205 1232 262 1289 ἳὸ
286 1251 395 1287 IDEM
412 1250 503 1286 libro
527 1250 652 1295 quinto
677 1249 726 1285 ad
748 1249 902 1284 edictum
948 1248 1107 1283 Iulianus
1131 1251 1250 1283 autem

160 1297 199 1333 in
221 1296 386 1332 heredem
408 1295 546 1337 iudicis,
571 1295 632 1339 qui
653 1294 751 1329 litem
775 1303 877 1329 suam
899 1292 997 1336 fecit,
1021 1296 1126 1338 putat
1138 1292 1249 1328 actio-

162 1353 242 1378 nem
277 1344 494 1386 competere:
527 1349 619 1385 quae
650 1339 828 1374 sententia
858 1348 943 1374 vera
973 1349 1046 1373 nou
1079 1341 1134 1373 est
1169 1341 1205 1373 et
1228 1348 1252 1372 a

162 1387 282 1423 multis
306 1389 432 1421 notata
456 1388 520 1420 est.

211 1430 260 1469 17
285 1431 393 1466 Imm
412 1430 503 1466 libro
527 1429 717 1464 vicensimo
740 1427 898 1464 secundo
922 1428 972 1463 ad
994 1427 1148 1464 edictum
1190 1428 1249 1462 Iu-

161 1477 278 1513 lianus
301 1476 362 1516 ait,
386 1475 416 1510 si
440 1475 530 1509 alter
553 1484 596 1509 ex
618 1473 855 1518 litigatoribus
875 1472 1030 1509 iudicem
1049 1473 1165 1508 solum
1187 1472 1250 1508 he-

161 1522 282 1558 redem
314 1520 371 1556 vel
402 1530 446 1554 ex
476 1523 578 1564 parte
609 1518 752 1560 fecerit,
785 1518 876 1553 alius
907 1518 1015 1554 iudex
1046 1518 1249 1553 necessario

162 1565 354 1603 sumendus
379 1568 443 1607 est,
469 1564 553 1609 quia
575 1563 733 1608 iniquum
758 1567 811 1598 est
835 1563 988 1608 aliquem
1012 1573 1099 1598 suae
1121 1563 1172 1598 rei
1195 1563 1249 1597 iu-

162 1612 276 1648 dicem
299 1610 386 1645 fieri.

211 1654 262 1694 18
286 1655 394 1691 low
412 1654 503 1690 libro
526 1653 717 1689 vicensimo
742 1653 847 1688 tertio
867 1653 918 1688 ad
935 1653 1089 1689 edictum
1124 1653 1161 1688 Si
1173 1652 1250 1688 Ion-

186 1702 239 1737 ’us
274 1700 429 1746 spatium
458 1699 737 1734 intercessurum
768 1698 852 1740 erit,
890 1708 960 1743 quo
996 1698 1113 1733 minus
1144 1698 1251 1733 iudex

187 1751 268 1782 atus
291 1755 437 1791 operam
458 1743 572 1789 possit
595 1743 691 1786 dare,
715 1743 846 1778 mutari
866 1753 946 1778 eum
965 1743 1065 1778 iubet
1085 1746 1249 1788 praetor:

161 1792 231 1828 hoc
255 1795 310 1827 est
332 1790 363 1825 si
385 1789 478 1824 forte
502 1788 690 1833 occupatio
715 1788 762 1822 ali
787 1798 834 1823 ua
856 1788 1009 1824 iudicem
1032 1798 1103 1823 non
1134 1788 1250 1833 patia-

162 1842 222 1872 tur
245 1845 390 1881 operam
413 1834 545 1869 iudicio
570 1833 666 1875 dare,
689 1799 869 1868 incidente
890 1832 1096 1868 infirmitate
1113 1833 1170 1868 vel
1188 1843 1251 1868 ne-

163 1881 319 1918 cessaria
341 1878 563 1925 profectione
585 1878 641 1913 vel
663 1878 714 1913 rei
737 1888 824 1913 suae
846 1877 1030 1913 familiaris
1054 1878 1213 1923 periculo
1224 1878 1249 1912 ².

167 1930 181 1961 1
231 1926 270 1961 Si
291 1925 386 1960 filius
418 1923 573 1959 familias
603 1933 648 1958 ex
679 1923 800 1968 aliqua
829 1933 945 1965 noxa,
979 1934 1023 1958 ex
1056 1933 1128 1968 qua
1157 1923 1251 1975 patri

162 1971 257 2007 actio
279 1969 458 2015 competit,
482 1969 566 2004 velit
588 1968 752 2013 experiri,
776 1968 828 2003 ita
851 1968 992 2004 demum
1015 1968 1251 2013 permittimus

162 2017 197 2052 ei
220 2025 334 2061 agere,
358 2015 413 2050 si³
435 2025 508 2049 non
531 2013 578 2048 sit
601 2013 661 2058 qui
683 2013 796 2057 patris
820 2013 962 2048 nomine
985 2017 1078 2057 agat.
1112 2022 1196 2047 nam
1217 2016 1253 2048 et

163 2061 302 2096 Iuliano
326 2059 456 2104 placet,
480 2059 511 2094 si
533 2058 627 2092 filius
650 2057 804 2092 familias
826 2057 1014 2102 legationis
1038 2057 1091 2092 vel
1115 2057 1250 2093 studio-

163 2117 243 2142 rum
265 2105 379 2150 gratia
402 2103 516 2138 aberit
540 2106 575 2137 et
597 2102 653 2137 vel
675 2101 811 2137 furtum
833 2102 888 2137 vel
911 2102 1079 2137 damnum
1099 2102 1252 2137 iniuria⁴

163 2160 293 2197 passus
324 2149 388 2184 sit:
424 2158 530 2193 posse
561 2157 642 2182 eum
665 2147 743 2182 utili
771 2147 903 2182 iudicio
933 2157 1056 2192 agere,
1092 2157 1136 2183 ne
1169 2147 1252 2182 dum

163 2199 267 2242 pater
290 2197 518 2239 exspectatur
540 2193 588 2227 im
614 2192 715 2227 unita
737 2192 810 2227 sint
831 2192 1018 2234 maleficia,
1066 2193 1126 2227 uia
1148 2196 1252 2237 pater

163 2243 333 2276 venturus
358 2249 431 2274 non
456 2242 520 2280 est,
544 2248 586 2272 ve
624 2237 709 2272 dum
730 2237 845 2280 venit,
870 2247 910 2273 se
933 2237 1058 2272 subtra
1087 2237 1113 2272 't
1135 2237 1166 2272 is
1190 2237 1252 2282 qui

164 2295 295 2321 noxam
327 2283 510 2319 commisit.
547 2282 643 2318 unde
668 2292 730 2327 ego
755 2292 896 2327 semper
925 2282 1093 2327 probavi,
1126 2285 1189 2324 ut,
1221 2282 1252 2317 si

163 2340 221 2366 res
245 2340 317 2365 non
341 2339 384 2364 ex
403 2327 577 2363 maleficio
597 2328 726 2369 veniat,
751 2327 814 2362 sed
836 2338 880 2362 ex
901 2331 1099 2369 contractu,
1123 2326 1252 2363 debeat

163 2375 258 2410 filius
282 2384 386 2426 agere
409 2373 486 2408 utili
509 2372 652 2414 iudicio,
675 2371 770 2408 forte
793 2371 994 2417 depositum
1013 2374 1178 2417 repetens
1197 2371 1251 2407 vel

164 2420 323 2455 mandati
345 2429 451 2464 agens
474 2418 529 2454 vel
552 2417 741 2470 pecuniam
763 2427 869 2462 quam
893 2416 1044 2453 credidit
1060 2420 1197 2462 petens,
1222 2417 1252 2452 si

163 2465 256 2500 forte
278 2468 382 2509 pater
404 2464 441 2498 in
463 2463 646 2508 provincia
670 2462 733 2503 sit,
757 2463 834 2514 ipse
857 2465 977 2498 autem
999 2461 1093 2498 forte
1115 2461 1251 2498 Romae

163 2510 219 2545 vel
242 2509 439 2544 studiorum
463 2517 574 2543 causa
597 2507 653 2542 vel
676 2507 747 2542 alia
769 2511 865 2542 iusta
883 2517 929 2542 ex
947 2517 1058 2542 causa
1070 2511 1170 2552 agat:
1195 2516 1251 2548 ne,

165 2555 196 2590 si
209 2554 240 2589 ei
259 2565 331 2590 non
352 2553 551 2589 dederimus
571 2552 759 2595 actionem,
782 2551 943 2587 futurum
967 2552 1024 2594 sit,
1049 2555 1091 2587 ut
1108 2552 1252 2604 impune

164 2598 327 2634 fraudem
349 2599 506 2644 patiatur
530 2602 566 2633 et
589 2607 607 2632 e
632 2600 745 2632 estate
764 2596 901 2633 Romae
923 2597 1062 2632 laboret
1084 2597 1250 2632 viaticulo

166 2654 230 2680 suo
254 2655 326 2679 non
348 2647 502 2688 recepto,
527 2653 596 2688 quo
646 2642 692 2677 ad
715 2646 895 2687 sumptum
918 2646 1021 2687 pater
1043 2642 1076 2677 ei
1094 2642 1250 2677 destina-

165 2693 274 2724 verat.
312 2692 347 2723 et
369 2687 461 2732 finge
484 2691 684 2723 senatorem
708 2697 786 2723 esse
805 2687 916 2722 filium
934 2686 1086 2722 familias
1107 2687 1168 2732 qui
1186 2697 1249 2732 pa-

166 2737 256 2768 trem
279 2733 397 2803 habet¹>
409 2733 446 2767 iii
469 2732 670 2777 provincia,
703 2742 823 2768 nonne
854 2735 1005 2777 augetur
1027 2732 1163 2768 utilitas
1186 2742 1251 2777 per

194 2778 201 2785 ”
250 2778 391 2812 itatem.

167 2778 267 2860 dlglnss)
291 2822 398 2858 lom
416 2822 505 2857 libro
529 2823 781 2869 sexaqensimo
804 2821 855 2857 ad
876 2822 1027 2858 edictum
1061 2822 1176 2857 Heres
1189 2822 1251 2857 ab·

167 2878 249 2904 sens
271 2867 323 2902 ibi
345 2866 587 2902 defendendus
618 2870 691 2909 est,
724 2867 788 2902 ubi
820 2866 1011 2903 defunctus
1044 2867 1185 2910 debuit,
1218 2871 1253 2902 et

168 2911 440 2953 conveniendus,
464 2911 495 2945 si
517 2911 567 2946 ibi
588 2911 798 2954 inveniatur,
823 2912 992 2958 nulloque
1015 2922 1081 2948 suo
1105 2912 1250 2958 proprio

170 2961 186 2994 i
234 2956 413 3003 privilegio
439 2960 639 2991 excusatur.
688 2956 726 2992 Si
780 2956 835 2992 uis
865 2958 1013 2992 tutelam
1043 2957 1099 2993 vel
1130 2967 1252 2992 curam

165 3002 222 3038 vel
243 3002 384 3053 negotia
406 3000 460 3036 vel
479 3002 713 3044 argentariam
732 3012 775 3037 ve
808 3002 894 3047 quid
913 3002 1021 3045 aliud,
1044 3001 1141 3038 unde
1162 3002 1250 3037 obli-

165 3046 262 3093 gatio
286 3050 419 3088 oritur,
451 3050 548 3080 certo
571 3046 642 3081 loci
664 3046 936 3082 administravit:
970 3047 1037 3083 etsi
1066 3047 1116 3082 ibi
1140 3046 1251 3083 domi-

167 3091 288 3128 cilium
310 3101 383 3127 non
414 3090 559 3132 habuit,
591 3090 640 3125 ibi
670 3101 709 3126 se
740 3091 883 3127 debebit
914 3092 1105 3128 defendere
1134 3096 1188 3135 et,
1221 3092 1253 3128 si

166 3147 239 3173 non
263 3135 433 3172 defendat
451 3145 566 3180 neque
583 3135 633 3170 ibi
654 3135 866 3171 domicilium
886 3137 1028 3180 habeat,
1053 3138 1150 3172 bona
1194 3148 1251 3173 os-

167 3184 189 3218 2
242 3181 350 3217 sideri
383 3180 548 3225 patietur.
607 3180 760 3216 Proinde
795 3186 831 3216 et
863 3183 894 3217 si
928 3192 1062 3218 merces
1095 3192 1163 3217 ven
1191 3182 1254 3217 'dit

167 3230 266 3263 certo
288 3225 359 3262 loci
382 3225 436 3260 vel
460 3224 634 3269 disposuit
656 3226 711 3260 vel
734 3227 972 3278 comparavit:
994 3227 1152 3269 videtur,
1183 3227 1253 3262 nisi

166 3271 238 3308 alio
268 3270 339 3307 loci
369 3274 410 3305 ut
444 3269 650 3305 defenderet
682 3275 861 3314 convenit,
897 3272 1027 3308 ibidem
1061 3281 1101 3307 se
1132 3271 1251 3307 defen-

167 3316 252 3353 dere
264 3317 291 3352 ⁵.
343 3314 514 3360 numquid
550 3313 723 3349 dicimus⁶
763 3325 860 3358 euin,
904 3317 964 3362 qui
995 3327 1018 3353 a
1056 3321 1254 3352 mercatore

167 3361 254 3415 quid
277 3371 358 3398 com
383 3359 497 3395 aravit
519 3358 675 3401 advena,
708 3360 761 3394 vel
798 3361 828 3395 ei
859 3362 1018 3397 vendidit
1048 3371 1153 3407 quem
1186 3362 1254 3397 scit

168 3406 252 3443 inde
283 3416 327 3443 co
368 3404 470 3441 estim
527 3402 767 3445 refecturum,
804 3416 874 3439 non
906 3411 1047 3452 oportet
1078 3407 1128 3442 ibi
1159 3407 1255 3442 bona

167 3451 376 3499 possideri⁷,
407 3448 472 3486 sed
500 3415 715 3485 domicilium
739 3449 839 3494 sequi
864 3451 965 3486 eius?
997 3457 1034 3487 at
1056 3452 1088 3487 si
1110 3452 1190 3497 quis
1207 3451 1253 3487 ab

169 3566 211 3606 (¹)
232 3572 309 3608 pose
327 3563 417 3598 filius
437 3563 584 3596 familias
604 3564 706 3597 uerba
716 3561 774 3595 ubi
788 3564 957 3595 contraxit
969 3565 1023 3597 uel
1031 3565 1153 3598 cimilia
1164 3564 1249 3598 malo
1317 3563 1430 3596 veniat
1442 3575 1503 3597 scr.

1150 3610 1193 3651 (3)
1217 3609 1248 3642 si
1316 3609 1444 3641 viatore
1456 3606 1536 3642 emis
1549 3607 1601 3641 vel
1612 3617 1651 3640 eo
1663 3617 1694 3649 q.
1709 3609 1731 3639 t.
1747 3606 1798 3639 vel
1811 3617 1849 3638 eo
1861 3606 1921 3649 qui
1932 3602 2115 3650 παραπλεῖ
2133 3606 2167 3637 et
2185 3603 2400 3636 durissimum

901 3654 943 3693 (5)
968 3652 1085 3686 debere
1098 3655 1158 3688 im.
1173 3654 1246 3687 deu.
1315 3666 1377 3687 scr.

170 3610 320 3643 videntur
329 3609 463 3643 sublata
475 3621 543 3643 me
618 3608 663 3649 (2)
685 3608 735 3641 cic
747 3608 834 3647 den„
848 3609 985 3650 proculo
1003 3609 1080 3642 F’P‘*

170 3666 228 3688 οπι.
241 3654 277 3687 F
393 3655 437 3697 (4)
460 3653 513 3687 vel
530 3652 691 3687 iniuriam
704 3654 763 3687 im.

169 3701 215 3737 (ὓ)
240 3699 395 3740 dicimus]
409 3699 517 3741 igitur
529 3711 591 3733 ser.
683 3697 727 3738 (⁶1)
752 3696 922 3739 possidere
934 3697 1015 3731 Hal.
1099 3700 1144 3740 (8)
1168 3708 1247 3731 con-

1261 87 1318 135 74
2121 105 2186 137 mi
2213 105 2404 140 inmens

1319 212 1743 309 {thaassur}
1758 213 2409 307 «ΕἪἫΜὛἪ

1319 301 1872 393 Ξεᾙὲἲῗθὲἇὲῗοὲᾟιὲἓέ
1882 303 2028 394 ἒὲὲιῖἒῗ
2045 305 2409 402 ’ῗέζὲᾌῖιῖἪὲἳὲ

1319 391 1526 434 vehebatur,
1549 392 1605 428 vel
1627 402 1670 428 eo
1693 393 1755 438 qui
1770 393 1985 439 παραπλεῖθ,
2012 394 2115 430 emit:
2141 394 2368 431 durissimum
2381 397 2411 417 ¹⁰

1320 439 1386 478 est,
1411 440 1588 482 quotquot
1609 437 1699 473 locis
1723 438 1801 484 quis
1824 439 1995 484 navigans
2018 440 2074 475 vel
2095 439 2165 475 iter
2186 439 2322 476 faciens
2347 441 2407 476 de-

1318 481 1414 517 latus
1447 485 1520 525 est,
1543 485 1599 518 tot
1620 481 1709 518 locis
1733 493 1771 518 se
1784 484 1812 505 ¹¹
1835 483 1988 519 defendi.
2025 488 2064 520 at
2086 485 2117 520 si
2140 495 2210 530 quo
2235 485 2408 529 constitit,

1319 536 1392 561 non
1427 525 1506 562 dico
1542 526 1619 562 iure
1650 527 1837 570 domicilii,
1872 528 1936 564 sed
1969 529 2195 565 tabernulam
2224 530 2408 575 pergulam

1319 571 1486 624 horreum
1506 572 1697 607 armarium
1719 572 1901 609 officinam
1921 574 2091 610 conduxit
2110 574 2230 620 ibique
2243 575 2410 611 distraxit

1322 618 1342 651 3
1390 619 1479 661 egit:
1505 615 1694 652 defendere
1717 627 1756 653 se
1780 627 1822 653 eo
1845 618 1916 653 loci
1939 618 2093 654 debebit.
2141 620 2249 664 Apud
2266 620 2408 656 Labeo-

1322 671 1403 696 nem
1415 662 1609 706 quaeritur,
1628 662 1659 698 si
1677 662 1783 698 homo
1803 663 2030 708 provincialis
2050 674 2192 699 servum
2211 665 2409 700 institorem

1322 705 1587 742 vendendarum
1621 707 1791 743 mercium
1819 708 1935 752 gratia
1965 707 2101 744 Romae
2131 708 2281 744 habeat:
2314 710 2409 755 quod

1322 761 1403 786 cum
1428 761 1469 787 eo
1493 761 1595 787 servo
1628 756 1851 788 contractum
1883 756 1955 795 est,
1986 753 2038 788 ita
2067 753 2271 790 habendum
2302 759 2340 789 at
2364 766 2410 791 ue

1319 795 1350 831 si
1373 806 1454 831 cum
1477 796 1619 832 domino
1644 801 1868 833 contractum
1891 797 1956 833 sit:
1987 808 2098 843 quare
2126 797 2177 834 ibi
2206 809 2246 835 se
2269 798 2357 835 debe
2382 800 2410 835 it

1319 843 1341 875 4
1388 840 1589 877 defendere.
1635 842 1730 877 Illud
1752 841 1937 878 sciendum
1961 847 2017 879 est
2039 853 2139 886 eum,
2172 844 2236 889 qui
2264 844 2318 879 ita
2339 844 2409 880 fuit

1320 885 1496 938 obligatus
1520 891 1562 921 ut
1583 886 1621 921 in
1643 887 1748 922 Italia
1772 887 1934 930 solveret,
1958 888 1990 923 si
2011 888 2050 923 in
2072 888 2259 940 provincia
2280 888 2408 925 habuit

1320 930 1555 982 domicilium,
1587 932 1778 977 utrubique
1806 942 1913 977 posse
1937 933 2116 969 convemri
2140 937 2176 968 et
2197 933 2258 970 hic
2282 938 2318 969 et
2340 934 2407 970 ibi:

1321 980 1357 1011 et
1379 978 1431 1011 ita
1454 980 1490 1011 et
1512 976 1649 1012 Iuliano
1675 981 1711 1012 et
1732 977 1852 1012 multis
1876 977 1954 1013 aliis
1977 977 2126 1013 videtur.
2269 983 2272 988 '

1366 1018 1420 1058 20
1444 1020 1503 1056 Pa
1510 1031 1554 1057 171.
1560 1031 1604 1057 vs
1613 1021 1705 1057 libro
1717 1023 2042 1068 quinquaqensimo
2055 1026 2179 1059 octavo
2192 1022 2244 1058 ad
2254 1023 2408 1059 edictum

1322 1065 1470 1101 Omnem
1493 1066 1743 1112 obligationem
1766 1078 1831 1112 pro
1858 1071 2045 1103 contractu
2064 1067 2268 1103 habendam
2288 1069 2405 1104 existi-

1319 1110 1489 1147 mandum
1513 1115 1578 1156 est,
1603 1115 1654 1156 ut,
1678 1111 1893 1159 ubicumque
1914 1113 2042 1158 aliquis
2059 1113 2246 1158 obligetur,
2271 1117 2306 1148 et
2323 1123 2407 1149 con-

1319 1157 1416 1192 trahi
1427 1157 1599 1201 videatur,
1620 1158 1780 1204 quamvis
1799 1168 1873 1194 non
1892 1167 1936 1194 ex
1955 1157 2080 1194 crediti
2101 1168 2212 1194 causa
2225 1157 2407 1194 debeatur.

1367 1200 1418 1254 21
1453 1201 1648 1255 ULPJANUS
1667 1203 1758 1239 libro
1782 1204 2071 1250 septuaqensimo
2096 1203 2146 1239 ad
2168 1202 2323 1240 edictum
2369 1203 2408 1238 Si

1322 1247 1475 1283 debitori
1497 1257 1576 1284 meo
1600 1248 1703 1284 velim
1727 1247 1904 1284 actionem
1927 1248 2050 1291 edere,
2073 1248 2298 1294 probandum
2331 1249 2410 1291 erit,

1322 1293 1352 1327 si
1374 1292 1533 1328 fateatur
1555 1303 1595 1328 se
1618 1293 1747 1329 debere
1769 1297 2004 1339 paratumque
2027 1293 2125 1329 dicat
2155 1293 2310 1336 solvere,
2342 1303 2407 1329 au-

1321 1337 1488 1373 diendum
1513 1349 1605 1381 eum,
1629 1338 1854 1383 dandumque
1875 1338 1968 1374 diem
1988 1349 2070 1374 cum
2089 1338 2303 1391 competenti
2324 1349 2408 1374 cau·

1319 1383 1392 1418 tela
1415 1382 1462 1417 ad
1494 1383 1699 1418 solvendam
1729 1383 1936 1428 pecuniam:
1971 1393 2086 1429 neque
2120 1394 2212 1419 enim
2243 1394 2409 1429 magnum

1320 1428 1488 1463 damnum
1513 1431 1566 1463 est
1588 1429 1627 1463 in
1649 1439 1750 1464 mora
1773 1428 1903 1463 modici
1925 1429 2106 1474 temporis.
2142 1428 2320 1464 modicum
2343 1439 2408 1464 au-

1318 1476 1391 1508 tem
1423 1476 1563 1518 tempus
1594 1473 1654 1508 hic
1683 1472 1954 1517 intellegendum
1977 1477 2049 1517 est,
2081 1473 2177 1519 quod
2208 1477 2292 1519 post
2323 1484 2408 1510 con-

1320 1517 1582 1554 demnationem
1603 1519 1674 1554 reis
1697 1518 1875 1554 indultum
1897 1522 1962 1554 est.

1366 1560 1419 1600 22
1443 1562 1603 1599 Panos
1622 1563 1713 1599 libro
1735 1564 1839 1599 tertio
1852 1563 1903 1599 ad
1911 1563 2097 1599 Plautium
2134 1563 2202 1608 Qui
2220 1574 2294 1600 non
2314 1563 2408 1608 cogi·

1319 1610 1379 1643 tur
1410 1608 1448 1643 in
1480 1609 1599 1654 aliquo
1632 1609 1713 1644 loco
1746 1608 1915 1644 iudicium
1921 1609 2034 1689 dpati,
2066 1609 2097 1644 si
2127 1609 2205 1654 ipse
2233 1608 2283 1644 ibi
2313 1612 2409 1661 agat,

1320 1663 1362 1689 co
1388 1653 1458 1688 ‘tur
1481 1654 1644 1699 excipere
1663 1653 1822 1689 actiones
1843 1657 1879 1688 et
1897 1663 1919 1688 a
1964 1653 2114 1689 eundem
2133 1653 2286 1690 iudicem
2304 1653 2407 1688 mitti.

1395 1696 1418 1736 3
1443 1698 1551 1734 IDEM
1578 1698 1670 1734 libro
1701 1700 1850 1745 septimo
1874 1699 1924 1734 ad
1945 1698 2131 1734 Plautium
2176 1698 2259 1734 Non
2339 1702 2410 1734 test

1319 1743 1430 1779 videri
1463 1743 1501 1778 in
1534 1743 1706 1779 iudicium
1739 1743 1878 1779 venisse
1911 1743 1947 1779 id
1982 1743 2079 1790 quod
2113 1747 2198 1789 post
2240 1744 2277 1778 iu
2305 1743 2410 1778 ‘cium

1321 1792 1508 1834 acceptum
1552 1788 1740 1824 accidisset
1751 1790 1796 1824 ¹²:
1838 1788 1990 1834 ideoque
2023 1789 2095 1824 alia
2127 1788 2411 1834 interpellatione

1321 1844 1421 1932 ⁰1:331
1435 1837 1554 1931 “³1⁸2in
1572 1879 1663 1915 libro
1686 1880 1836 1931 sep-timo
1860 1878 1996 1914 decimo
2021 1878 2071 1931 §ld
2093 1877 2279 1914 Plautium
2325 1877 2409 1930 Non

1321 1924 1410 1960 ahas
1433 1935 1470 1959 in
1494 1934 1565 1966 eos,
1591 1935 1680 1969 quos
1728 1934 1869 1969 rinceps
1890 1927 2060 1966 evocavit,
2083 1922 2222 1959 Romae
2242 1925 2410 1968 competit

1324 1972 1338 2003 i
1388 1969 1501 2011 actio,
1526 1980 1633 2014 quam
1657 1969 1688 2004 si
1736 1980 1780 2005 oc
1802 1973 1961 2014 tempore
1985 1968 2237 2004 contraxerint.
2284 1967 2409 2020 Legati

1321 2024 1365 2048 ex
1396 2013 1533 2049 delictis
1565 2014 1602 2048 in
1624 2014 1800 2059 legatione
1824 2013 2018 2048 commissis
2043 2017 2219 2058 coguntur
2240 2012 2409 2048 iudicium

1320 2058 1456 2094 Romae
1488 2058 1584 2104 pati,
1617 2059 1689 2094 sive
1719 2059 1789 2104 ipsi
1820 2058 2040 2093 admiserunt
2061 2058 2135 2094 sive
2158 2058 2250 2093 servi
2273 2068 2406 2093 eorum.

1321 2106 1341 2138 2
1389 2103 1460 2139 Sed
1492 2103 1522 2139 si
1545 2104 1750 2148 postulatur
1772 2103 1810 2138 in
1832 2114 1908 2139 rem
1931 2103 2025 2138 actio
2049 2103 2218 2138 adversus
2242 2102 2408 2148 legatum,

1320 2147 1493 2194 numquid
1517 2148 1636 2184 danda
1659 2149 1715 2191 sit,
1740 2148 1908 2200 quoniam
1928 2158 1971 2183 ex
1991 2148 2172 2193 praesenti
2184 2147 2409 2193 possessione

1320 2194 1410 2229 haec
1426 2193 1520 2228 actio
1539 2194 1619 2228 est?
1656 2193 1800 2228 Cassius
1823 2192 2010 2237 respondit
2031 2193 2084 2228 sic
2109 2192 2332 2235 servandum,
2356 2196 2408 2235 ut,

1321 2238 1351 2274 si
1386 2238 1608 2273 subducatur
1640 2238 1874 2273 ministerium
1904 2238 1956 2280 ei,
1991 2248 2064 2273 non
2098 2237 2146 2272 sit
2179 2237 2409 2272 concedenda

1320 2283 1435 2325 actio,
1469 2283 1500 2318 si
1522 2293 1605 2318 vero
1631 2293 1675 2318 ex
1696 2283 1816 2318 multis
1840 2283 1950 2318 servis
1975 2281 2019 2317 de
2050 2292 2123 2317 uno
2223 2286 2300 2324 tur,
2332 2292 2405 2318 non

1320 2328 1368 2363 sit
1389 2327 1599 2363 inhibenda:
1631 2327 1792 2363 Iulianus
1816 2328 1892 2362 sine
1916 2326 2143 2362 distinctione
2191 2326 2408 2372 enegandam

1320 2373 1514 2408 actionem:
1538 2373 1682 2408 merito:
1707 2372 1786 2408 ideo
1812 2373 1904 2407 enim
1927 2382 2000 2407 non
2024 2371 2131 2406 datur
2154 2371 2269 2415 actio,
2292 2382 2338 2408 ne
2361 2372 2408 2407 ab

1320 2417 1440 2454 officio
1465 2421 1631 2463 suscepto
1654 2417 1840 2462 legationis
1864 2420 2043 2452 avocetur.

1366 2461 1419 2499 25
1444 2462 1638 2498 IULIANUS
1657 2463 1749 2498 libro
1767 2464 1891 2509 primo
1915 2462 2136 2509 diqestorum
2172 2460 2210 2496 Si
2221 2461 2407 2507 legationis

1319 2511 1480 2553 tempore
1510 2508 1588 2552 quis
1619 2518 1760 2543 servum
1790 2507 1845 2542 vel
1875 2507 1981 2542 aliam
2011 2517 2085 2542 rem
2118 2507 2242 2541 emerit
2271 2510 2334 2542 aut
2363 2517 2408 2542 ex

1320 2553 1391 2588 alia
1414 2563 1525 2588 causa
1553 2552 1736 2598 possidere
1760 2552 1928 2597 coeperit,
1951 2562 2023 2587 non
2041 2551 2160 2597 inique
2173 2555 2319 2596 cogetur
2331 2551 2407 2587 eius

1320 2597 1462 2634 nomine
1484 2597 1652 2633 iudicium
1675 2597 1855 2642 accipere:
1880 2597 1983 2632 aliter
2007 2596 2100 2632 enim
2122 2599 2283 2641 potestas
2307 2596 2406 2632 dabi-

1319 2642 1526 2722 turdliegatis
1550 2643 1617 2678 sub
1641 2643 1711 2678 hac
1734 2642 1853 2688 specie
1875 2652 1933 2677 res
1965 2641 2100 2677 alienas
2132 2641 2275 2676 domum
2306 2640 2406 2676 aufe-

1319 2698 1383 2723 ren
1423 2715 1431 2723 .

1367 2730 1420 2770 26
1444 2731 1604 2768 PAULUS
1623 2732 1714 2769 libro
1736 2732 1887 2778 septimo
1911 2731 2046 2767 decimo
2066 2730 2117 2766 ad
2134 2729 2318 2766 Plautium
2351 2730 2408 2766 De

1321 2788 1363 2814 eo
1384 2782 1504 2813 autem
1523 2778 1584 2823 qui
1602 2777 1690 2812 adiit
1706 2776 1940 2812 hereditatem
1961 2774 2106 2811 Cassius
2125 2775 2258 2818 scribit,
2282 2785 2405 2820 quam-

1320 2823 1372 2858 vis
1392 2822 1529 2859 Romae
1551 2822 1679 2858 adierit
1699 2821 1941 2862 hereditatem,
1965 2831 2038 2856 non
2059 2824 2259 2865 competere
2276 2820 2315 2855 in
2327 2830 2406 2855 eum

1321 2868 1516 2910 actionem,
1549 2877 1595 2903 ne
1625 2866 1840 2912 impediatur
1861 2865 2011 2910 legatio,
2045 2869 2080 2900 et
2102 2865 2173 2900 hoc
2195 2875 2315 2901 verum
2339 2869 2403 2900 est.

1321 2913 1384 2948 sed
1406 2922 1473 2948 nec
1495 2912 1675 2957 legatariis
1699 2911 1805 2947 datur
1827 2911 1933 2952 actio,
1957 2910 2020 2946 sed
2042 2909 2110 2945 nisi
2133 2909 2300 2952 satisdet,
2324 2909 2404 2944 mit-

1320 2960 1446 2993 tuntur
1467 2957 1505 2992 in
1554 2956 1787 2992 ossessionem
1817 2965 1936 2990 rerum
1965 2955 2276 2990 hereditariarum:
2308 2954 2405 3000 quod

1321 3006 1358 3038 et
1379 3002 1416 3037 in
1438 3002 1523 3038 here
1551 3001 1663 3037 'tariis
1687 3000 1921 3036 creditoribus
1945 2999 2133 3036 dicendum
2157 3004 2221 3035 est.

1367 3044 1420 3084 27
1444 3046 1637 3082 IULIANUS
1663 3045 1755 3081 libro
1803 3045 1896 3080 rimo
1920 3044 2140 3091 diqestorum
2187 3043 2281 3088 Quid
2312 3043 2404 3079 enim

1320 3091 1486 3138 prohibet
1515 3091 1671 3136 legatum
1702 3090 1775 3136 pub
1792 3090 1845 3125 'co
1876 3099 2021 3125 munere
2050 3088 2151 3134 fungi
2182 3093 2218 3124 et
2246 3092 2404 3125 actorem

1321 3136 1526 3216 custodiae?
1547 3145 1657 3171 causa
1690 3135 1728 3170 in
1762 3134 1989 3180 possessione
2021 3144 2139 3170 rerum
2173 3133 2403 3170 hereditaria-

1320 3193 1400 3218 rum
1423 3191 1501 3218 esse

1366 3223 1419 3264 28
1444 3225 1603 3262 Panes
1630 3225 1720 3261 libro
1751 3235 1790 3259 se
1817 3225 1902 3260 timo
1933 3224 2068 3260 decimo
2083 3224 2110 3244 ¹³
2140 3223 2191 3258 ad
2219 3222 2403 3258 Plautium

1321 3271 1393 3308 Sed
1413 3274 1449 3306 et
1467 3271 1498 3307 si
1516 3270 1725 3306 restituatur
1742 3269 1774 3304 ei
1819 3269 1972 3305 ereditas
1992 3267 2284 3308 exTrebelliano,
2308 3267 2403 3302 actio

1320 3317 1358 3352 in
1382 3327 1462 3352 eum
1486 3326 1558 3351 non
1581 3314 1741 3356 dabitur,
1775 3315 1847 3350 sive
1880 3317 2008 3366 sponte
2031 3313 2104 3349 sive
2128 3315 2276 3348 coactus
2299 3312 2402 3347 heres

1322 3372 1400 3397 eam
1434 3360 1579 3396 adierit:
1613 3358 1831 3396 commodius
1862 3370 1953 3394 emm
1984 3361 2039 3394 est
2067 3357 2167 3393 reddi
2198 3356 2339 3402 quidem
2371 3356 2403 3391 ei

1322 3405 1571 3447 hereditatem,
1602 3403 1748 3450 perinde
1782 3407 1902 3439 autem
1935 3402 2158 3444 habendum,
2191 3412 2234 3437 ac
2265 3401 2296 3437 si
2326 3401 2403 3446 ipse

1326 3454 1339 3486 1
1390 3450 1524 3486 adisset
1556 3448 1798 3486 hereditatem.
1847 3448 1982 3484 Contra
2011 3448 2042 3483 si
2073 3447 2209 3492 legatus
2242 3449 2403 3491 tempore

1620 3565 1665 3605 (9)
1690 3563 1727 3595 id
1737 3561 2068 3603 cupi-aeternavigat
2189 3559 2248 3597 (io)
2273 3557 2400 3600 quasia

1471 3655 1525 3694 (ιι)
1539 3654 1587 3694 se]
1600 3655 1634 3686 et
1644 3664 1705 3686 scr.
1799 3654 1857 3693 (12)
1870 3651 2053 3684 accedisset
2063 3650 2099 3684 F
2190 3649 2248 3689 (is)
2271 3647 2402 3680 decimo

1317 3698 1379 3732 det.
1394 3696 1446 3731 F'
