2528 3918
542 444 751 489 DOMINI
780 443 992 487 NOSTRI
1021 441 1342 487 IUSTINIANI
1370 441 1672 485 PERPETUO
1702 441 1956 486 AUGUSTI

432 561 1141 645 INSTITUTIONUM-
1172 561 1369 639 SIVE
1415 560 2072 639 ELEMENTORUM

125 706 507 746 COMPOSITORUM
541 706 640 742 PER
675 705 1019 742 TRIBONIANUM
1053 704 1213 742 VIRUM
1249 703 1513 740 EXOELSUM
1546 702 1839 739 MAGISTRUM
1874 703 1939 739 ΕΤ
1975 701 2044 737 EX
2079 701 2371 745 QUAESTORE

129 773 269 810 SACRI
282 771 480 808 PALATII
494 770 720 815 IURISQUE
734 770 1065 807 DOCTISSIMUM
1081 770 1146 805 ET
1159 764 1658 804 THEOPHILUM'VIRUM
1671 766 1991 803 MAGNIFICUM
2005 765 2135 802 IURIS
2150 764 2374 803 PERITUM

261 838 327 874 ET
351 833 744 873 ANTECESSOREM
766 832 911 869 HUIUS
935 832 1109 868 ALMAE
1141 831 1283 868 URBIS
1315 831 1381 867 ET
1406 831 1717 868 DOROTHEUM
1739 829 1901 866 VIRUM
1924 828 2237 864 MAGNIFICUM

428 901 776 950 QUAESTORIUM
801 901 928 938 IURIS
953 900 1176 937 PERITUM
1199 900 1265 936 ET
1289 899 1683 937 ANTECESSOREM
1707 897 2063 935 BERYTENSIUM

982 967 1214 1006 INCLITAE
1257 968 1520 1005 CIVITATIS¹

1026 1069 1205 1119 LIBER
1233 1069 1470 1120 PRIMUS.

441 1227 446 1230 .
650 1201 693 1241 1²

409 1271 470 1303 DE
496 1268 696 1302 IUSTITIA
721 1267 782 1302 ΕΤ
807 1267 931 1301 IURE.

172 1338 337 1375 ³Iustitia
360 1341 414 1374 est
433 1340 602 1374 constans
624 1339 659 1371 et
676 1338 851 1381 perpetua
865 1334 1030 1371 voluntas
1042 1334 1098 1369 ius
1111 1344 1216 1370 suum

129 1389 142 1422 1
194 1386 322 1430 cuique
336 1384 509 1419 tribuens.
544 1382 635 1418 Iuris
651 1381 842 1427 prudentia
858 1384 914 1416 est
936 1380 1136 1416 divinarum
1161 1382 1215 1415 at-

127 1441 197 1478 que
227 1432 464 1466 humanarum
495 1439 613 1464 rerum
645 1427 792 1470 notitia,
832 1426 918 1462 iusti
951 1429 1059 1472 atque
1091 1425 1215 1462 iniusti

126 1476 289 1513 scientia.

125 1525 145 1558 2
239 1522 303 1557 His
334 1520 546 1575 generaliter
582 1519 731 1564 cognitis
764 1521 799 1554 et
829 1517 1085 1563 incipientibus
1109 1516 1214 1553 nobis

125 1577 304 1614 exponere
334 1577 413 1603 iura
443 1565 567 1612 populi
597 1564 753 1600 Romani
783 1564 834 1599 ita
867 1564 1020 1599 maxime
1051 1563 1215 1599 videntur

124 1624 231 1660 posse
253 1613 347 1648 tradi
371 1610 664 1654 commodissime,
699 1610 729 1646 si
753 1609 867 1655 primo
892 1609 960 1645 levi
984 1619 1027 1645 ac
1052 1608 1215 1654 simplici,

124 1663 207 1705 post
229 1659 356 1694 deinde
376 1656 644 1704 diligentissima
666 1659 774 1701 atque
795 1655 1022 1691 exactissima
1041 1655 1214 1700 interpre-

123 1705 259 1741 tatione
282 1704 421 1749 singula
440 1703 641 1739 tradantur.
668 1701 823 1754 alioquin
849 1702 879 1737 si
903 1701 1024 1737 statim
1044 1701 1089 1736 ab
1113 1700 1214 1735 initio

124 1751 248 1786 rudem
271 1750 390 1786 adhuc
422 1752 458 1785 et
486 1748 666 1784 infirmum
697 1758 854 1783 animum
878 1747 1031 1783 studiosi
1053 1746 1214 1782 multitu-

125 1796 205 1832 dine
221 1806 264 1831 ac
278 1795 453 1831 varietate
470 1804 591 1830 rerum
607 1794 883 1836 oneraverimus‚
902 1793 1053 1828 duorum
1064 1792 1215 1828 alterum

124 1846 188 1877 aut
211 1841 428 1878 desertorem
452 1840 652 1876 studiorum
675 1839 871 1875 efficiemus
897 1842 960 1874 aut
985 1849 1066 1874 cum
1086 1848 1214 1883 magno

123 1887 247 1923 labore
264 1887 351 1930 eius,
376 1896 484 1932 saepe
501 1885 607 1921 etiam
624 1896 705 1920 cum
722 1884 933 1927 diffidentia,
951 1894 1043 1929 quae
1057 1884 1214 1928 plerum-

125 1944 193 1979 que
216 1932 360 1968 iuvenes
384 1931 512 1968 avertit
521 1931 546 1973 ⁴,
580 1930 693 1966 serius
725 1930 772 1966 ad
802 1930 838 1965 id
862 1930 1102 1976 perducamus
1113 1932 1138 1971 ⁵,
1170 1929 1216 1964 ad

125 1978 221 2025 quod
243 1978 404 2014 leniore⁶
434 1978 491 2013 via
515 1977 644 2012 ductus
669 1976 745 2011 sine
769 1986 896 2020 magno
921 1976 1046 2011 labore
1079 1979 1115 2010 et
1138 1975 1214 2011 sine

123 2024 196 2060 ulla
220 2023 418 2059 diffidentia
441 2022 615 2058 maturius
640 2021 788 2066 perduci
811 2021 1000 2066 potuisset.

125 2074 144 2105 3
240 2069 354 2104 ⁷Iuris
378 2071 573 2114 praecepta
598 2070 683 2103 sunt
701 2067 810 2102 haec:
836 2066 986 2102 honeste
1010 2066 1137 2108 vivere,
1163 2066 1214 2101 al-

124 2118 145 2151 4
190 2118 306 2150 terum
326 2125 398 2150 non
417 2113 570 2156 laedere,
593 2123 698 2149 suum
719 2112 848 2158 cuique
864 2112 1031 2148 tribuere.
1084 2111 1214 2147 ⁸Huius

124 2160 232 2197 studii
264 2160 355 2196 duae
379 2164 464 2196 sunt
494 2159 711 2205 positiones,
743 2158 927 2204 publicum
960 2162 996 2193 et
1026 2158 1213 2203 privatum.

124 2206 307 2252 publicum
319 2206 375 2242 ius
388 2209 454 2248 est,
479 2205 574 2251 quod
595 2204 641 2240 ad
654 2207 788 2239 statum
800 2204 851 2239 rei
864 2203 1050 2239 Romanae
1063 2206 1214 2249 spectat,

148 2252 319 2295 rivatum,
360 2251 456 2297 quod
488 2251 535 2286 ad
565 2250 785 2295 singulorum
821 2249 1013 2285 utilitatem
1047 2249 1213 2294 pertinet.

149 2297 311 2333 ‘cendum
336 2301 391 2333 est
413 2297 520 2341 igitur
544 2296 588 2332 de
611 2296 689 2331 iure
707 2295 858 2340 privato,
908 2295 981 2331 uod
1002 2299 1054 2329 est
1065 2294 1214 2340 triperti-

124 2344 238 2379 tum⁹z
265 2343 453 2378 collectum
477 2345 531 2378 est
562 2342 655 2377 enim
688 2351 732 2377 ex
763 2306 990 2377 naturalibus
1013 2340 1215 2386 praeceptis

125 2392 187 2423 aut
211 2389 368 2433 gentium
393 2392 456 2423 aut
481 2388 642 2424 civilibus

630 2479 709 2519 1110

131 2547 191 2580 DE
218 2546 327 2579 IURE
359 2544 593 2577 NATURALI
622 2544 683 2576 ET
714 2543 926 2578 GENTIUM
954 2543 1015 2577 ET
1046 2543 1204 2578 CIVILI.

176 2614 272 2648 ¹¹Ius
304 2611 469 2647 naturale
501 2615 574 2655 est,
607 2611 704 2658 quod
734 2616 866 2648 natura
897 2613 1016 2648 omnia
1047 2613 1214 2648 animalia

126 2657 258 2693 docuit.
286 2668 367 2692 nam
376 2658 431 2692 ius
442 2657 537 2692 istud
546 2668 618 2693 non
635 2658 781 2693 humani
788 2659 926 2703 generis
944 2659 1128 2704 proprium
1150 2662 1213 2701 est,

126 2703 189 2738 sed
206 2703 363 2738 omnium
379 2703 593 2745 animalium,
620 2713 712 2748 quae
734 2704 772 2738 in
797 2704 907 2747 caelo,
933 2714 1025 2749 quae
1049 2704 1086 2739 in
1106 2708 1214 2746 terra,

149 2758 218 2784 uae
241 2749 279 2783 in
302 2749 393 2783 mari
416 2751 624 2784 nascuntur.
641 2750 766 2785 hinc¹2
782 2750 968 2785 descendit
982 2749 1091 2785 maris
1108 2753 1216 2795 atque

126 2760 278 2829 &eminae
288 2794 502 2839 coniugatio,
513 2804 620 2839 quam
629 2805 694 2829 nos
702 2792 967 2829 matrimonium
981 2795 1215 2840 appellamus,

125 2839 208 2875 hinc
226 2839 418 2875 liberorum
435 2840 637 2885 procreatio
652 2843 688 2875 et
704 2839 888 2875 educatio:
913 2839 1073 2876 videmus
1087 2841 1217 2876 etenim

126 2888 246 2920 cetera
277 2895 419 2931 quoque
451 2885 619 2920 animalia
649 2885 753 2920 istius
785 2884 871 2920 iuris
901 2885 1034 2938 peritia
1067 2886 1215 2922 censeri.

130 2933 143 2965 1
192 2930 252 2966 Ius
266 2933 385 2966 autem
406 2930 506 2966 civile
518 2931 573 2966 vel
590 2931 749 2976 gentium
768 2930 820 2966 ita
840 2930 1025 2966 dividitur:
1056 2932 1217 2967 ¹³'omnes

126 2976 268 3021 'populi‚
294 2976 355 3021 qui
377 2976 513 3021 legibus
538 2979 575 3011 et
597 2977 756 3012 moribus
779 2979 963 3022 reguntur,
996 2976 1127 3022 partim
1151 2987 1216 3012 suo

125 3021 291 3066 proprio,
307 3022 437 3067 partim
455 3022 633 3057 communi
648 3022 805 3057 omnium
821 3022 1004 3058 hominum
1019 3022 1097 3058 iure
1109 3025 1217 3057 utun-

126 3067 210 3102 'turz
236 3077 319 3102 nam
343 3067 438 3112 quod
454 3067 604 3113 quisque
626 3068 782 3121 populus
812 3068 890 3113 ipse
913 3068 980 3103 sibi
1004 3068 1059 3103 ius
1085 3067 1216 3104 consti-

127 3112 216 3154 'tuit‚
247 3112 284 3148 id
315 3112 427 3158 ipsius
451 3113 635 3158 proprium
660 3113 813 3149 civitatis
838 3116 894 3149 est
916 3116 1137 3158 vocaturque
1160 3113 1216 3149 ius

126 3157 246 3200 'civile,
271 3157 373 3211 quasi
396 3158 452 3193 ius
475 3158 660 3204 proprium
683 3158 796 3204 ipsius
822 3159 993 3194 civitatis:
1019 3159 1115 3204 quod
1133 3169 1215 3195 vero

126 3203 308 3239 'naturahs
328 3203 420 3239 ratio
439 3204 532 3239 inter
543 3215 665 3240 omnes
677 3204 838 3240 homines
851 3204 1048 3247 constituit,
1072 3204 1109 3239 id
1120 3205 1217 3250 apud

127 3249 257 3284 ’omnes
275 3249 428 3294 populos
442 3259 620 3295 peraeque
630 3250 829 3285 custoditur
838 3253 1059 3295 vocaturque
1066 3250 1122 3285 ius
1131 3261 1215 3295 gen-

126 3293 235 3337 'tium,
247 3294 350 3339 quasi
366 3305 435 3339 quo
451 3295 529 3330 iure
547 3305 668 3331 omnes
685 3299 808 3340 gentes
824 3298 987 3331 utuntur.
1009 3298 1045 3331 et
1060 3296 1216 3341 populus

129 3338 260 3384 ’itaque
275 3339 459 3375 Romanus
476 3340 606 3386 partim
624 3351 688 3376 suo
706 3340 862 3386 proprio,
886 3341 1019 3386 partim
1036 3340 1216 3377 communi

182 3446 224 3485 (1)
250 3444 348 3476 Hanc
361 3445 598 3487 inscriptionem
612 3446 740 3477 restitui
751 3457 789 3477 ex
801 3445 865 3477 BA
937 3447 982 3487 (2)
1007 3447 1049 3489 cf.
1063 3445 1144 3488 Diy.
1162 3447 1190 3486 1,
1205 3453 1218 3479 1

139 3490 182 3529 (3)
203 3501 256 3531 pr.
272 3493 288 3527 §
305 3496 316 3522 1
337 3502 375 3534 ως
399 3489 473 3532 Ulp.
497 3490 517 3521 l.
536 3497 548 3523 1
568 3489 661 3533 (Diy.
684 3492 713 3530 l,
735 3497 759 3529 1,
780 3497 814 3523 10
830 3502 884 3533 pr.
901 3494 916 3528 §
932 3491 963 3532 2)

148 3534 250 3575 VAo,
273 3534 393 3566 evertit
411 3534 448 3567 B
540 3534 582 3575 (5)
606 3536 655 3567 sic
678 3534 779 3576 VAP,
803 3534 1021 3577 perducemus
1038 3535 1075 3568 Β
1096 3547 1164 3568 cum
1187 3536 1218 3568 Θ

138 3579 184 3620 (6)
203 3580 251 3612 sic
271 3579 340 3620 VA,
358 3578 479 3611 leniori
494 3579 580 3620 PW,
601 3578 724 3612 leviore
738 3579 774 3612 B
878 3580 923 3622 (7)
946 3585 961 3619 ς
976 3587 992 3614 3
1007 3593 1045 3613 ex
1064 3581 1140 3622 Ulp.
1155 3581 1175 3613 l.
1189 3592 1216 3614 c.

140 3623 235 3666 (Diq.
249 3625 415 3665 1‚1‚1o‚1)
522 3625 569 3666 (s)
596 3628 611 3663 §
628 3632 696 3667 μετ
714 3625 790 3667 Ulp.
806 3626 1047 3668 l.1inse.(Di9.
1066 3627 1094 3666 1,
1108 3633 1133 3666 1,
1147 3632 1171 3666 1,
1185 3625 1216 3666 2)

138 3669 185 3710 (⁹)
208 3669 256 3701 sic
278 3668 345 3709 VO,
366 3670 415 3701 est
426 3669 592 3711 tripertita
604 3669 684 3710 AB,
706 3670 914 3712 tripertitum
927 3673 975 3702 est
986 3670 1068 3713 Εἰς.

185 3715 247 3756 (ιο)
277 3713 327 3757 Cf.
353 3713 430 3747 Gai.
453 3716 482 3755 1,
501 3721 556 3748 1..s
575 3714 656 3757 Diy.
680 3716 709 3756 1,
730 3722 742 3748 ι
867 3715 924 3756 (11)
942 3727 997 3758 pr.
1016 3727 1055 3747 ex
1073 3715 1148 3758 Ulp.
1170 3715 1215 3748 l.1

142 3759 214 3792 cnse.
236 3758 494 3802 (Di9.1‚1,1,3)
591 3759 651 3800 (ω)
676 3759 755 3791 hino
773 3759 845 3792 BP
859 3759 953 3803 Diffi,
978 3760 1056 3791 hino
1077 3760 1164 3792 enim
1185 3759 1216 3792 A

247 3823 333 3858 Inst.

1102 3491 1147 3532 (4)
1172 3492 1219 3523 sic

1286 1196 1453 1233 *omnium
1484 1196 1667 1232 hominum
1696 1196 1775 1232 iure
1806 1196 1929 1232 utitur.
1963 1205 2056 1241 quae
2087 1194 2228 1240 singula
2260 1194 2381 1240 qualia

1286 1246 1305 1278 2
1356 1243 1469 1286 'sunt,
1504 1243 1578 1278 suis
1610 1242 1700 1278 locis
1732 1243 1996 1295 proponemus.⁴
2046 1241 2118 1277 Sed
2147 1241 2204 1277 ius
2237 1240 2381 1286 quidem

1286 1288 1388 1324 civile
1412 1299 1456 1324 ex
1479 1298 1696 1334 unaquaque
1720 1288 1862 1324 civitate
1887 1298 1932 1333 ap
1963 1287 2101 1330 ellatur,
2133 1286 2244 1322 veluti
2266 1286 2380 1321 Athe-

1284 1334 1478 1370 niensium:
1516 1345 1599 1370 nam
1622 1335 1653 1370 si
1692 1334 1770 1380 quis
1813 1333 1898 1370 velit
1956 1333 2069 1369 olonis
2109 1332 2165 1368 vel
2203 1332 2381 1368 Draconis

1284 1381 1379 1425 leges
1404 1381 1585 1426 appellare
1600 1380 1656 1415 ius
1674 1380 1775 1416 civile
1796 1379 2080 1422 Atheniensium,
2105 1389 2179 1414 non
2198 1378 2379 1414 erraverit.

1285 1427 1336 1462 sic
1361 1426 1454 1462 enim
1485 1430 1521 1462 et
1550 1426 1625 1469 ius,
1659 1437 1729 1472 quo
1762 1426 1918 1471 populus
1942 1425 2128 1460 Romanus
2161 1424 2293 1467 utitur,
2325 1423 2381 1459 ius

1285 1472 1384 1508 civile
1400 1472 1645 1508 Romanorum
1669 1482 1691 1507 a
1717 1471 1909 1517 pellamus:
1934 1471 1990 1507 vel
2013 1470 2068 1506 ius
2085 1469 2286 1514 Quiritium,
2310 1480 2380 1522 quo

1284 1517 1439 1563 Quirites
1471 1521 1642 1553 utuntur:
1711 1518 1833 1553 omani
1865 1516 1957 1552 enim
1989 1526 2011 1551 a
2043 1515 2190 1560 Quirino
2225 1514 2380 1560 Quintes

1285 1563 1512 1609 appellantur
1525 1564 1566 1599 ¹⁴.
1599 1563 1662 1599 sed
1687 1563 1852 1609 quotiens
1876 1573 1949 1598 non
1982 1561 2165 1605 addimus,
2200 1562 2302 1597 cuius
2335 1561 2383 1597 sit

1285 1609 1450 1652 civitatis,
1471 1612 1634 1645 nostrum
1653 1609 1709 1645 ius
1730 1608 1990 1654 significamus:
2017 1607 2124 1644 sicuti
2145 1618 2227 1643 cum
2264 1610 2382 1643 oetam

1285 1655 1437 1690 dicimus
1450 1666 1516 1691 nec
1529 1655 1694 1691 addimus
1715 1665 1856 1697 nomen,
1882 1654 2097 1690 subauditur
2110 1653 2208 1699 apud
2255 1663 2381 1688 raecos

1285 1701 1446 1746 egregius
1476 1701 1673 1744 Homerus,
1706 1700 1804 1746 apud
1835 1711 1902 1736 nos
1935 1699 2121 1745 Vergilius.
2169 1700 2226 1734 ius
2262 1702 2381 1734 autem

1283 1747 1441 1792 gentium
1465 1747 1562 1783 omni
1578 1747 1736 1782 humano
1755 1746 1877 1791 generi
1901 1755 2090 1782 commune
2115 1748 2180 1781 est.
2205 1755 2289 1780 nam
2311 1752 2382 1780 usu

1285 1792 1448 1838 exigente
1479 1796 1516 1829 et
1546 1793 1711 1828 humanis
1743 1791 2019 1828 necessitatibus
2049 1794 2172 1837 gentes
2203 1791 2379 1826 humanae

1285 1839 1460 1884 quaedam
1476 1838 1544 1875 sibi
1568 1838 1849 1874 constituerunt:
1874 1837 1970 1873 bella
1987 1837 2116 1873 etenim
2134 1839 2214 1872 orta
2238 1839 2325 1872 sunt
2347 1839 2382 1872 et

1286 1885 1511 1930 captivitates
1536 1888 1681 1920 secutae
1706 1887 1742 1920 et
1764 1883 1965 1926 servitutes,
2023 1893 2092 1918 uae
2117 1885 2202 1918 sunt
2224 1882 2293 1918 iuri
2315 1893 2380 1917 na-

1283 1930 1392 1965 turali
1416 1930 1629 1966 contrariae.
1663 1930 1740 1965 iure
1764 1929 1858 1965 enim
1882 1932 1989 1964 natur
2028 1928 2036 1936 ’
2062 1928 2108 1963 ab
2132 1928 2234 1963 initio
2259 1938 2382 1964 omnes

1283 1976 1445 2012 homines
1469 1976 1573 2011 liberi
1596 1976 1860 2011 nascebantur.
1896 1985 1940 2010 ex
1970 1974 2041 2010 hoc
2064 1974 2141 2010 iure
2163 1973 2323 2019 gentium
2348 1977 2384 2009 et

1285 2032 1407 2057 omnes
1431 2032 1545 2067 paene
1570 2024 1778 2057 contractus
1812 2020 2008 2056 introducti
2040 2023 2144 2062 sunt,
2178 2022 2219 2054 ut
2251 2019 2381 2065 emptio

1284 2067 1460 2111 venditio,
1485 2068 1617 2103 locatio
1643 2066 1847 2109 conductio,
1873 2066 2039 2109 societas,
2066 2065 2279 2111 depositum,
2303 2076 2378 2101 mu-

1284 2116 1386 2148 tuum
1411 2116 1446 2148 et
1470 2113 1530 2148 alii
1553 2112 1841 2148 innumerabiles.

1285 2162 1304 2194 3
1404 2158 1585 2194 ¹⁵Constat
1608 2162 1729 2194 autem
1752 2158 1808 2194 ius
1825 2159 1990 2193 nostrum
2013 2159 2078 2192 aut
2102 2167 2147 2193 ex
2165 2156 2300 2202 scripto
2319 2159 2384 2192 aut

1286 2215 1330 2240 ex
1353 2215 1426 2240 non
1451 2204 1596 2261 scripto,
1621 2208 1663 2239 ut
1687 2203 1785 2250 apud
1809 2202 1986 2239 Graecos:
2011 2204 2088 2236 τῶν
2111 2200 2236 2247 νόμων
2260 2203 2296 2237 οἲ
2317 2204 2388 2246 μὲν

1286 2252 1474 2296 ἔγγραφοι,
1503 2263 1535 2284 οι
1565 2249 1604 2284 δὲ
1629 2248 1841 2297 ἄγραφοιω.
1891 2248 2072 2293 Scriptum
2103 2248 2159 2284 ius
2193 2251 2248 2296 e‚st
2278 2249 2381 2290 lex¹⁷‚

1284 2296 1381 2341 plebi
1405 2295 1507 2339 scita,
1533 2299 1679 2332 senatus
1705 2294 1882 2337 consulta,
1908 2294 2111 2340 principum
2134 2293 2280 2339 placita,
2306 2304 2380 2329 ma-

1284 2345 1305 2376 4
1351 2342 1566 2387 gistratuum
1591 2341 1719 2384 edicta,
1746 2351 1920 2386 responsa
1936 2339 2176 2386 prudentium.
2221 2339 2299 2375 Lex
2316 2342 2380 2382 est,

1285 2387 1381 2433 quod
1405 2387 1559 2433 populus
1583 2386 1769 2423 Romanus
1802 2389 1968 2422 senatore
1992 2396 2050 2420 ma
2076 2385 2205 2420 ‘stratu
2228 2385 2381 2421 interro-

1284 2436 1402 2478 gante,
1427 2433 1535 2468 veluti
1560 2433 1718 2476 consule,
1745 2432 1997 2469 constituebat.
2033 2442 2057 2476 p
2073 2430 2129 2466 ebi
2160 2430 2291 2466 scitum
2315 2434 2381 2473 est,

1285 2479 1382 2524 quod
1413 2478 1515 2524 plebs
1547 2479 1686 2524 plebeio
1720 2478 1932 2523 magistratu
1971 2477 2232 2521 interrogante,
2273 2476 2381 2512 veluti

1285 2524 1449 2567 tribuno,
1484 2525 1737 2560 constituebat.
1787 2523 1924 2568 ¹⁸plebs
1958 2525 2079 2557 autem
2111 2532 2133 2557 a
2164 2521 2298 2567 populo
2338 2532 2379 2557 eo

1286 2569 1443 2612 differt‚-
1473 2580 1542 2614 quo
1580 2570 1718 2622 species
1755 2580 1778 2604 a
1818 2578 1967 2614 genere:
2012 2578 2096 2603 nam
2140 2566 2382 2613 appellatione

1284 2615 1408 2660 populi
1461 2615 1616 2650 universi
1672 2615 1764 2650 cives
1815 2613 2063 2659 significantur
2115 2613 2380 2649 connumeratis

1286 2661 1392 2696 etiam
1417 2660 1577 2706 patriciis
1604 2664 1639 2696 et
1664 2659 1908 2696 senatoribus:
1934 2659 2047 2704 plebis
2072 2662 2193 2694 autem
2217 2658 2377 2704 appella-

1284 2707 1384 2742 tione
1408 2706 1485 2741 sine
1509 2706 1670 2751 patriciis
1695 2709 1731 2741 et
1754 2705 1978 2741 senatoribus
2005 2704 2114 2740 ceteri
2146 2704 2241 2740 cives
2273 2704 2379 2750 signi-

1285 2752 1450 2787 ficantur.
1477 2751 1539 2787 sed
1565 2755 1600 2787 et
1629 2751 1726 2797 plebi
1761 2750 1853 2786 scita
1876 2750 1955 2796 lege
1979 2750 2173 2786 Hortensia
2204 2750 2279 2786 lata
2307 2761 2380 2786 non

1285 2801 1304 2832 5
1353 2798 1470 2832 minus
1501 2797 1621 2832 valere
1652 2807 1759 2842 quam
1790 2796 1884 2842 leges
1917 2799 2124 2841 coeperunt.
2178 2796 2380 2831 ¹⁹'Senatus

1286 2843 1499 2879 *consultum
1524 2846 1588 2885 est,
1622 2842 1718 2887 quod
1742 2846 1887 2878 senatus
1913 2842 2013 2878 iubet
2037 2846 2145 2887 atque
2169 2842 2378 2878 constituit⁴.

1285 2899 1368 2923 nam
1400 2899 1482 2923 cum
1512 2891 1641 2923 auctus
1673 2891 1729 2923 est
1750 2887 1905 2933 populus
1929 2887 2114 2923 Remanus
2138 2887 2176 2923 in
2201 2898 2280 2922 eum
2304 2898 2379 2922 mo-

1286 2933 1382 2975 dum,
1407 2937 1448 2968 ut
1472 2932 1617 2968 difficile
1649 2933 1696 2969 sit
1717 2933 1755 2968 in
1786 2943 1898 2969 unum
1940 2943 2020 2967 eum
2053 2942 2253 2968 convocare
2291 2932 2378 2978 legis

1286 2978 1500 3014 sanciendae
1525 2988 1654 3021 causa,
1687 2989 1840 3024 aequum
1872 2978 1985 3014 visum
2020 2981 2075 3014 est
2106 2981 2269 3014 senatum
2302 2979 2380 3014 vice

1286 3027 1306 3059 6
1354 3023 1477 3069 populi
1502 3024 1651 3059 consuli.
1701 3024 1734 3045 2⁰
1743 3024 1813 3060 Sed
1846 3028 1881 3059 et
1913 3024 2008 3070 quod
2041 3024 2195 3070 prIncipi
2228 3024 2376 3076 placuit,

1285 3069 1370 3114 legis
1394 3069 1505 3104 habet
1528 3069 1693 3115 vigorem,
1719 3081 1800 3106 cum
1820 3070 1895 3114 lege
1914 3070 2023 3115 regia,
2050 3080 2142 3115 quae
2160 3069 2204 3105 de
2228 3070 2377 3115 1mperio

1286 3115 1365 3150 eius
1385 3114 1460 3150 lata
1485 3118 1557 3158 est,
1589 3115 1742 3161 populus
1768 3115 1800 3151 ei
1824 3119 1860 3150 et
1882 3116 1919 3150 in
1945 3125 2024 3151 eum
2049 3125 2153 3151 omne
2184 3125 2289 3151 suum
2312 3115 2377 3150 im-

1282 3160 1422 3205 perium
1446 3163 1483 3195 et
1511 3163 1726 3206 potestatem
1757 3161 1946 3197 concessit.
1995 3161 2243 3206 quodcumque
2272 3160 2379 3205 igitur

1283 3209 1478 3250 imperator
1491 3216 1556 3251 per
1579 3206 1768 3252 epistulam
1783 3206 1970 3242 constituit
1991 3206 2048 3242 vel
2072 3216 2291 3252 cognoscens
2316 3205 2377 3240 de-

1287 3251 1396 3286 crevit
1411 3251 1467 3287 vel
1482 3251 1599 3287 edicto
1616 3252 1813 3298 praecepit,
1837 3252 1949 3297 legem
1966 3261 2044 3288 esse
2066 3254 2228 3288 constat:
2254 3251 2376 3286 haec²¹

1285 3299 1381 3339 sunt,
1414 3306 1506 3342 quae
1537 3298 1813 3334 constitutiones
1837 3298 2075 3343 appellantur.
2109 3297 2215 3343 plane
2247 3306 2291 3332 ex
2321 3297 2376 3331 his

1286 3341 1462 3387 quaedam
1500 3345 1585 3378 sunt
1615 3343 1842 3389 personales,
1875 3353 1967 3389 quae
1998 3353 2065 3379 nec
2097 3342 2143 3378 ad
2176 3342 2375 3387 exemplum

1287 3446 1346 3485 (13)
1375 3445 1450 3478 Gai.
1469 3448 1523 3487 1‚1
1544 3448 1639 3491 (Diq.
1656 3450 1723 3490 1,1‚
1738 3450 1770 3491 9)
1901 3449 1960 3491 (14)
1985 3451 2033 3483 sic
2054 3451 2134 3492 ΒΘ,
2156 3450 2369 3493 appellaban-

1287 3492 1343 3521 tur
1354 3490 1506 3525 APEW
1590 3494 1651 3535 (15)
1678 3498 1693 3533 §
1709 3501 1725 3527 3
1741 3495 1783 3527 in.
1798 3507 1838 3528 ex
1857 3494 1931 3537 Ulp.
1948 3495 1968 3526 l.
1985 3502 1997 3528 1
2012 3496 2085 3527 inst.
2106 3496 2201 3538 (Diq.
2220 3498 2247 3537 1,
2262 3504 2285 3538 1,
2299 3504 2327 3537 6,
2341 3499 2369 3538 1)

1285 3535 1347 3575 (16)
1372 3536 1408 3568 id
1421 3544 1467 3569 est
1479 3536 1591 3579 legum
1603 3538 1689 3571 aliae
1702 3538 1843 3581 scriptae
1855 3539 1940 3572 aliae
1954 3550 2021 3571 non
2033 3540 2174 3582 scriptae
2220 3541 2281 3581 (17)
2300 3541 2368 3581 lex]

1286 3579 1321 3612 E
1331 3580 1411 3621 We),
1431 3581 1520 3623 leges
1538 3583 1608 3616 AB
1730 3585 1792 3626 (18)
1815 3583 2048 3627 plebs..ceteri
2070 3585 2156 3616 cives
2176 3584 2367 3626 significan-

1285 3626 1341 3657 tur
1359 3626 1454 3659 st‘mil.
1481 3627 1568 3661 Gaio
1593 3630 1621 3670 1,
1640 3636 1656 3662 3
1779 3630 1841 3671 (19)
1870 3629 1946 3662 Gai.
1973 3632 2000 3670 1,
2021 3636 2036 3662 4
2159 3630 2225 3671 (20)
2252 3634 2269 3669 5
2290 3638 2306 3664 o
2328 3643 2367 3664 a:

1285 3669 1406 3748 {Bp-1}
1420 3678 1433 3705 1
1447 3673 1519 3705 inst.
1533 3672 1625 3716 (Diq.
1645 3676 1715 3717 1,,4,
1728 3675 1756 3715 ι)
1867 3675 1926 3715 (21)
1953 3674 2032 3706 haee
2050 3673 2120 3706 AB
2132 3674 2228 3718 Diffi,
2246 3675 2308 3709 hae
2330 3676 2366 3718 V,

1309 3725 1347 3747 ee
