2528 3918
176 164 253 210 12

173 290 218 324 34
263 287 360 333 Ergo
385 298 429 323 ex
451 287 507 324 his
531 288 696 324 omnibus
719 288 842 325 decem
864 290 999 326 tribuni
1021 291 1148 336 plebis,
1174 301 1260 327 con-

172 332 268 369 sules
299 332 388 376 duo,
421 332 543 369 decem
567 336 604 369 et
625 336 708 369 octo
732 338 935 380 praetores,
967 346 1031 372 sex
1061 336 1193 373 aediles
1223 337 1261 373 in

173 377 316 414 civitate
337 378 417 413 iura
438 377 648 414 reddebant.

217 425 261 458 35
306 422 398 458 Iuris
411 422 521 458 civilis
534 422 718 458 scientiam
729 423 871 469 plurimi
883 427 919 462 et
930 425 1074 460 maximi
1092 425 1157 461 viri
1176 437 1259 471 pro-

172 467 258 503 fessi
280 471 382 503 sunt:
415 467 477 502 sed
501 467 562 513 qui
585 477 707 504 eorum
730 468 905 504 maximae
928 469 1139 514 dignationis
1164 471 1261 516 apud

170 512 343 558 populum
374 512 575 548 Romanum
608 512 773 556 fuerunt,
810 515 954 550 eorum¹
988 514 1026 549 in
1057 516 1261 560 praesentia

171 557 302 592 mentio
326 557 492 592 habenda
515 560 580 601 est,
603 561 645 594 ut
667 561 860 604 appareat,
885 568 908 594 a
931 559 1059 604 quibus
1084 563 1121 595 et
1143 559 1260 606 quali-

173 609 238 637 bus
269 602 360 637 haec
392 603 472 637 iura
502 606 583 638 orta
614 606 650 639 et
672 603 806 638 tradita
828 606 923 639 sunt.
972 606 1008 639 et
1042 604 1183 650 quidem
1217 615 1261 641 ex

170 647 354 689 omnibus,
388 647 450 693 qui
480 647 665 684 scientiam
687 648 811 683 nancti
834 651 937 691 sunt,
972 651 1056 684 ante
1079 649 1261 686 Tiberium

171 691 434 728 Coruncanium
466 693 608 738 publice
638 692 840 739 professum
877 693 1053 729 neminem
1085 694 1259 730 traditur:

171 736 279 772 ceteri
309 740 429 773 autem
459 737 507 773 ad
535 738 632 774 hunc
662 738 721 774 uel
750 738 787 773 in
817 738 943 773 latenti
971 738 1027 774 ius
1052 739 1153 775 civile
1174 739 1259 776 reti-

169 792 255 818 nere
274 782 480 828 cogitabant
498 783 707 829 solumque²
726 782 1027 819 consultatoribus
1046 794 1176 820 vacare
1219 794 1258 820 o-

170 829 213 862 36
259 827 331 863 tius
352 837 459 873 quam
471 827 608 864 discere
619 828 819 864 volentibus
833 837 871 862 se
907 828 1126 864 raestabant.
1207 830 1261 865 uit

169 875 290 907 autem
311 872 349 907 in
367 872 491 918 primis
509 873 645 919 peritus
664 873 853 908 Pimnms³
902 883 1062 916 Arinms,
1110 874 1147 909 ui
1165 874 1259 919 leges

169 917 285 962 regias
315 917 354 952 in
384 929 495 953 unum
526 918 686 954 contulit.
735 918 780 952 ab
813 918 883 952 hoc
906 918 1045 954 Armis
1098 930 1259 955 nmmos

167 972 261 998 unus
273 972 317 998 ex
329 962 544 1006 decemviris,
571 963 670 998 cuius
693 963 886 997 maximum
906 963 1092 999 consilium
1111 964 1149 999 in
1169 964 1258 1000 duo-

168 1007 284 1043 decim
316 1007 448 1043 tabulis
486 1007 683 1044 scribendis
726 1007 804 1042 fuit.
853 1011 938 1052 post
978 1008 1076 1044 hunc
1118 1009 1258 1045 Arrius

167 1051 356 1088 Cmumus
389 1053 547 1089 eiusdem
577 1053 714 1098 generis
750 1053 939 1088 maximam
975 1053 1159 1089 scientiam
1193 1054 1258 1089 ha-

165 1096 263 1133 buit:
298 1097 358 1134 hic
390 1097 662 1134 Centemmanus
704 1107 726 1132 a
747 1097 905 1150 pellatus
945 1101 1016 1141 est,
1057 1099 1072 1120 ⁴
1103 1099 1137 1134 A
1162 1099 1258 1144 piam

165 1142 258 1178 viam
281 1143 408 1178 stravit
431 1146 467 1179 et
489 1153 618 1188 aquam
630 1142 719 1178 Clau
758 1152 815 1178 am
837 1142 977 1178 induxit
1001 1146 1037 1178 et
1056 1143 1101 1179 de
1150 1144 1257 1190 yrrho

164 1186 204 1223 in
226 1187 316 1223 urbe
338 1198 412 1223 non
434 1187 637 1233 recipiendo
663 1187 877 1223 sententiam
899 1187 998 1223 tulit:
1031 1188 1128 1224 hunc
1151 1189 1258 1224 etiam

165 1232 350 1268 actiones⁶
373 1233 558 1278 scripsisse
588 1232 759 1268 traditum
783 1235 838 1268 est
860 1232 1013 1278 primum
1037 1232 1082 1269 de
1104 1243 1257 1286 usurpae

164 1277 333 1320 tionibus,
358 1278 419 1324 qui
441 1278 531 1313 liber
555 1288 627 1313 non
650 1280 784 1313 exstat:
808 1276 902 1313 idem
921 1278 1061 1323 Appius
1074 1277 1257 1322 Claudius,

167 1323 230 1368 qui
252 1322 391 1358 videtur
414 1324 459 1358 ab
491 1323 560 1358 1100
617 1322 827 1365 1000881880,
863 1322 897 1357 R
928 1322 1083 1358 litteram
1111 1323 1257 1367 invenit,

164 1369 230 1403 1118
277 1378 317 1403 10
336 1368 513 1403 Valesiis‘¹
535 1334 670 1403 Vaferii
693 1370 812 1403 essent
836 1371 871 1403 et
892 1378 957 1412 pro
982 1367 1101 1404 Fusiis
1121 1368 1255 1404 Furii⁸.

165 1415 207 1448 37
289 1413 343 1448 uit
404 1417 462 1448 ost
496 1422 557 1448 eos
591 1412 766 1448 maximae
802 1412 972 1448 scientiae
1008 1412 1256 1457 SmBONrus,

164 1468 270 1503 quein
293 1469 364 1503 pop
405 1468 447 1493 us
470 1457 655 1493 Romanus
680 1457 797 1503 σοφὸν
820 1467 865 1502 ap
893 1457 1029 1501 ellavit,
1060 1468 1128 1494 nec
1159 1458 1256 1504 quis-

165 1513 272 1548 quam
303 1506 386 1538 ante
415 1503 513 1538 hunc
544 1506 609 1538 aut
638 1506 722 1548 post
744 1502 842 1538 hunc
865 1468 935 1538 Hoc
958 1502 1101 1555 nomine
1125 1513 1256 1548 cogno-

163 1548 319 1583 minatus
351 1551 415 1583 est.
464 1547 582 1583 Gmss
607 1547 732 1583 Scirio
754 1546 914 1589 Nasica,
970 1558 1009 1582 111
1032 1548 1213 1593 optimus⁹
1235 1558 1259 1583 a

164 1596 293 1628 senatu
323 1592 523 1672 appellatus
555 1596 627 1628 est:
661 1593 720 1628 cui
752 1592 859 1627 etiam
889 1603 939 1637 pu
979 1592 1032 1628 ’ce
1063 1593 1189 1629 domus
1220 1593 1258 1628 in

163 1647 269 1673 sacra
287 1638 345 1673 via
389 1641 451 1673 ata
470 1641 535 1680 est,
556 1647 626 1684 quo
644 1637 786 1673 facilius
807 1637 946 1673 consuli
962 1641 1096 1683 posset.
1132 1638 1258 1674 deinde

164 1682 328 1727 Quini-us
349 1683 495 1719 Mucius
508 1684 547 1726 ¹⁰,
595 1683 633 1718 ui
656 1682 703 1718 ad
723 1682 1033 1728 Carthaginienses
1057 1683 1187 1718 missus
1205 1683 1256 1718 le-

162 1731 279 1772 gatus,
314 1738 395 1763 cum
428 1731 546 1763 essent
601 1737 670 1763 uae
698 1731 855 1763 tesserae
884 1727 1024 1772 positae
1054 1738 1127 1763 una
1183 1728 1257 1763 acis

162 1773 279 1808 altera
301 1773 397 1815 belli,
432 1772 580 1808 arbitrio
606 1773 674 1808 sibi
698 1772 782 1808 dato
796 1799 805 1815 ,
837 1776 956 1807 utram
978 1772 1085 1808 vellet
1107 1783 1148 1807 re
1164 1776 1258 1807 erret

162 1816 325 1860 Romam,
350 1821 539 1862 utramque
562 1818 708 1852 sustulit
731 1820 768 1852 et
791 1817 843 1851 ait
860 1816 1170 1868 Carthaginienses
1189 1827 1255 1896 ge-

163 1864 206 1897 38
252 1865 329 1898 tere
353 1862 501 1904 debere,
536 1864 654 1896 utram
676 1861 823 1897 mallent
846 1870 1022 1906 accipere.
1069 1861 1158 1897 Post
1215 1871 1255 1897 os

161 1906 232 1942 fuit
254 1906 435 1942 Tmnnrus
460 1905 731 1949 commeamus,
755 1909 797 1940 ut
820 1906 903 1948 dixi,
928 1906 989 1951 qui
1037 1906 1147 1942 rimus
1171 1916 1255 1951 pro-

161 1951 256 1987 fiteri
291 1952 427 1997 coepit:
463 1951 565 1986 cuius
597 1955 717 1986 tamen
749 1950 923 1996 scriptum
953 1961 978 1986 n
1030 1961 1092 1986 um
1126 1954 1255 1994 exstat,

162 1996 228 2032 sed
248 2006 306 2032 res
334 2006 423 2032 onsa
442 1996 626 2042 complura
644 2000 681 2032 et
698 1996 943 2032 memorabilia
962 1995 1038 2031 eius
1056 1995 1203 2031 fuerunt
1215 1997 1254 2032 ¹¹.

162 2040 290 2077 deinde
306 2007 459 2077 gamus
482 2042 622 2077 Annus
637 2041 665 2063 ¹²
697 2043 733 2076 et
754 2040 869 2076 frater
892 2040 968 2076 eius
991 2040 1157 2077 Punnms
1179 2042 1254 2077 An-

161 2096 245 2122 nrus
278 2089 315 2122 et
343 2086 508 2122 Punnms
539 2087 697 2122 Amnrus
710 2086 738 2108 ¹³
771 2086 963 2121 maximam
998 2085 1185 2122 scientiam
1217 2086 1255 2121 in

186 2130 363 2167 rofitendo
393 2131 613 2174 habuerunt,
649 2134 691 2166 ut
725 2130 795 2166 duo
826 2130 918 2166 Aelii
951 2130 1059 2166 etiam
1090 2131 1254 2168 consules

177 2176 346 2219 uerint¹⁴,
371 2175 501 2211 Atilius
525 2180 645 2211 autem
666 2175 801 2221 primus
826 2185 848 2210 a
865 2175 999 2227 populo
1020 2174 1170 2221 Sapiens
1190 2186 1254 2221 ap-

161 2221 316 2266 pellatus
341 2224 396 2256 est
411 2222 450 2256 ¹³.
499 2220 648 2256 Sextum
670 2220 811 2256 Aelium
834 2223 942 2255 etiam
964 2219 1105 2255 Ennius
1128 2220 1254 2256 lauda-

161 2265 212 2301 vit
247 2269 285 2301 et
315 2268 434 2301 exstat
463 2265 557 2300 illius
589 2265 679 2300 liber
712 2265 773 2311 qui
802 2264 1012 2300 inscribitur
1032 2261 1254 2310 ‘tripertita',

162 2310 224 2356 qui
245 2310 336 2346 liber
358 2310 469 2346 veluti
492 2310 672 2345 cunabula
701 2309 789 2345 iuris
813 2311 842 2332 ¹⁶
863 2309 1040 2346 continet:
1076 2310 1256 2355 tripertita

162 2359 283 2391 autem
303 2355 444 2397 dicitur,
469 2355 638 2408 quoniam
648 2355 725 2400 lege
737 2354 924 2391 duodecim
935 2354 1139 2390 tabularum
1149 2364 1254 2400 prae-

162 2400 282 2446 posita
304 2399 464 2445 iungitur
486 2400 753 2446 interpretatio,
787 2399 916 2435 deinde
945 2399 1146 2435 subtexitur
1167 2399 1255 2445 legis

164 2445 270 2480 actio.
320 2444 477 2489 eiusdem
501 2455 580 2481 esse
601 2448 674 2480 tres
698 2444 758 2480 alii
775 2444 863 2481 libri
885 2443 1090 2480 referuntur
1101 2445 1141 2487 ¹⁷,
1165 2454 1256 2490 quos

163 2493 285 2525 tamen
308 2489 452 2536 quidam
475 2493 608 2535 negant
630 2489 788 2525 eiusdem
812 2498 911 2525 esse:
936 2489 1003 2524 hos
1027 2491 1186 2524 sectatus
1210 2488 1257 2524 ad

164 2534 299 2580 aliquid
317 2538 371 2570 est
389 2534 490 2570 Cato.
528 2534 655 2570 deinde
677 2534 833 2570 Manuos
854 2533 956 2568 Caro
1004 2533 1146 2586 rinceps
1165 2533 1256 2569 Por-

165 2580 242 2615 ciae
264 2579 430 2622 familiae,
457 2579 557 2615 cuius
582 2583 618 2615 et
639 2579 722 2614 libri
746 2581 905 2614 exstant:
941 2588 979 2614 se
1027 2578 1171 2624 plurimi
1193 2577 1258 2613 filii

165 2627 207 2660 39
255 2624 342 2667 eius,
367 2634 411 2660 ex
434 2624 563 2669 quibus
588 2624 696 2660 ceteri
719 2623 933 2659 oriuntur¹⁸.
976 2623 1067 2659 Post
1088 2624 1155 2659 1108
1177 2622 1256 2658 fue-

163 2672 250 2704 runt
270 2669 434 2704 Pimnrus
458 2668 606 2704 Mucius
638 2673 675 2704 et
704 2669 855 2704 Bnurus
887 2671 923 2704 et
951 2667 1160 2711 Mmrus,
1196 2668 1257 2714 qui

163 2713 405 2749 fundaverunt
426 2713 483 2749 ius
507 2713 617 2749 civile.
666 2724 710 2749 ex
732 2713 788 2749 his
810 2713 960 2749 Publius
983 2713 1126 2749 Mucius
1151 2713 1257 2748 etiam

166 2759 289 2795 decem
298 2758 437 2794 libellos
448 2758 601 2803 reliquit,
614 2758 750 2794 Brutus
763 2762 910 2803 septem,
930 2758 1101 2794 Manilius
1120 2761 1195 2794 tres
1207 2758 1254 2793 ¹⁹:

165 2807 202 2840 et
224 2806 348 2839 extant
370 2803 551 2838 volumina
574 2804 710 2848 scripta
727 2803 867 2838 Manilii
886 2807 1118 2838 monumenta
1126 2803 1168 2838 ²⁰.
1204 2802 1257 2838 illi

165 2848 236 2885 duo
261 2848 469 2884 consulares
499 2848 662 2891 fuerunt,
693 2848 828 2884 Brutus
851 2848 1073 2893 praetorius,
1104 2847 1256 2883 Publius

164 2896 210 2929 40
256 2895 377 2929 autem
399 2892 542 2929 Mucius
566 2893 673 2928 etiam
695 2892 859 2938 pontifex
881 2893 1067 2929 maximus.
1114 2892 1172 2928 Ab
1198 2892 1255 2928 his

167 3008 208 3050 (1)
221 3017 336 3040 eorum
349 3019 407 3040 om.
418 3007 453 3040 F
459 3006 471 3026 ¹
526 3007 570 3048 (2)
584 3006 770 3048 solumque]
783 3006 837 3039 vel
848 3005 1002 3039 solebant
1010 3019 1072 3040 scr.
1130 3007 1173 3049 (3)
1186 3008 1253 3038 Pu·

165 3052 256 3086 blius
269 3052 495 3096 deLsortaue,
508 3053 551 3104 qs.
560 3063 665 3095 eupra
679 3056 694 3091 5
706 3059 724 3086 2
793 3052 837 3094 (4)
862 3054 896 3084 01
908 3052 968 3085 ins.
982 3051 1012 3085 S
1079 3051 1123 3094 (5)
1147 3052 1253 3084 actio·

164 3107 225 3130 nes
237 3096 315 3131 del„-
326 3097 536 3140 interpolavit
547 3108 587 3130 ex
601 3101 617 3135 §
630 3103 645 3130 7
660 3097 767 3130 nescio
779 3096 839 3140 qui
848 3098 1008 3130 immemor
1018 3096 1080 3130 illa
1090 3096 1254 3130 volumina

166 3155 189 3176 a
200 3142 379 3186 Pomponio
391 3154 456 3175 non
467 3142 634 3175 numerari
643 3142 726 3175 inter
738 3143 864 3186 scripta
875 3148 1040 3175 auctorum
1105 3141 1150 3184 (0)
1163 3140 1254 3174 idem

167 3188 195 3221 Δ
221 3211 229 3219 .
239 3185 289 3221 01.
303 3187 334 3220 R
344 3186 495 3220 litteram
510 3186 644 3219 invenit
657 3187 856 3228 videturque
869 3186 910 3219 ab
923 3186 986 3220 hoe
998 3185 1202 3230 processisse
1214 3188 1254 3218 ut

208 3238 318 3266 aretae
386 3232 431 3274 (7)
455 3230 574 3264 valesii
586 3229 648 3273 F²,
664 3243 722 3264 om.
736 3231 771 3264 F
777 3231 787 3252 ¹
858 3232 902 3274 (8)
925 3231 1026 3264 furiis
1034 3231 1071 3265 F
1131 3231 1176 3273 (0)
1193 3230 1251 3273 qui

165 3278 219 3311 vir
230 3277 380 3320 optimus
392 3275 544 3310 Muretus
591 3276 650 3317 (10)
676 3275 716 3311 Q.
727 3276 893 3308 Maximus
904 3275 1091 3321 Bynkersh.
1139 3276 1194 3318 (11)
1206 3275 1253 3308 fe·

166 3325 290 3355 runtur
300 3321 450 3356 Muretus
519 3322 578 3362 (12)
603 3320 730 3353 caelius
740 3321 811 3361 FR,
829 3321 969 3354 cecilius
982 3322 1058 3355 dett.
1129 3321 1187 3362 (13)
1211 3320 1253 3353 L.

166 3367 298 3400 Acilius
311 3367 432 3401 dicitur
439 3366 531 3410 apud
541 3366 717 3409 Pomponia·
726 3372 885 3399 auctorem
901 3366 1083 3400 ciceronem
1095 3365 1192 3399 Lael.
1202 3366 1253 3405 2,0

167 3413 226 3455 (14)
251 3412 391 3445 fuerunt
400 3410 484 3445 F⁸S
562 3411 621 3452 (15)
645 3409 835 3453 appellatus
848 3410 894 3443 sit
905 3422 967 3444 scr.
1056 3410 1116 3452 (10)
1141 3409 1254 3443 civilis

166 3458 229 3491 im.
242 3456 399 3490 Huschke
477 3455 537 3498 (1¹1)
561 3454 716 3488 feruntur
728 3455 800 3488 edd.
891 3456 951 3497 (18)
975 3455 1159 3488 ordiuntur
1169 3467 1254 3497 scr-,⁸

167 3508 348 3581 ”⁶20r0m‘'“⁶‘⁶
357 3514 409 3580 ἰῗ
423 3500 1253 3580 Pm'“102‘23.”2555⁸‘''252222”123325:²5:2⁰

167 3559 297 3625 §aelium
312 3559 441 3625 Gw
515 3557 764 3633 (munanili’us
783 3556 919 3632 sepltuem,
938 3589 1064 3622 Brutus
1073 3591 1141 3622 tres
1163 3589 1253 3623 Zim-

168 3647 257 3669 mem
271 3637 301 3676 1,
311 3642 367 3670 270
388 3635 460 3669 coll.
473 3637 609 3670 verbis·
649 3646 681 3679 q.
702 3633 753 3667 illi
775 3633 841 3666 duo
854 3640 886 3667 ιε
905 3634 970 3668 cie„
986 3635 1025 3667 ds
1037 3646 1085 3667 or.
1099 3635 1131 3675 2,
1141 3641 1187 3674 55,
1197 3640 1253 3668 228

169 3680 235 3722 (20)
258 3683 474 3713 monumenta
487 3681 550 3715 del.
634 3681 679 3723 21)
702 3678 810 3711 Aulus
817 3678 975 3712 Zimmern
989 3679 1019 3718 1,
1029 3685 1105 3719 2823
1126 3680 1170 3722 qs:
1186 3679 1252 3713 Cic.

171 3724 265 3758 Lael.
275 3726 330 3765 27,
340 3732 390 3759 101
459 3726 522 3767 (22)
545 3723 703 3758 Panaetii
714 3724 799 3758 Hal.
812 3725 854 3767 cs:
871 3723 936 3757 Οἰο.
954 3723 1047 3757 nm„
1061 3725 1094 3764 5,
1107 3730 1135 3763 2,
1146 3730 1163 3757 4

169 3770 231 3812 (28)
256 3769 435 3802 Mucianus
446 3770 520 3804 dete.
614 3770 677 3811 (24)
701 3768 800 3802 Brut.
810 3769 865 3808 39,
876 3775 928 3802 145
1021 3769 1083 3809 (25)
1107 3765 1260 3800 0111111817

1993 183 2056 215 ΒΕ
2085 183 2274 217 omanus
2300 186 2418 220 rums

2222 295 2259 331 ui
2281 295 2419 334 Romae

2241 351 2417 379 issemus

1329 386 1365 418 et
1385 382 1550 427 anmis
1570 382 1724 420 Tunxno
1746 384 1805 420 ille
1823 385 1957 421 stoicus
1977 385 2118 421 Pansae
2128 385 2159 407 ²²
2181 385 2335 428 auditor,
2356 387 2418 432 qui

1328 431 1365 462 et
1385 427 1463 473 ipse
1487 427 1622 463 consul.
1671 428 1777 464 etiam
1799 428 1943 465 Snxrus
1962 429 2153 466 Pournrus
2173 429 2288 466 Gnaei
2309 431 2416 467 Pom-

1328 472 1399 517 peii
1431 476 1582 518 patruus
1611 471 1681 508 fuit
1704 473 1827 510 eodem
1849 478 2026 520 tempore3
2059 479 2095 511 et
2117 475 2277 511 Coxnrus
2301 476 2416 511 Auri-

1328 527 1460 560 Parsa,
1484 517 1546 569 qui
1565 517 1742 571 historias
1758 519 1980 564 conscripsit,
2004 520 2068 555 sed
2090 520 2170 566 plus
2195 520 2418 566 eloquentiae

1330 571 1436 641 guam
1470 565 1642 598 scientiae
1674 573 1762 599 iuris
1797 574 1818 599 0
1846 574 1942 600 eram
1977 564 2092 600 dedit:
2137 564 2243 601 etiam
2275 565 2416 602 Locrus

1358 616 1491 642 11188118
1514 606 1627 642 frater
1648 607 1767 643 Publii
1830 609 1921 652 ucii,
1954 609 2015 655 qui
2036 609 2231 646 Munianus
2243 610 2275 632 ²³
2298 610 2416 646 dictus

1330 655 1402 687 est:
1415 652 1512 686 hunc
1525 651 1648 687 Cicero
1658 652 1689 674 ²⁴
1713 653 1764 688 ait
1782 653 2114 690 iurisconsultorum
2135 654 2415 691 disertissimum.

1329 698 1370 731 41
1418 696 1508 732 Post
1529 697 1596 732 hos
1620 696 1785 741 Qumus
1809 699 1956 734 Mucrus
1978 699 2097 734 Publii
2127 698 2221 735 filius
2252 699 2417 745 pontifex

1328 741 1504 776 maximus
1526 741 1582 776 ius
1607 741 1706 778 civile
1728 742 1862 788 primus
1888 743 2072 779 constituit
2118 744 2290 780 eneratim
2312 745 2351 780 in
2373 745 2416 780 li-

1328 788 1371 821 42
1417 785 1504 821 bros
1535 785 1656 822 decem
1680 791 1716 823 et
1739 792 1819 824 octo
1843 788 2045 840 redigendo.
2133 789 2205 824 ucii
2234 789 2416 826 auditores

1326 830 1473 866 fuerunt
1496 831 1707 897 comglmes,
1732 832 1795 868 sed
1842 843 2033 879 raecipuae
2055 834 2280 870 auctoritatis
2300 835 2416 876 Aom-

1326 886 1410 911 nms
1432 874 1580 911 Gnatus
1609 877 1633 919 ⁵,
1654 876 1804 914 Bannus
1847 878 2047 921 1101110826,
2068 877 2212 915 Snxrus
2225 878 2416 922 Parinms,

1328 919 1445 956 01108
1455 920 1486 942 ²⁷
1509 920 1728 958 Iuvnmrus:
1762 932 1806 958 ex
1859 922 1964 958 uibus
1989 922 2132 958 Gallum
2153 924 2329 959 maximae
2352 934 2417 960 au-

1329 292 1481 338 profecti
1512 296 1598 330 sunt
1619 292 1784 331 Pennus
1806 294 1989 331 Rurimus
2013 293 2140 331 Rus-us
2153 322 2163 338 ,

1329 339 1455 374 consul
1479 342 1515 374 et
1536 338 1647 374 Asiae
1668 340 1861 384 proconsul
1882 339 1972 383 fuit,
1994 340 2144 376 Paomis
2155 341 2184 362 ²¹

1327 965 1503 1001 ctoritatis
1526 965 1624 1011 apud
1646 967 1817 1012 populum
1855 967 1951 1003 uisse
1975 967 2118 1004 Servius
2150 968 2247 1004 dicit.
2295 978 2418 1005 omnes

1326 1013 1447 1045 tamen
1469 1009 1508 1045 hi
1533 1020 1556 1045 a
1579 1009 1698 1047 Servio
1723 1011 1880 1057 Sulpicio
1904 1012 2151 1048 nominantur:
2177 1013 2333 1059 alioquin
2352 1023 2418 1059 per

1327 1065 1366 1090 se
1390 1065 1513 1090 eorum
1536 1055 1672 1100 scripta
1694 1067 1768 1092 non
1797 1057 1885 1092 talia
1916 1060 2077 1101 exstant,
2109 1060 2151 1093 ut
2181 1068 2225 1093 ea
2255 1059 2418 1094 omnes²⁸

1327 1103 1518 1145 appetant:
1553 1099 1705 1146 denique
1727 1111 1794 1137 nec
1817 1105 2004 1138 versantur
2027 1102 2170 1138 omnino
2195 1103 2331 1148 scripta
2354 1113 2415 1139 eo-

1326 1156 1406 1180 rum
1428 1145 1521 1180 inter
1542 1155 1670 1181 manus
1687 1145 1881 1189 hominum,
1906 1146 1970 1182 sed
1990 1146 2132 1183 Servius
2145 1147 2178 1169 ²⁹
2198 1147 2310 1184 libros
2331 1158 2417 1184 suos

1328 1189 1535 1235 complevit,
1566 1200 1631 1235 pro
1666 1190 1767 1226 cuius
1799 1191 1976 1236 scriptura
1997 1192 2156 1237 ipsorum
2180 1202 2322 1238 quoque
2343 1202 2417 1228 me-

1327 1237 1370 1270 43
1417 1235 1531 1271 moria
1549 1234 1712 1270 habetur.
1760 1235 1919 1272 Snnvrus
1938 1240 2059 1272 autem
2079 1236 2273 1273 Sunricms
2284 1238 2315 1259 ³⁰
2336 1247 2418 1273 cuin

1325 1279 1364 1314 in
1400 1279 1518 1315 causis
1550 1279 1695 1316 orandis
1719 1280 1870 1325 primum
1893 1281 2012 1317 locum
2036 1284 2100 1317 aut
2121 1292 2187 1327 pro
2212 1285 2310 1318 certo
2361 1285 2419 1318 ost

1326 1324 1491 1360 Marcum
1514 1324 1670 1360 Tullium
1682 1325 1712 1346 ³¹
1737 1325 1932 1370 optineret,
1966 1326 2120 1361 traditur
2150 1326 2198 1362 ad
2228 1337 2315 1362 cons
2355 1336 2417 1362 en-

1326 1369 1411 1404 dum
1442 1369 1612 1414 Quintum
1644 1370 1805 1406 Mucium
1836 1369 1881 1406 de
1914 1380 1954 1405 re
1987 1371 2091 1406 amici
2124 1371 2181 1407 sui
2214 1371 2418 1417 pervenisse

1327 1425 1408 1450 cum
1432 1425 1478 1449 ue
1502 1425 1583 1450 eum
1602 1414 1671 1450 sibi
1688 1414 1916 1460 respondisse
1936 1416 1978 1450 de
1997 1416 2074 1451 iure
2085 1415 2228 1452 Servius
2237 1417 2268 1438 ³²
2316 1426 2416 1451 arum

1324 1459 1398 1494 inte
1426 1460 1568 1502 exisset,
1580 1459 1710 1495 iterum
1723 1459 1892 1504 Quintum
1905 1460 2143 1506 interrogasse
2156 1461 2231 1496 et³³
2251 1471 2274 1496 a
2316 1461 2416 1496 uinto

1324 1504 1447 1539 Mucio
1470 1514 1681 1549 responsum
1705 1514 1784 1540 esse
1806 1515 1873 1540 nec
1895 1507 2016 1541 tamen
2046 1506 2268 1551 percepisse,
2301 1510 2338 1541 et
2367 1506 2419 1540 ita

1325 1549 1552 1594 obiurgatum
1573 1558 1651 1584 esse
1670 1559 1693 1584 a
1712 1549 1842 1593 Quinto
1855 1549 1997 1585 Mucio:
2018 1559 2170 1595 namque
2189 1560 2271 1586 eum
2287 1550 2419 1586 dixisse

1325 1597 1431 1639 turpe
1462 1604 1540 1629 esse
1570 1593 1721 1638 patricio
1754 1597 1791 1629 et
1812 1593 1923 1629 nobili
1947 1597 1984 1629 et
2008 1604 2136 1630 causas
2160 1594 2279 1631 oranti
2300 1594 2357 1630 ius
2379 1595 2418 1630 in

1325 1638 2254 1730 3302&Zrssssssimigi‘gffffiacffiu‘eff0pi52*¹¹¹¹st
2273 1638 2418 1720 {35³3

1326 1728 1454 1780 quibus
1477 1728 1589 1763 locuti
1612 1738 1746 1771 sumus,
1771 1728 1893 1771 audiit,
1917 1728 2102 1764 institutus
2126 1739 2149 1764 a
2170 1729 2285 1764 Balbo
2305 1710 2416 1764 Lhci-

1324 1773 1384 1815 ho,
1404 1773 1602 1808 instructus
1622 1775 1742 1809 autem
1761 1773 1913 1808 maxime
1933 1783 1955 1808 a
1975 1773 2078 1809 Gallo
2090 1773 2246 1819 Aquilio,
2268 1773 2329 1819 qui
2347 1773 2418 1808 fuit

1326 1816 1514 1852 Cercinae:
1538 1817 1659 1862 itaque
1681 1817 1763 1853 libri
1787 1817 1986 1863 complures
2007 1818 2082 1853 eius
2104 1821 2228 1854 extant
2247 1817 2418 1854 Cercinae

1326 1861 1490 1897 confecti.
1538 1862 1597 1898 hic
1622 1872 1704 1898 cuin
1725 1862 1764 1897 in
1794 1862 1971 1907 legatione
2000 1862 2170 1908 perisset,
2203 1866 2361 1899 statuam
2385 1863 2417 1898 ei

1324 1906 1478 1952 populus
1502 1905 1686 1943 Romanus
1696 1907 1727 1929 ³⁵
1749 1917 1814 1952 pro
1838 1906 1964 1943 rostris
1986 1907 2118 1953 posuit,
2143 1911 2180 1943 et
2200 1907 2376 1953 hodieque
2386 1908 2418 1930 ³⁶

1325 1955 1443 1987 exstat
1463 1962 1530 1997 pro
1554 1952 1679 1987 rostris
1701 1951 1865 1996 Augusti.
1900 1952 2006 1988 huius
2029 1952 2209 1988 volumina
2233 1953 2418 1998 complura

1325 1999 1485 2032 exstant:
1521 1996 1587 2032 reli
1611 1996 1666 2032 uit
1695 2000 1815 2032 autem
1848 2007 1962 2043 prope
1993 2000 2136 2033 centum
2166 2001 2202 2033 et
2235 1997 2418 2042 octaginta

1324 2045 1369 2077 44
1414 2041 1535 2077 libros.
1582 2008 1640 2077 {b
1664 2042 1734 2078 hoc
1756 2041 1899 2087 plurimi
1920 2042 2167 2088 profecerunt,
2198 2041 2274 2078 fere
2296 2045 2417 2077 tamen

1323 2087 1361 2122 hi
1392 2086 1503 2122 libros
1535 2087 1843 2132 conscripserunt:
1875 2087 2047 2123 Arsanus
2081 2087 2209 2123 Vanus
2244 2086 2414 2130 01111827,

1323 2132 1452 2167 Annus
1485 2130 1658 2175 Omms,
1695 2132 1811 2167 Trrus
1848 2130 2024 2174 Can-suis,
2057 2132 2241 2168 Aur-imus
2277 2131 2415 2175 Tucca,

1323 2177 1506 2212 Aurmms
1530 2175 1709 2219 Nmsr,
1734 2176 1901 2212 ffiivms
1924 2176 2092 2219 Pmscus,
2118 2175 2236 2212 mes
2259 2176 2415 2219 Arimis,

1322 2221 1512 2256 Picuvms
1543 2221 1673 2257 Larino
1703 2222 1906 2257 Asmsrms
1916 2222 1947 2243 ³⁸
1968 2221 2148 2257 Labeonis
2172 2220 2320 2256 Antistii
2349 2231 2415 2266 pa-

1323 2269 1389 2308 ter,
1415 2265 1543 2309 enm,
1567 2266 1768 2302 Punnrcrus
1780 2266 1812 2287 ³⁹
1835 2266 2009 2302 Gnnnrus.
2057 2275 2102 2301 ex
2131 2265 2187 2301 his
2219 2265 2341 2301 decem
2373 2266 2415 2300 li-

1323 2311 1408 2346 bros
1433 2313 1514 2346 0010
1541 2311 1841 2356 conscripserunt,
1865 2321 2016 2355 quorum
2038 2320 2162 2346 omnes
2186 2310 2248 2355 qui
2269 2309 2416 2345 fuerunt

1323 2355 1404 2390 libri
1427 2355 1551 2400 digesti
1574 2358 1659 2390 sunt
1681 2355 1727 2390 ab
1750 2353 1893 2389 Aufidio
1917 2355 2077 2389 Namusa
2099 2356 2137 2389 in
2160 2358 2303 2390 centum
2327 2365 2415 2400 qua-

1325 2399 1487 2444 draginta
1504 2399 1626 2434 libros.
1663 2409 1707 2434 ex
1725 2398 1781 2434 his
1801 2398 2022 2434 auditoribus
2044 2398 2236 2444 plurimum
2259 2399 2414 2435 auctori-

1324 2445 1408 2479 tatis
1431 2443 1560 2478 habuit
1581 2443 1731 2479 Alfenus
1754 2443 1873 2478 Varus
1897 2446 1934 2478 et
1955 2444 2072 2479 Aulus
2096 2443 2232 2486 Ofilius,
2268 2454 2313 2479 ex
2360 2444 2414 2479 ui-

1323 2489 1391 2524 bus
1414 2488 1542 2541 1181118.
1556 2492 1592 2523 01
1615 2488 1741 2541 consul
1762 2487 1848 2531 fuit,
1882 2487 2013 2541 Qfilius
2029 2488 2092 2541 'in’
2107 2488 2261 2541 equestri
2291 2455 2415 2541 oraine

1350 2536 1570 2569 erseverawt.
1617 2543 1647 2568 18
1670 2532 1740 2568 fuit
1763 2532 1908 2568 Caesari
1928 2532 2222 2569 famiharissimus
2246 2536 2283 2569 et
2303 2533 2414 2569 hbros

1323 2545 1370 2613 ge
1399 2578 1478 2614 iure
1508 2577 1600 2613 civili
1630 2578 1803 2623 plurimos
1828 2581 1864 2613 et
1886 2578 1948 2623 qui
1970 2588 2110 2614 omnem
2129 2581 2272 2630 partein
2296 2578 2414 2623 operis

1324 2622 1520 2659 fundarent
1549 2623 1615 2658 reli
1638 2622 1702 2658 uit.
1750 2632 1833 2658 nam
1865 2622 1910 2658 de
1938 2622 2075 2668 legibus
2105 2622 2318 2659 vicensimae
2340 2622 2413 2668 pri-

1326 2678 1404 2703 mus
1419 2667 1613 2703 conscribit
1643 2669 1676 2702 ⁰:
1703 2667 1747 2703 de
1758 2667 2002 2703 iurisdictione
2019 2667 2113 2703 idem
2133 2666 2289 2703 edictum
2307 2677 2412 2713 prae-

1324 2713 1413 2748 toris
1447 2712 1583 2758 primus
1618 2712 1802 2758 diligenter
1836 2711 2054 2758 composuit,
2096 2722 2180 2747 nam
2213 2715 2299 2747 ante
2333 2722 2414 2747 euin

1325 2757 1466 2793 Servius
1497 2757 1587 2793 duos
1618 2757 1729 2793 libros
1753 2756 1800 2792 ad
1821 2757 1973 2792 Brutum
1990 2766 2058 2809 per
2082 2766 2166 2792 uam
2187 2756 2413 2792 brevissimos

1324 2805 1367 2838 45
1417 2802 1463 2838 ad
1476 2802 1630 2838 edictum
1642 2802 1862 2847 subscriptos
1874 2801 1939 2837 reli
1963 2803 2027 2837 uit.
2133 2801 2160 2836 't
2178 2800 2303 2837 eodem
2322 2805 2412 2836 tem-

1323 2857 1412 2927 pore
1435 2850 1471 2883 et
1493 2847 1720 2890 Tmii'rms,
1745 2846 1806 2892 qui
1827 2846 1921 2882 idem
1970 2845 2083 2881 orneli
2099 2845 2248 2881 Maximi
2271 2845 2414 2881 auditor

1340 2896 1393 2927 uit
1401 2893 1415 2913 ⁴
1422 2893 1451 2927 ¹:
1471 2892 1599 2928 Annus
1621 2891 1847 2927 cxsonmrus
1857 2891 1898 2933 ⁴²,
1919 2889 2071 2935 Quintus
2082 2890 2222 2926 Mucius
2232 2890 2371 2926 Volusii
2381 2890 2414 2912 ⁴⁸

1323 3007 1387 3048 (20)
1400 3007 1493 3039 modo
1501 3005 1601 3038 lucil·
1618 3005 1710 3038 modo
1717 3003 1830 3037 luoill-
1848 3004 1882 3037 F

1323 3051 1402 3092 dei-,-
1414 3052 1456 3094 qf.
1474 3049 1540 3084 010.
1556 3050 1654 3083 Brut.
1675 3049 1793 3089 40118
1865 3049 1928 3091 (28)
1952 3059 2066 3082 01111108
2084 3050 2138 3083 vol
2150 3048 2303 3082 homines
2312 3048 2349 3092 S,
2368 3048 2412 3082 ad

1321 3104 1435 3128 omnes
1446 3094 1483 3128 F
1545 3094 1609 3137 (29)
1635 3094 1770 3127 Servius
1782 3093 1827 3126 iis
1840 3094 2054 3138 Canneqieter
2128 3095 2192 3136 (so)
2218 3095 2330 3126 autem
2342 3092 2411 3126 sul·

1322 3139 1434 3183 picius
1447 3138 1485 3180 S,
1495 3151 1553 3173 om.
1564 3139 1599 3172 F
1638 3139 1809 3182 (81)(111111.
1822 3149 1850 3172 c.
1863 3149 1896 3182 p.
1911 3149 1953 3171 m.
1965 3137 2101 3171 tullium
2114 3138 2207 3172 bn‘sF
2246 3139 2309 3181 (82)
2322 3138 2412 3171 servi

1321 3184 1357 3218 F
1419 3184 1481 3226 (33)
1505 3182 1573 3217 sibi
1588 3183 1845 3227 respondentem
1864 3183 1906 3216 de
1926 3183 2000 3216 iure
2014 3183 2150 3216 Servius
2169 3193 2289 3227 parum
2308 3182 2411 3216 intel-

1320 3228 1459 3262 lexisset
1478 3228 1648 3262 etiterum
1660 3228 1824 3264 Quintum
1832 3229 2074 3271 interrogasset
2080 3227 2163 3262 Hal.
2233 3228 2296 3270 (84)
2320 3230 2411 3261 trac-

1322 3276 1413 3306 tatus
1425 3274 1487 3307 1³²⁶
1578 3274 1643 3317 (35)
1674 3283 1894 3315 proromanus
1908 3274 1968 3307 ins.
1980 3273 2017 3306 F
2114 3273 2177 3315 (80)
2202 3282 2267 3315 (1110
2281 3272 2345 3307 del.
2357 3271 2412 3306 Γ*

1335 3319 1385 3361 87)
1409 3318 1516 3351 Gaius
1528 3325 1585 3352 aut
1604 3319 1773 3355 delendum
1794 3318 1937 3361 (Gaiae.)
1959 3323 2016 3351 aut
2037 3318 2313 3360 transponendum
2335 3324 2412 3351 ante

1349 3363 1450 3396 inus:
1470 3375 1669 3407 praenomen
1689 3363 1811 3407 Alfeno
1830 3363 1958 3396 videtur
1961 3362 2073 3406 fitius
2085 3361 2200 3395 Publii
2210 3362 2262 3403 (Ο.
2276 3362 2307 3395 Ι.
2320 3362 2363 3395 L.
2376 3361 2407 3395 Ι.

1317 3420 1354 3453 p.
1363 3409 1432 3450 407)
1446 3420 1506 3442 nee
1513 3409 1580 3442 nisi
1589 3421 1666 3442 raro
1675 3409 1754 3451 plus
1766 3409 1844 3442 bina
1855 3407 1986 3441 nomina
1994 3407 2089 3450 ponit
2101 3406 2300 3450 Pomponius

1322 3454 1386 3495 (88)
1410 3453 1581 3485 Antistius
1594 3454 1656 3487 dcl.
1666 3466 1678 3494 ,-
1690 3460 1868 3496 praeterea
1887 3458 1963 3485 ante
1982 3451 2150 3483 Pacuvius
2162 3459 2248 3485 recte
2261 3451 2411 3485 distinxit

1321 3498 1476 3531 Heraites
1489 3498 1537 3531 ad
1543 3498 1748 3532 mafanum
1758 3498 1789 3537 8,
1800 3504 1833 3532 18
1846 3497 1947 3530 citata
1959 3496 2099 3539 epistula
2111 3496 2227 3530 Sinnit’
2239 3496 2409 3540 Capitonis

1321 3543 1427 3586 (apud
1440 3542 1525 3577 Gall.
1537 3543 1570 3583 5,
1580 3543 1679 3584 21,10)
1697 3537 1759 3575 ‘ad
1768 3541 1945 3575 Pacuvium
1958 3534 2160 3573 Labeonem’
2252 3541 2315 3582 (8⁹)
2339 3541 2409 3572 Pu-

1320 3586 1410 3621 blius
1423 3588 1495 3621 edd.
1565 3587 1629 3629 (40)
1653 3586 1857 3630 conscripsit
1867 3585 1949 3619 Hal.
2016 3586 2074 3627 (41)
2099 3584 2276 3618 Trebatius
2286 3584 2408 3622 Quinti

1321 3631 1457 3664 Corneli
1467 3631 1609 3665 Maximi
1619 3631 1772 3667 auditor:
1784 3630 1851 3664 fuit
1863 3629 2045 3672 omanus,
2059 3629 2237 3662 Trebatius
2259 3630 2318 3672 qui
2330 3629 2407 3671 qui-

1321 3676 1395 3710 dem
1409 3675 1444 3708 0.
1458 3676 1504 3710 M.
1519 3676 1655 3709 auditor
1667 3676 1734 3709 fuit
1749 3676 1862 3712 Osann
1957 3675 2019 3716 (42)
2033 3674 2126 3708 modo
2141 3673 2292 3707 cascelli-
2311 3674 2403 3708 modo

1321 3720 1459 3755 casceli-
1482 3721 1518 3754 F
1601 3722 1663 3763 (48)
1687 3720 1807 3754 volasii
1822 3722 1857 3755 F

1977 3002 2169 3047 nimaina]
2178 3003 2278 3038 'ritus
2286 3003 2412 3038 Scim-
2487 2990 2489 2992 ’

2512 1594 2528 1626 ’ζῆ

2512 1627 2526 1654 ,2
