2528 3918
97 118 287 151 PECULIO

96 230 174 275 quis
208 240 347 265 servum
371 230 583 263 testamento
607 227 756 263 liberum
781 236 859 262 esse
881 226 1025 262 iusserit
1047 227 1179 262 relictis

95 275 284 310 heredibus
308 275 381 316 his,
430 273 466 307 ui
490 283 570 308 cum
594 282 695 307 servo
721 275 995 314 contraxerunt,
1029 277 1181 318 possunt

94 322 187 355 inter
211 331 249 355 se
273 320 400 355 cohere
427 328 463 353 es
487 317 543 352 vel
567 317 611 352 de
662 317 774 352 eculio
800 327 924 361 agere,
957 318 1039 362 quia
1072 318 1114 353 de
1139 328 1179 352 eo

96 366 244 410 quisque
267 364 415 410 peculio,
441 362 536 407 quod
560 329 657 407 apug
681 372 762 397 eum
787 367 899 404 esset,
927 363 1085 407 quolibet
1109 363 1178 398 alio

100 415 111 445 l
162 415 287 454 agente
320 409 517 443 teneatur¹.
572 407 725 442 Etiamsi
758 407 982 452 prohibuerit
1017 408 1181 443 contrahi

96 466 174 490 cum
198 464 298 490 servo
323 453 498 494 dominus,
525 452 593 487 erit
615 453 652 487 in
677 463 756 487 eum
781 452 824 487 de
847 453 987 497 peculio
1013 453 1119 488 actio.

141 498 192 537 30
231 498 425 534 [ammos
457 498 548 533 libro
584 499 774 533 vicensimo
809 508 906 532 nono
942 500 991 533 ad
1025 498 1178 534 edictum

94 544 297 588 Quaesitum
329 546 400 584 est,
433 553 479 577 an
509 547 630 578 teneat
661 543 755 578 actio
781 542 825 577 de
848 543 1008 587 peculio,
1042 543 1179 578 etiamsi

94 589 180 624 nihil
204 589 308 623 sitin
339 588 479 632 peculio
513 599 594 623 cum
627 592 808 632 ageretur,
845 588 876 622 si
910 588 1016 624 modo
1049 589 1095 624 sit
1126 589 1177 623 rei

93 634 270 669 iudicatae
295 638 464 677 tempore.
501 633 677 668 Proculus
699 637 735 668 et
754 633 911 677 Pegasus
932 634 1041 669 nihilo
1063 634 1178 668 minus

93 679 225 715 teneri²
249 679 368 713 aiunt:
394 678 589 713 intenditur
613 679 704 713 enim
727 683 835 720 recte,
862 679 999 714 etiamsi
1022 679 1110 714 nihil
1134 679 1180 714 sit

93 726 130 759 in
159 724 310 769 peculio.
347 723 440 758 idem
474 727 509 759 et
534 724 629 758 circa
653 724 698 758 ad
723 724 961 758 exhibendum
986 728 1021 760 et
1044 725 1080 759 in
1104 735 1179 759 rem

93 770 265 805 actionem
288 769 435 813 placuit,
460 779 551 813 quae
574 769 751 804 sententia
772 773 808 803 et
829 779 851 803 a
871 770 973 804 nobis
992 769 1179 814 probanda

98 820 109 849 1
160 819 223 849 est.
273 814 310 849 Si
343 825 424 849 cum
456 825 500 849 ex
529 818 633 859 parte
661 814 790 849 herede
824 814 956 849 domini
987 815 1043 850 vel
1066 815 1178 860 patris

92 864 235 904 agatur,
269 859 454 894 dumtaxat
485 860 528 895 de
559 860 698 905 peculio
724 859 1049 902 condemnandum,
1084 860 1179 905 quod

91 904 187 950 apud
217 915 297 939 eum
327 905 492 940 heredem
524 905 570 940 sit
594 905 655 950 qui
679 905 908 940 convenitur:
941 905 1034 940 idem
1058 906 1118 940 et³
1142 905 1179 939 in

91 961 164 985 rem
187 960 288 985 verso
312 961 377 995 pro
402 954 522 995 parte,
555 950 623 985 nisi
654 950 684 985 si
716 950 801 995 quid
831 950 868 985 in
899 950 1011 995 ipsius
1035 950 1177 985 heredis

91 1005 165 1030 rem
188 996 310 1030 vertit:
343 1006 410 1031 nec
434 995 536 1040 quasi
558 1007 669 1030 unum
694 1006 738 1030 ex
761 996 867 1031 sociis
893 1006 971 1031 esse
994 996 1091 1031 hunc
1114 996 1176 1030 he-

91 1044 110 1075 2
157 1040 276 1076 redem
290 1041 578 1083 conveniendum,
593 1041 655 1075 sed
667 1051 732 1085 pro
745 1045 847 1085 parte
861 1041 1057 1075 dumtaxat.
1084 1041 1154 1076 Sed
1164 1041 1177 1061 ⁴

91 1086 121 1121 si
144 1086 220 1130 ipse
252 1097 373 1121 servus
406 1086 452 1121 sit
482 1087 585 1121 heres
618 1097 662 1121 ex
692 1091 795 1130 parte
826 1086 1028 1128 institutus,
1066 1096 1178 1131 aeque

91 1134 110 1166 3
160 1142 240 1166 cum
273 1141 313 1166 eo
346 1131 520 1176 agendum
545 1132 620 1166 erit.
671 1131 733 1166 Sin
757 1143 840 1167 vero
865 1132 959 1166 filius
984 1132 1031 1167 sit
1055 1143 1176 1177 quam-

91 1177 141 1211 vis
164 1187 207 1211 ex
226 1181 330 1221 parte
349 1177 543 1219 institutus,
569 1177 678 1212 nihilo
699 1177 815 1212 minus
836 1177 873 1211 in
893 1177 1045 1212 solidum
1065 1178 1176 1212 actio-

90 1233 169 1257 nem
193 1222 359 1266 patietur.
397 1222 461 1257 sed
484 1223 514 1257 si
536 1222 620 1257 velit
638 1233 703 1267 pro
724 1227 826 1267 parte
846 1233 975 1257 nomen
993 1223 1176 1258 coheredis

89 1268 275 1309 redimere,
302 1267 498 1303 audiendus
523 1273 594 1303 est:
628 1267 713 1312 quid
738 1268 830 1302 enim
854 1268 884 1302 si
907 1268 945 1303 in
967 1278 1042 1302 rem
1065 1268 1176 1313 patris

90 1323 230 1348 versum
254 1313 324 1348 sit?
361 1324 425 1348 cur
448 1324 520 1348 non
546 1317 786 1357 consequatur
809 1313 903 1348 filius
936 1324 958 1348 a
991 1313 1176 1355 coherede,

90 1358 184 1403 quod
215 1358 252 1392 in
276 1359 386 1402 patris
410 1369 449 1393 re
473 1359 550 1394 est?
585 1358 678 1393 idem
703 1363 739 1393 et
761 1358 791 1393 si
814 1359 993 1403 peculium
1016 1359 1177 1404 locuples

90 1407 109 1438 4
157 1404 213 1438 sit.
262 1403 317 1444 Is,
350 1404 411 1448 qui
435 1404 542 1439 semel
567 1404 610 1438 de
634 1403 773 1448 peculio
799 1404 886 1448 egit,
919 1415 1044 1439 rursus
1069 1408 1175 1439 aucto

90 1452 108 1483 5
155 1448 295 1493 peculio
321 1448 365 1484 de
388 1449 530 1484 residuo
556 1449 665 1484 debiti
689 1459 793 1494 agere
816 1453 945 1494 potest.
995 1449 1032 1484 Si
1056 1460 1177 1484 annua

90 1494 298 1538 exceptione
318 1494 364 1529 sit
383 1494 547 1539 repulsus
568 1505 590 1529 a
608 1494 789 1529 venditore
809 1495 972 1537 creditor,
998 1495 1177 1530 subveniri

90 1539 121 1574 ei
145 1539 314 1574 adversus
340 1544 532 1585 emptorem
556 1540 677 1574 debet:
711 1539 773 1575 sed
806 1540 837 1575 si
860 1540 932 1575 alia
956 1540 1175 1585 exceptione,

88 1585 262 1619 hactenus
287 1585 488 1628 subveniri,
520 1589 561 1620 ut
585 1585 737 1620 deducta
761 1596 804 1620 ea
828 1586 1044 1630 quantitate,
1070 1596 1176 1631 quam

89 1640 110 1664 a
132 1630 314 1665 venditore
339 1631 507 1675 consequi
530 1631 714 1676 potuisset,
741 1631 786 1665 ab
812 1635 971 1675 emptore
994 1631 1176 1666 residuum

89 1678 108 1710 6
157 1679 406 1720 consequatur.
462 1676 503 1710 In
539 1676 620 1711 dolo
657 1676 842 1711 obiciendo
878 1677 1048 1721 temporis
1083 1677 1174 1711 ratio

87 1720 256 1755 habetur:
281 1720 446 1755 fortassis
471 1721 562 1756 enim
586 1725 669 1766 post
692 1726 831 1766 tempus
856 1721 900 1757 de
919 1722 1000 1757 dolo
1022 1722 1174 1757 actionis

89 1776 161 1800 non
185 1766 341 1810 patietur
375 1766 495 1801 dolum
525 1767 657 1801 malum
689 1767 782 1801 obici
813 1770 974 1811 praetor,
1007 1768 1175 1812 quoniam

90 1814 107 1844 7
132 1818 134 1820 ’
155 1822 221 1846 1100
242 1811 285 1846 (10
305 1811 386 1846 (1010
407 1812 501 1846 actio
524 1816 606 1856 post
626 1816 799 1847 statutum
819 1816 959 1857 tempus
980 1812 1096 1847 datur.
1133 1813 1175 1847 In

88 1856 251 1891 heredem
275 1862 394 1892 autem
418 1856 489 1892 doli
514 1857 674 1892 clausula
696 1858 733 1892 in
755 1857 792 1892 id
812 1858 908 1903 quod
928 1858 974 1893 ad
996 1868 1076 1893 eum
1093 1869 1174 1903 per-

88 1901 182 1937 venit
205 1901 306 1936 fieri⁵
330 1902 445 1944 debet,
470 1902 565 1937 ultra
588 1913 671 1938 non.

135 1944 184 1983 31
212 1946 269 1981 ΡΑ
278 1957 372 1982 ULUS
398 1947 489 1982 libro
522 1949 730 1993 triqensimo
764 1948 814 1983 ad
842 1948 996 1984 edictum
1044 1948 1114 1984 Sed
1145 1949 1176 1983 si

88 1992 163 2036 ipse
187 1992 289 2027 heres
314 1992 396 2028 dolo
421 1991 518 2035 fecit,
543 1993 695 2028 solidum
718 1997 890 2037 praestat.

134 2034 187 2074 32
219 2036 414 2073 ULPJANUS
434 2038 525 2073 libro
548 2038 705 2073 secundo
730 2038 1014 2084 disputationum
1062 2039 1099 2074 Si
1132 2051 1175 2075 ex

89 2082 226 2117 duobus
250 2083 306 2117 vel
328 2084 489 2127 pluribus
521 2083 709 2118 heredibus
742 2084 835 2125 eius,
868 2084 928 2128 qui
957 2085 1174 2120 manumisso

89 2138 188 2163 servo
218 2128 273 2163 vel
303 2128 415 2163 libero
448 2138 525 2163 esse
556 2128 652 2163 iusso
684 2129 739 2163 vel
771 2129 925 2164 alienato
956 2130 1010 2165 vel
1034 2135 1173 2165 mortuo

88 2173 182 2207 intra
206 2183 338 2207 annum
363 2174 540 2208 conveniri
564 2178 723 2218 poterat,
756 2185 849 2209 unus
880 2175 989 2209 fuerit
1022 2186 1173 2210 conven-

88 2221 164 2259 tus,
201 2229 323 2253 omnes
354 2219 500 2253 heredes
536 2219 800 2260 liberabuntur,
838 2220 996 2264 quamvis
1032 2231 1103 2255 non
1138 2221 1175 2255 111

88 2264 279 2298 maiorem⁶
309 2264 542 2308 quantitatem
574 2265 649 2298 eius
680 2264 829 2308 peculii,
866 2265 962 2309 quod
994 2276 1104 2309 penes
1137 2277 1175 2300 se

88 2309 197 2343 habet
221 2309 281 2353 qui
306 2310 530 2351 convenitur,
557 2309 830 2352 condemnetur,
862 2310 968 2354 idque
991 2311 1042 2345 ita
1066 2311 1173 2345 Iulia-

88 2365 154 2388 nus
179 2354 332 2399 scripsit.
369 2354 533 2399 idemque
558 2359 612 2389 est
636 2359 671 2389 et
694 2355 725 2389 si
748 2355 785 2388 in
810 2355 954 2391 alterius
973 2361 1049 2391 rem¹
1067 2356 1175 2391 fuerit

87 2410 237 2434 versum.
276 2400 338 2434 sed
370 2405 405 2434 et
438 2400 468 2435 si
498 2400 618 2444 plures
649 2400 721 2435 sint
750 2400 941 2436 fructuarii
972 2402 1025 2436 vel
1056 2401 1173 2436 bonae

88 2444 169 2479 fidei
212 2454 459 2489 possessores,
503 2456 596 2480 unus
633 2449 825 2480 conventus
862 2450 998 2482 ceteros
1033 2446 1172 2489 liberat,

112 2489 245 2524 uamvis
266 2500 338 2525 non
358 2490 500 2525 maioris
520 2491 661 2535 peculii,
686 2501 792 2535 quam
811 2501 919 2535 penes
939 2502 978 2527 se
998 2496 1062 2534 est,
1088 2503 1172 2527 con-

88 2501 246 2569 damnari
271 2534 408 2570 debeat.
444 2535 529 2570 sed⁷
549 2536 633 2571 licet
651 2536 720 2571 hoc
738 2536 815 2571 iure
836 2537 1028 2582 contingat,
1053 2541 1173 2572 tamen

87 2580 247 2624 aequitas
273 2579 384 2615 dictat
407 2581 576 2616 iudicium
600 2581 637 2615 in
669 2591 729 2616 eos
764 2580 859 2623 dari,
893 2582 952 2626 qui
983 2583 1174 2618 occasione

87 2625 172 2659 iuris
196 2625 412 2668 liberantur,
436 2630 477 2662 ut
500 2626 609 2670 magis
634 2637 695 2661 eos
719 2627 901 2671 perceptio
927 2638 1034 2672 quam
1056 2628 1172 2663 inten-

87 2670 136 2704 tio
162 2670 302 2705 liberet:
329 2681 410 2705 nam
435 2671 495 2716 qui
520 2682 599 2706 cum
624 2682 724 2706 servo
751 2672 947 2714 contrahit,
971 2673 1173 2708 universum

87 2715 264 2760 peculium
300 2716 373 2751 eius
403 2716 499 2761 quod
530 2717 744 2761 ubicumque
776 2721 831 2752 est
861 2718 969 2752 veluti
1000 2718 1171 2762 patrimo-

90 2764 103 2794 1
155 2760 250 2794 nium
287 2761 454 2796 intuetur.
502 2762 545 2796 In
578 2762 648 2796 hoc
683 2766 800 2796 autem
831 2762 965 2797 'iudicio
1000 2763 1082 2798 licet
1116 2774 1171 2798 re-

87 2810 267 2839 stauretur
298 2806 533 2850 praecedens,
565 2811 684 2842 tamen
716 2811 751 2841 et
782 2808 961 2852 augmenti
993 2813 1028 2843 et
1052 2809 1172 2843 deces-

87 2850 195 2885 sionis
227 2851 401 2886 rationem
432 2852 557 2887 haberi
588 2857 747 2897 oportet,
785 2858 819 2887 et
851 2853 930 2888 ideo
965 2854 1037 2888 sive
1067 2854 1173 2889 hodie

87 2896 174 2929 nihil
199 2896 245 2930 sit
268 2896 303 2930 in
327 2897 465 2940 peculio
492 2897 564 2932 sive
597 2897 788 2932 accesserit
819 2898 971 2943 aliquid,
1003 2909 1172 2943 praesens

87 2944 201 2975 status
224 2942 354 2984 peculii
378 2942 592 2986 spectandus
618 2946 681 2977 est.
715 2953 825 2987 quare
842 2943 938 2978 circa
955 2943 1172 2979 venditorem

88 2996 228 3030 quoque
252 2990 286 3020 et
311 2991 504 3031 emptorem
528 2988 596 3023 hoc
629 2988 729 3023 nobis
754 2988 892 3023 videtur
915 2989 1042 3031 verius,
1077 2990 1171 3034 quod

87 3031 238 3065 accessit
262 3031 398 3075 peculio
422 3043 528 3076 posse
552 3043 616 3067 nos
641 3033 686 3067 ab
712 3037 870 3077 emptore
895 3034 1081 3079 consequi,
1106 3044 1171 3069 nec

87 3080 263 3111 retrorsus
295 3077 390 3112 velut
412 3077 449 3111 in
473 3088 544 3112 uno
568 3077 697 3113 iudicio
723 3078 769 3113 ad
793 3078 829 3112 id
854 3082 993 3123 tempus
1019 3090 1170 3114 conven-

87 3120 217 3155 tionem
237 3121 406 3157 reducere
426 3123 604 3166 emptoris,
627 3134 696 3167 quo
716 3123 878 3159 venditor
899 3129 1093 3159 conventus
1113 3125 1169 3160 sit.

88 3167 107 3199 2
154 3165 326 3201 Venditor
357 3167 447 3202 servi
472 3168 502 3202 si
526 3179 606 3202 cum
630 3168 769 3212 peculio
795 3179 933 3204 servum
957 3169 1112 3204 vendidit
1136 3174 1171 3204 et

87 3211 273 3245 tradiderit
296 3212 489 3256 peculium,
523 3224 567 3248 ne
598 3213 692 3248 intra
717 3225 849 3248 annum
873 3214 1015 3259 quidem
1040 3215 1084 3249 de
1108 3225 1168 3259 pe-

89 3256 179 3290 culio
205 3257 448 3292 convenietur:
474 3268 588 3302 neque
612 3259 704 3293 erum
727 3259 796 3294 hoc
819 3260 972 3304 pretium
996 3260 1087 3295 servi
1110 3271 1171 3305 pe-

89 3300 218 3335 culium
243 3305 306 3343 est,
332 3306 371 3336 ut
394 3302 563 3338 Neratius
588 3304 740 3348 scripsit.

89 3415 128 3454 (1)
154 3417 286 3446 tenetur
298 3416 351 3447 F²
453 3420 495 3456 (2)
521 3420 633 3449 tenere
644 3430 706 3450 scr.
811 3422 852 3458 (3)
879 3418 967 3450 idem
980 3420 1025 3458 et]
1039 3418 1119 3450 item
1133 3419 1173 3450 de

89 3471 150 3490 scr.
245 3462 287 3501 (4)
312 3461 369 3492 sed
382 3464 415 3492 et
427 3474 488 3494 scr.
592 3464 634 3503 (5)
659 3463 751 3495 finiri
763 3476 824 3495 scr.
930 3467 973 3502 (6)
999 3474 1097 3504 quam
1112 3466 1171 3496 ins.

90 3505 133 3543 (7)
159 3503 189 3535 si
203 3505 263 3537 ins.
278 3505 311 3536 F
376 3508 418 3545 (8)
444 3517 487 3538 an
501 3507 562 3539 del.
577 3508 658 3539 Hal.
731 3512 773 3546 (9)
799 3518 930 3540 versum
943 3509 977 3541 F
1029 3510 1088 3548 (10)
1114 3509 1172 3540 ha-

90 3546 206 3580 bebam
221 3549 356 3581 vendidi
376 3552 496 3593 scripsi
504 3553 676 3584 secundum
693 3552 848 3592 Graecos,
870 3557 929 3585 aut
946 3564 1021 3585 cum
1034 3554 1068 3585 F
1070 3554 1089 3592 ¹,
1111 3566 1172 3595 quo

90 3600 208 3626 retento
223 3595 305 3626 inter
317 3596 506 3637 sempronio
520 3603 551 3629 et
562 3597 749 3637 quaesitum
764 3602 813 3629 est
823 3600 960 3631 inseruit
967 3600 1065 3631 verba
1074 3599 1153 3631 haec
1162 3612 1172 3630 :

89 3637 251 3670 habebam
263 3638 340 3670 titio
353 3640 488 3672 vendidi
501 3645 679 3682 antequam
692 3643 764 3674 eius
778 3643 911 3675 nomine
923 3654 1050 3675 mecum
1060 3653 1172 3684 agere-

90 3682 145 3713 tur
158 3682 198 3714 de
211 3684 344 3725 peculio
357 3683 409 3717 F³
502 3689 556 3724 (11)
581 3693 759 3728 augeretur
772 3688 805 3720 F
899 3690 956 3726 (12)
983 3689 1062 3720 haec
1074 3691 1172 3721 verba

91 3727 178 3758 nihil
193 3728 348 3760 interest.
361 3753 368 3761 .
399 3730 567 3771 acceperit
578 3743 636 3763 suo
650 3732 719 3764 loco
733 3740 816 3764 mota
828 3740 901 3765 sunt
910 3746 920 3765 .·
932 3735 1059 3766 videt-ur
1069 3741 1171 3765 autem

1175 101 1253 148 199

2209 106 2333 150 XV1

1295 225 1348 264 33
1375 227 1422 262 lx
1432 237 1606 262 VOLENUS
1626 227 1717 263 libro
1743 228 1952 265 duodecimo
1977 241 2027 266 ex
2054 230 2175 266 Cassio
2223 230 2292 265 Sed
2313 231 2342 266 si

1250 273 1328 317 quis
1354 283 1495 307 servum
1519 273 1570 306 ita
1594 273 1761 315 vendidit,
1786 279 1826 309 ut
1849 276 2003 320 pretium
2028 286 2092 320 pro
2116 277 2256 321 peculio
2282 288 2341 312 ac-

1250 318 1402 362 ciperet,
1427 327 1537 362 penes
1563 328 1643 352 eum
1666 318 1806 353 videtur
1830 331 1907 355 esse
1931 321 2127 366 peculium,
2160 322 2207 356 ad
2238 333 2341 367 quem

1248 363 1400 407 pretium
1423 362 1555 407 peculii
1577 363 1749 407 pervenit,

1296 405 1349 444 34
1374 407 1605 442 POMPONIUS
1625 408 1716 442 libro
1741 408 1950 445 duodecimo
1975 423 2025 447 ex
2048 413 2159 447 variis
2183 412 2341 448 lectioni-

1249 453 1315 488 bus
1361 463 1433 487 non
1456 463 1567 498 penes
1592 463 1696 497 quem
1720 463 1776 488 res
1800 455 1990 498 peculiaris
2015 457 2071 491 sit.

1295 495 1348 534 35
1373 498 1420 532 [Α
1429 507 1599 533 VOLENUS
1615 498 1706 533 libro
1727 499 1937 534 duodecimo
1957 512 2007 536 ex
2023 501 2143 537 Cassio
2191 504 2240 537 At
2260 514 2340 538 cum

1247 543 1351 578 heres
1376 543 1494 578 iussus
1518 547 1572 578 est
1595 543 1774 587 peculium
1796 543 1882 579 dare
1902 550 2052 590 accepta
2073 552 2170 582 certa
2191 559 2339 591 summa,

1248 599 1320 622 non
1344 588 1483 623 videtur
1506 599 1616 633 penes
1641 589 1808 623 heredem
1832 600 1909 624 esse
1933 591 2121 634 peculium.

1293 631 1347 669 36
1380 633 1575 669 Urpmws
1595 633 1686 668 libro
1706 634 1863 670 secundo
1885 635 2168 680 disputationum
2215 639 2256 673 In
2275 639 2338 674 bo-

1248 689 1316 713 nae
1337 678 1421 713 fidei
1442 679 1687 713 contractibus
1710 680 1927 723 quaestionis
1949 685 2013 723 est,
2040 692 2084 716 an
2098 684 2111 703 ⁸
2135 683 2178 717 de
2199 685 2339 728 peculio

1249 735 1296 758 an
1319 724 1355 758 in
1381 724 1531 759 solidum
1556 729 1659 769 pater
1681 725 1736 758 vel
1761 724 1925 760 dominus
1957 729 2179 762 tenerentur:
2213 734 2254 763 ut
2287 735 2341 764 est

1247 769 1284 803 111
1307 769 1448 803 actione
1472 769 1515 804 de
1540 769 1623 804 dote
1647 769 1830 814 agitatum,
1857 771 1887 805 si
1910 770 1983 805 filio
2009 771 2073 806 dos
2099 773 2182 807 data
2207 775 2263 817 sit,
2290 786 2335 809 au

1248 818 1350 859 pater
1382 814 1569 849 dumtaxat
1600 814 1643 849 de
1693 815 1805 850 eculio
1831 816 2088 851 conveniretur.
2127 828 2189 862 ego
2222 823 2339 855 autem

1248 860 1404 894 arbitror
1427 870 1499 894 non
1524 860 1638 895 solum
1664 826 1707 895 ge
1731 861 1892 905 peculio,
1925 861 1989 896 sed
2014 866 2050 897 et
2073 863 2104 897 si
2128 864 2213 907 quid
2235 875 2339 909 prae-

1247 910 1345 940 terea
1370 905 1450 940 dolo
1475 905 1567 940 malo
1592 905 1705 950 patris
1731 910 1838 950 capta
1861 906 2099 952 fraudataque
2123 913 2176 943 est
2200 910 2336 952 mulier,

1248 954 1451 995 competere
1482 950 1677 985 actionem:
1712 961 1793 985 nam
1826 952 1856 986 si
1885 952 2018 987 habeat
2049 963 2106 987 res
2140 964 2205 989 nec
2237 957 2339 990 resti-

1246 999 1348 1030 tuere
1372 996 1419 1031 sit
1441 999 1607 1040 paratus,
1633 1006 1785 1041 aequum
1810 1001 1863 1032 est
1887 1007 1967 1032 eum
1992 998 2117 1042 quanti
2141 1009 2183 1033 ea
2206 1011 2262 1034 res
2288 1006 2341 1035 est

1248 1040 1488 1076 condemnari.
1526 1052 1609 1075 nam
1629 1041 1724 1086 quod
1743 1041 1781 1075 in
1801 1052 1914 1085 servo,
1942 1043 2000 1077 cui
2022 1053 2079 1078 res
2100 1044 2238 1088 pignori
2258 1046 2340 1080 data

1247 1090 1312 1127 est,
1339 1096 1545 1131 expressum
1572 1091 1643 1129 est,
1676 1087 1745 1121 hoc
1770 1091 1805 1122 et
1828 1088 1864 1122 in
1890 1088 2016 1123 ceteris
2042 1088 2158 1124 bonae
2182 1090 2263 1124 fidei
2287 1092 2339 1125 iu-

1247 1131 1347 1166 diciis
1380 1131 1628 1176 accipiendum
1654 1142 1731 1167 esse
1754 1132 1973 1178 Pomponius
1998 1134 2151 1178 scripsit.
2188 1146 2341 1180 namque

1247 1177 1276 1212 si
1301 1187 1401 1212 servo
1427 1188 1484 1212 res
1510 1178 1647 1222 pignori
1672 1178 1756 1212 data
1780 1178 1845 1220 sit,
1879 1189 1953 1214 non
1985 1179 2100 1214 solum
2133 1180 2176 1215 de
2200 1182 2339 1225 peculio

1247 1227 1282 1257 et
1305 1222 1342 1256 in
1363 1233 1438 1257 rem
1455 1233 1558 1257 verso
1585 1223 1756 1268 competit
1780 1224 1887 1266 actio,
1911 1225 2058 1259 verum⁹
2080 1225 2175 1261 hanc
2201 1237 2341 1271 quoque

1246 1268 1355 1302 habet
1380 1268 1615 1303 adiectionem
1640 1271 1688 1303 ‘et
1712 1269 1742 1303 si
1767 1268 1852 1312 quid
1876 1269 1957 1304 dolo
1982 1270 2076 1305 malo
2102 1270 2234 1306 domini
2255 1283 2297 1307 ca
2326 1293 2339 1299 -

1247 1316 1316 1347 ‘tus
1340 1313 1600 1359 fraudatusque
1625 1317 1727 1349 actor
1752 1315 1829 1349 est.'
1865 1315 2004 1350 videtur
2029 1319 2148 1351 autem
2173 1316 2253 1352 dolo
2302 1329 2339 1352 a-

1249 1368 1329 1393 cere
1354 1359 1536 1401 dominus,
1563 1359 1642 1404 qui,
1676 1370 1756 1394 cum
1780 1359 1931 1395 haberet
1953 1361 2163 1396 restituendi
2186 1362 2339 1398 faculta-

1249 1408 1331 1444 tem,
1357 1415 1429 1439 non
1453 1405 1528 1439 vult
1551 1405 1750 1439 restituere.

1293 1447 1345 1487 37
1371 1449 1566 1485 IULIANUS
1586 1450 1677 1485 libro
1702 1450 1912 1486 duodecimo
1937 1450 2158 1498 diqestorum
2206 1452 2243 1488 Si
2264 1464 2339 1488 cre-

1246 1494 1340 1530 ditor
1363 1494 1426 1529 filii
1450 1495 1504 1530 tui
1526 1495 1693 1530 heredem
1717 1498 1753 1530 te
1776 1495 1972 1532 instituerit
1993 1501 2028 1532 et
2047 1501 2088 1532 tu
2107 1498 2339 1534 hereditatem

1246 1540 1322 1575 eius
1346 1540 1556 1582 vendideris,
1582 1541 1644 1575 illa
1667 1545 1769 1585 parte
1793 1542 2033 1586 stipulationis
2059 1546 2206 1587 ‘quanta
2230 1554 2339 1589 pecu-

1246 1586 1317 1621 ‘nia
1349 1597 1393 1621 ex
1425 1586 1620 1621 hereditate
1645 1586 1691 1621 ad
1714 1590 1750 1621 te
1773 1587 1982 1631 pervenerit’
2008 1588 2185 1624 teneberis
2210 1589 2254 1624 de
2276 1601 2338 1635 pe—

1250 1635 1261 1666 1
1314 1631 1419 1667 011110.
1469 1631 1506 1666 Si
1547 1641 1647 1666 servo
1683 1635 1745 1667 tuo
1781 1633 1984 1676 permiseris
2018 1634 2190 1669 vicarium
2225 1645 2342 1671 emere

1245 1677 1364 1712 aureis
1399 1680 1501 1719 octo,
1538 1677 1597 1712 ille
1627 1677 1749 1712 decem
1782 1678 1905 1713 emerit
1939 1682 1974 1713 et
2004 1679 2070 1714 tibi
2094 1680 2277 1725 scripserit
2301 1691 2341 1717 se

1245 1726 1326 1758 octo
1359 1723 1486 1757 emisse
1509 1726 1620 1767 tuque
1644 1723 1676 1757 ei
1699 1723 1902 1767 permiseris
1927 1734 1988 1758 eos
2014 1728 2095 1760 octo
2123 1736 2166 1760 ex
2190 1729 2252 1760 tua
2276 1736 2336 1770 pe-

1245 1768 1352 1802 cunia
1376 1768 1512 1802 solvere
1536 1773 1572 1803 et
1594 1768 1624 1802 is
1650 1768 1772 1803 decem
1797 1769 1957 1811 solverit,
1990 1770 2060 1804 hoc
2083 1771 2225 1805 nomine
2250 1771 2338 1806 duos

1244 1823 1372 1848 aureos
1396 1816 1536 1847 tantum
1559 1813 1776 1856 vindicabis,
1809 1814 1873 1849 sed
1903 1814 1941 1848 hi
1971 1815 2144 1850 venditori
2175 1820 2337 1860 praesta-

1245 1861 1264 1893 2
1313 1859 1449 1893 buntur
1473 1858 1660 1893 dumtaxat
1685 1858 1729 1893 de
1752 1859 1893 1904 peculio
1919 1860 2021 1895 servi.
2070 1860 2217 1896 Servum
2242 1872 2336 1897 com-

1246 1915 1406 1946 munem,
1439 1914 1541 1948 quem
1572 1915 1653 1939 cum
1677 1904 1772 1939 Titio
1804 1905 2000 1947 habebam,
2033 1906 2215 1941 vendidi¹⁰
2239 1906 2336 1942 Sem-

1246 1950 1392 1994 pronio:
1427 1950 1627 1994 quaesitum
1661 1953 1732 1992 est,
1766 1950 1797 1985 si
1821 1950 1864 1985 de
1888 1951 2026 1995 peculio
2053 1962 2134 1986 cum
2158 1952 2251 1987 Titio
2277 1957 2337 1987 aut

1245 2005 1325 2029 cum
1338 1994 1546 2039 Sempronio
1561 1999 1726 2039 ageretur
1739 1996 1776 2037 ¹¹,
1798 2006 1844 2030 an
1865 1997 1939 2031 eius
1960 1997 2102 2040 peculii,
2124 1997 2220 2042 quod
2243 1998 2336 2042 apud

1245 2050 1300 2075 me
1324 2044 1438 2082 esset,
1470 2040 1562 2075 ratio
1595 2040 1721 2075 haberi
1753 2041 1909 2076 deberet.
1947 2041 2038 2083 dixi,
2072 2043 2102 2077 si
2135 2053 2215 2077 cum
2240 2043 2337 2078 Sem-

1243 2085 1370 2130 pronio
1392 2090 1567 2130 ageretur,
1587 2097 1781 2138 numquam
1800 2087 1975 2122 rationem
1996 2088 2070 2122 eius
2083 2089 2224 2132 peculii,
2244 2089 2337 2133 quod

1244 2130 1341 2175 apud
1364 2141 1420 2165 me
1444 2135 1549 2171 esset,
1574 2131 1699 2166 haberl
1723 2131 1865 2175 debere,
1890 2132 1974 2177 quia
1996 2133 2027 2167 is
2052 2134 2186 2168 nullam
2213 2134 2335 2169 adver-

1244 2186 1305 2210 sus
1329 2187 1385 2211 me
1409 2176 1587 2211 actionem
1611 2177 1778 2220 haberet,
1810 2188 1875 2222 per
1906 2188 2013 2222 quam
2044 2178 2081 2212 id
2115 2179 2210 2223 quod
2233 2190 2335 2224 prae-

1245 2221 1393 2256 stitisset
1424 2222 1595 2266 consequi
1626 2226 1759 2267 posset.
1797 2223 1860 2257 sed
1891 2227 1927 2257 et
1959 2223 1989 2258 si
2023 2234 2103 2258 cum
2128 2224 2222 2259 Titio
2254 2229 2337 2269 post

1244 2277 1376 2301 annum
1400 2277 1507 2311 quam
1530 2267 1766 2303 vendidissem
1787 2271 1962 2313 ageretur,
1988 2268 2147 2303 similiter
2167 2281 2240 2304 non
2260 2280 2337 2305 esse

1244 2312 1522 2356 computandum
1546 2313 1723 2357 peculium
1749 2313 1844 2358 quod
1868 2314 1963 2358 apud
1988 2324 2043 2349 me
2067 2318 2132 2356 est,
2158 2315 2241 2359 quia
2264 2315 2334 2349 iam

1244 2368 1383 2392 mecum
1417 2357 1474 2402 agi
1504 2358 1547 2392 de
1578 2359 1718 2403 peculio
1754 2370 1826 2394 non
1850 2363 1983 2403 posset.
2021 2360 2076 2394 sin
2100 2363 2219 2394 autem
2242 2360 2335 2394 intra

1244 2412 1376 2437 annum
1409 2408 1591 2447 ageretur,
1626 2408 1713 2439 tunc
1746 2414 1888 2449 quoque
1919 2405 2119 2440 habendam
2142 2405 2248 2440 huius
2272 2416 2334 2450 pe-

1245 2448 1327 2482 culii
1348 2448 1533 2490 rationem,
1553 2452 1744 2494 postquam
1764 2449 1901 2494 placuit
1919 2450 2073 2485 alienato
2094 2450 2237 2485 homine
2254 2461 2334 2495 per-

1244 2493 1453 2527 mittendum
1474 2494 1641 2529 creditori
1663 2499 1697 2529 et
1718 2506 1798 2529 cum
1818 2494 2000 2530 venditore
2021 2500 2057 2530 et
2077 2506 2157 2530 cum
2177 2501 2335 2541 emptore

1243 2540 1262 2572 3
1311 2548 1425 2582 agere.
1475 2538 1513 2573 Si
1537 2543 1657 2574 actum
1681 2540 1727 2574 sit
1751 2540 1795 2574 de
1818 2540 1957 2584 peculio
1983 2551 2063 2575 cum
2088 2550 2128 2575 eo
2149 2541 2210 2586 qui
2231 2552 2335 2576 usum

1241 2582 1400 2618 fructum
1423 2584 1460 2618 in
1485 2595 1587 2619 servo
1612 2585 1723 2620 habet
1746 2589 1782 2620 et
1805 2585 1922 2620 minus
1947 2589 2162 2620 consecutus
2187 2586 2234 2621 sit
2259 2597 2333 2622 cre-

1243 2628 1357 2671 ditor,
1383 2639 1455 2664 non
1480 2633 1535 2664 est
1556 2630 1736 2675 iniquum,
1761 2634 1801 2664 ut
1825 2641 1869 2664 ex
1892 2630 2055 2675 universo
2082 2631 2156 2666 eius
2180 2632 2333 2676 peculio,

1242 2673 1315 2708 sive
1347 2674 1443 2719 apud
1474 2674 1710 2710 fructuarium
1744 2675 1815 2710 sive
1839 2675 1934 2720 apud
1957 2676 2232 2720 proprietarium
2257 2677 2333 2719 erit,

1241 2729 1315 2753 rem
1351 2724 1601 2764 consequatur.
1647 2720 1732 2755 nihil
1764 2721 1928 2762 interest,
1966 2731 2093 2766 operas
2129 2732 2213 2757 suas
2250 2733 2333 2758 con-

1243 2765 1383 2799 duxerit
1407 2775 1528 2800 servus
1553 2776 1575 2799 a
1598 2765 1794 2800 fructuario
1821 2776 1867 2800 an
1890 2766 2080 2810 pecuniam
2104 2771 2262 2802 mutuam
2287 2768 2333 2802 ab

1243 2820 1284 2844 eo
1309 2810 1539 2854 acceperit¹2.
1577 2810 1654 2844 dari
1678 2810 1798 2854 itaque
1823 2810 1965 2845 debebit
1988 2811 2082 2847 actio
2108 2812 2141 2847 ei
2163 2812 2332 2848 adversus

1242 2854 1422 2889 dominum
1446 2855 1674 2900 proprietatis
1696 2855 1849 2890 deducto
1869 2865 1922 2898 eo,
1947 2856 2042 2901 quod
2062 2867 2183 2893 servus
2203 2858 2332 2903 peculii

1241 2900 1383 2935 nomine
1406 2900 1503 2945 apud
1526 2900 1763 2935 fructuarium
1787 2901 1905 2935 habet.

1287 2942 1340 2982 38
1365 2946 1592 2980 AFRICANUS
1612 2945 1702 2981 libro
1727 2949 1851 2981 octavo
1877 2947 2126 2992 quaestionum
2173 2948 2332 2993 Deposui

1241 2990 1337 3034 apud
1370 2990 1480 3024 filium
1510 2990 1662 3025 familias
1688 2990 1809 3025 decem
1834 2996 1869 3026 et
1892 3001 1957 3036 ago
1982 2991 2132 3037 depositi
2156 2992 2200 3027 de
2250 3004 2330 3028 ecu-

1241 3035 1299 3070 lio.
1337 3035 1496 3080 quamvis
1521 3035 1609 3069 nihil
1633 3036 1727 3080 patri
1751 3036 1844 3071 filius
1870 3036 1998 3071 debeat
2022 3041 2057 3072 et
2088 3038 2178 3073 haec
2235 3049 2330 3073 ecem

1242 3084 1372 3122 teneat,
1398 3080 1507 3115 nihilo
1533 3081 1643 3124 magis
1667 3085 1786 3115 tamen
1810 3086 1948 3126 patrem
1973 3082 2213 3118 damnandum
2238 3084 2327 3118 exis-

1241 3125 1387 3167 timavit,
1413 3125 1443 3160 si
1467 3125 1602 3159 nullum
1625 3130 1809 3170 praeterea
1832 3128 2010 3172 peculium
2034 3128 2098 3163 sit:
2123 3129 2217 3163 hanc
2238 3128 2328 3163 enim

1240 3171 1438 3215 pecuniam,
1465 3181 1545 3205 cum
1570 3181 1648 3205 mea
1671 3177 1832 3215 maneat,
1858 3183 1929 3207 non
1955 3183 2032 3208 esse
2055 3173 2194 3218 peculii.
2232 3173 2327 3207 deni-

1265 3226 1309 3250 ue
1343 3215 1501 3259 quolibet
1523 3215 1592 3250 alio
1618 3220 1744 3261 agente
1768 3217 1811 3252 de
1834 3218 1973 3262 peculio
1997 3218 2139 3253 minime
2163 3218 2327 3252 dubitan-

1241 3227 1324 3295 dum
1349 3260 1399 3294 ait
1423 3261 1622 3305 computari
1645 3272 1718 3297 non
1742 3267 1916 3306 oportere.
1952 3264 2074 3308 itaque
2093 3263 2139 3297 ad
2161 3263 2326 3298 exhiben-

1244 3309 1259 3340 1
1310 3305 1394 3340 dum
1418 3315 1522 3349 agere
1545 3316 1600 3341 me
1624 3310 1659 3341 et
1682 3307 1877 3343 exhibitam
1899 3308 2079 3344 vindicare
2104 3308 2241 3343 debere.
2290 3307 2326 3342 Si

1244 3419 1307 3451 tale
1321 3419 1402 3460 quid
1412 3420 1581 3462 scripsisse
1592 3421 1744 3455 Iulianus
1757 3423 1812 3465 (cf
1829 3423 1849 3456 l.
1863 3429 1889 3455 2.
1905 3422 1924 3455 l.
1937 3429 1968 3455 19
1985 3427 2000 3461 ξ
2017 3430 2029 3454 1
2043 3423 2073 3455 lz.
2088 3428 2121 3458 t.)
2134 3433 2141 3452 :
2163 3422 2192 3452 si
2214 3426 2324 3452 actum

1242 3464 1288 3495 sit
1308 3464 1348 3495 de
1368 3464 1503 3505 peculio
1524 3476 1600 3497 cum
1620 3477 1658 3498 eo
1678 3467 1736 3508 qui
1751 3478 1847 3499 usum
1860 3467 2004 3498 fructum
2018 3467 2054 3498 in
2067 3477 2160 3498 servo
2173 3466 2273 3497 habet
2285 3477 2324 3497 ex

1242 3519 1280 3540 ea
1293 3519 1394 3540 causa
1407 3520 1491 3550 quae
1503 3510 1546 3542 ad
1559 3521 1633 3543 eum
1646 3514 1795 3554 pertinet
1806 3514 1851 3553 (et
1859 3511 1947 3543 nihil
1957 3512 2106 3550 interest,
2120 3521 2237 3552 operas
2248 3521 2323 3542 suas

1242 3553 1440 3586 conduxerit
1460 3566 1573 3588 servus
1594 3567 1614 3588 a
1626 3556 1811 3589 fructuario
1824 3568 1867 3589 an
1881 3557 2056 3599 pecuniam
2069 3560 2217 3588 mutuam
2230 3556 2270 3587 ab
2285 3567 2323 3588 eo

1242 3599 1423 3641 acceperit)
1445 3604 1479 3632 01
1498 3601 1609 3633 minus
1630 3607 1829 3634 consecutus
1851 3603 1896 3633 sit
1918 3601 2072 3640 creditor,
2097 3611 2164 3632 non
2186 3605 2236 3632 est
2256 3601 2321 3632 ini-

1242 3653 1354 3683 quum,
1377 3647 1415 3676 ut
1434 3655 1473 3677 ex
1493 3646 1649 3678 universo
1670 3647 1741 3679 eius
1755 3647 1898 3689 peculim
1919 3647 1988 3678 sive
2002 3646 2090 3687 apud
2103 3646 2320 3678 fructuarium

1241 3689 1310 3719 sive
1323 3689 1412 3730 apud
1425 3692 1685 3732 proprietarium
1699 3693 1772 3732 erit,
1786 3703 1855 3723 rem
1867 3697 2099 3732 consequatur.
2126 3691 2198 3722 dari
2208 3690 2321 3732 itaque

1241 3732 1376 3766 debebit
1389 3736 1479 3767 actio
1493 3736 1525 3768 ei
1536 3744 1595 3771 cet.
