2528 3918
199 109 396 152 xn4.5

200 242 267 277 pro
291 231 437 265 muliere
460 230 579 265 dotem
603 228 760 264 dedisset
781 232 819 264 et
839 233 969 274 pactus
993 232 1098 270 esset,
1123 231 1174 270 ut,
1199 238 1286 272 quo·

225 286 272 312 uo
304 275 410 310 modo
440 274 579 309 finitum
610 277 706 309 esset
733 273 1015 316 matrimonium,
1049 273 1113 308 dos
1146 272 1178 307 ei
1207 271 1287 307 red·

226 324 362 362 eretur,
398 329 465 354 nec
498 317 633 353 fuerint
666 318 814 363 nuptiae
847 322 1011 359 secutae,
1044 317 1128 362 quia
1159 316 1203 352 de
1233 317 1288 352 his

202 366 346 402 casibus
370 362 592 399 solummodo
614 362 685 398 fuit
707 366 920 399 conventum
943 363 1005 408 qui
1027 361 1288 397 matrimonium

201 413 416 456 sequuntur,
449 408 596 454 nuptiae
619 411 739 444 autem
761 412 907 444 secutae
929 418 1002 443 non
1033 407 1148 448 sint¹,
1203 416 1287 441 uae-

200 455 349 491 rendum
373 454 450 496 erit,
474 457 594 489 utrum
616 453 756 488 mulieri
775 452 953 488 condictio
972 462 1019 486 an
1040 452 1072 486 ei
1090 451 1152 497 qui
1195 454 1288 486 otem

201 500 297 536 dedit
320 501 512 544 competat.
548 501 585 534 et
606 498 794 533 verisimile
817 502 872 533 est
894 497 931 532 in
949 497 1046 531 hunc
1066 506 1207 542 quoque
1227 506 1287 531 ca-

201 555 280 581 sum
304 554 385 579 euin
408 543 470 589 qui
492 542 556 578 dat
577 542 645 579 sibi
675 542 898 588 prospicere:
931 551 1014 576 nam
1043 541 1147 586 quasi
1179 551 1289 576 causa

200 600 274 625 non
297 592 422 624 secuta
445 588 578 624 habere
599 591 719 633 potest
741 586 1017 628 condictionem,
1050 586 1111 631 qui
1133 586 1189 638 ‚ob
1212 595 1287 620 ma-

202 634 404 669 trimonium
428 632 536 676 dedit,
560 632 783 668 matrimonio
807 642 879 667 non
903 630 1082 676 copulato,
1107 631 1175 666 nisi
1195 630 1289 666 forte

201 678 472 715 evidentissimis
491 678 762 724 probationibus
782 676 908 711 mulier
920 675 1116 711 ostenderit
1126 675 1196 711 hoc
1208 686 1288 710 eum

199 724 280 760 ideo
303 723 452 766 fecisse,
475 727 517 759 ut
537 723 607 768 ipsi
631 723 742 768 magis
766 721 903 756 mulieri
927 730 1033 766 quain
1056 721 1125 756 sibi
1146 721 1286 766 prospi-

201 772 308 805 ceret.
344 768 408 804 sed
431 771 468 804 et
490 768 521 804 si
569 772 647 803 ater
669 778 733 812 pro
765 767 839 800 filia
870 765 930 800 det
961 769 998 800 et
1026 765 1079 801 ita
1110 766 1286 807 convenit,

200 813 269 850 nisi
299 813 482 850 evidenter
564 813 612 848 ud
646 816 766 865 actum
800 811 865 853 sit,
903 810 1162 846 condictionem
1194 810 1288 856 patri

202 858 729 941 οοῗρᾙῖεῗῖιξῗῗίἷῌὲεεὲἓὶο
751 900 887 936 decimo
911 900 1133 953 diqestorum
1168 899 1236 944 Qui
1249 910 1288 952 se

201 949 331 985 debere
362 948 551 994 pecuniam
581 946 719 982 mulieri
748 946 919 991 putabat,
950 955 1051 981 iussu
1084 955 1161 980 eius
1193 945 1286 980 dotis

200 994 343 1030 nomine
365 993 529 1039 promisit
547 1002 677 1038 sponso
699 994 735 1026 et
753 990 874 1026 solvit:
899 991 1045 1036 nuptiae
1068 989 1196 1026 deinde
1214 1000 1287 1025 non

198 1040 495 1075 intercesserunt:
529 1037 727 1082 quaesitum
751 1039 824 1078 est,
847 1040 968 1070 utrum
990 1036 1068 1081 ipse
1090 1039 1209 1081 potest
1231 1045 1287 1070 re-

226 1088 323 1120 etere
346 1093 423 1119 eam
443 1083 630 1128 pecuniam
650 1081 711 1126 qui
730 1080 894 1122 dedisset,
919 1090 967 1115 an
986 1080 1122 1116 mulier.
1156 1079 1287 1122 Nerva,

165 1155 170 1159 ·
233 1129 391 1165 tilicinus
425 1128 702 1180 responderunt,
745 1125 914 1171 quoniam
974 1129 1114 1161 utasset
1145 1125 1287 1171 quidem

200 1174 331 1210 debere
361 1182 568 1218 pecuniam,
602 1171 666 1206 sed
697 1171 906 1216 exceptione
955 1170 1003 1205 oli
1025 1170 1110 1205 mali
1131 1171 1226 1205 tueri
1248 1180 1288 1205 se

198 1219 393 1265 potuisset,
424 1218 541 1270 ipsum
564 1216 808 1261 repetiturum.
845 1215 910 1251 sed
932 1215 981 1258 si,
1014 1226 1095 1251 cum
1119 1215 1227 1251 sciret
1249 1226 1289 1250 se

199 1264 286 1300 nihil
310 1263 448 1315 mulieri
471 1262 610 1303 debere,
634 1260 866 1313 promisisset,
890 1260 1048 1313 mulieris
1073 1270 1151 1312 esse
1174 1260 1286 1296 actio-

198 1305 758 1390 ffi’dafflfflffisziussztsst
770 1316 931 1403 ῗιᾎὲιῗ
939 1309 1288 1396 ωεοῗέἱὲθξέἒὲξῗέῗ

198 1399 271 1434 tiae
289 1401 434 1434 secutae
450 1407 522 1432 non
540 1396 703 1439 fuissent,
726 1396 805 1442 ipse
823 1399 939 1441 possit
957 1395 1156 1438 condicere,
1177 1405 1289 1431 causa

199 1443 308 1479 debiti
329 1443 468 1488 integra
490 1441 628 1477 mulieri
651 1441 698 1476 ad
720 1441 790 1476 hoc
813 1441 930 1477 solum
952 1444 1139 1484 manente,
1169 1444 1212 1476 ut
1241 1440 1288 1475 ad

199 1489 285 1523 nihil
308 1487 406 1523 aliud
429 1487 570 1522 debitor
593 1486 836 1532 compellatur,
860 1486 930 1522 nisi
952 1490 995 1522 ut
1018 1486 1122 1522 cedat
1145 1486 1177 1521 ei
1201 1496 1286 1522 con-

202 1537 215 1568 1
267 1532 410 1568 dicticia
441 1532 592 1567 actione.
640 1531 791 1566 Fundus
823 1531 918 1567 dotis
949 1532 1092 1567 nomine
1121 1531 1286 1573 traditus,

198 1579 229 1614 si
253 1578 400 1623 nuptiae
422 1577 607 1613 insecutae
630 1587 702 1611 non
731 1576 884 1619 fuerint,
918 1577 1144 1613 condictione
1173 1576 1287 1621 repeti

196 1627 334 1669 potest:
367 1622 506 1657 fructus
530 1632 671 1667 quoque
696 1621 836 1657 condici
858 1625 1039 1668 poterunt.
1074 1621 1168 1657 idem
1197 1621 1286 1656 iuris

198 1671 253 1704 est
274 1667 319 1703 de
342 1667 473 1702 ancilla
497 1670 533 1702 et
581 1671 663 1702 artu
687 1667 774 1702 eius.

244 1710 269 1750 8
302 1712 509 1748 Nssmrms
536 1712 564 1747 l·
605 1723 626 1747 o
657 1712 815 1748 secundo
846 1712 1135 1748 membranarum
1183 1711 1287 1756 Quod

197 1757 339 1793 Servius
361 1757 399 1792 in
422 1757 512 1792 libro
538 1756 582 1792 de
606 1757 748 1792 dotibus
773 1757 917 1800 scribit,
949 1757 980 1792 si
1003 1757 1096 1792 inter
1119 1767 1180 1792 eas
1204 1767 1285 1802 per-

197 1813 324 1846 sonas,
357 1812 508 1847 quarum
540 1802 654 1837 altera
683 1802 842 1838 nondum
871 1802 1003 1837 iustam
1035 1805 1191 1837 aetatem
1220 1802 1285 1837 ha-

196 1849 292 1891 beat,
317 1847 466 1899 nuptiae
487 1847 608 1882 factae
631 1848 721 1890 sint,
746 1847 843 1893 quod
866 1847 960 1883 dotis
982 1847 1125 1883 nomine
1146 1847 1286 1883 interim

198 1893 320 1928 datum
344 1896 400 1935 sit,
424 1892 538 1937 repeti
560 1902 686 1937 posse,
712 1893 764 1928 sic
787 1891 1060 1937 intellegendum
1083 1895 1149 1935 est,
1172 1896 1231 1935 ut,
1255 1892 1287 1927 si

199 1938 385 1974 divortium
415 1937 675 1980 intercesserit,
707 1938 915 1989 priusquam
947 1941 1102 1982 utraque
1131 1947 1287 1983 persona

198 1984 327 2018 iustam
351 1986 503 2018 aetatem
535 1982 686 2025 habeat,
718 1983 765 2018 sit
797 1993 873 2018 eius
904 1983 1078 2028 pecuniae
1108 1982 1284 2028 repetitio,

199 2028 311 2064 donec
333 2031 453 2063 autem
475 2028 512 2062 in
536 2027 659 2063 eodem
682 2028 809 2062 habitu
832 2027 1047 2063 matrimonii
1065 2031 1284 2073 permanent,

196 2072 455 2154 3333&me
474 2073 1135 2154 32522505213032232322035301332
1151 2083 1284 2154 iffi

621 2145 630 2160 ‚
1270 2138 1284 2145 -

195 2167 270 2199 tas:
306 2163 402 2208 quod
434 2163 525 2198 enim
556 2173 600 2198 ex
631 2173 674 2199 ea
705 2173 817 2198 causa
847 2163 1004 2198 nondum
1035 2163 1130 2199 coito
1162 2163 1284 2198 matri-

196 2208 314 2244 monio
339 2207 463 2251 datur,
488 2219 569 2243 cum
593 2208 645 2244 sic
669 2208 774 2244 detur
795 2212 978 2254 tamquam
1001 2208 1039 2243 in
1062 2208 1182 2243 dotem
1203 2218 1284 2254 per-

195 2257 402 2295 venturum,
436 2253 604 2298 quamdiu
636 2253 820 2299 pervenire
842 2257 982 2299 potest,
1014 2253 1177 2298 repetitio
1210 2253 1284 2288 eius

196 2309 270 2334 non
294 2302 359 2334 est.

242 2341 268 2381 9
292 2342 348 2378 ΡΑ
357 2352 451 2378 mus
478 2343 569 2378 libro
598 2345 749 2389 septimo
782 2343 919 2379 decimo
943 2343 993 2378 ad
1015 2342 1200 2378 Plautium
1247 2343 1284 2378 Si

197 2387 394 2424 donaturus
429 2388 567 2423 mulieri
597 2388 698 2423 iussu
728 2388 805 2424 eius
837 2398 969 2433 sponso
1002 2388 1183 2423 numeravi
1217 2399 1283 2423 nec

196 2434 343 2478 nuptiae
374 2436 519 2468 secutae
550 2437 653 2475 sunt,
693 2433 820 2468 mulier
850 2432 1025 2468 condicet.
1062 2433 1126 2468 sed
1156 2433 1187 2469 si
1219 2444 1282 2478 ego

197 2478 360 2514 contraxi
384 2489 464 2513 cum
488 2488 620 2523 sponso
645 2482 682 2514 et
702 2478 891 2524 pecuniam
914 2478 951 2514 in
975 2479 1044 2514 hoc
1061 2477 1153 2520 dedi,
1178 2482 1228 2521 ut,
1254 2478 1285 2513 si

196 2523 343 2568 nuptiae
365 2527 509 2559 secutae
533 2526 662 2565 essent,
686 2523 823 2559 mulieri
847 2523 911 2559 dos
936 2523 1222 2569 adquireretur2,
1254 2523 1285 2558 si

196 2579 269 2604 non
292 2572 411 2604 essent
434 2571 597 2610 secutae,
629 2568 715 2604 mihi
738 2568 964 2612 redderetur,
997 2568 1101 2614 quasi
1131 2568 1177 2604 ob
1209 2579 1284 2604 rem

200 2617 213 2648 1
265 2612 371 2648 datur
391 2617 426 2648 et
445 2624 484 2648 re
502 2624 575 2648 non
595 2617 719 2649 secuta
738 2623 803 2659 ego
825 2623 847 2649 a
866 2624 997 2659 sponso
1011 2613 1210 2649 condicam.
1246 2613 1284 2648 Si

199 2658 278 2703 quis
299 2658 493 2694 indebitam
516 2659 706 2703 pecuniam
728 2669 793 2704 per
817 2669 972 2694 errorem
994 2658 1096 2694 iussu
1126 2659 1282 2694 mulieris

197 2713 329 2748 sponso
362 2703 438 2738 eius
494 2703 691 2739 romisisset
721 2708 757 2739 et
779 2704 926 2749 nuptiae
950 2707 1096 2739 secutae
1118 2703 1282 2746 fuissent,

198 2747 406 2792 exceptione
430 2714 502 2799 ςίοῗί
533 2749 617 2783 mali
647 2748 701 2783 uti
732 2759 804 2784 non
835 2753 973 2794 potest:
1008 2749 1158 2784 maritus
1190 2749 1283 2784 enim

197 2803 301 2828 suum
324 2796 501 2837 negotium
523 2794 613 2837 gerit
635 2798 672 2829 et
694 2793 782 2829 nihil
806 2794 887 2829 dolo
911 2794 1000 2829 facit
1017 2804 1085 2829 nec
1102 2793 1282 2839 decipien-

197 2837 264 2872 dus
289 2841 360 2872 est:
393 2837 488 2882 quod
511 2837 567 2879 fit,
601 2838 632 2873 si
656 2843 805 2884 cogatur
826 2838 1025 2874 indotatam
1047 2849 1194 2875 uxorem
1217 2839 1282 2874 ha-

197 2882 292 2917 bere.
331 2882 453 2927 itaque
476 2882 644 2918 adversus
668 2884 848 2919 mulierem
873 2884 1050 2920 condictio
1075 2885 1108 2919 ei
1139 2894 1281 2929 compe-

197 2926 260 2968 tit,
291 2930 333 2961 ut
364 2930 427 2961 aut
456 2932 596 2972 repetat
627 2929 671 2963 ab
697 2939 740 2964 ea
763 2929 860 2981 quod
882 2929 1011 2965 marito
1036 2929 1134 2965 dedit
1156 2933 1220 2964 aut
1242 2932 1283 2964 ut

196 2971 384 3014 liberetur,
416 2971 447 3007 si
476 2972 633 3007 nondum
664 2974 817 3009 solverit.
854 2973 918 3009 sed
948 2974 979 3010 si
1009 2975 1127 3010 soluto
1159 2974 1281 3009 matri-

196 3016 315 3051 monio
339 3016 486 3051 maritus
509 3021 663 3061 peteret,
694 3019 731 3054 in
763 3029 804 3054 eo
829 3018 1016 3055 dumtaxat
1039 3019 1282 3064 exceptionem

197 3061 342 3097 obstare
366 3060 505 3103 debere,
529 3062 624 3106 quod
646 3063 772 3098 mulier
794 3068 983 3110 receptura
1006 3068 1110 3100 esset.

246 3104 297 3144 10
321 3104 547 3141 luorum
567 3107 658 3142 libro
675 3109 798 3154 primo
822 3120 872 3145 ex
895 3109 1042 3145 Plautio
1089 3108 1127 3144 si
1156 3108 1282 3144 muli-er

197 3150 230 3186 ei
253 3150 312 3186 cui
334 3154 492 3203 nuptura
515 3155 593 3186 erat
612 3162 692 3187 cum
712 3153 828 3188 dotem
848 3153 934 3190 dare
954 3154 1069 3195 vellet,
1092 3154 1281 3199 pecuniam

197 3205 290 3241 quae
320 3195 389 3231 sibi
419 3194 617 3231 debebatur
647 3203 832 3242 acceptam
865 3198 952 3234 fecit
986 3210 1010 3234 n
1056 3209 1101 3234 ue
1135 3199 1282 3244 nuptiae

195 3240 381 3277 insecutae
403 3244 498 3282 sunt,
522 3245 620 3275 recte
642 3242 688 3276 ab
713 3252 753 3278 eo
778 3244 930 3287 pecunia
954 3254 1022 3280 con
1051 3245 1174 3286 cetur,
1198 3244 1282 3289 quia

196 3285 283 3321 nihil
305 3285 465 3327 interest,
489 3288 608 3320 utrum
631 3296 675 3321 ex
699 3289 942 3324 numeratione
964 3289 1116 3334 pecunia
1135 3288 1183 3324 ad
1201 3298 1281 3324 eum

196 3330 273 3366 sine
296 3340 407 3366 causa
429 3340 477 3365 an
499 3340 564 3375 per
586 3331 893 3375 acceptilationem
916 3333 1126 3379 pei-venerit.

245 3373 292 3413 11
327 3374 525 3428 Ισιιμῐυε.
548 3374 640 3410 libro
672 3376 807 3412 decimo
838 3379 1059 3424 diqestorum
1105 3378 1144 3414 Si
1176 3378 1281 3414 heres

196 3420 375 3456 arbitr-atu
408 3419 526 3455 liberti
560 3423 659 3455 cei-ta
691 3430 829 3456 summa
864 3426 1128 3459 monumentum
1161 3423 1281 3459 iussus

195 3463 316 3500 facere
348 3464 485 3500 dederit
514 3464 641 3500 liberto
699 3466 861 3502 ecuniam
886 3472 921 3502 et
943 3468 973 3503 is
997 3472 1149 3514 accepta
1170 3478 1279 3514 pecu-

195 3510 256 3545 nia
278 3514 546 3546 monumentum
568 3520 642 3545 non
679 3510 785 3552 aciat,
810 3512 1035 3548 condictione
1058 3517 1210 3548 tenetur.

197 3669 235 3710 (ι)
259 3671 341 3702 sunt
350 3668 432 3703 Hal.
556 3671 601 3711 (2)
625 3667 822 3710 adquiretur
832 3668 868 3701 F
987 3672 1030 3711 (a)
1055 3680 1131 3702 oum
1143 3680 1183 3703 eo
1194 3670 1276 3704 Hal.

240 3715 284 3754 (4)
309 3713 392 3747 Sub.
405 3720 492 3754 ι...7;
512 3713 596 3757 Pap.
612 3720 648 3753 ες
667 3713 733 3747 Ed.
747 3720 777 3747 ο.
789 3730 835 3738 -
852 3713 938 3748 Bac.
952 3715 1007 3753 24,
1021 3721 1048 3748 2.
1061 3733 1107 3740 —
1129 3715 1182 3758 CJ.
1199 3715 1270 3749 Cod

1282 101 1362 150 168

1859 119 1923 151 DE
1946 117 2085 152 com).
2101 120 2162 152 ΟΒ
2174 121 2302 154 ΤΠΒΡ.
2316 121 2439 157 ΟΑΠΒ.

1405 223 1457 263 12
1481 225 1538 279 Pa
1545 236 1641 263 vsvs
1656 227 1747 263 libro
1765 232 1871 265 sexto
1891 229 1941 265 ad
1959 229 2073 276 leqem
2083 229 2218 266 Iuliam
2238 234 2273 267 d
2285 230 2440 279 Papiam

1358 270 1447 306 Cum
1466 282 1545 316 quis
1563 272 1687 308 mortis
1707 282 1819 309 causa
1837 273 2075 318 donationem,
2099 285 2181 311 cum
2205 276 2442 314 convaluisset

1357 315 1529 359 donator,
1557 316 1729 361 condicit,
1759 317 1900 355 fruetus
1924 329 2065 371 quoque
2088 319 2302 356 donatarum
2324 332 2442 358 rerum

1357 364 1394 396 et
1437 365 1538 397 artus
1557 365 1594 397 et
1612 361 1708 407 quod
1726 362 1885 399 adcrevit
1902 373 1955 399 rei
1975 363 2129 400 donatae
2139 369 2300 410 repetere
2311 370 2440 411 potest.

1431 403 1456 443 3
1487 405 1725 442 ΜΑΒσΙΔισσε
1759 407 1851 444 libro
1883 409 1988 444 tertio
2018 408 2229 455 reyularum
2275 409 2314 445 Si
2347 410 2442 447 filius

1357 450 1548 486 contulerit
1569 450 1673 486 fratri
1695 452 1798 497 quasi
1821 452 2031 498 adgnitums
2052 454 2226 490 bonorum
2271 456 2441 492 ossessio-

1357 505 1437 547 nem
1461 499 1497 530 et
1518 506 1592 548 non
1614 496 1798 548 adgnovit,
1831 502 1992 543 repetere
2015 509 2096 534 eum
2118 509 2226 544 posse
2290 501 2443 537 arcellus

1355 540 1447 575 libro
1472 544 1595 586 quinto
1679 545 1834 578 estorum
1858 543 1991 578 scribit.

1406 583 1458 622 14
1481 584 1642 621 Panos
1675 586 1753 622 ἰὸν-ο
1778 588 1882 623 tertio
1906 587 1956 623 ad
1978 587 2152 624 Sabinum
2200 588 2237 624 Si
2269 600 2441 635 procura-

1356 629 1426 665 tori
1447 629 1540 666 falso
1564 630 1759 667 indebitum
1781 632 1937 668 solutum
1960 633 2026 675 sit,
2058 634 2109 668 ita
2140 633 2282 669 demum
2313 644 2336 669 a
2358 646 2442 680 pro-

1357 678 1524 710 curatore
1553 675 1666 727 repeti
1698 686 1771 712 non
1800 682 1937 722 potest,
1974 678 2004 712 si
2035 677 2198 713 dominus
2229 683 2347 714 ratum
2377 680 2442 715 ha-

1356 719 1573 772 buerit-sed
1595 730 1672 773 ipse
1695 721 1857 757 dominus
1881 726 2034 765 tenetur,
2059 726 2100 757 ut
2122 722 2282 759 Iulianus
2305 724 2440 760 scribit.

1357 764 1453 809 quod
1476 774 1507 799 si
1530 764 1693 801 dominus
1712 771 1830 802 ratum
1854 777 1926 802 non
1946 767 2142 810 habuisset,
2167 768 2305 804 etiamsi
2324 769 2444 805 debita

1355 810 1509 854 pecunia
1527 810 1645 845 soluta
1663 810 1801 853 fuisset,
1826 812 1871 847 ab
1891 812 1903 846 i
1929 822 1970 847 so
1989 816 2221 857 procuratore
2241 818 2440 858 repetetur:

1356 864 1429 889 non
1449 855 1542 890 enim
1561 855 1665 900 quasi
1684 855 1880 891 indebitum
1900 823 2023 891 datum
2034 860 2226 902 repetetur,
2257 858 2321 893 sed
2341 859 2443 904 quasi

1356 899 1402 934 ob
1425 909 1500 934 rem
1524 899 1647 935 datum
1677 911 1744 937 nec
1773 911 1831 936 res
1862 905 1986 936 secuta
2018 902 2065 937 sit
2094 902 2348 938 ratihabitione
2370 914 2442 939 non

1354 943 1614 981 intercedente:
1638 945 1693 981 vel
1715 946 1812 991 quod
1834 945 1970 982 furtum
1991 946 2127 982 faceret
2140 948 2315 992 pecuniae
2328 947 2443 984 falsus

1355 993 1586 1034 procurator,
1627 1000 1708 1026 cum
1742 992 1839 1036 quo³
1873 1001 1946 1027 non
1979 995 2119 1027 tantum
2152 991 2240 1028 furti
2273 993 2347 1038 agi,
2379 994 2443 1029 sed

1360 1034 1466 1069 etiam
1490 1034 1629 1071 condici
1652 1036 1685 1071 ei
1707 1046 1825 1081 posse.

1406 1078 1455 1116 15
1479 1079 1709 1116 Poupomvs
1724 1081 1815 1116 libro
1835 1081 2025 1117 vicensimo
2037 1081 2195 1117 secundo
2207 1081 2258 1117 ad
2268 1081 2442 1119 Sabinum

1357 1123 1446 1159 Cum
1468 1134 1591 1160 servus
1614 1128 1699 1161 tuus
1721 1125 1760 1160 in
1783 1125 2020 1171 suspicionem
2042 1125 2131 1161 furti
2153 1126 2252 1162 Attio
2276 1127 2441 1169 venisset,

1356 1169 1484 1205 dedisti
1507 1179 1587 1222 eum
1609 1170 1647 1205 in
1671 1171 1913 1215 quaestionem
1936 1171 2003 1206 sub
2027 1181 2071 1206 ea
2102 1181 2245 1224 causa&
2261 1175 2320 1225 ιιι,
2352 1172 2384 1208 si
2406 1173 2443 1207 id

1355 1224 1504 1295 {ffffiidit
1533 1220 1894 1306 pilaessgctgozigffiffiit
1903 1242 1912 1258 ’
1921 1215 2288 1306 ᾳξιίἓῗθῖιῖωἷαοῒιιιξὲιῖθ
2298 1227 2443 1307 ιῗίεῗιιιξὲ

1355 1305 1524 1340 hensum:
1549 1304 1753 1350 praefectus
1772 1305 1914 1351 vigilum
1934 1316 2016 1341 eum
2034 1316 2170 1342 summo
2191 1306 2365 1352 supplicio
2378 1307 2440 1342 ad-

1355 1348 1453 1385 fecit.
1491 1360 1574 1395 ages
1599 1361 1680 1386 cum
1702 1350 1802 1386 Attio
1827 1350 1913 1386 dare
1938 1362 2018 1386 eum
2047 1351 2115 1386 tibi
2145 1356 2327 1404 oportere,
2359 1353 2441 1398 quia

1356 1398 1392 1430 et
1414 1398 1498 1430 ante
1521 1399 1671 1431 mortem
1694 1395 1781 1431 dare
1803 1396 1870 1431 tibi
1893 1406 1973 1432 eum
1997 1400 2205 1442 oportuerit.
2248 1396 2372 1433 Labeo
2393 1397 2443 1432 ait

1354 1449 1462 1485 posse
1486 1440 1593 1476 etism
1616 1440 1662 1476 ad
1685 1440 1922 1476 exhibendum
1946 1441 2012 1486 agi,
2037 1441 2203 1486 quoniam
2225 1441 2352 1477 fecerit
2371 1453 2443 1487 quo

1355 1485 1472 1520 minus
1497 1485 1688 1521 exhiberet.
1733 1486 1797 1521 sed
1819 1486 1994 1522 Proculus
2017 1486 2095 1521 dai-i
2117 1490 2283 1531 oportere
2304 1487 2357 1522 ita
2379 1487 2441 1529 ait,

1355 1530 1386 1565 si
1407 1529 1554 1566 fecisses
1578 1531 1654 1566 eius
1678 1531 1873 1574 hominem,
1905 1541 1975 1576 quo
2007 1541 2093 1566 casu
2126 1531 2173 1566 ad
2205 1531 2442 1567 exhibendum

1355 1585 1460 1620 agere
1478 1579 1516 1611 te
1534 1586 1607 1611 non
1625 1586 1750 1621 posse:
1775 1576 1839 1612 sed
1857 1576 1888 1612 si
1906 1581 1990 1611 tuus
2011 1576 2210 1619 mansisset,
2230 1577 2338 1612 etiam
2355 1576 2443 1612 furti

1354 1623 1391 1655 te
1414 1623 1579 1656 acturum
1603 1631 1684 1656 cum
1709 1631 1770 1664 eo,
1802 1621 1886 1666 quia
1908 1631 1948 1656 re
1971 1622 2088 1656 aliena
2109 1621 2161 1656 ita
2184 1621 2232 1657 sit
2261 1632 2369 1664 usus,
2401 1626 2442 1657 ut

1355 1665 1463 1701 sciret
1497 1675 1537 1701 se
1570 1666 1679 1701 invito
1712 1666 1854 1702 domino
1886 1666 1939 1702 uti
1971 1669 2035 1701 aut
2067 1665 2249 1701 dominum
2279 1667 2311 1702 si
2333 1666 2442 1702 sciret

1354 1710 1617 1755 prohibiturum
1640 1721 1729 1747 esse.

1402 1753 1454 1792 16
1481 1755 1627 1792 Cusus
1645 1756 1738 1792 libro
1762 1757 1867 1791 tertio
1892 1756 2112 1802 diqestorum
2156 1755 2249 1791 Dedi
2283 1756 2349 1791 tibi
2378 1767 2440 1802 pe-

1355 1801 1507 1843 cuniam,
1532 1804 1573 1836 ut
1595 1801 1683 1836 mihi
1707 1801 1869 1837 Stichum
1892 1801 2014 1836 dares:
2039 1805 2158 1836 utrum
2177 1801 2215 1836 id
2234 1805 2442 1837 contractus

1353 1855 1465 1891 genus
1495 1856 1562 1898 pro
1594 1847 1759 1898 portione
1789 1846 1976 1892 emptionis
2009 1850 2044 1882 et
2073 1845 2283 1882 venditionis
2317 1850 2372 1882 est
2394 1857 2441 1882 an

1354 1891 1452 1926 nulla
1473 1891 1532 1926 hic
1556 1891 1627 1926 aha
1650 1892 1816 1936 obligatio
1842 1895 1896 1927 est
1918 1901 2025 1936 quam
2049 1891 2094 1927 ob
2118 1901 2193 1927 rem
2216 1891 2291 1926 dati
2310 1901 2348 1927 re
2368 1902 2441 1927 non

1354 1937 1504 1971 secuta?
1538 1936 1575 1971 in
1600 1936 1696 1982 quod
1719 1936 1908 1982 proclivior
1931 1947 2026 1972 sum:
2053 1940 2089 1971 'et
2110 1936 2201 1979 ideo,
2226 1937 2257 1972 si
2279 1941 2441 1972 mortuus

1354 1985 1409 2016 est
1431 1981 1586 2023 Stichus,
1611 1992 1648 2017 re
1675 1985 1772 2018 etere
1820 1992 1941 2017 ossum
1965 1981 2060 2027 quod
2083 1981 2162 2017 ideo
2186 1981 2252 2016 tibi
2275 1981 2376 2025 dedi,
2401 1986 2441 2016 ιιι

1353 2026 1439 2061 mihi
1458 2025 1618 2062 Stichum
1666 2037 1757 2063 ares.
1842 2037 1885 2072 ge
1907 2027 2060 2062 alienum
2084 2037 2163 2062 esse
2183 2026 2353 2068 Stichum,
2378 2026 2441 2062 sed

1353 2075 1389 2106 te
1411 2075 1532 2106 tamen
1555 2082 1636 2107 eum
1659 2071 1864 2108 tradidisse:
1889 2076 2051 2117 repetere
2072 2082 2094 2107 a
2113 2075 2149 2107 te
2168 2071 2356 2117 pecuniam
2374 2082 2440 2117 po-

1352 2119 1442 2159 tero,
1463 2116 1547 2162 quia
1566 2117 1745 2152 hominem
1763 2117 1970 2163 accipientis
1990 2127 2062 2152 non
2081 2116 2226 2152 feceris:
2248 2120 2285 2152 et
2303 2127 2440 2159 rursus,

1353 2161 1384 2196 si
1406 2165 1491 2197 tuus
1515 2166 1570 2197 est
1592 2161 1735 2198 Stichus
1761 2166 1796 2198 et
1825 2173 1891 2208 pro
1923 2162 2096 2198 evictione
2126 2162 2203 2197 eius
2234 2162 2441 2207 promittere

1353 2217 1427 2241 non
1448 2206 1520 2249 vis,
1552 2218 1624 2243 non
1654 2207 1882 2250 liberaberis,
1915 2217 1985 2252 quo
2008 2207 2124 2242 minus
2148 2217 2171 2242 a
2192 2211 2230 2242 te
2251 2206 2438 2252 pecuniam

1352 2254 1512 2297 repetere
1534 2252 1679 2298 possim.

1856 2299 1915 2338 νδ

1375 2365 1436 2398 DE
1462 2364 1769 2398 CONDICTIONE
1795 2365 2062 2444 gRU'ngILRIPEM
2087 2364 2179 2398 VEL
2203 2364 2424 2398 INIUSTAM

1401 2475 1419 2514 1
1448 2476 1608 2513 Panos
1628 2477 1719 2512 libro
1743 2477 1906 2513 decimo⁸
1928 2476 1978 2512 ad
2000 2475 2174 2512 Sabinum
2210 2475 2323 2512 Omne
2343 2476 2438 2521 quod

1353 2521 1460 2557 datur
1483 2526 1548 2557 aut
1571 2523 1617 2558 ob
1642 2533 1716 2558 rem
1739 2522 1846 2557 datur
1869 2526 1933 2557 aut
1955 2522 2002 2558 ob
2027 2531 2193 2564 causam,
2227 2525 2263 2557 et
2292 2521 2339 2557 ob
2362 2531 2438 2556 rem

1352 2571 1416 2602 aut
1446 2570 1588 2619 turpem
1623 2571 1687 2602 aut
1716 2567 1920 2603 honestam:
1956 2571 2097 2612 turpem
2128 2570 2267 2609 autem,
2302 2570 2367 2601 aut
2397 2570 2439 2601 ut

1352 2612 1471 2648 dantis
1494 2616 1541 2647 sit
1558 2612 1754 2658 turpitudo,
1779 2623 1850 2647 non
1872 2611 2091 2657 accipientis,
2115 2615 2180 2647 aut
2199 2614 2241 2646 ut
2258 2611 2437 2656 accipien-

1355 2660 1370 2691 1
1419 2657 1466 2692 tis
1479 2657 1677 2700 dumtaxat,
1697 2668 1770 2693 non
1790 2657 1896 2693 etiam
1915 2656 2043 2699 dantis,
2065 2660 2130 2691 aut
2147 2655 2344 2708 utriusque:
2382 2655 2437 2692 Ob

1351 2712 1426 2738 rem
1449 2702 1556 2747 igitur
1577 2703 1765 2738 honestam
1789 2702 1912 2737 datum
1934 2702 1988 2737 ita
2009 2702 2122 2746 repeti
2144 2704 2281 2747 potest,
2314 2710 2344 2736 si
2366 2711 2437 2742 res,

1353 2750 1371 2782 2
1418 2751 1567 2799 propter
1589 2758 1696 2793 quam
1719 2747 1841 2783 datum
1865 2750 1937 2790 est,
1969 2751 2094 2782 secuta
2125 2757 2199 2782 non
2221 2749 2287 2782 est.
2334 2745 2437 2790 Quod

1351 2793 1382 2827 si
1404 2796 1519 2838 turpis
1551 2803 1662 2829 causa
1691 2793 1898 2838 accipientis
1921 2791 2047 2833 fuerit,
2071 2791 2210 2827 etiamsi
2231 2801 2290 2827 res
2313 2794 2437 2827 secuta

1352 2838 1408 2879 sit,
1432 2848 1471 2873 re
1498 2838 1546 2873 eti
1567 2841 1705 2884 potest:

1397 2880 1422 2919 2
1482 2892 1648 2918 LPIANUS
1667 2883 1759 2918 libro
1782 2882 1972 2917 vicensimo
1995 2885 2101 2916 sexto
2125 2880 2175 2916 ad
2196 2880 2350 2916 edictum
2396 2883 2438 2915 ut

1350 2933 1444 3007 Ruta
1463 2927 1545 2963 dedi
1566 2928 1633 2980 tibi
1656 2937 1703 2963 ne
1726 2926 1950 2979 sacrilegium
1972 2926 2106 2979 facias³
2137 2935 2183 2961 ne
2204 2925 2360 2978 furtum,
2391 2935 2437 2978 ne

1355 2972 1882 3060 1⁰t³t²ffiffit¹f³ssisssffiffzt
1895 2970 2437 3068 Jffifstftlffipzffig'ffl

1350 3062 1381 3098 si
1410 3062 1477 3098 tibi
1506 3062 1656 3104 dedero,
1688 3066 1731 3097 ut
1760 3071 1835 3097 rem
1857 3061 1953 3113 mihi·
1966 3060 2095 3097 reddas
2119 3060 2319 3112 depositam
2339 3059 2435 3112 apud

1351 3110 1370 3142 2
1417 3107 1518 3143 tevel
1530 3111 1570 3142 ut
1580 3107 1853 3142 instrumentum
1870 3106 1956 3141 mihi
1974 3105 2151 3141 redderes.
2200 3104 2271 3140 Sed
2290 3114 2322 3140 si
2340 3103 2434 3147 dedi,

1350 3155 1391 3187 ut
1413 3151 1610 3188 secundum
1632 3163 1688 3187 me
1709 3152 1747 3187 in
1770 3152 1868 3186 bona
1899 3161 2010 3186 causa
2039 3150 2146 3186 iudex
2176 3149 2435 3196 pronuntiaret,

1351 3200 1406 3233 est
1427 3196 1567 3242 quidem
1590 3197 1741 3232 relatum
1765 3195 1982 3232 condictioni
2005 3196 2122 3231 locum
2154 3205 2249 3230 esse:
2281 3194 2346 3230 sed
2374 3193 2435 3230 hic

1349 3252 1500 3323 atis.
1514 3240 2435 3332 ⁰3mss¹3n⁶2st¹331⁵fflffissaffl03a¹¹mmet?

1348 3332 1442 3367 ιιιιιο
1464 3331 1562 3367 litem
1585 3342 1665 3367 eum
1688 3330 1846 3378 perdere.

1395 3373 1420 3414 3
1446 3376 1605 3412 vas
1631 3377 1722 3413 libro
1755 3376 1891 3412 decimo
1922 3375 1973 3411 ad
1993 3373 2167 3410 Sabinum
2213 3373 2283 3410 Ubi
2313 3376 2432 3409 autem

1349 3424 1387 3458 et
1408 3421 1526 3457 dantis
1550 3425 1586 3456 et
1608 3420 1814 3467 accipientis
1833 3419 2017 3465 turpitudo
2037 3424 2207 3461 versatur,
2232 3429 2302 3454 non
2374 3427 2433 3454 sse

1350 3466 1488 3547 Etiepegiu
1485 3465 1652 3502 dicimus:
1685 3466 1795 3502 veluti
1818 3465 1848 3501 si
1870 3465 2024 3511 pecunia
2046 3464 2167 3506 detur,
2198 3469 2240 3499 ιιι
2262 3474 2295 3498 ιιι
2334 3473 2355 3499 e
2375 3462 2430 3500 iu·

1387 3520 1428 3547 ce
1489 3538 1498 3546 .

1346 3671 1453 3711 4,·1.⁹.
1548 3671 1591 3710 (5)
1616 3668 1797 3702 vicensimo
1808 3667 1893 3702 F'S
1981 3670 2025 3709 (e)
2055 3667 2254 3707 Cod.7,⁴o‚1
