2528 3918
184 125 408 169 XXXX5

1256 119 1339 167 628

1486 3 1491 31 i

1495 30 1557 87 ἡ

1546 89 1550 109 l

1556 119 1565 127 Χ
1796 134 1855 165 nn
1885 131 2154 165 mecolffl.
2182 128 2415 161 masmar.

184 249 429 285 commissario.
458 247 632 284 libertas?
663 250 699 282 et
721 246 796 282 sive
818 245 900 291 plus
928 245 976 281 sit
997 245 1033 279 in
1057 244 1172 289 pretio
1196 243 1269 279 sive
1336 247 1394 278 tas
1423 243 1532 280 datur
1558 255 1631 281 non
1662 245 1766 282 aliter
1797 244 2149 282 fideicommissario·
2177 244 2275 281 tradi
2304 244 2419 283 debet.

184 288 1272 384 &⁶¹33tit⁶⁰tsiffltkamgssssaiffizffimsgffissss⁰:333

184 385 236 420 sic
259 383 466 428 accipimus,
491 383 521 418 si
545 382 649 426 forte,
674 392 755 417 cum
768 383 778 403 ¹
803 380 1054 416 conveniretur
1070 379 1116 415 ab
1128 378 1271 422 herede,

186 440 272 465 usus
295 433 352 464 est
374 428 584 474 exceptione
606 426 662 463 vel
684 427 774 462 alias
784 426 1003 462 voluntatem
1027 434 1129 460 suam
1152 428 1272 460 osten·

185 474 255 510 dit:
280 484 363 508 nam
386 473 417 509 si
442 473 674 509 conveniatur
696 471 837 507 debitor
859 471 905 505 ab
922 469 1053 506 herede
1075 469 1273 511 creditoris,

185 519 258 555 doli
286 518 497 563 exceptione
525 518 578 553 uti
608 521 730 564 potest
761 517 798 551 in
821 515 875 558 id,
908 514 1005 560 quod
1021 514 1190 567 ‘intererit
1212 513 1273 566 de·

188 568 202 599 1
252 563 378 599 biteris
398 563 565 598 ancillam
584 573 686 599 suam
706 562 851 597 habere.
886 560 930 595 In
948 559 1275 595 fideicommissaria

184 609 367 651 libertate,
393 608 552 652 quamvis
574 608 654 653 quis
678 606 855 642 modicum
878 605 1034 650 legatum
1056 604 1167 656 fuerit
1189 614 1274 640 con-

186 659 350 696 secutus,
382 663 530 689 necesse
562 653 672 688 habet
703 662 843 687 servum
873 661 977 685 suum
1006 653 1275 685 manumittere:

186 698 432 744 pecuniarium
464 699 557 733 enim
587 696 897 733 fideicommissum
929 695 960 731 si
984 694 1134 731 divisum
1156 694 1275 736 fuerit,

186 743 273 780 satis
295 743 485 779 iniuriam²
507 743 596 779 facit
618 741 775 777 libertati
798 751 906 786 quam
930 739 1275 775 fideicommissario:

186 788 299 825 satius
323 792 379 824 est
403 789 411 796 ‘
439 788 510 824 'tur
533 799 631 830 eum,
665 787 725 832 qui
748 786 917 831 adgnovit
940 786 1111 830 legatum,
1135 784 1278 820 onerari

187 837 207 869 2
280 844 362 869 uam
394 833 420 869 li
446 838 596 869 ertatem
626 831 851 867 intercidere.
899 831 1071 875 Quotiens
1096 840 1198 866 servo
1222 829 1279 865 vel

187 889 233 914 an
257 878 266 887 “
366 878 696 914 fideicommissaria
726 877 875 912 libertas
906 876 1133 921 relinquitur,
1163 875 1201 910 in
1235 885 1278 910 ea

188 923 398 960 condicione
421 928 487 966 est,
511 928 562 966 ut,
589 922 708 968 quoad
718 922 1003 963 manumittatur,
1029 920 1165 956 servilis
1189 930 1278 956 con-

187 968 338 1005 dicionis
361 968 425 1005 sit:
450 973 487 1004 et
510 968 652 1014 quidem
674 967 707 1004 si
729 967 863 1002 nullam
883 977 1018 1002 moram
1042 965 1280 1019 praestandae

187 1014 345 1050 libertati
373 1013 435 1059 qui
473 1017 658 1059 praestare
697 1012 804 1048 debet
836 1012 943 1054 fecit,
979 1011 1068 1046 nihil
1104 1011 1150 1046 de
1180 1014 1279 1047 statu

187 1069 311 1095 eorum
341 1063 520 1095 mutatur:
557 1058 711 1103 ideoque
748 1067 810 1093 eos
845 1057 987 1093 interim
1022 1056 1134 1101 legari
1160 1065 1278 1102 posse,

188 1104 252 1140 sed
275 1114 357 1140 cum
380 1114 447 1139 sua
471 1113 592 1147 causa,
617 1106 772 1139 constat.

233 1147 288 1187 46
311 1148 418 1184 locu
438 1149 529 1184 libro
546 1153 652 1184 seaeto
670 1148 954 1194 disputationum
987 1146 1280 1182 Fideicommissa

187 1194 336 1230 libertas
359 1194 410 1229 ita
434 1198 554 1239 potest
577 1193 671 1229 dari:
696 1193 825 1235 ‘heres,
849 1193 880 1228 si
902 1192 1068 1235 volueris,
1091 1190 1176 1226 fidei
1195 1195 1281 1226 tuae

187 1239 401 1282 ‘committo,
439 1244 480 1274 ut
515 1239 677 1275 Stichum
713 1238 968 1280 manumittas’,
1000 1236 1161 1282 quamvis
1192 1236 1280 1271 nihil

187 1284 287 1320 aliud
317 1285 355 1320 in
384 1288 597 1320 testamento
628 1288 750 1337 potest
779 1283 898 1318 valere
927 1293 972 1318 ex
1002 1287 1094 1317 nutu
1125 1281 1279 1318 heredis.

193 1335 206 1365 l
256 1329 369 1365 Plane
393 1334 429 1365 et
452 1330 505 1364 ita
529 1329 571 1365 ‘si
583 1329 729 1364 Stichus
752 1328 915 1364 voluerit’
940 1332 1060 1373 potest
1082 1327 1116 1363 ei
1133 1327 1280 1363 libertas

192 1379 211 1410 2
259 1374 427 1410 adscribi.
476 1374 548 1410 Sed
575 1378 614 1410 et
642 1374 674 1410 si
704 1374 757 1409 ita
788 1373 1010 1418 adscriptum
1041 1373 1088 1408 sit
1112 1373 1153 1407 ‘si
1177 1372 1281 1408 Seius

189 1420 368 1462 ‘voluerit,
398 1419 559 1455 Stichum
593 1419 745 1455 liberum
776 1428 855 1455 esse
889 1418 994 1462 volo’,
1024 1418 1112 1453 mihi
1142 1417 1282 1453 videtur

188 1475 296 1511 posse
321 1464 390 1500 dici
401 1465 520 1501 valere
542 1465 754 1507 libertatem,
780 1464 864 1509 quia
888 1463 1049 1500 condicio
1100 1463 1194 1498 otius
1214 1468 1280 1504 est,

189 1509 488 1556 quemadmodum
520 1510 551 1546 si
575 1510 661 1545 mihi
688 1510 846 1554 legatum
870 1514 982 1551 esset,
1017 1508 1048 1544 si
1103 1508 1196 1560 itius-
1213 1508 1280 1543 Ca-

191 1560 210 1590 3
258 1555 421 1600 pitolium
444 1554 656 1591 ascenderit.
704 1554 808 1600 Quod
837 1554 869 1590 si
891 1555 943 1589 ita
971 1554 1144 1599 scriptum
1168 1558 1216 1588 sit
1238 1553 1283 1588 ‘si

190 1601 306 1636 ‘heres
318 1600 494 1643 voluerit’,
518 1611 592 1636 non
609 1600 752 1644 valebit,
777 1599 841 1636 sed
863 1600 916 1635 ita
939 1599 1092 1641 demum,
1117 1599 1148 1634 si
1165 1603 1283 1634 totum

188 1646 227 1681 in
248 1646 433 1681 voluntate
455 1645 543 1681 fecit
564 1645 726 1688 heredis,
755 1645 787 1681 si
809 1645 843 1681 ei
866 1644 1021 1680 libuerit.
1069 1648 1229 1680 ceterum
1252 1644 1283 1680 si

189 1691 377 1727 arbitrium
399 1690 452 1726 illi
498 1691 576 1726 uasi
595 1691 669 1727 viro
687 1691 783 1727 bono
804 1690 912 1732 dedit,
938 1700 1010 1725 non
1028 1689 1282 1732 dubitabimus,

190 1736 277 1782 quin
299 1736 448 1772 libertas
497 1737 662 1772 ebeatur:
695 1747 780 1772 nam
803 1736 864 1772 et³
888 1745 966 1771 eam
996 1735 1197 1770 libertatem
1221 1734 1282 1770 de·

190 1782 268 1817 beri
289 1781 428 1827 placuit
451 1781 494 1817 ‘si
516 1781 583 1817 tibi
606 1781 800 1824 videbitur,
832 1785 917 1826 peto
939 1779 1200 1816 manumittas':
1232 1780 1284 1814 ita

190 1827 284 1862 enim
307 1827 378 1862 hoc
402 1826 650 1872 accipiendum
674 1827 717 1862 ‘si
739 1826 805 1862 tibi
835 1826 938 1871 quasi
968 1826 1043 1861 viro
1069 1826 1164 1861 bono
1187 1825 1283 1860 vide-

191 1872 323 1908 ‘bitur'.
371 1881 454 1907 nam
490 1877 526 1907 et
555 1872 607 1907 ita
638 1872 803 1908 relictum
839 1872 883 1906 ‘si
917 1872 1138 1907 voluntatem
1168 1880 1284 1906 meam

191 1918 422 1963 ‘probaveris’
454 1922 543 1962 puto
576 1917 714 1953 deberi:
757 1916 1053 1962 quemadmodum
1078 1916 1121 1951 ‘si
1150 1920 1188 1951 te
1210 1926 1284 1951 me-

193 1962 327 1998 ‘ruerit'
353 1962 455 2007 quasi
479 1962 595 1998 virum
620 1963 752 1998 bonum
783 1962 840 1998 vel
863 1962 907 1998 ‘si
929 1967 966 1997 te
989 1971 1061 1997 non
1086 1961 1283 1996 offenderit’

192 2007 296 2052 quasi
311 2018 434 2088 lvirum
452 2007 587 2087 bonilim
599 2007 668 2061 ‘vel-
688 2008 730 2043 ‘si
749 2007 1047 2087 001111)ξὲὴαῖθῖἰέ
1070 2007 1127 2042 vel
1150 2006 1193 2086 ‘sti
1212 2017 1286 2041 non

192 2057 201 2071 ⁶
337 2062 381 2087 av
455 2054 463 2066 '
745 2064 778 2087 m
891 2064 911 2087 v
935 2063 984 2087 ris
1000 2079 1008 2087 .
1044 2062 1126 2087 nani
1204 2062 1285 2087 cum

193 2064 337 2142 ‹1311de
361 2062 530 2133 (ξιξίοἰζθ
539 2053 743 2134 νεὲὶίίέιςὶῃιὲ
766 2098 793 2133 fi
817 2063 1080 2134 ‹iicon‘i‘missum
1111 2062 1284 2132 degisset:

191 2144 247 2186 τῷ
273 2142 381 2183 δεῖνι,
409 2142 473 2176 ἐὰν
497 2141 707 2188 ὃοκιμάσῃς,
735 2141 945 2190 ἐλευθερίαν
969 2141 1131 2184 δοθῆναι
1153 2141 1285 2186 βούλο-

191 2202 259 2232 μαι
269 2189 292 2228 ⁴,
327 2197 351 2223 a
380 2187 462 2224 divo
486 2187 617 2223 Severo
648 2188 863 2233 rescriptum
892 2192 947 2223 est
973 2187 1286 2222 fideicommissum

193 2237 214 2268 4
287 2233 336 2268 eti
346 2243 464 2278 posse.
501 2232 725 2278 Quamquam
742 2238 864 2268 autem
882 2233 920 2268 in
939 2232 1079 2268 heredis
1100 2232 1285 2268 arbitrium

194 2243 361 2322 corzieni,
385 2288 432 2313 an
455 2277 638 2321 debeatur,
663 2289 736 2314 non
758 2278 891 2323 possit,
915 2277 1057 2323 quando
1080 2281 1201 2313 tamen
1225 2277 1285 2313 de-

195 2327 214 2358 5
262 2323 403 2366 beatur,
427 2323 583 2358 conferri
607 2328 737 2376 potest.
774 2322 936 2368 Quidam,
961 2333 1042 2358 cum
1066 2327 1139 2358 tres
1164 2333 1286 2358 servos

193 2369 365 2414 legasset,
395 2368 478 2404 fidei
501 2368 642 2404 heredis
666 2369 723 2404 sui
747 2369 939 2411 commisit,
973 2373 1015 2403 ut
1043 2378 1087 2403 ex
1116 2368 1172 2403 his
1196 2367 1287 2403 duos

196 2424 286 2495 iffi?
307 2413 735 2503 ἔῗιῗὲοῗὲἓωὲῑῗῗὲῗῖἐι
756 2412 1287 2503 ἧξὲἐὲἓᾚξὲῗωῗᾷῗῗῖῗηζῗὲ

741 2487 750 2503 ,
1136 2486 1144 2494 .

197 2505 229 2540 si
252 2514 313 2540 eos
337 2504 535 2539 vindicaret
557 2504 772 2549 legatarius,
809 2514 899 2549 quos
929 2504 1033 2539 heres
1063 2503 1139 2538 vult
1162 2514 1286 2538 manu-

196 2550 347 2591 mittere,
372 2550 582 2594 exceptione
605 2549 678 2585 doli
700 2549 905 2595 repelletur.

243 2593 295 2631 47
322 2594 516 2630 IULIANUS
545 2595 636 2629 libro
660 2595 965 2641 quadraqensimo
989 2594 1147 2630 secundo
1171 2594 1288 2641 diqes-

198 2647 315 2674 torum
362 2639 401 2675 Si
423 2644 529 2684 pater
551 2639 642 2676 duos
665 2639 758 2675 filios
775 2639 925 2675 heredes
948 2639 1142 2675 instituerit
1165 2643 1203 2674 et
1225 2638 1308 2674 ad-·

197 2684 365 2729 gnatione
385 2685 545 2737 postumi
567 2689 714 2730 ruptum
737 2689 990 2721 testamentum
1012 2684 1140 2726 fuerit,
1164 2694 1288 2737 quam-

198 2730 249 2765 vis
274 2729 453 2765 hereditas
484 2741 549 2775 pro
581 2730 720 2766 duabus
749 2730 913 2775 partibus
938 2729 985 2764 ad
1008 2739 1070 2765 eos
1099 2733 1289 2774 pertineat,

198 2780 317 2810 tamen
333 2773 628 2811 fideicommissae
651 2775 837 2811 libertates
855 2774 1032 2821 praestari
1056 2785 1128 2810 non
1146 2774 1288 2817 debent,

199 2819 305 2855 sicuti
335 2830 379 2854 ne
410 2820 527 2865 legata
549 2820 692 2866 quidem
715 2825 780 2856 aut
807 2819 1082 2856 fideicommissa
1104 2824 1290 2864 praestare

205 2871 217 2900 1
269 2869 456 2909 coguntur.
494 2865 543 2908 Si,
569 2876 649 2901 cum
674 2865 829 2901 alienum
851 2875 993 2901 servum
1014 2865 1119 2900 heres
1141 2870 1290 2910 rogatus

199 2909 249 2946 sit
279 2910 547 2952 manumittere,
585 2911 670 2946 item
707 2921 930 2946 communem
951 2910 1008 2946 vel
1031 2920 1128 2953 eum,
1157 2910 1196 2945 in
1218 2921 1289 2956 quo

200 2965 287 2990 usus
311 2954 452 2990 fructus
476 2955 612 2991 alienus
635 2960 708 2999 est,
733 2956 868 2998 latitet,
901 2966 973 2991 non
995 2955 1118 3000 inique
1142 2961 1290 2992 senatus

202 3004 222 3034 2
269 2999 432 3035 consulto
456 2999 681 3037 libertatibus
705 3004 946 3037 succurretur.
982 3000 1020 3036 Si
1037 3000 1158 3036 Sticho
1181 3000 1290 3037 liber-

201 3049 335 3090 tasper
350 3043 661 3080 fideicommissum
685 3045 771 3081 data
792 3046 902 3081 fuerit
917 3045 984 3082 sub
1007 3045 1235 3089 condicione,
1259 3046 1290 3082 si

202 3089 359 3125 rationes
383 3089 605 3132 reddidisset,
632 3098 669 3126 et
690 3092 721 3126 is
745 3091 893 3126 absente
916 3091 1048 3126 herede
1071 3095 1219 3136 paratus
1243 3091 1291 3127 sit

201 3134 339 3179 reliqua
362 3134 510 3177 solvere,
534 3137 711 3180 praetoris
731 3135 850 3171 officio
876 3136 1090 3178 continetur,
1114 3140 1155 3171 ut
1176 3136 1290 3172 virum

202 3180 336 3215 bonum
366 3179 490 3225 eligat,
526 3180 629 3216 cuius
658 3181 806 3217 arbitrio
840 3180 998 3217 rationes
1028 3185 1289 3226 computentur,

203 3230 239 3260 et
261 3225 468 3269 pecuniam,
493 3235 585 3270 quae
607 3235 652 3260 ex
676 3226 943 3305 computatione
966 3226 1155 3271 colligitur,
1180 3226 1224 3262 de
1251 3237 1290 3262 0-

203 3274 283 3310 nat,
307 3274 415 3315 atque
438 3270 491 3305 ita
513 3271 719 3323 pronuntiet
764 3282 773 3305 1

204 3314 383 3351 commissi
405 3315 540 3351 deberi.
574 3315 665 3351 haec
685 3319 803 3351 autem
826 3316 905 3351 fieri
926 3316 1121 3359 conveniet,
1146 3316 1291 3353 siheres

203 3370 248 3395 ex
279 3359 375 3396 iusta
411 3370 522 3396 causa
552 3360 684 3396 aberit:
722 3370 804 3395 nam
835 3361 866 3397 si
895 3361 1068 3404 latitabit,
1106 3361 1194 3398 satis
1225 3362 1293 3397 erit

204 3404 340 3450 liquere
367 3405 526 3450 praetori
554 3416 619 3451 per
648 3415 789 3442 servum
818 3416 890 3441 non
922 3411 1034 3449 stare,
1073 3418 1143 3452 quo
1175 3407 1291 3442 minus

206 3449 555 3531 gondicipaebpamt
602 3460 626 3486 a
667 3461 711 3486 ue
732 3450 785 3486 ita
806 3452 1038 3495 pronuntiare
1060 3451 1104 3488 de
1127 3452 1292 3488 libertate

274 3505 344 3540 opo
425 3500 463 3530 it.

777 3271 950 3307 bertatem
980 3282 1024 3307 ex
1056 3281 1168 3307 causa
1189 3271 1215 3307 fi
1240 3271 1290 3307 ei-

501 3478 590 3532 Cux’n
608 3506 651 3532 su
693 3494 901 3532 condicione
924 3496 1041 3541 legato
1061 3507 1162 3533 servo
1185 3497 1291 3534 liber·

206 3613 246 3645 (ι)
272 3618 346 3641 eum
367 3608 400 3641 F
512 3611 555 3645 (2)
580 3609 793 3642 evitabimus:
817 3611 853 3641 at
870 3611 997 3652 partem
1017 3619 1086 3642 non
1105 3612 1174 3642 tam
1192 3608 1290 3643 facile

205 3653 387 3694 legatarius
397 3655 448 3687 vel
459 3655 561 3687 simite
573 3655 655 3697 quid
666 3655 727 3688 ἕω.
798 3658 841 3693 (8)
865 3657 900 3687 ot
911 3655 970 3687 del.
987 3654 1039 3687 F'
1108 3658 1150 3693 Η)
1176 3656 1212 3688 id
1224 3662 1290 3689 eet:

208 3697 270 3748 illi,
284 3698 312 3729 si
324 3698 597 3740 comprobaveris,
609 3697 796 3732 libertatem
809 3698 882 3732 dari
893 3698 978 3732 volo.

209 3743 447 3783 mutatinum„
459 3742 556 3776 aliter
567 3755 621 3777 scr
724 3746 769 3786 (ς)
793 3742 975 3786 legitimam
990 3745 1023 3778 F
1057 3701 1098 3741 (ὓ)
1122 3699 1289 3733 fideicom-

1113 3747 1156 3785 (τ)
1180 3745 1288 3777 dece·-

1339 298 1446 334 quam
1479 294 1521 324 ut
1554 296 1722 326 caveatur
1759 292 1933 327 existente
1969 290 2177 327 condicione
2214 290 2349 325 traditu
2377 291 2420 325 iri

1340 338 1360 368 4
1408 344 1500 369 eum.
1668 346 1723 371 am
1748 347 1830 372 cum
1852 337 1889 371 in
1913 340 2070 372 extrema
2092 339 2188 371 esset
2208 335 2421 376 valetudine,

1340 379 1590 423 praesentibus
1609 381 1768 416 honestis
1786 382 1871 417 viris
1890 380 2133 434 compluribus
2156 385 2193 416 et
2210 385 2325 416 matre
2345 390 2421 422 sua,

1340 423 1387 459 ad
1411 434 1517 469 quam
1539 424 1717 471 legitima⁶
1745 427 1924 462 hereditas
1948 436 2023 462 eius
2047 425 2263 471 pertinebat,
2296 425 2349 461 ita
2371 425 2422 460 lo·

1341 473 1427 504 cuta
1456 475 1512 504 est
1541 471 1699 506 ‘ancillas
1734 482 1831 507 meas
1861 471 2038 507 Maeviam
2072 475 2109 506 et
2139 471 2256 506 Seiam
2293 471 2423 506 liberas

1342 517 1434 549 ‘esse
1461 514 1553 550 volo'
1583 520 1620 550 et
1647 516 1816 552 intestata
1845 516 2036 552 decessit⁷:
2073 526 2226 561 quaero,
2258 516 2289 550 si
2313 520 2425 551 mater

1341 569 1387 594 ex
1417 564 1564 596 senatus
1593 561 1755 597 consulto
1779 562 1970 607 legitimam
1999 561 2230 597 hereditatem
2255 561 2331 596 eius
2355 571 2424 596 non

1342 604 1559 640 vindicasset
1580 610 1617 640 et
1639 605 1817 643 hereditas
1838 606 1885 642 ad
1906 607 2107 652 proximum
2134 611 2322 651 cognatum
2346 616 2425 651 per-

1344 650 1526 693 tinuisset,
1561 660 1607 685 an
1632 650 1903 687 fideicommissa
1932 652 2080 687 libertas
2105 651 2305 687 deberetur.
2351 660 2426 686 res-

1343 694 1454 739 pondi
1491 694 1629 731 deberi:
1663 706 1744 731 nam
1777 707 1871 738 eam,
1910 707 2001 741 quae
2031 698 2068 732 in
2091 696 2257 732 extremis
2283 696 2429 731 dixisset

1346 739 1506 775 ‘ancillas
1528 750 1626 776 meas
1649 741 1745 776 illam
1769 747 1805 776 et
1827 742 1923 776 illam
1947 742 2077 778 liberas
2102 752 2180 777 esse
2191 741 2295 783 volo’,
2320 741 2429 776 videri

1346 785 1392 820 ab
1417 785 1597 828 omnibus,
1629 787 1689 831 qui
1720 786 1866 831 legitimi
1889 787 2037 823 heredes
2062 792 2125 822 aut
2148 787 2323 822 bonorum
2346 797 2429 832 pos-

1347 840 1505 865 sessores
1528 830 1641 866 futuri
1664 836 1794 874 essent,
1819 831 1962 877 petisse,
1986 838 2027 867 ut
2048 832 2119 868 hoc
2141 831 2219 867 fieri
2242 832 2368 885 possit.

1392 872 1446 912 48
1471 875 1578 911 IDEM
1607 876 1698 912 libro
1735 878 1988 923 seoeaqensimo
2022 877 2179 913 secundo
2211 877 2247 912 dt
2274 882 2429 911 extorum

1348 919 1437 955 Cum
1461 920 1497 955 in
1519 925 1733 958 testamento
1753 922 1927 966 scriptum
1938 926 2009 957 est:
2036 922 2207 957 ‘Stichum
2226 889 2322 958 Tqitio
2341 922 2430 966 lego'

1347 965 1402 1001 vel
1427 966 1542 1001 ‘heres
1565 976 1666 1002 meus
1689 967 1774 1002 dato
1796 967 1860 1008 ita,
1884 971 1926 1002 ut
1950 977 2031 1002 eum
2044 967 2159 1003 Titius
2182 967 2432 1007 manumittat’,

1347 1010 1420 1046 dixi
1443 1011 1578 1056 petenti
1600 1012 1772 1056 legatario
1798 1012 1958 1047 Stichum
1989 1012 2233 1057 exceptionem
2256 1012 2328 1048 doli
2351 1011 2431 1046 mali

1348 1058 1583 1099 obstaturam,
1620 1057 1687 1092 nisi
1710 1057 1845 1092 caverit
1868 1068 1907 1093 se
1930 1057 2130 1093 libertatem
2154 1058 2349 1093 secundum
2372 1068 2432 1092 vo-

1348 1102 1521 1137 luntatem
1544 1101 1703 1137 defuncti
1752 1107 2005 1139 raestaturum.

1394 1144 1449 1184 49
1473 1148 1698 1183 AFRICANUS
1732 1148 1810 1184 ibro
1834 1159 1930 1183 nono
1955 1150 2203 1194 quaestionum
2250 1147 2288 1183 Si
2310 1147 2353 1190 is,
2378 1147 2434 1182 cui

1348 1202 1473 1228 servus
1496 1192 1636 1237 legatus
1660 1197 1725 1235 est,
1750 1198 1897 1238 rogatus
1921 1194 2169 1229 manumittere
2191 1193 2317 1235 latitet,
2343 1193 2435 1228 orci-

1348 1248 1434 1272 num
1463 1237 1542 1273 fieri
1571 1238 1737 1273 libertum
1770 1238 1970 1283 respondit:
2007 1238 2101 1274 idem
2131 1238 2208 1274 fore
2238 1243 2273 1274 et
2303 1238 2333 1274 si
2364 1248 2433 1273 non

1348 1283 1521 1328 legatarii,
1555 1283 1618 1319 sed
1641 1283 1782 1319 heredis
1805 1283 1889 1319 fidei
1912 1284 2138 1320 commissum
2163 1289 2267 1319 esset.
2316 1283 2378 1318 sed
2401 1288 2434 1318 et

1349 1328 1381 1364 si
1403 1338 1477 1364 non
1500 1328 1674 1371 omnium,
1709 1329 1771 1364 sed
1795 1329 2019 1381 quorundam
2042 1329 2211 1365 heredum
2233 1328 2315 1364 fidei
2341 1339 2434 1364 com-

1350 1373 1496 1409 missum
1529 1374 1591 1415 sit,
1632 1384 1746 1418 aeque
1777 1373 1967 1410 dicendum
1991 1375 2153 1410 orcinum
2176 1374 2269 1409 fieri:
2308 1374 2345 1408 in
2375 1383 2435 1409 eos

1350 1422 1470 1454 autem
1494 1419 1554 1464 qui
1577 1419 1829 1454 latitaverint⁷¹
1860 1419 2113 1462 coheredibus,
2146 1430 2169 1454 a
2191 1419 2320 1464 quibus
2343 1418 2435 1454 redi-

1349 1464 1498 1499 mendae
1527 1469 1649 1508 partes
1678 1469 1818 1508 essent,
1857 1464 1979 1500 utilem
2009 1465 2186 1500 actionem
2222 1475 2264 1500 eo
2296 1463 2435 1499 nominc

1351 1509 1430 1544 dari
1461 1509 1591 1544 debere
1629 1509 1684 1545 vel
1714 1510 1820 1545 etiam
1856 1509 2012 1546 familiae
2042 1509 2274 1546 erciscundae
2305 1509 2435 1544 iudicio

1350 1559 1448 1590 recte
1470 1564 1532 1590 eos
1556 1558 1714 1590 acturos.

1397 1598 1450 1637 50
1482 1599 1719 1635 MARoJAst
1753 1600 1843 1636 libro
1874 1601 2024 1646 septimo
2058 1601 2345 1636 institutionum⁸
2399 1599 2436 1634 Si

1351 1655 1475 1680 servus
1512 1645 1525 1679 l
1591 1650 1651 1680 tus
1680 1651 1716 1680 et
1751 1655 1818 1691 per
1851 1645 2163 1682 fideicommissum
2196 1645 2436 1681 manumissus

1351 1690 1407 1732 sit,
1433 1690 1536 1726 Cervi
1562 1690 1616 1725 ‘us
1634 1690 1807 1726 Scaevola
1831 1691 2014 1726 consultus
2037 1692 2192 1736 putabat
2213 1691 2435 1727 novissimam

1351 1735 1566 1781 scripturam
1583 1735 1713 1778 valere,
1738 1735 1811 1771 sive
1830 1735 1978 1771 libertas
1997 1736 2045 1772 sit
2061 1737 2134 1772 sive
2152 1736 2166 1771 l
2232 1741 2318 1780 tum,
2343 1735 2435 1781 quia,

1352 1791 1433 1816 cum
1456 1780 1658 1816 libertatem
1682 1780 1801 1816 datam
1825 1782 1974 1826 postea⁹
1997 1782 2140 1826 placeat
2162 1792 2184 1816 a
2209 1781 2218 1790 ‘
2256 1782 2286 1823 i,
2316 1785 2352 1816 et
2374 1791 2437 1826 per

1350 1826 1507 1871 legatum
1537 1829 1682 1861 constat
1737 1836 1819 1862 osse
1842 1826 1966 1862 adimi:
1998 1827 2062 1863 sed
2086 1827 2117 1863 si
2139 1827 2176 1862 in
2201 1827 2355 1862 obscuro
2379 1826 2436 1866 sit,

1352 1881 1424 1916 qua
1451 1875 1570 1906 mente
1599 1876 1683 1916 post
1739 1871 1913 1907 bertatem
1944 1871 2074 1917 legavit
2105 1871 2256 1908 eundem
2287 1881 2437 1911 servum,

1351 1916 1389 1952 in
1428 1916 1582 1952 obscuro
1626 1916 1826 1952 libertatem
1863 1918 2079 1962 praevalere.
2135 1927 2226 1963 quae
2264 1917 2439 1953 sententia

1352 1962 1437 1996 mihi
1461 1971 1604 2007 quoque
1627 1962 1744 1997 verior
1766 1972 1846 1998 esse
1868 1962 2018 1998 videtur.

1398 2005 1449 2044 51
1482 2006 1591 2042 lusu
1624 2007 1716 2042 libro
1753 2018 1849 2043 nono
1878 2008 2141 2043 institutionum
2188 2007 2270 2044 Non
2299 2012 2437 2042 tantum

1351 2052 1364 2087 i
1390 2063 1440 2095 se,
1466 2051 1527 2097 qui
1548 2056 1695 2097 rogatus
1719 2056 1776 2088 est
1792 2053 2051 2096 manumittere,
2076 2053 2122 2089 ad
2145 2053 2346 2089 libertatem
2358 2062 2437 2106 per·

1378 2107 1485 2133 ucere
1508 2101 1640 2142 potest,
1664 2097 1728 2133 sed
1752 2101 1789 2133 et
1811 2107 2037 2134 successores
2051 2099 2140 2140 eius,
2166 2099 2238 2134 sive
2261 2102 2439 2143 emptione

1353 2143 1427 2178 sive
1456 2153 1527 2188 quo
1568 2142 1638 2178 alio
1675 2142 1781 2178 modo
1816 2143 2067 2179 successerint.
2115 2143 2179 2179 sed
2209 2149 2245 2179 et
2274 2144 2302 2179 si
2335 2153 2437 2178 nemo

1354 2198 1542 2224 successor
1564 2187 1738 2230 extiterit,
1763 2187 1809 2223 ad
1832 2188 1959 2224 fiscum
1981 2189 2032 2223 ita
2055 2188 2199 2232 transit,
2230 2193 2271 2224 ut
2293 2188 2439 2224 libertas

1357 2237 1370 2268 1
1422 2233 1468 2268 ab
1491 2243 1535 2268 eo
1558 2237 1772 2278 praestetur.
1820 2233 1856 2268 Is
1885 2238 2005 2269 autem
2035 2234 2096 2279 qui
2119 2238 2264 2279 rogatus
2289 2238 2343 2269 est
2364 2244 2438 2269 ma-

1353 2278 1543 2322 numittere
1566 2279 1673 2313 etiam
1697 2289 1740 2314 eo
1764 2283 1924 2324 tempore
1976 2290 2022 2315 uo
2055 2279 2210 2315 alienare
2231 2278 2441 2324 prohibetur

1355 2327 1374 2358 2
1422 2328 1542 2369 potest
1564 2324 1823 2359 manumittere.
1873 2324 1910 2359 Si
1983 2334 2087 2360 enum
2111 2335 2250 2360 servum
2279 2324 2358 2369 quis
2382 2335 2439 2360 ro·

1354 2373 1460 2414 gatus
1496 2367 1605 2404 fuerit
1633 2369 1897 2412 manumittere,
1930 2380 2012 2404 cum
2035 2370 2067 2405 ei
2090 2369 2244 2421 pecunia
2268 2374 2368 2405 certa
2390 2370 2439 2404 le-

1354 2419 1440 2459 gata
1462 2419 1573 2455 esset,
1604 2418 1645 2448 ut
1667 2418 1763 2448 emat
1785 2424 1867 2449 eum
1891 2418 1927 2449 et
1949 2419 2193 2457 manumittat,
2219 2419 2254 2449 et
2277 2414 2441 2450 dominus

1355 2459 1444 2495 nolit
1472 2468 1553 2493 eum
1575 2458 1741 2501 vendere,
1772 2458 1786 2493 l
1851 2463 1927 2494 tum
1951 2460 2079 2495 retinet
2108 2469 2152 2494 ex
2175 2459 2357 2495 voluntate
2380 2460 2439 2494 de-

1356 2507 1376 2539 3
1423 2503 1550 2539 functi.
1598 2503 1664 2539 Cui
1687 2513 1752 2548 per
1775 2504 1799 2539 fi
1825 2503 2086 2540 eicommissum
2108 2504 2256 2541 libertas
2280 2505 2440 2546 debetur,

1355 2549 1460 2585 liberi
1491 2548 1751 2594 quodammodo
1789 2549 1870 2586 loco
1906 2554 1978 2592 est,
2017 2554 2053 2586 et
2089 2549 2290 2586 statuliberi
2324 2550 2440 2586 locuni

1357 2594 1496 2640 optinet
1518 2594 1573 2629 vel
1596 2604 1638 2629 eo
1662 2604 1722 2629 ma
1747 2595 1755 2602 '
1785 2621 1793 2636 ,
1819 2594 1914 2640 quod
1937 2605 2004 2631 nec
2027 2595 2065 2630 in
2088 2595 2197 2630 alium
2221 2596 2440 2632 transferen-

1358 2640 1425 2675 dus
1455 2643 1526 2683 est,
1568 2644 1609 2674 ut
1636 2644 1700 2674 aut
1743 2640 1875 2675 'bertas
1912 2640 1989 2676 eius
2019 2640 2235 2686 impediatur
2270 2645 2334 2676 aut
2362 2640 2443 2676 iura

1358 2689 1379 2720 4
1424 2688 1658 2730 patronorum
1695 2685 1861 2730 graviora
1900 2685 2114 2731 experiatur.
2168 2686 2321 2722 Senatus
2357 2696 2440 2721 con·

1357 2730 1452 2767 sulto
1476 2729 1698 2765 Dasumiano
1730 2735 1876 2766 cautum
1898 2735 1971 2772 est,
2001 2735 2060 2773 ut,
2092 2731 2123 2766 si
2146 2742 2191 2767 ex
2212 2731 2310 2767 iusta
2333 2741 2442 2766 causa

1357 2775 1452 2811 absit
1491 2775 1552 2820 qui
1582 2774 1890 2811 fideicommissum
1924 2775 2124 2811 libertatem
2161 2775 2267 2812 debet
2303 2781 2339 2812 et
2373 2776 2443 2811 hoc

1356 2820 1628 2866 pronuntiatum
1650 2819 1768 2864 fuerit,
1793 2820 1939 2866 perinde
1962 2821 2109 2857 libertas
2121 2826 2311 2867 competat,
2335 2825 2443 2866 atque

1357 2866 1404 2909 si,
1437 2869 1479 2901 ut
1506 2868 1660 2911 oportet,
1697 2875 1741 2900 ex
1772 2876 1883 2902 causa
1913 2865 2174 2902 fideicommissi
2205 2867 2442 2902 manumissus

1357 2915 1377 2946 5
1425 2915 1531 2946 esset.
1577 2910 1715 2946 Abesse
1739 2915 1859 2946 autem
1881 2911 1912 2946 is
1934 2911 2168 2956 intellegitur,

2225 2912 2262 2947 ui
2286 2922 2308 2947 a
2330 2912 2441 2947 tribu-

1358 2960 1379 2992 6
1425 2955 1500 2991 nali
1522 2955 1636 2991 abest.
1681 2955 1732 2990 Et
1761 2956 1846 3002 quia
1874 2956 1919 2992 de
1931 2958 1959 2979 ¹⁰
1981 2956 2171 2993 heredibus
2194 2923 2335 2992 {lantum
2358 2967 2440 2992 cau-

1356 3005 1434 3037 tum
1457 3004 1554 3044 erat,
1587 2999 1766 3036 adiectum
1790 3005 1845 3036 est
1867 3001 1992 3037 eodem
2019 3005 2166 3037 senatus
2190 3002 2371 3045 consulto,
2403 3005 2443 3037 ut

1358 3046 1570 3092 quicumque
1592 3044 1902 3082 fideicommissam
1930 3047 2129 3083 libertatem
2153 3056 2196 3081 ex
2244 3057 2442 3092 uacumque

1359 3093 1509 3128 causa²¹
1563 3091 1807 3127 renuntiatum
1835 3091 1944 3127 fuerit
1972 3102 2052 3127 eum
2081 3102 2184 3127 eosve
2207 3103 2230 3127 a
2255 3103 2350 3135 esse,
2406 3103 2440 3128 e·

1357 3136 1460 3173 rinde
1480 3101 1667 3189 haffeatur,
1692 3140 1800 3190 atque
1824 3137 1865 3181 si,
1889 3142 1930 3172 ut
1952 3141 2111 3182 oportet,
2142 3148 2184 3172 ex
2209 3147 2319 3190 causa
2342 3103 2440 3190 fidei·

1358 3186 1376 3218 7
1426 3180 1603 3218 commissi
1645 3191 1884 3218 manumissus
1925 3186 2029 3218 esset.
2086 3181 2157 3218 Sed
2198 3183 2439 3218 Articuleiano

1357 3230 1504 3263 senatus
1528 3226 1693 3262 consulto
1707 3227 1734 3249 ¹²
1757 3231 1911 3271 cavetur,
1935 3232 1977 3262 ut
1997 3227 2034 3262 in
2057 3227 2247 3273 provinciis
2259 3227 2439 3273 praesides

1357 3270 1562 3318 provinciae
1592 3281 1634 3307 co
1660 3276 1826 3316 noscant,
1850 3272 1934 3308 lieet
1962 3272 2064 3307 heres
2089 3283 2159 3308 non
2190 3273 2237 3308 sit
2258 3272 2334 3309 eius
2356 3284 2439 3319 pro·

1359 3320 1379 3353 8
1425 3315 1573 3352 vinciae
1625 3282 1695 3352 §ed
1731 3317 1761 3352 si
1795 3327 1867 3353 non
1903 3316 2154 3353 hereditarium
2190 3328 2330 3354 servum
2363 3318 2440 3363 quis

1357 3365 1505 3408 rogatus
1527 3361 1637 3397 fuerit
1659 3362 1925 3406 manumittere,
1950 3362 2013 3398 sed
2036 3363 2238 3408 proprium,
2270 3373 2314 3399 ex
2337 3373 2439 3399 sena-

1357 3411 1418 3443 tus
1441 3406 1604 3443 consulto
1628 3407 1799 3444 Iunciano
1830 3411 1914 3453 post
1935 3408 2258 3453 pronuntiationem
2281 3409 2441 3454 pervenit

1359 3455 1381 3488 9
1427 3451 1474 3487 ad
1504 3451 1716 3488 libertatem.
1773 3452 1853 3488 Sive
1885 3452 1982 3488 iusta
2010 3463 2055 3488 ex
2087 3463 2197 3489 causa
2231 3453 2333 3490 abest
2367 3453 2439 3490 sive

1358 3496 1475 3533 latitet
1505 3497 1578 3533 sive
1605 3507 1777 3543 praesens
1806 3507 1878 3533 non
1900 3498 1976 3533 vult
1998 3498 2255 3540 manumittere,
2287 3509 2351 3543 pro
2377 3499 2438 3534 ab·

1359 3610 1440 3643 serit
1457 3610 1491 3642 F
1572 3612 1629 3653 (τ’)
1651 3610 1835 3644 latitaverit
1845 3610 1879 3643 F
1958 3613 2002 3650 (8)
2027 3612 2144 3655 septim
2157 3612 2399 3644 institutionem
2413 3612 2446 3644 Ε

1358 3656 1404 3696 (ο)
1427 3655 1658 3698 postealposse
1671 3669 1730 3688 ser.
1802 3657 1861 3696 (ιο)
1887 3654 1964 3696 quia
1978 3656 2041 3697 ΙΝ,
2059 3657 2117 3699 qui
2131 3656 2171 3690 ab
2187 3656 2235 3690 Ρ
2303 3659 2358 3698 (ιι)
2383 3656 2438 3690 de·

1357 3698 1423 3741 bet,
1435 3699 1464 3732 ti
1477 3701 1535 3733 im.
1631 3702 1690 3739 (¹²)
1715 3713 1789 3743 ap.
1808 3701 1881 3734 Chr.
1898 3708 1946 3734 12³
