2528 3918
116 163 492 195 OBLIGATIONIBUS

160 272 211 311 95
245 273 348 308 IDEM
378 274 468 309 libro
508 272 632 318 quinto
671 270 890 317 diqestorum
942 270 1010 314 Qui
1041 269 1194 305 insulam

114 319 193 354 fieri
218 319 425 364 stipulatur,
458 318 509 352 ita
533 317 672 355 demum
697 315 852 360 adquirit
876 315 1140 359 obligationem,
1166 315 1195 350 si

115 368 282 409 apparet,
309 375 378 408 quo
403 363 439 398 in
462 364 540 397 loco
564 361 641 397 fieri
664 361 816 395 insulam
840 361 1007 395 voluerit:
1034 360 1064 395 si
1088 364 1123 395 et
1145 360 1196 395 ibi

114 409 267 444 insulam
290 408 367 443 fieri
390 408 538 443 interest
560 406 647 441 eius.

159 452 212 491 96
238 454 344 489 IDEM
363 454 452 489 libro
477 451 685 487 duodecimo
710 450 928 497 diqestorum
965 450 1031 493 Qui
1056 460 1196 484 servum

114 499 200 534 mihi
225 509 269 534 ex
292 498 463 544 stipulatu
488 496 651 538 debebat,
677 495 708 530 si
726 495 765 530 in
787 494 946 530 facinore
967 505 1047 530 eum
1071 494 1193 539 depre-

115 544 294 586 henderit,
325 543 468 596 impune
500 552 580 576 eum
609 539 755 583 occidit,
787 550 853 575 nec
885 540 980 575 utilis
1011 539 1104 575 actio
1130 539 1195 574 erit

114 590 149 623 in
174 600 254 623 eum
278 587 535 624 constituenda.

160 632 211 671 97
241 634 383 669 Censes
412 633 502 667 libro
533 632 722 667 vicensimo
752 633 857 665 sexto
892 630 1110 676 diqestorum
1157 629 1195 664 Si

114 680 164 714 ita
195 678 386 723 stipulatus
416 677 534 712 fuero:
574 678 619 711 ‘te
643 676 745 711 sisti?
791 675 859 710 nisi
882 675 1037 718 steteris,
1067 675 1194 719 hippo-

115 728 334 758 ‘centaurum
358 722 471 757 dari?
507 721 656 766 proinde
679 720 764 765 erit,
797 721 925 765 atque¹
951 722 996 755 ‘te
1021 720 1109 755 sisti'
1134 730 1190 754 so-

121 774 128 802 1
182 768 357 803 1111111110ᾱο
383 767 428 802 sti
455 767 574 801 ulatus
606 777 732 802 essem.
778 766 930 801 Possum
958 765 1092 800 utiliter
1115 775 1137 799 a
1160 769 1195 799 te

114 815 163 847 ita
194 813 240 849 sti
267 813 372 848 ulari:
417 815 424 829 ‘
459 812 514 847 itii
549 811 690 847 nomine
719 815 756 846 te
792 811 993 846 soluturum
1003 810 1042 854 P’,
1082 820 1195 854 neque

115 859 206 893 enim
265 868 307 892 oc
338 857 450 893 simile
475 861 528 891 est
550 857 604 892 illi
634 855 780 891 ‘Titium
803 855 969 890 daturum
979 856 1026 890 ?':
1064 855 1128 890 sed
1152 866 1195 889 ex

113 914 156 938 ea
188 903 431 948 stipulatione,
468 902 552 936 dum
580 902 728 937 interest
760 911 858 942 mea,
895 910 1000 944 agere
1035 911 1194 945 possum,

114 954 149 982 et
179 948 276 990 ideo,
309 948 339 983 si
362 947 523 992 locuples
548 946 595 981 sit
617 946 750 989 Titius,
774 945 863 981 nihil
886 956 930 980 ex
953 946 1021 980 hac
1045 946 1194 990 stipula-

114 994 211 1028 tione
235 992 404 1037 consequi
427 992 579 1037 possim:
617 990 701 1036 quid
724 990 817 1026 enim
839 1001 920 1026 mea
943 991 1092 1026 interest
1114 991 1151 1026 id
1175 1001 1196 1025 a

113 1043 148 1073 te
172 1038 258 1079 fieri,
284 1037 380 1082 quod
404 1038 434 1072 si
456 1048 529 1072 non
551 1036 689 1079 feceris,
715 1046 827 1081 aeque
851 1037 985 1071 salvam
1008 1036 1196 1081 pecuniam

115 1087 133 1118 2
181 1083 367 1118 habiturus
405 1083 510 1118 sum?
563 1082 614 1117 ‘Si
647 1082 713 1117 tibi
747 1092 921 1126 nupsero,
959 1081 1081 1116 decem
1118 1081 1196 1116 dari

115 1128 279 1174 ‘spondes
289 1129 316 1163 ’Υ
343 1139 452 1163 causa
472 1127 612 1172 cognita
635 1127 878 1172 denegandam
897 1127 1072 1162 actionem
1095 1130 1194 1171 puto,

115 1185 181 1209 nec
205 1184 286 1208 raro
310 1173 505 1218 probabilis
531 1182 641 1207 causa
671 1172 843 1207 eiusmodi
865 1172 1105 1217 stipulationis
1130 1176 1194 1207 est.

113 1219 196 1298 {tem
220 1219 250 1254 si
273 1218 326 1253 vir
355 1229 376 1253 a
400 1218 545 1253 muliere
575 1228 617 1253 eo
641 1217 745 1253 modo
775 1228 847 1252 non
871 1217 909 1252 in
941 1217 1058 1252 dotem
1083 1216 1194 1262 stipu-

127 1267 207 1298 atus
233 1266 297 1299 est.

160 1305 213 1346 98
236 1307 476 1344 MARCELLUS
497 1308 587 1344 libro
612 1308 801 1344 vicensimo
826 1308 1046 1353 dz‘qestorum
1088 1308 1194 1342 Exis-

113 1355 196 1388 timo
221 1354 349 1398 posse²
371 1353 408 1388 id
431 1353 526 1398 quod
545 1363 661 1387 meum
685 1356 739 1387 est
762 1353 828 1387 sub
852 1352 1058 1388 condicione
1082 1353 1195 1397 stipu-

113 1400 189 1441 lari,
214 1399 298 1433 item
316 1398 407 1433 viam
428 1398 592 1443 stipulari
611 1398 656 1432 ad
675 1397 825 1433 fundum
845 1408 962 1442 posse,
984 1408 1196 1443 quamquam

115 1444 253 1479 interim
275 1443 407 1478 fundus
431 1454 504 1478 non
527 1443 574 1478 sit
596 1453 712 1478 meus:
738 1448 812 1485 aut,
838 1443 868 1478 si
891 1443 962 1478 hoc
986 1454 1106 1478 verum
1126 1454 1196 1478 non

115 1494 170 1524 est
204 1493 240 1524 et
278 1489 433 1524 alienum
467 1488 616 1523 fundum
654 1489 721 1523 sub
758 1488 965 1524 condicione
1004 1489 1196 1533 stipulatus

113 1535 214 1570 fuero
243 1535 343 1579 isque
373 1545 417 1569 ex
447 1534 622 1569 lucrativa
654 1544 764 1568 causa
794 1544 892 1569 meus
926 1544 1003 1569 esse
1029 1544 1091 1569 coe
1119 1534 1195 1577 erit,

115 1579 300 1614 confestim
334 1582 575 1624 peremeretur
606 1579 809 1624 stipulatio,
843 1582 879 1614 et
902 1579 932 1614 si
960 1579 1062 1614 fundi
1110 1579 1196 1614 omi-

115 1635 181 1660 nus
215 1625 281 1660 sub
322 1624 529 1660 condicione
560 1624 652 1658 viam
690 1624 882 1669 stipulatus
914 1624 1040 1666 fuerit,
1077 1625 1197 1659 statim

113 1670 223 1705 fundo
248 1669 402 1704 alienato
421 1669 599 1705 evanescit
621 1669 815 1714 stipulatio,
841 1674 876 1704 et
894 1669 1046 1704 maxime
1070 1680 1196 1704 secun-

114 1715 197 1749 dum
227 1715 368 1749 illorum
399 1715 617 1760 opinionem,
657 1714 718 1758 qui
746 1714 853 1749 etiam
877 1724 937 1757 ea,
978 1725 1069 1759 quae
1099 1719 1197 1750 recte

115 1760 362 1802 constiterunt,
387 1760 515 1795 resolvi
537 1762 677 1804 putant,
703 1770 784 1794 cum
807 1760 844 1794 in
868 1770 948 1794 eum
973 1770 1096 1795 casum
1120 1770 1196 1795 rec-

119 1809 128 1839 1
184 1805 361 1846 ciderunt,
397 1815 419 1839 a
452 1816 521 1849 quo
554 1815 625 1839 non
655 1805 857 1849 potuissent
889 1804 1094 1840 consistere.
1140 1805 1198 1839 Ex

115 1851 183 1885 hac
207 1850 451 1895 stipulatione:
478 1850 641 1885 ‘insulam
665 1849 783 1884 fulciri
807 1850 960 1894 spondes
969 1850 996 1884 ?'
1030 1850 1198 1895 quando³

113 1899 286 1930 nascatur
309 1896 414 1937 actio,
440 1895 631 1939 quaeritur.
669 1898 706 1930 et
729 1895 851 1939 utique
874 1905 947 1930 non
971 1899 1028 1930 est
1050 1906 1196 1940 exspec-

114 1941 271 1984 tandum,
296 1945 337 1974 ut
360 1943 460 1975 ruat:
485 1950 552 1975 nec
576 1940 669 1975 enim
693 1940 781 1974 nihil
805 1940 1027 1984 stipulatoris
1050 1941 1199 1976 interest

114 1985 241 2020 fultam
263 1986 384 2030 potius
409 1996 498 2027 esse,
523 1995 629 2030 quam
653 1996 725 2020 non
750 1995 844 2020 esse:
870 1996 936 2020 nec
960 1989 1078 2020 tamen
1102 1989 1198 2021 recte

115 2034 248 2074 agetur,
274 2031 303 2066 si
326 2030 482 2065 nondum
505 2030 729 2075 praeterierit
752 2032 920 2074 temporis
945 2034 1102 2073 tantum,
1128 2041 1198 2076 quo

114 2076 240 2110 fulcire
263 2076 420 2120 potuerit
442 2075 653 2120 redemptor.

161 2118 214 2158 99
256 2122 399 2155 Cusus
438 2120 527 2155 libro
570 2121 775 2166 trigensz'mo
815 2125 940 2155 octavo
979 2121 1198 2166 diqestorum

116 2165 293 2210 Quidquid
324 2165 597 2210 adstringendae
623 2165 849 2209 obligationis
875 2169 944 2207 est,
974 2165 1011 2200 id
1034 2165 1102 2200 nisi
1132 2176 1197 2210 pa-

115 2212 185 2245 lam
216 2211 331 2245 verbis
362 2221 405 2245 ex
431 2211 584 2252 rimitur,
619 2210 788 2246 omissum
818 2210 1093 2255 intellegendum
1128 2214 1198 2246 est:

116 2266 159 2290 ac
182 2255 256 2290 fere
289 2222 484 2290 secund'um
515 2255 766 2300 promissorem
788 2255 1083 2300 interpretamur,
1117 2257 1200 2301 quia

116 2301 320 2346 stipulatori
354 2301 505 2336 liberum
544 2299 612 2335 fuit
641 2301 750 2336 verba
780 2301 853 2336 late
888 2301 1084 2346 concipere.
1133 2311 1199 2336 nec

115 2357 256 2380 rursum
287 2347 482 2390 promissor
513 2345 680 2381 ferendus
712 2349 785 2387 est,
819 2346 848 2380 si
872 2346 947 2382 eius
971 2347 1132 2381 intererit
1156 2347 1199 2381 de

122 2395 132 2424 1
186 2391 290 2425 certis
315 2391 433 2435 potius
452 2391 546 2426 vasis
570 2390 663 2426 forte
686 2394 750 2426 aut
769 2391 970 2426 hominibus
995 2395 1125 2426 actum.
1163 2392 1201 2427 Si

117 2436 306 2480 stipulatus
330 2436 399 2471 hoc
421 2436 526 2471 modo
551 2435 672 2471 fuero:
706 2437 749 2471 ‘si
771 2437 866 2471 intra
891 2436 1070 2472 biennium
1095 2437 1199 2489 Capi-

118 2482 253 2516 ‘tolium
276 2492 347 2516 non
379 2481 599 2523 ascenderis,
640 2481 716 2516 dari
726 2482 765 2525 ?’,
803 2493 876 2517 non
906 2481 976 2517 nisi
1006 2486 1199 2526 praetento

117 2526 257 2560 biennio
281 2530 378 2561 recte
401 2530 537 2571 petam:
576 2536 659 2561 nam
682 2527 749 2562 etsi
778 2527 944 2571 ambigua
972 2528 1082 2562 verba
1105 2531 1199 2571 sunt,

118 2571 168 2606 sic
199 2576 317 2606 tamen
346 2572 605 2614 exaudiuntur,
638 2572 669 2606 si
697 2572 952 2607 inmutabiliter
982 2582 1103 2607 verum
1132 2573 1201 2607 fuit

117 2621 153 2651 te
176 2616 227 2651 Ca
253 2616 391 2651 itolium
415 2628 486 2652 non
510 2616 724 2651 ascendisse.

167 2660 215 2698 10
278 2661 530 2697 Monesrmvs
563 2662 652 2696 libro
685 2664 810 2697 octavo
847 2661 1057 2707 regularum
1106 2661 1197 2697 Con-

118 2706 209 2741 dicio
241 2706 278 2740 in
310 2707 559 2751 praeteritum,
597 2717 669 2741 non
699 2710 838 2741 tantum
867 2716 1036 2750 praesens
1059 2710 1199 2759 tempus

117 2751 236 2829 relatai
251 2751 382 2829 i{tatim
414 2755 478 2785 aut
507 2751 658 2796 peremit
690 2751 937 2796 obligationem
970 2755 1033 2786 aut
1058 2763 1200 2787 ommno

119 2807 189 2830 non
239 2796 248 2829 i
277 2800 342 2831 ert.

169 2839 243 2877 101
273 2841 380 2875 Imm
399 2841 489 2876 libro
515 2845 644 2892 quarto
669 2841 714 2875 de
732 2842 1081 2887 praescrzptiom'bus
1128 2843 1199 2877 Pu-

119 2886 220 2965 bgiies
255 2886 331 2938 sine
370 2886 595 2921 curatoribus
638 2886 712 2921 suis
758 2891 910 2931 possunt
946 2897 990 2922 ex
1028 2887 1200 2932 stipulatu

121 2942 140 2965 o
181 2942 190 2964 1
216 2941 279 2965 ari.

169 2941 246 3012 102
278 2975 384 3010 IDEM
410 2975 501 3010 libro
534 2976 658 3020 quinto
687 2987 942 3022 responsorum
988 2976 1199 3012 Venditores

120 3022 269 3066 emptori
302 3024 469 3055 caverant
498 3030 562 3064 pro
598 3021 787 3065 evictione,
828 3022 952 3066 quanti
982 3021 1059 3056 eius
1090 3022 1199 3057 inter—

121 3070 231 3101 esset:
266 3066 328 3101 sed
360 3069 395 3099 et
426 3065 627 3109 specialiter
650 3065 873 3110 adgnituros,
906 3067 937 3101 si
960 3067 997 3101 in
1019 3067 1081 3102 lite
1103 3071 1200 3102 mota

121 3115 281 3155 sumptus
324 3111 482 3153 fecisset,
530 3111 681 3154 emptori
727 3112 912 3156 stipulanti
977 3112 1197 3147 romiserant.

120 3159 202 3199 post
225 3159 373 3191 mortem
397 3154 566 3200 emptoris
590 3166 682 3190 unus
707 3166 752 3190 ex
774 3156 948 3192 venditori
974 3167 1016 3191 us
1040 3157 1086 3192 ad
1107 3157 1199 3192 iudi-

122 3200 214 3234 cium
238 3201 391 3244 vocavit,
423 3200 575 3245 pretium
608 3200 675 3235 sibi
707 3201 850 3236 deberi⁴
881 3201 1019 3245 dicens,
1051 3202 1199 3238 heredes

122 3246 213 3279 eius:
246 3246 307 3290 qui
329 3249 490 3290 sumptus
513 3245 550 3280 in
575 3244 780 3281 defensione
804 3256 934 3281 causae
956 3246 1088 3289 factos,
1120 3258 1200 3282 cum

121 3290 312 3334 probarent
370 3291 498 3326 retium
536 3290 690 3325 solutum
729 3290 855 3333 fuisse,
892 3302 935 3326 ex
973 3292 1201 3344 stipulatione

120 3335 300 3379 petebant.
387 3335 566 3370 odestinus
591 3336 790 3380 respondit,
823 3337 852 3370 si
876 3336 914 3370 in
936 3347 996 3372 eas
1021 3347 1199 3382 impensas

121 3379 320 3415 venditores
343 3380 590 3424 promiserunt,
617 3391 707 3424 quae
725 3381 771 3415 ob
794 3381 890 3416 litem
914 3381 958 3416 de
981 3382 1200 3427 proprietate

121 3425 340 3459 institutam-‘³
370 3424 489 3459 factae
519 3430 654 3467 essent,
686 3425 827 3460 minime
851 3435 895 3460 ex
925 3427 1097 3471 stipulatu
1126 3428 1200 3471 peti

121 3480 237 3513 posse,
263 3469 357 3514 quod
380 3471 584 3514 erogatum⁶
617 3474 687 3512 est,
721 3470 804 3504 dum
828 3470 918 3505 alter
941 3482 986 3506 ex
1008 3472 1198 3507 venditori-

122 3516 189 3549 bus
212 3515 374 3558 pretium,
400 3515 493 3559 quod
516 3515 586 3549 iam
610 3515 727 3550 fuerat
751 3515 959 3558 exsolutum,
983 3517 1084 3561 petit.

170 3558 247 3597 103
273 3559 376 3594 IDEM
397 3559 486 3594 libro
511 3562 635 3605 quinto
652 3560 917 3607 pandectarum
963 3561 1072 3596 Liber
1094 3562 1198 3597 homo

120 3604 158 3638 in
182 3605 388 3649 stipulatum
412 3604 539 3639 deduci
562 3616 633 3639 non
656 3608 784 3649 potest,
810 3605 893 3648 quia
910 3615 975 3639 nec
999 3606 1075 3640 dari
1093 3617 1198 3651 opor-

121 3719 161 3758 (1)
186 3717 215 3748 si
234 3718 292 3750 ins.

123 3765 164 3802 (4)
190 3762 306 3794 debere
325 3774 386 3794 ser.

395 3719 437 3757 (2)
461 3728 513 3750 me
534 3718 594 3750 ins.
615 3730 679 3750 van
698 3719 737 3750 de
755 3718 864 3751 Water

524 3762 566 3802 (5)
591 3762 746 3794 instituta
768 3763 799 3794 F

963 3724 970 3753 l
976 3721 1004 3758 3)
1030 3722 1155 3760 quanto
1171 3720 1204 3750 F

1176 144 1261 191 729

930 3765 974 3805 (6)
998 3767 1148 3806 rogatum
1173 3765 1206 3795 F

2079 148 2287 191 XXXXV
2320 157 2335 190 1

1264 272 1339 304 tere
1362 267 1496 303 intendi
1513 277 1579 302 nec
1600 268 1798 303 aestimatio
1820 270 1895 304 eius
1919 272 2094 314 praestari
2117 274 2246 316 potest,
2271 282 2343 306 non

1264 314 1377 358 magis
1408 323 1514 358 quam
1545 312 1576 347 si
1631 312 1683 347 uis
1716 313 1793 348 dari
1816 314 2006 359 stipulatus
2030 316 2137 351 fuerit
2166 320 2342 351 mortuum

1264 359 1440 394 hominem
1464 361 1528 393 aut
1549 357 1614 392 fun
1640 368 1699 391 um
1723 358 1887 394 hostium.

1314 402 1392 442 104
1417 403 1641 438 Iavozfflvvs
1671 403 1761 437 libro
1791 404 1977 439 undecimo
2009 417 2057 440 ex
2090 406 2207 441 Cassio
2256 406 2343 441 Cum

1266 459 1388 483 servus
1413 448 1601 493 pecuniam
1626 458 1691 492 pro
1715 447 1880 483 libertate
1911 453 2037 493 pactus
2060 455 2115 485 est
2138 455 2173 485 et
2197 452 2241 486 ob
2266 462 2343 486 eam

1264 505 1339 528 rem
1361 504 1461 529 reum
1485 493 1598 528 dedit:
1625 493 1782 536 quamvis
1807 503 1925 529 servus
1951 495 1995 530 ab
2014 496 2082 530 alio
2107 496 2343 531 manumissus

1265 541 1334 580 est,
1366 549 1448 574 reus
1471 541 1591 573 tamen
1614 541 1710 572 recte
1735 537 1962 582 obligabitur,
1996 540 2078 584 quia
2109 551 2180 575 non
2205 541 2342 586 quaeri-

1264 588 1334 626 tur,
1360 594 1381 618 a
1405 594 1474 629 quo
1498 583 1777 626 manumittatur,
1802 583 1864 618 sed
1889 587 1929 618 ut
1951 586 2228 621 manumittatur.

1313 627 1391 666 105
1424 629 1530 663 IDEM
1557 629 1648 663 libro
1677 628 1834 663 seeundo
1867 630 2098 674 epistularum
2147 631 2198 665 Sti
2226 631 2343 666 ulatus

1265 685 1343 708 sum
1367 674 1518 708 Damam
1550 677 1613 708 aut
1634 673 1781 708 Erotem
1807 684 1944 707 servum
1969 675 2060 709 dari:
2093 686 2172 710 cum
2195 643 2344 710 Bamam

1266 719 1385 761 dares,
1411 730 1474 763 ego
1500 729 1570 763 quo
1595 718 1711 753 minus
1735 719 1949 763 acciperem,
1974 720 2008 753 in
2033 731 2131 755 mora
2152 720 2220 755 fui:
2251 732 2344 755 mor-

1264 769 1347 799 tuus
1373 767 1428 800 est
1451 764 1586 799 Dama:
1623 775 1669 798 an
1693 768 1797 809 putes
1829 774 1884 798 me
1909 774 1953 798 ex
1977 765 2146 809 stipulatu
2171 766 2344 801 actionem

1264 810 1420 844 habere?
1466 809 1667 854 respondit:
1702 809 1897 843 secundum
1928 809 2096 844 Massurii
2121 811 2240 845 Sabini
2270 812 2344 855 opi-

1265 855 1406 890 nionem
1429 858 1518 899 puto
1538 858 1574 889 te
1593 865 1637 889 ex
1659 855 1832 899 stipulatu
1852 864 1955 898 agere
1976 866 2047 889 non
2066 866 2185 899 posse:
2211 867 2291 890 nam
2315 856 2345 891 is

1264 904 1362 935 recte
1386 899 1630 941 existimabat,
1663 900 1693 935 si
1716 909 1782 944 per
1806 899 2001 934 debitorem
2024 911 2122 935 mora
2146 911 2217 935 non
2242 905 2345 942 esset,

1265 956 1334 990 quo
1360 945 1476 980 minus
1505 944 1542 979 id
1573 944 1668 989 quod
1697 944 1851 979 debebat
1874 944 2040 987 solveret,
2074 945 2240 980 continuo
2266 956 2343 980 eum

1265 991 1383 1025 debito
1407 990 1564 1025 liberari.

1315 1033 1393 1073 106
1418 1035 1526 1070 IDEM
1552 1036 1642 1070 libro
1667 1038 1772 1070 sexto
1796 1034 2033 1080 epistularum
2080 1034 2146 1077 Qui
2170 1046 2213 1070 ex
2237 1036 2347 1080 pluri-

1266 1081 1332 1116 bus
1364 1080 1503 1123 fundis,
1544 1080 1673 1125 quibus
1702 1079 1795 1114 idem
1827 1090 1954 1114 nomen
1986 1079 2189 1124 impositum
2220 1080 2346 1123 fuerat,

1265 1137 1373 1161 unum
1397 1125 1549 1161 fundum
1578 1125 1654 1160 sine
1685 1125 1759 1159 ulla
1788 1128 1873 1160 nota
1902 1125 2210 1160 demonstrationis
2236 1126 2347 1170 stipu-

1264 1172 1368 1213 letur,
1392 1172 1566 1206 incertum
1591 1170 1798 1223 stipulatur,
1823 1170 1859 1205 id
1885 1174 1938 1205 est
1962 1180 2041 1205 eum
2065 1170 2213 1204 fundum
2237 1171 2347 1214 stipu-

1265 1217 1378 1259 latur,
1411 1227 1514 1261 quem
1538 1226 1734 1261 promissor
1757 1215 1843 1250 dare
1866 1215 2025 1250 voluerit.
2073 1215 2207 1249 tamdiu
2231 1222 2349 1250 autem

1264 1262 1428 1297 voluntas
1468 1262 1694 1306 promissoris
1729 1261 1768 1295 in
1804 1261 1973 1305 pendenti
2004 1264 2076 1302 est,
2117 1260 2283 1304 quamdiu
2314 1260 2348 1294 id

1268 1307 1363 1351 quod
1412 1307 1600 1342 romissum
1623 1310 1678 1342 est
1701 1306 1871 1341 solvatur.

1314 1319 1521 1390 ῙΟἹΡΙΒΕΜ
1541 1352 1629 1388 libro
1649 1355 1773 1387 octavo
1794 1351 2027 1397 epistularum
2064 1350 2190 1386 Utrum
2210 1354 2348 1395 turpem

1265 1398 1372 1432 talem
1408 1397 1674 1443 stipulationem
1708 1400 1812 1441 putes
1850 1407 1897 1430 an
1931 1407 2019 1438 non,
2058 1406 2200 1440 quaero.
2248 1399 2349 1440 pater

1266 1442 1441 1478 naturalis
1466 1442 1589 1484 filium,
1614 1453 1717 1487 quem
1735 1441 1850 1476 Titius
1875 1441 2031 1476 habebat
2053 1441 2090 1475 in
2113 1441 2348 1486 adoptionem,

1265 1488 1430 1524 heredem
1453 1487 1623 1529 instituit,
1649 1487 1679 1522 si
1702 1487 1821 1531 patria
1842 1490 2021 1531 potestate
2044 1486 2214 1521 liberatus
2239 1490 2348 1521 esset:

1265 1537 1368 1578 pater
1399 1544 1480 1568 eum
1516 1533 1704 1578 adoptivus
1734 1543 1806 1567 non
1836 1532 1924 1566 alias
1950 1531 2195 1576 emancipare⁷
2228 1532 2348 1575 voluit,

1267 1589 1372 1623 quam
1398 1579 1427 1614 si
1451 1579 1484 1614 ei
1508 1578 1674 1620 dedisset,
1700 1588 1722 1612 a
1746 1588 1816 1622 quo
1840 1577 2074 1622 stipularetur
2098 1581 2229 1612 certam
2254 1588 2349 1612 sum-

1265 1635 1374 1666 mam,
1413 1624 1443 1659 si
1475 1634 1555 1658 eum
1594 1623 1876 1658 manumisisset:
1913 1627 1995 1667 post
2034 1622 2350 1667 emancipationem

1266 1669 1353 1703 adiit
1376 1670 1479 1704 heres
1504 1669 1617 1717 filius:
1650 1669 1740 1713 petit
1763 1678 1859 1702 nunc
1881 1668 2070 1712 pecuniam
2095 1671 2196 1712 pater
2220 1677 2263 1702 ex
2287 1667 2348 1702 sti-

1264 1714 1448 1759 pulatione
1473 1724 1583 1759 supra
1606 1714 1730 1748 relata.
1778 1713 1980 1758 respondit:
2006 1724 2077 1747 non
2099 1717 2186 1757 puto
2210 1716 2351 1758 turpem

1266 1769 1344 1794 esse
1376 1770 1522 1794 causam
1551 1758 1809 1804 stipulationis,
1850 1762 1973 1803 utpote
2004 1769 2083 1792 cum
2116 1759 2218 1793 aliter
2240 1757 2349 1793 filium

1266 1804 1554 1849 emancipaturus
1578 1815 1651 1839 non
1681 1804 1805 1839 fuerit:
1839 1814 1905 1838 nec
1936 1807 2054 1848 potest
2087 1803 2196 1838 videri
2219 1803 2351 1838 iniusta

1268 1860 1378 1885 causa
1402 1849 1652 1894 stipulationis,
1678 1850 1708 1884 si
1733 1849 1866 1894 aliquid
1888 1849 2075 1893 adoptivus
2096 1852 2199 1893 pater
2218 1849 2350 1883 habere

1265 1894 1434 1938 voluerit,
1469 1898 1616 1940 propter
1648 1894 1742 1939 quod
1775 1905 1797 1928 a
1826 1893 1899 1929 filio
1928 1898 2011 1939 post
2034 1893 2349 1938 emancipationem

1267 1940 1377 1984 magis
1406 1945 1604 1975 curaretur.

1316 1982 1394 2022 108
1418 1984 1526 2020 IDEM
1553 1985 1643 2020 libro
1667 1984 1802 2019 decimo
1833 1984 2067 2029 epistularum
2116 1984 2149 2017 A
2173 1983 2268 2018 Titio
2299 1984 2350 2017 ita

1267 2030 1459 2075 stipulatus
1490 2041 1587 2065 sum:
1621 2029 1663 2065 ‘si
1686 2039 1756 2074 qua
1779 2028 1865 2063 mihi
1894 2028 2072 2073 nupserit,
2107 2029 2227 2063 decem
2259 2029 2350 2063 dotis

1269 2076 1355 2110 ‘eius
1387 2075 1529 2110 nomine
1560 2075 1646 2110 dare
1678 2074 1832 2119 spondes
1842 2075 1869 2109 ‘3‘
1906 2074 2163 2118 quaerebatur,
2196 2084 2242 2108 an
2266 2083 2349 2108 con—

1268 2121 1373 2156 sistat
1394 2120 1478 2155 talis
1511 2119 1706 2165 stipulatio.
1755 2119 1957 2164 respondit:
1991 2119 2022 2154 si
2052 2118 2237 2163 stipulanti
2266 2118 2350 2152 mihi

1268 2165 1333 2201 dos
1356 2166 1408 2200 ita
1431 2165 1609 2210 promissa
1634 2168 1705 2200 est:
1740 2166 2011 2209 ‘quamcumque
2034 2174 2180 2199 uxorem
2206 2163 2349 2206 duxero,

1269 2211 1372 2246 ‘dotis
1405 2212 1481 2246 eius
1512 2211 1654 2246 nomine
1686 2209 1807 2244 decem
1841 2209 1927 2244 dare
1959 2209 2162 2254 spondes?',
2198 2209 2283 2243 nihil
2315 2210 2350 2242 in

1269 2267 1380 2291 causa
1403 2260 1473 2300 est,
1508 2266 1618 2301 quare
1643 2265 1685 2291 ea
1708 2254 1862 2299 pecunia
1886 2254 2092 2290 condicione
2117 2254 2256 2298 expleta
2280 2265 2349 2288 non

1269 2301 1459 2336 debeatur:
1493 2311 1575 2335 nam
1601 2311 1680 2336 cum
1705 2300 1866 2335 condicio
1892 2300 1998 2335 etiam
2023 2310 2066 2334 ex
2090 2299 2246 2333 incertae
2269 2309 2348 2344 per-

1268 2357 1377 2382 sonae
1399 2346 1498 2381 facto
1517 2356 1641 2391 parere
1663 2345 1912 2390 obligationem
1931 2345 2053 2389 possit,
2079 2345 2187 2379 veluti
2212 2345 2251 2378 ‘si
2272 2345 2348 2388 quis

1269 2392 1316 2426 ‘in
1342 2392 1554 2437 Capitolium
1579 2391 1799 2432 ascenderit,
1832 2390 1953 2425 decem
1978 2390 2062 2424 dare
2087 2389 2275 2434 spondes?
2309 2389 2349 2422 ‘si

1269 2437 1359 2482 ‘quis
1391 2447 1413 2472 a
1443 2447 1499 2472 me
1523 2437 1645 2471 decem
1668 2436 1828 2481 petierit,
1861 2439 1916 2470 tot
1948 2435 2032 2470 dare
2065 2434 2253 2479 spondes?'
2287 2445 2349 2468 cur

1267 2493 1340 2518 non
1370 2482 1463 2517 idem
1495 2486 1531 2517 et
1561 2482 1599 2516 in
1631 2482 1713 2516 dote
1743 2480 1920 2526 promissa
1951 2480 2223 2524 respondeatur,
2257 2479 2347 2513 ratio

1273 2531 1287 2562 1
1338 2527 1439 2562 reddi
1470 2538 1543 2562 non
1570 2530 1700 2572 potest.
1756 2525 1866 2561 Nulla
1895 2525 2082 2570 promissio
2115 2528 2234 2569 potest
2266 2535 2347 2558 con-

1270 2572 1411 2616 sistere,
1437 2583 1528 2617 quae
1553 2582 1597 2607 ex
1621 2572 1802 2606 voluntate
1825 2571 2060 2615 promittentis
2085 2573 2215 2605 statum
2242 2570 2347 2613 capit.

1318 2615 1396 2655 109
1422 2618 1650 2652 POMPONIUS
1678 2617 1768 2652 libro
1794 2617 1898 2650 tertio
1926 2616 1975 2650 ad
1997 2615 2165 2657 Quintum
2190 2614 2346 2648 Mucium

1270 2663 1306 2697 Si
1323 2663 1374 2697 ita
1394 2663 1583 2707 stipulatus
1604 2662 1725 2697 fuero:
1752 2661 1884 2696 ‘decem
1902 2664 1964 2695 aut
1983 2659 2179 2704 quindecim
2199 2658 2298 2693 dabis
2310 2659 2347 2696 2²⁷,

1270 2708 1391 2743 decem
1416 2708 1598 2743 debentur.
1634 2707 1719 2742 item
1743 2706 1773 2741 si
1795 2706 1864 2740 ita:
1891 2709 1985 2751 ‘post
2007 2715 2138 2739 annum
2163 2708 2224 2738 aut
2247 2704 2347 2738 bien-

1270 2753 1379 2787 ‘nium
1404 2753 1553 2795 dabis?',
1578 2756 1660 2797 post
1682 2751 1863 2787 biennium
1886 2751 2061 2785 debentur
2072 2751 2094 2791 Β,
2121 2750 2202 2794 quia
2225 2749 2261 2783 in
2286 2749 2347 2782 sti-

1268 2798 1511 2843 pulationibus
1534 2798 1572 2832 id
1594 2800 1772 2838 servatur,
1798 2800 1838 2831 ut
1863 2795 1958 2840 quod
1981 2796 2095 2829 minus
2120 2798 2213 2829 esset
2237 2793 2346 2838 quod-

1269 2854 1338 2888 que
1355 2843 1506 2888 longius,
1532 2853 1611 2878 esse
1629 2842 1806 2877 videretur
1824 2841 1861 2875 in
1881 2841 2127 2884 obligationem
2147 2839 2345 2885 deductum.

1319 2886 1396 2926 110
1422 2888 1529 2923 IDEM
1557 2888 1647 2923 libro
1680 2891 1809 2932 quarto
1842 2886 1891 2920 ad
1913 2885 2080 2928 Quintum
2106 2884 2264 2919 Mucium
2311 2883 2347 2916 s'i

1269 2933 1355 2967 mihi
1379 2937 1414 2968 et
1437 2932 1549 2975 Titio,
1580 2933 1617 2967 in
1650 2933 1751 2967 cuius
1781 2934 1959 2976 potestate
1990 2941 2061 2964 non
2085 2930 2165 2970 sim,
2199 2927 2347 2971 stipuler

1269 2978 1406 3019 decem,
1438 2989 1510 3012 non
1539 2981 1616 3013 tota
1645 2977 1782 3019 decem,
1815 2976 1877 3011 sed
1901 2975 1977 3010 sola
2001 2974 2155 3018 quinque
2179 2973 2262 3006 mihi
2287 2972 2344 3005 de-

1268 3023 1416 3058 bentur:
1446 3033 1532 3067 pars
1557 3022 1648 3057 enim
1673 3022 1790 3056 aliena
1814 3020 2016 3062 deducitur,
2048 3024 2087 3052 ut
2110 3017 2203 3062 quod
2229 3021 2343 3050 extra-

1268 3078 1335 3103 neo
1359 3068 1532 3102 inutiliter
1556 3067 1748 3112 stipulatus
1773 3077 1862 3108 sum,
1886 3076 1959 3100 non
1983 3067 2110 3107 augeat
2131 3073 2241 3096 meam
2263 3071 2343 3104 par-

1271 3117 1285 3147 1
1335 3117 1418 3147 tem.
1472 3112 1509 3148 Si
1541 3112 1732 3157 stipulatus
1764 3111 1864 3146 fuero
1898 3111 1940 3144 de
1971 3114 2023 3143 te:
2063 3112 2203 3142 ‘vestem
2236 3111 2343 3156 tuam,

1269 3161 1524 3202 ‘quaecumque
1555 3157 1735 3191 muliebris
1767 3160 1839 3198 est,
1879 3155 1964 3189 dare
1995 3152 2146 3197 spondes
2157 3152 2343 3202 ‘fumagis

1269 3203 1315 3237 ad
1338 3207 1491 3237 mentem
1515 3202 1719 3247 stipulantis
1744 3212 1849 3245 quam
1876 3200 1919 3234 ad
1939 3204 2095 3250 mentem·
2109 3199 2342 3247 promittentis

1267 3247 1304 3282 id
1326 3246 1452 3282 referri
1475 3246 1581 3282 debet
1591 3247 1615 3288 ⁹,
1640 3250 1682 3280 ut
1706 3246 1790 3291 quid
1812 3246 1847 3279 in
1871 3255 1909 3279 re
1930 3247 1984 3284 sxt,
2010 3245 2185 3276 aestimari
2206 3239 2342 3279 debeat,

1268 3303 1340 3327 non
1364 3292 1448 3343 quid
1471 3292 1622 3326 senserit
1643 3292 1848 3343 promissor.
1885 3290 2003 3331 itaque
2027 3286 2057 3337 si
2081 3285 2203 3336 solitus
2228 3284 2344 3335 fuerat

1267 3347 1460 3416 gromlssog
1489 3336 1652 3371 muliebri
1684 3336 1835 3380 quadam
1866 3337 1961 3368 veste
1990 3335 2057 3372 uti,
2087 3329 2196 3364 mh110
2228 3339 2343 3362 minus

1293 3382 1528 3463 epeltprhiffls
1554 3426 1644 3461 libro
1676 3426 1799 3471 quinto
1830 3422 1878 3457 (td
1906 3421 2073 3462 Om'ntum
2097 3418 2252 3452 Mucium
2297 3417 2343 3468 ‘Si

1269 3471 1460 3516 stipulatus
1491 3471 1591 3505 fuero
1625 3474 1700 3515 ‘per
1729 3475 1763 3503 te
1794 3479 1864 3502 non
1895 3466 1987 3516 fieri,
2021 3474 2089 3507 quo
2120 3462 2242 3513 minus·
2260 3462 2344 3495 mlhi

1269 3517 1340 3551 ‘illa
1365 3516 1468 3551 dom-0
1493 3516 1546 3550 uti
1570 3516 1698 3555 liceat',
1724 3526 1769 3548 an
1793 3513 1907 3551 etiam,
1934 3520 1963 3543 s1
1981 3518 2035 3542 me
2053 3518 2123 3542 non
2141 3506 2342 3551 prohibeas,

1268 3571 1415 3596 uxorem
1431 3565 1549 3596 autem
1566 3571 1678 3594 meam
1695 3558 1910 3603 prohiberes,
1930 3553 1983 3587 vel
2000 3555 2124 3587 contra
2140 3561 2250 3585 uxore
2266 3561 2344 3584 moa

1269 3606 1438 3651 stipulata
1468 3617 1524 3641 me
1554 3605 1760 3650 prohibeas,
1791 3612 1836 3635 an
1869 3599 2106 3634 committatur
2137 3596 2343 3640 stipulatio?

1270 3720 1314 3760 (7)
1339 3719 1585 3760 emancipariF
1692 3718 1736 3755 (s)
1762 3713 1920 3745 debentur
1938 3713 1996 3743 del.
2113 3712 2156 3750 (9)
2184 3709 2298 3740 debeat
2320 3709 2349 3739 F

1270 3766 1328 3803 (10)
1356 3763 1528 3795 debebitur
1545 3763 1594 3794 1³²
