2528 3918
145 117 409 160 XXVIIII4

146 243 164 275 7
214 240 282 285 Qui
316 245 400 275 sunt
432 239 470 273 in
503 243 681 283 potestate
715 240 836 276 statim
876 238 1024 275 heredes
1062 242 1148 276 sunt
1186 248 1232 276 88

145 288 370 324 testamento,
395 293 462 334 nec
486 283 583 328 quod
605 293 645 320 se
659 284 839 321 abstinere
853 289 1014 330 possunt,
1040 284 1231 330 quicquain

146 329 243 365 facit.
290 328 385 374 quod
419 338 449 363 si
483 331 612 373 postea
643 329 862 366 miscuerunt
875 331 898 371 ¹,
936 338 982 364 ex
1015 333 1230 365 testamento

145 374 307 410 videntur
348 372 515 408 heredes:
559 373 628 409 11181
665 374 697 410 81
735 374 973 411 abstinuerint
1011 373 1154 419 quidem
1192 383 1232 409 se

146 422 376 460 testamento,
416 427 537 453 verum
571 418 618 454 ab
651 418 821 455 intestato
855 419 1023 465 petierint
1055 418 1232 455 bonorum

146 467 166 499 8
212 463 494 509 possessionem:
518 462 578 499 hic
598 463 691 500 enim
708 464 867 500 incident
884 464 923 499 in
942 463 1129 499 edictum¹.
1163 462 1232 508 Qui

146 509 214 545 sub
247 507 459 544 condicione
488 507 673 544 institutus
703 509 806 545 heres
840 508 958 554 potuit
986 517 1115 554 parere
1146 518 1231 544 con-

146 553 276 590 dicioni
310 562 377 588 nec
433 552 545 595 aruit,
586 563 667 589 cum
700 554 862 590 condicio
893 553 975 589 talis
1014 553 1080 595 sit,
1118 557 1161 588 ut
1193 552 1232 588 in

146 598 294 634 arbitrio
331 598 379 633 sit
440 598 554 633 eredis
594 598 766 641 instituti,
810 598 938 634 deinde
977 598 1023 633 ab
1061 597 1232 634 intestato

145 642 328 689 possideat
361 642 610 686 hereditatem,
651 643 794 679 debebit
828 643 943 679 edicto
978 642 1109 686 teneri,
1173 642 1233 678 uia

146 692 166 724 9
213 687 387 724 eiusmodi
417 688 605 724 condicio³
634 699 699 734 pro
723 699 816 734 pura
839 688 945 724 debet
966 688 1102 724 haberi.
1185 698 1233 723 on

146 733 368 779 quaerimus,
408 732 469 778 qui
506 734 757 778 praetermissa
795 743 906 769 causa
943 732 1147 768 testamenti
1186 732 1232 768 ab

145 779 316 814 intestato
346 777 580 814 hereditatem
610 778 834 823 possideant,
874 783 993 814 utrum
1030 777 1110 813 iure
1147 778 1232 822 legi-

145 824 231 859 timo
267 822 475 869 possideant
508 833 555 858 an
589 834 679 859 non:
719 834 803 858 nam
833 833 976 869 quoquo
1008 823 1086 859 iure
1117 822 1232 868 possi·

148 869 258 904 deant
295 867 527 903 hereditatem
566 868 621 903 vel
658 874 798 913 partem
836 868 931 910 eius,
972 867 1152 904 conveniri
1190 877 1233 902 ex

146 913 264 950 edicto
287 917 472 958 poterunt,
505 913 628 958 utique
658 913 689 948 si
719 923 792 948 non
823 923 867 949 ex
890 912 962 949 alia
985 923 1096 949 causa
1118 912 1233 957 possi-

147 959 274 994 deant:
307 962 347 993 ut
377 961 466 1003 puta
498 958 529 993 si
560 958 639 1003 quis
670 958 788 994 omisit
818 958 960 1003 quidem
989 957 1234 999 hereditatem,

146 1003 211 1040 sed
242 1013 287 1039 ex
317 1012 429 1039 causa
458 1002 721 1039 fideicommissi
750 1003 912 1048 possidet
938 1003 1066 1039 missus
1090 1003 1128 1037 in
1150 1012 1234 1048 pos-

147 1048 341 1084 sessionem
364 1047 715 1084 fideicommissorum
738 1048 993 1084 servandorum
1019 1057 1148 1084 causa:
1180 1046 1236 1082 vel

146 1093 178 1130 si
207 1103 391 1139 proponas
426 1102 505 1128 eum
537 1093 663 1129 crediti
693 1093 857 1129 servandi
887 1103 999 1129 causa
1028 1093 1168 1128 venisse
1197 1092 1235 1126 in

146 1138 426 1185 possessionem:
470 1147 553 1172 nam
595 1148 662 1173 nec
706 1148 750 1174 ex
790 1138 860 1173 hac
903 1148 1014 1173 causa
1054 1137 1235 1182 legatariis

146 1182 366 1236 respondere
404 1193 446 1218 co
473 1187 563 1218 etur.
620 1182 749 1218 totiens
791 1183 897 1227 igitur
935 1182 1092 1218 edictum
1130 1191 1235 1227 prae-

146 1233 236 1265 toris
259 1229 379 1264 locum
402 1228 449 1262 ha
476 1228 565 1270 ebit‚
598 1228 762 1272 quotiens
793 1233 857 1262 aut
888 1227 992 1273 quasi
1021 1228 1126 1263 heres
1149 1226 1235 1272 legi-

146 1274 255 1309 timus
312 1272 446 1308 ossidet
477 1278 540 1307 aut
570 1272 655 1317 quia
685 1273 862 1308 bonorum
888 1273 1151 1318 possessionem
1175 1282 1235 1307 ac-

146 1284 309 1400 {ipigdiaffi
308 1318 509 1398 ῒ’4118881ιί8ἷὶιέ
510 1317 641 1398 1:isutssli³
645 1317 752 1398 ’foarfie
774 1317 1029 1398 quasinffiaedo
1053 1316 1238 1398 pgssidgsat

173 1374 212 1399 er
345 1373 380 1397 m
605 1373 618 1397 1
642 1373 655 1397 1
761 1373 842 1398 uem
958 1373 1018 1398 um
1049 1373 1072 1398 a
1125 1373 1164 1398 in
1220 1381 1236 1389 -

147 1413 224 1444 tato
267 1372 521 1453 possessionis:
572 1373 797 1453 quocumqlue
844 1408 937 1444 8111111
983 1407 1088 1444 modo
1134 1407 1236 1443 here-

148 1453 295 1489 ditatem
334 1451 592 1488 lucrifacturus
635 1453 715 1498 quis
755 1453 821 1496 sit,
864 1453 984 1498 legata
1025 1452 1236 1499 praestabit,

147 1508 234 1535 sane
257 1497 513 1533 interveniente
536 1497 703 1533 cautione
733 1498 861 1534 ‘evicta
890 1497 1089 1533 hereditate
1119 1497 1239 1543 legata

152 1547 193 1579 10
241 1542 376 1578 ‘reddin
423 1542 474 1577 Et
504 1542 535 1577 si
566 1553 638 1578 non
668 1542 851 1588 possideat
882 1543 962 1588 quis
990 1542 1237 1583 hereditatem,

147 1588 230 1625 dolo
262 1592 383 1623 autem
413 1586 508 1623 malo
540 1586 667 1623 fecerit
690 1598 759 1632 quo
784 1588 900 1623 minus
922 1587 1126 1633 possideat,
1158 1596 1237 1622 eve·

146 1634 238 1676 niet,
269 1637 312 1668 ut
369 1632 490 1667 erinde
511 1636 678 1667 teneatur
701 1636 810 1678 atque
833 1632 864 1668 si
885 1631 1119 1668 hereditatem
1142 1631 1238 1667 adis-

151 1683 190 1715 11
239 1683 305 1714 88ι.
376 1677 434 1713 010
458 1680 578 1712 88ι8111
601 1677 694 1712 malo
718 1677 846 1713 fecisse
868 1676 1008 1713 videtur
1031 1687 1102 1729 quo
1120 1677 1238 1712 minus

175 1722 352 1765 ossideat,
385 1722 446 1767 qui
477 1721 525 1757 ad
551 1721 659 1757 alium
682 1722 866 1758 transtulit
887 1731 1152 1768 possessionem
1173 1731 1239 1768 per

181 1768 329 1810 audem,
371 1772 413 1803 ut
446 1767 610 1812 legatarii
641 1767 820 1813 ceterique
852 1767 913 1813 qui
944 1767 1030 1820 quid
1059 1767 1097 1802 in
1127 1771 1238 1803 testa-

148 1818 268 1850 mento
293 1816 508 1856 acceperunt
532 1816 679 1847 careant
708 1813 764 1848 his
788 1823 881 1858 quae
902 1812 972 1848 sibi
993 1812 1121 1848 relicta
1144 1815 1237 1848 sunt.

151 1862 192 1895 12
240 1858 334 1894 Sane
368 1857 586 1903 quaestionis
621 1857 708 1900 fuit,
747 1862 869 1893 utrum
906 1858 938 1893 is
977 1857 1117 1893 demum
1156 1856 1238 1893 dolo

149 1904 243 1940 malo
274 1903 395 1939 facere
424 1902 588 1938 videatur
614 1913 685 1948 quo
709 1903 826 1939 minus
849 1902 1051 1949 possideat,
1084 1902 1145 1948 qui
1174 1911 1240 1947 per

149 1949 272 1985 dolum
303 1958 382 1983 eam
413 1947 675 1992 possessionem
699 1947 873 1991 dimittat,
905 1958 1013 1994 quam
1045 1946 1237 1993 aliquando

149 1994 287 2036 habuit,
313 2003 360 2028 an
383 2003 467 2028 vero
491 1993 522 2028 is
546 2003 689 2038 quoque
697 1993 723 2036 ⁴,
748 1993 809 2039 qui
831 1993 901 2029 hoc
924 1993 1042 2038 ipsum
1064 1992 1240 2028 malitiose

149 2039 254 2081 fecit,
286 2049 332 2073 ne
363 2038 408 2073 ab
439 2038 542 2072 initio
574 2037 758 2083 possidere
787 2038 972 2083 inciperet.
1019 2037 1141 2074 Labeo
1172 2037 1240 2073 sibi

149 2084 261 2120 videri
284 2083 335 2118 ait
359 2093 432 2118 non
454 2083 571 2118 minus
596 2082 799 2128 delinquere
823 2093 923 2126 eum,
956 2083 1017 2128 qui
1046 2093 1120 2118 non
1149 2082 1238 2118 inci-

149 2130 227 2175 piat
244 2127 438 2175 possidere,
463 2138 569 2173 quam
589 2138 670 2163 eum
689 2128 751 2173 qui
770 2128 926 2164 desinat:
952 2138 1044 2180 quae
1063 2127 1240 2164 sententia

154 2177 194 2210 13
242 2173 389 2219 optinet.
437 2171 476 2207 Si
507 2172 587 2218 quis
619 2183 687 2218 per
715 2172 878 2209 fraudem
910 2173 1070 2209 omiserit
1099 2172 1239 2208 heredi-

152 2223 271 2300 tatenss'
297 2222 339 2253 ut
357 2217 405 2253 ad
422 2217 617 2262 legitimum
635 2218 830 2263 perveniat,
849 2218 1049 2264 legatorum
1068 2218 1240 2263 petitione

150 2269 234 2299 tene
259 2264 344 2299 itur.

197 2306 223 2346 '2
247 2308 354 2344 low
374 2308 466 2345 libro
489 2309 640 2361 septimo
664 2307 715 2344 ad
736 2306 911 2343 Sabinum
960 2307 1065 2342 Licet
1087 2317 1153 2352 pro
1177 2307 1239 2342 he-

151 2354 236 2390 rede
258 2363 382 2399 gerere
404 2363 477 2388 non
495 2352 669 2395 videatur,
694 2352 755 2398 qui
774 2352 890 2398 pretio
910 2355 1059 2397 accepto
1080 2355 1239 2397 praeter-

151 2399 248 2435 misit
269 2398 522 2442 hereditatem,
554 2403 675 2433 tamen
708 2397 863 2433 dandam
893 2397 932 2432 in
959 2407 1040 2433 eum
1064 2396 1241 2433 actionem

152 2444 313 2490 exemplo
346 2444 440 2485 eius,
478 2443 539 2488 qui
569 2443 702 2479 omissa
733 2452 845 2478 causa
873 2442 1078 2478 testamenti
1109 2442 1155 2477 ab
1185 2442 1240 2477 in-

152 2493 285 2525 testato
324 2488 484 2534 possidet
516 2487 770 2530 hereditatem,
811 2487 912 2523 divus
945 2487 1150 2523 Hadrianus
1184 2497 1241 2522 re-

153 2534 319 2614 ἴεῖςῖἴ
344 2533 697 2614 ,emm
710 2536 757 2614 ςς
775 2531 1118 2623 εεεεεεῖἴε

153 2624 201 2660 ad
238 2624 405 2659 heredem
443 2623 653 2659 veniendum
691 2633 739 2658 an
777 2627 1022 2659 convertemus
1057 2621 1243 2658 ordinem?

153 2669 239 2705 mihi
262 2669 402 2705 videtur
423 2668 614 2704 humanior
644 2678 722 2704 esse
743 2668 835 2704 haec
858 2668 1054 2711 sententia,
1085 2671 1127 2702 8ι
1156 2677 1241 2713 pos-

153 2724 273 2751 sessor
295 2713 504 2749 hereditatis
528 2713 626 2758 prior
649 2713 871 2755 excutiatur,
894 2712 1048 2749 maxime
1070 2712 1102 2748 si
1123 2712 1242 2748 lucra-

153 2760 263 2794 tivam
286 2758 396 2794 habet
418 2759 691 2804 possessionem.

201 2801 225 2841 3
253 2802 482 2839 Poueomvs
510 2803 601 2839 libro
633 2804 739 2839 tertio
770 2803 820 2839 ad
841 2801 1017 2839 Sabinum
1063 2800 1102 2837 Si
1132 2811 1242 2847 pecu-

156 2849 253 2885 niam
277 2858 299 2883 a
323 2848 516 2883 substituto
541 2848 742 2894 acceperis,
774 2851 816 2883 ut
840 2847 1163 2893 praeter-mitteres,
1194 2847 1242 2882 is-

154 2903 224 2940 que
255 2893 401 2935 adierit,
433 2903 480 2928 an
515 2893 635 2929 danda
665 2894 712 2928 sit
734 2892 913 2937 legatariis
938 2893 1053 2935 actio,
1088 2891 1245 2927 dubitari

154 2942 284 2985 potest.
346 2943 381 2972 et
410 2942 519 2982 puto,
551 2938 582 2973 si
611 2939 689 2983 ipse
719 2948 860 2983 quoque
890 2936 1167 2983 praetermiserit
1198 2941 1245 2979 et,

158 2982 255 3030 quod
288 2983 364 3027 lege
394 2982 442 3017 ad
465 2993 503 3018 se
526 2983 674 3025 rediret,
704 2982 903 3029 possidebit
925 2982 1175 3024 hereditatem,
1207 2982 1244 3017 in

156 3033 350 3073 utrumque
384 3032 539 3063 vestrum
574 3027 746 3071 dandam,
784 3033 826 3063 ut
860 3028 892 3063 ei
926 3032 1064 3070 tamen,
1105 3027 1164 3062 cui
1198 3027 1243 3062 ab

156 3078 237 3110 utro
263 3074 334 3109 ue‘
355 3072 512 3118 legatum
536 3073 592 3114 sit,
617 3073 654 3108 in
678 3073 891 3108 alterutrum
913 3072 1018 3109 detur
1040 3073 1146 3108 actio.

203 3084 456 3171 4³17szqu
483 3118 574 3153 libro
605 3119 904 3171 quiaquaqesirfiq
928 3117 979 3154 ad
1000 3117 1154 3154 edictum
1207 3115 1247 3152 Si

158 3174 238 3209 quis
262 3172 450 3209 pecuniam
474 3172 546 3197 non
569 3167 726 3207 accepit,
755 3163 962 3209 simphciter
985 3166 1105 3198 autem
1128 3165 1246 3197 omisit

158 3218 305 3244 causam
327 3207 551 3249 testamenti,
581 3206 665 3242 dum
687 3208 762 3243 vult
785 3208 995 3253 praestitum
1019 3207 1052 3243 ei
1075 3207 1136 3253 qui
1159 3207 1244 3243 sub·

158 3254 306 3290 stitutus
344 3257 400 3289 est
436 3252 492 3287 vel
528 3251 681 3296 legitimo
694 3278 703 3294 ,
744 3252 916 3305 numquid
954 3252 1055 3288 locus
1090 3262 1163 3288 11011
1198 3251 1246 3287 81ι

159 3298 303 3334 edicto?
362 3298 444 3334 18118
466 3296 720 3349 indignandum
744 3302 798 3333 est
822 3301 1096 3334 circumventam
1119 3296 1243 3332 volun-

157 3348 269 3379 tatem
288 3342 312 3378 d
349 3342 467 3379 uncti:
492 3345 529 3378 et
546 3341 626 3377 ideo
646 3341 677 3377 si
695 3342 829 3387 liquido
852 3342 1052 3378 constiterit
1068 3342 1106 3378 in
1121 3351 1245 3377 necem

158 3388 411 3433 legatariorum
433 3387 503 3423 hoc
524 3386 680 3428 factum,
714 3387 873 3431 quamvis
904 3398 976 3422 non
1006 3387 1160 3432 pecunia
1183 3396 1244 3422 ac·

160 3437 276 3478 cepta,
299 3432 364 3468 sed
387 3433 497 3467 nimia
519 3431 634 3477 gratia
657 3431 798 3473 collata,
823 3431 1012 3467 dicendum
1034 3432 1104 3467 erit
1125 3431 1245 3467 locum

159 3488 238 3514 esse
269 3477 348 3513 utili
377 3477 511 3513 actioni
541 3476 711 3512 adversus
738 3487 817 3511 eum
842 3477 902 3521 qui
925 3476 1085 3521 possidet
1106 3475 1244 3512 heredi-

1218 115 1302 162 408

2017 133 2058 164 Si
2085 132 2187 172 Quis
2216 133 2377 166 OmSSA

1303 244 1315 275 i
1365 243 1486 276 tatem.
1524 240 1582 292 ‘Et
1609 246 1708 278 recte
1737 241 1894 284 dicetur,
1925 241 2139 287 ubicumque
2166 242 2264 289 quis,
2294 243 2379 280 dum

1297 284 1374 320 vult
1402 288 1611 331 praestitum
1640 286 1692 330 ei,
1747 286 1784 322 ui
1814 297 1853 322 se
1882 285 2093 337 repudiante
2118 291 2289 324 venturus
2313 292 2380 331 est,

1300 330 1397 382 “non
1418 329 1681 383 repudiaturus,
1704 297 1775 367 nisi
1796 336 2006 383 praestitum
2028 331 2145 374 vellet,
2169 336 2206 368 et
2227 333 2381 369 maxime

1298 384 1330 410 si
1359 374 1406 410 ob
1435 374 1626 411 evertenda
1657 375 1789 412 iudicia
1817 376 1855 411 id
1884 375 1989 417 fecit,
2027 376 2078 411 ibi
2108 375 2295 413 dicendum
2325 381 2382 414 est

1299 418 1469 455 adversus
1490 421 1755 465 possessorem⁷
1787 425 1988 473 competere
2018 421 2212 462 actionem,
2243 422 2295 458 sic
2324 427 2379 457 ta-

1299 473 1391 515 men,
1415 468 1467 506 ut,
1490 464 1552 500 ubi
1575 464 1718 510 quidem
1740 475 1895 511 pecunia
1917 471 2069 517 accepta
2090 466 2302 511 repudiavit,
2332 467 2381 502 ibi

1299 508 1471 560 dicamus·
1498 518 1579 544 eum
1638 509 1676 545 ui
1710 510 1828 546 omisit
1861 510 2159 554 convemendum,
2197 512 2260 547 ubi
2297 522 2382 547 vero

1297 556 1432 598 gratis,
1461 564 1500 588 in
1530 553 1613 589 trau
1639 564 1695 590 em
1724 559 1844 592 tamen
1875 565 1997 591 eorum
2020 555 2147 600 quibus
2195 556 2257 592 uid
2278 557 2381 592 relic·

1299 603 1376 634 tum
1406 602 1480 640 est,
1510 608 1752 643 possessorem
1775 599 1905 635 debere
1928 599 2107 635 conveniri
2129 611 2154 635 u
2172 600 2180 607 '
2197 601 2205 608 '
2230 601 2379 638 actione.

1300 645 1319 678 2
1367 641 1589 723 quamquam
1611 642 1657 680 de
1678 643 1869 680 heredibus
1891 644 2064 680 institutis
2087 645 2249 680 videatur
2277 656 2382 692 prae-

1299 692 1357 723 tor
1401 687 1504 733 oqui,
1536 692 1695 724 attamen
1725 689 1831 725 etiam
1861 689 1908 724 ad
1939 689 2028 725 alios
2059 689 2149 726 haec
2171 700 2229 726 res
2253 690 2383 736 serpit:

1300 736 1358 775 ut,
1390 732 1422 768 si
1444 732 1492 767 sit
1512 733 1527 768 1
1591 732 1722 776 tarius,
1750 744 1774 770 a
1796 744 1866 780 quo
1890 733 2198 770 fideicommissum
2220 735 2385 771 relictum

1301 782 1378 829 est,-
1391 781 1427 813 et
1448 777 1508 813 hic
1530 777 1543 813 i
1587 777 1728 823 egisset,
1751 782 1793 814 ut
1812 778 1997 814 omittatur
2016 779 2207 822 hereditas,
2231 780 2312 816 dolo
2339 790 2387 816 ue

1301 825 1322 858 3
1368 822 1406 857 id
1432 821 1537 866 fecit,
1569 823 1749 859 conveniri
1779 823 1894 859 debet.
1942 822 1980 858 Si
2001 824 2080 869 quis
2102 824 2299 861 vendiderit
2347 835 2383 860 e·

1300 866 1498 909 reditatem,
1522 867 1647 913 utique
1668 868 1851 914 possidere
1873 868 2024 910 videtur,
2048 878 2121 904 non
2144 869 2225 906 dolo
2244 870 2385 911 fecisse,

1303 922 1373 958 quo
1396 912 1513 948 minus
1536 911 1731 958 possideat.

1348 955 1374 995 5
1401 955 1643 994 Miseram
1669 958 1760 994 libro
1791 958 2001 994 duodecimo
2034 958 2254 1005 digestorum
2309 958 2385 994 Ex·

1303 1005 1450 1038 cusatus
1472 1001 1612 1037 videtur
1632 1007 1826 1048 patronus,
1857 1003 1918 1049 qui
1947 1003 2204 1039 institutionem
2227 1006 2386 1048 praeter·

1302 1047 1408 1090 misit,
1433 1057 1512 1082 cum
1536 1047 1639 1083 aliter
1661 1051 1758 1083 esset
1779 1058 1803 1083 a
1824 1048 1952 1084 liberto
1976 1048 2131 1093 scriptus
2153 1047 2258 1084 heres
2279 1059 2386 1093 quam

1303 1103 1384 1128 eum
1406 1091 1545 1127 institui
1568 1096 1726 1144 oportet:
1759 1103 1842 1128 nam
1873 1098 1910 1128 et
1940 1092 1971 1129 si
1993 1103 2116 1129 servus
2140 1093 2216 1128 eius
2240 1103 2285 1128 ex
2306 1103 2389 1129 asse

1302 1137 1488 1172 institutus
1518 1136 1626 1172 fuerit
1654 1142 1689 1173 et
1710 1147 1776 1183 per
1823 1147 2056 1184 uemcumque
2079 1148 2203 1174 casum
2226 1148 2300 1174 11011
2320 1148 2387 1185 po·

1302 1182 1412 1218 tuerit
1427 1182 1528 1218 iussu
1545 1181 1678 1218 domini
1693 1182 1793 1218 adire
1834 1183 2052 1226 ereditatem,
2070 1183 2214 1228 impune
2229 1187 2387 1229 praeter-

1303 1227 1420 1262 mittet
1443 1237 1487 1262 ex
1508 1231 1721 1263 testamento
1745 1228 1990 1263 hereditatem.

1350 1270 1375 1310 6
1407 1271 1603 1308 metues
1621 1272 1712 1308 libro
1730 1274 2027 1319 quinquaqesimo
2044 1272 2094 1308 ad
2107 1272 2262 1308 edictum
2297 1271 2390 1318 Quia

1304 1321 1424 1353 autem
1454 1318 1485 1352 is
1517 1317 1578 1362 qui
1603 1317 1649 1352 ab
1671 1317 1841 1353 intestato
1865 1317 2026 1363 possidet
2046 1317 2280 1353 hereditatem
2302 1327 2388 1353 con-

1303 1362 1415 1398 veniri
1435 1366 1564 1408 potest,
1589 1362 1620 1398 si
1639 1362 1770 1398 omittit
1787 1373 1933 1399 causam
1952 1362 2166 1404 testamenti,
2190 1362 2390 1408 quaesitum

1304 1411 1371 1451 est,
1394 1407 1426 1443 si
1449 1407 1552 1452 quasi
1571 1417 1616 1443 88
1632 1407 1816 1443 voluntate
1834 1408 2017 1444 testatoris
2036 1406 2200 1443 videatur
2217 1407 2389 1451 omisisse,

1304 1457 1751 1534 ἓξωῗέῇᾞέἓὲἳὲἦὲὲ
1777 1452 2390 1542 1ἑοέἒ“ῗυῖἱὲῖῗαιῖ“ἶῖιῖῗὲῗὲ“ῗ

1305 1541 1436 1585 fratre,
1467 1546 1528 1585 ut,
1559 1542 1591 1577 si
1615 1541 1772 1588 legitima
1794 1543 1973 1578 hereditas
1997 1542 2044 1577 ad
2067 1552 2147 1578 euni
2169 1542 2389 1594 pertinuerit,

1305 1586 1578 1623 fideicommissa
1598 1591 1801 1632 praestaret
1823 1587 2053 1632 quibusdam:
2078 1587 2110 1623 si
2133 1587 2142 1594 ‘
2179 1591 2241 1622 tur
2259 1587 2390 1623 omissa

1306 1641 1418 1668 causa
1447 1631 1652 1667 testamenti
1678 1632 1725 1667 ab
1747 1632 1916 1667 intestato
1940 1631 2123 1677 possideat
2171 1631 2389 1675 ereditatem,

1305 1675 1496 1713 videndum
1527 1680 1600 1719 est,
1633 1687 1680 1711 an
1702 1677 1884 1721 legatariis
1909 1682 2057 1722 cogatur
2079 1675 2307 1722 respondere.
2355 1682 2391 1713 et

1306 1721 1466 1757 Iulianus
1499 1721 1591 1757 libro
1626 1722 1805 1767 trigesimo
1841 1722 1955 1767 primo
1990 1721 2206 1767 digestorum
2241 1722 2391 1758 scribit⁸

1307 1766 1504 1812 cogendum
1537 1766 1691 1812 primum
1722 1766 1737 1801 l
1802 1771 1841 1802 ta
1873 1771 2076 1812 praestare,
2117 1777 2200 1801 mox
2238 1765 2391 1803 dimissis

1304 1812 1432 1857 legatis
1464 1811 1495 1847 si
1525 1811 1612 1857 quid
1642 1821 1731 1857 supe
1766 1812 1859 1847 uerit
1889 1822 1933 1847 ex
1959 1811 2150 1853 dodrante,
2182 1815 2268 1847 tunc
2291 1811 2390 1848 fidei-

1306 1856 1803 1938 ffissffzzffiessfflffi
1804 1856 2266 1938 818118ῐέἔὲῗέωὲᾎέἓὲᾂὲ
2282 1857 2390 1938 '²¹³⁸ss

1307 1946 1491 1983 standum:
1510 1946 1645 1982 habere
1657 1928 1750 1982 e’nim
1761 1947 1935 1991 integrum
1952 1946 2213 1992 quadranteml
2258 1912 2392 1983 ’811ιῖ8818

1306 1992 1474 2028 heredem
1505 1995 1658 2037 oportet.
1715 1992 1802 2028 ordo
1837 1992 1944 2037 igitur
1975 2002 1997 2026 a
2021 1991 2159 2027 Iuliano
2264 1992 2390 2035 betur,

1307 2041 1348 2073 ut
1366 2037 1467 2083 prius
1485 2036 1605 2082 legata
1622 2041 1861 2082 praestentur,
1886 2036 2013 2072 deinde
2033 2047 2076 2072 88
2094 2036 2274 2081 superfluo
2291 2036 2391 2073 fidei-

1308 2082 1516 2124 commissa,
1558 2081 1748 2118 dummodo
1779 2082 1960 2134 quadrans
1990 2092 2063 2117 non
2093 2085 2273 2126 tangatur.
2326 2092 2393 2127 ego

1306 2131 1395 2173 puto
1415 2126 1545 2162 Iuliani
1564 2127 1774 2163 sententiam
1792 2131 1844 2162 ita
1862 2126 2116 2173 accipiendam,
2137 2130 2188 2169 ut,
2210 2126 2242 2162 si
2260 2127 2394 2163 omissa

1309 2182 1420 2208 causa
1449 2171 1655 2207 testamenti
1681 2172 1728 2207 ab
1750 2172 1920 2207 intestato
1943 2171 2127 2217 possideat
2148 2171 2392 2215 hereditatem,

1309 2221 1459 2262 cogatur
1482 2216 1684 2252 omnimodo
1707 2216 1826 2261 legata
1843 2221 2044 2262 praestare:
2071 2225 2138 2251 nec
2158 2216 2250 2251 enim
2271 2217 2395 2263 utique

1308 2262 1472 2298 omittere
1503 2262 1536 2297 ei
1565 2260 1799 2297 hereditatem
1820 2262 1996 2307 permisit,
2028 2261 2089 2306 qui
2118 2260 2393 2298 fideicommissa

1311 2310 1326 2342 1
1376 2307 1423 2342 ab
1447 2316 1489 2342 eo
1512 2306 1681 2351 relinquit
1702 2306 1749 2341 ab
1771 2306 1952 2342 intestato.
1997 2305 2109 2341 Plane
2132 2305 2163 2341 si
2183 2306 2392 2342 nominatim

1306 2351 1345 2387 id
1368 2351 1401 2386 ei
1422 2351 1593 2396 permisit,
1617 2350 1775 2386 dicemus
1798 2361 1872 2386 non
1895 2361 1975 2386 eum
1994 2350 2150 2385 incidere
2168 2350 2206 2385 in
2226 2351 2392 2394 edictum,

1308 2396 1393 2442 quia
1422 2406 1509 2431 usus
1539 2400 1594 2431 est
1626 2395 1800 2431 facultate
1830 2404 1893 2438 ea,
1924 2405 2030 2440 quam
2059 2395 2093 2430 ei
2121 2398 2275 2431 testator
2306 2406 2390 2432 con-

1310 2441 1435 2477 cessit:
1468 2440 1564 2486 quod
1595 2440 1627 2476 si
1655 2451 1730 2476 non
1761 2440 1793 2476 ei
1819 2440 1996 2476 concessit
2018 2439 2220 2485 specialiter
2241 2445 2393 2477 testator

1309 2486 1484 2528 omittere,
1503 2485 1534 2521 is
1554 2485 1642 2521 ordo
1659 2485 1727 2521 erit
1741 2484 1954 2537 sequendus,
1974 2495 2078 2537 quem
2092 2484 2252 2521 Iulianus
2271 2489 2391 2521 osten-

1309 2534 1330 2567 2
1378 2531 1440 2566 dit.
1489 2530 1582 2574 Quid
1613 2530 1739 2566 deinde
1761 2530 1938 2572 dicemus,
1967 2540 2000 2565 81
2021 2529 2132 2565 isdem
2155 2534 2192 2565 et
2214 2540 2258 2566 88
2280 2534 2391 2566 testa-

1309 2580 1429 2612 mento
1464 2575 1582 2620 legata
1612 2579 1649 2611 et
1677 2574 1952 2611 fideicommissa
1980 2575 2027 2610 ab
2056 2575 2226 2610 intestato
2259 2574 2392 2611 fuerint

1309 2621 1437 2657 relicta
1460 2624 1496 2655 et
1517 2624 1704 2666 praeterea
1726 2620 1805 2656 aliis
1827 2619 2124 2656 fideicommissa?
2162 2630 2209 2655 an
2231 2620 2392 2656 ordinem

1310 2666 1409 2702 illum
1433 2665 1624 2701 debeamus
1647 2664 1786 2707 facere,
1814 2675 1919 2711 quern
1940 2665 2099 2701 Iulianus
2121 2669 2315 2707 monstrat,
2345 2675 2392 2701 an

1310 2721 1392 2747 vero
1437 2710 1703 2763 contribuemus
1746 2720 1868 2746 omnes
1891 2709 2251 2763 ‘fidei-commissarios
2314 2710 2393 2746 uasi

1310 2755 1504 2853 ῗέέέῗὲὲξὲἶ
1535 2754 2278 2853 ῗῳῗῗῖῃὲῗὲςᾶᾏιῗᾱῖἶῖωωῗωωέιῗ
2308 2759 2393 2836 ,33:¹3

1311 2856 1394 2882 nam
1424 2856 1456 2882 81
1486 2845 1629 2887 incidit,
1664 2843 1889 2890 praeferendi
1918 2848 2024 2881 erunt
2050 2844 2089 2879 hi
2118 2845 2249 2890 quibus
2281 2849 2391 2880 testa-

1312 2895 1430 2927 mento
1454 2890 1580 2926 relicta
1602 2890 1748 2925 fuerunt
1769 2888 1962 2942 quaedam:
1986 2889 2043 2925 sin
2063 2899 2147 2925 vero
2166 2899 2239 2924 non
2256 2889 2391 2931 incidit,

1312 2936 1397 2982 quia
1419 2936 1509 2972 haec
1530 2935 1600 2970 fuit
1621 2939 1803 2971 testatoris
1825 2934 2008 2976 voluntas,
2034 2937 2075 2969 ut
2096 2933 2200 2969 daret
2222 2933 2255 2969 ei
2277 2933 2391 2969 facul-

1312 2985 1424 3017 tatem
1447 2985 1483 3016 et
1504 2980 1552 3016 ab
1573 2980 1742 3015 intestato
1765 2978 1991 3021 succedendi,
2013 2978 2069 3014 vel
2090 2978 2174 3024 quia
2192 2978 2264 3013 alia
2282 2988 2394 3014 causa

1311 3025 1531 3068 intercessit,
1594 3034 1662 3060 uae
1695 3024 1891 3061 secundum
1922 3034 1965 3059 ea
1994 3032 2087 3068 quae
2117 3033 2229 3068 supra
2257 3023 2329 3058 scri
2355 3027 2394 3057 ta

1312 3074 1397 3107 sunt
1426 3081 1500 3106 11011
1530 3080 1551 3106 0
1580 3069 1678 3105 endit
1708 3069 1883 3111 edictum,
1914 3067 2104 3104 dicendum
2133 3071 2189 3103 est
2214 3068 2331 3103 contri
2356 3068 2394 3102 ui

1313 3119 1333 3152 3
1379 3115 1650 3151 fideicommissa
1672 3114 1802 3150 debere
1824 3114 1925 3160 quasi
1948 3115 2156 3157 exaequata.
2202 3111 2286 3148 Non
2309 3113 2393 3148 sim-

1311 3161 1452 3207 pliciter
1490 3164 1611 3195 autem
1647 3164 1793 3205 praetor
1829 3158 2008 3204 pollicitus
2051 3160 2107 3192 est
2136 3167 2186 3209 ‚se
2227 3157 2394 3193 daturum

1312 3206 1507 3247 actionem,
1547 3204 1610 3240 sed
1649 3215 1760 3240 causa
1798 3203 1957 3248 cognita:
1995 3211 2078 3237 nam
2116 3212 2190 3237 sive
2222 3202 2395 3238 invenerit

1312 3253 1519 3287 testatorem
1553 3249 1660 3285 huius
1694 3249 1746 3284 rei
1776 3253 1958 3284 auctorem
1988 3255 2066 3282 esse
2094 3246 2211 3292 ipsum
2237 3256 2282 3282 ue
2310 3257 2393 3292 per-

1311 3295 1449 3332 misisse
1479 3294 1526 3329 ab
1555 3294 1725 3330 intestato
1753 3292 1942 3329 succedere
1973 3296 2037 3326 aut
2059 3291 2090 3326 si
2113 3301 2185 3337 qua
2245 3291 2252 3299 ⁶
2299 3292 2395 3327 188ι8

1312 3350 1423 3377 causa
1445 3339 1630 3376 omittendi
1652 3337 1894 3379 intervenerit,
1919 3337 2040 3381 utique
2063 3346 2136 3372 non
2159 3335 2260 3371 dabit
2281 3336 2394 3371 actio-

1311 3389 1334 3421 4
1381 3394 1462 3420 118111
1491 3384 1529 3419 in
1561 3394 1641 3419 eum
1671 3384 1878 3428 legatorum.
1924 3381 2013 3416 Item
2043 3381 2074 3416 si
2103 3380 2277 3416 invenerit
2299 3381 2395 3416 bona

1312 3429 1359 3466 ad
1381 3429 1490 3465 alium
1508 3429 1696 3474 pertinere,
1721 3438 1793 3463 non
1812 3426 1912 3462 dabit
1932 3427 2120 3468 actionem,
2145 3426 2176 3461 si
2195 3435 2277 3461 vero
2297 3425 2394 3461 118118

1312 3474 1468 3520 suspicio
1493 3474 1698 3509 collusionis
1721 3472 1922 3517 religionem
1942 3470 2117 3516 praetoris
2135 3470 2343 3506 instruxerit
2354 3471 2392 3505 ¹⁰.

161 3592 201 3632 (i)
226 3591 424 3624 miscuerint
444 3590 495 3625 F*
631 3590 676 3632 (2)
691 3590 765 3635 ,βόε
781 3590 830 3623 εἰσ
843 3590 942 3633 sero:
967 3589 1057 3631 quod
1076 3590 1106 3622 81
1126 3593 1243 3642 posteo

160 3637 370 3669 miscuerunt
388 3646 441 3676 88,
466 3645 506 3668 88
527 3638 726 3668 testamento
747 3634 906 3667 videntur
924 3634 1079 3676 heredes,
1099 3634 1168 3667 11181
1187 3634 1242 3667 ab·

162 3681 374 3713 stinuerunt:
399 3681 429 3713 81
448 3679 677 3713 abstinuerint
696 3679 831 3723 quidem
851 3690 887 3712 88
905 3682 1115 3719 testamento,
1132 3689 1246 3711 verum

162 3724 205 3757 ab
227 3725 388 3758 intestato
408 3725 569 3768 petierint
586 3725 748 3758 bonorum
769 3724 1023 3767 possessionem,
1043 3724 1197 3756 incident
1208 3725 1246 3756 111

1315 3588 1462 3621 edictum

1314 3633 1360 3676 (4)
1385 3642 1452 3675 quo
1464 3632 1500 3665 F
1568 3634 1612 3673 (s)
1636 3634 1712 3664 utm
1723 3643 1785 3664 scr.

1314 3677 1455 3711 cendum
1468 3679 1519 3710 est
1530 3676 1687 3710 adversus
1699 3686 1922 3720 possessorem
1938 3675 2001 3708 del.

1313 3723 1361 3764 (s)
1384 3722 1563 3755 adsumant
1577 3722 1612 3755 F'
1692 3722 1754 3762 (io)
1779 3720 1951 3753 induxerit
1960 3731 2023 3752 ser.

1615 3587 1659 3628 (s)
1682 3584 1852 3629 oondioio]
1875 3583 2121 3618 condicionalis
2140 3583 2312 3617 institutio
2330 3596 2389 3617 scr.

1864 3632 1909 3670 (ο)
1933 3629 2124 3672 repudiavit
2137 3630 2198 3664 ins.
2274 3630 2318 3670 (7)
2342 3627 2393 3660 di-

2124 3673 2168 3715 (8)
2193 3672 2331 3716 scripsit
2344 3671 2395 3705 F·
