2528 3918
182 114 389 157 XXXVII
420 116 459 157 7.
481 114 507 156 8

182 237 289 273 debet
318 234 371 271 sic
401 237 444 270 ut
472 233 699 280 emancipata
729 244 803 271 non
831 234 947 271 solum
970 233 1066 270 bona
1089 242 1172 276 sua,
1204 231 1268 269 sed

181 286 218 318 et
247 281 383 323 dotem,
408 289 500 326 quae
528 279 576 315 ad
604 289 683 315 eam
711 279 890 326 pertinere
913 278 1061 324 poterit,
1092 277 1266 314 conferre.

182 328 213 363 si
236 326 355 362 adhuc
378 329 483 372 pater
505 323 695 370 adoptivus
725 324 824 368 vivit,
856 324 916 368 hic
947 333 1093 360 necesse
1121 323 1268 359 habebit

182 372 355 407 conferre.

228 414 252 454 3
290 415 486 452 {Inpurus
513 414 603 451 libro
635 419 766 462 quarto
790 413 1072 461 disputationum
1126 412 1165 449 Si
1194 412 1269 448 filia

182 461 291 497 fuerit
313 461 416 497 heres
439 460 607 496 instituta
651 459 841 496 collatione
871 458 965 495 dotis
993 458 1267 503 non-fungetur.

182 506 277 542 unde
306 506 338 542 si
367 505 553 541 commisso
583 486 630 542 ab
654 505 766 541 altero
792 504 909 540 edicto
934 513 1080 556 necesse
1102 504 1269 540 habuerit

182 555 309 587 contra
336 549 479 586 tabulas
511 550 686 586 bonorum
744 548 981 585 ossessionem
1003 558 1166 594 accipere
1215 548 1266 584 di-

183 596 334 632 cendum
363 599 433 637 eet,
475 594 641 640 quoniam
671 561 807 629 nquam
838 593 1003 628 iniuriam
1032 591 1138 629 fratri
1166 576 1266 647 facit,

182 653 254 677 non
283 641 414 676 debere
443 650 520 675 eam
549 639 668 676 dotem
698 639 875 675 conferre:
907 648 989 673 nam
1019 638 1114 684 quod
1142 639 1269 675 habuit

182 697 227 722 ex
257 685 405 726 iudicio.
438 685 658 721 convertitur
689 685 734 720 ad
766 687 893 720 contra
920 684 1063 720 tabuias
1093 684 1268 720 bonorum

181 730 606 811 P⁰z⁸1ffit⁰⁰imssp¹²¹z⁰
617 729 1041 810 aimexmnssffnirioffi‘}
1065 728 1267 810 ἒῗὶιὲθῖῗ

181 787 237 811 ms
370 785 390 812 e
547 786 571 809 ιι
596 786 614 811 e
1109 786 1132 809 n
1253 794 1267 801 -

182 821 286 857 bulas
312 822 486 856 bonorum
507 787 687 873 ptiissessio
714 823 822 855 aucta
845 818 1011 865 portione
1035 819 1123 863 eius,
1148 819 1267 855 dicen-

182 866 266 901 dum
298 866 366 902 erit
397 865 596 901 collationis
627 875 772 900 munere
806 874 884 900 eam
915 863 1033 910 fungi,
1071 864 1139 901 nisi
1176 864 1269 900 forte

183 914 352 947 contenta
380 910 489 945 fuerit
516 910 697 955 portione,
729 920 772 945 ex
797 920 866 954 qua
890 909 1055 945 instituta
1079 913 1150 945 est:
1182 914 1268 945 tunc

182 956 275 992 enim
301 955 489 992 dicendum
513 959 569 991 est
586 966 629 990 ex
647 955 779 991 iudicio
797 954 956 1000 parentis
975 965 1053 990 eam
1071 956 1269 991 venientem

183 1012 254 1037 non
277 1000 406 1037 debere
428 1011 558 1036 munus
583 999 782 1036 collationis
808 999 984 1036 sustinere

227 1046 253 1084 4
286 1046 515 1082 POMPONIUS
543 1046 634 1081 libro
668 1046 771 1080 tertio
803 1045 853 1080 ad
882 1044 1052 1088 Quintum
1066 1046 1076 1065 ¹
1108 1043 1267 1080 Mucium

182 1092 220 1127 Si
233 1095 337 1137 pater
350 1101 416 1136 pro
432 1090 506 1125 filia
522 1090 641 1126 dotem
658 1089 871 1136 promiserit,
891 1089 1018 1126 deinde
1035 1089 1269 1125 exheredatae

183 1138 237 1172 vel
261 1137 368 1172 etiam
391 1135 635 1180 emancipatae
659 1139 695 1171 et
714 1135 929 1181 praeteritae
946 1135 1103 1181 legatum
1120 1134 1267 1177 dederit,

182 1181 329 1217 habebit
352 1180 425 1217 filia
449 1181 555 1215 etiam
579 1180 698 1216 dotem
721 1180 951 1226 praecipuam
976 1183 1012 1216 et
1033 1180 1201 1225 legatum.

227 1226 251 1264 5
286 1226 532 1262 PAPINIANUS
565 1226 656 1262 libro
687 1227 812 1271 quinto
847 1235 1102 1272 responsorum
1153 1225 1268 1261 Filius

182 1272 446 1316 emancipatus,
476 1270 537 1316 qui
565 1270 828 1316 possessionem
857 1274 984 1307 contra
1006 1270 1150 1306 tabulas
1174 1270 1268 1306 acci-

180 1328 266 1363 pere
294 1317 429 1362 potuit‚
468 1316 630 1351 intestati
663 1315 776 1360 patris
812 1315 1074 1362 possessionem
1108 1316 1267 1369 accepit:

181 1367 287 1407 atque
309 1362 362 1396 ita
384 1360 474 1403 filia,
508 1370 600 1406 quae
622 1360 755 1397 mansit
778 1361 815 1396 in
838 1364 1034 1406 potestate,
1069 1371 1150 1397 cum
1174 1371 1268 1396 e1us-

181 1407 261 1443 dem
300 1406 456 1442 familiae
489 1405 602 1442 fratre
638 1406 742 1442 heres
780 1406 962 1450 instituta,
1004 1406 1268 1452 possessionem

180 1452 339 1488 intestati
378 1451 493 1531 patris
535 1461 693 1487 errorem
732 1450 854 1487 fratris
893 1451 1108 1497 emancipati
1143 1455 1268 1488 secuta

180 1497 330 1542 accepit.
403 1500 497 1532 otem
527 1496 662 1541 scripto
691 1496 797 1532 fratri
826 1496 989 1533 conferre
1012 1507 1086 1533 non
1109 1501 1267 1542 cogetur,

181 1553 262 1578 cum
293 1552 338 1577 ea
366 1541 544 1587 possessio
581 1541 718 1577 frustra
753 1542 867 1587 petita
890 1542 937 1578 sit
973 1545 1010 1578 et
1045 1541 1119 1577 filia
1155 1543 1268 1588 patris

180 1588 399 1623 voluntatem
421 1586 485 1621 fini
507 1586 616 1622 virilis
640 1587 752 1632 partis
773 1588 936 1630 retineat,
960 1586 998 1622 id
1015 1590 1070 1623 est
1087 1591 1128 1623 ut
1146 1598 1267 1624 omncs

179 1632 326 1668 trientes
350 1632 531 1668 habeant²
563 1635 599 1667 et
621 1632 798 1668 bonorum
825 1632 1008 1678 possessio
1040 1632 1135 1668 unde
1165 1633 1269 1669 liberi

184 1682 197 1713 1
247 1677 402 1723 fingatur
436 1687 502 1722 pro
543 1680 668 1713 contra
703 1677 845 1714 tabulas
877 1687 956 1714 esse
985 1678 1109 1723 petita.
1164 1677 1267 1722 Filia,

180 1733 271 1768 quae
295 1722 413 1758 soluto
436 1721 661 1758 matrimonio
687 1722 806 1759 dotem
831 1722 994 1759 conferre
1019 1722 1159 1768 debuit,
1191 1734 1267 1760 mo-

179 1779 255 1804 ram
279 1767 463 1804 collationi
484 1766 589 1803 fecit:
612 1767 678 1803 viri
701 1768 787 1804 boni
810 1768 987 1804 arhitratu
1011 1771 1159 1814 cogetur
1181 1779 1267 1805 usu-

179 1823 238 1849 ras
270 1822 411 1858 quoque
441 1811 535 1849 dotis
565 1812 744 1857 conferre,
777 1824 858 1849 cum
887 1812 1132 1859 emancipatus
1154 1813 1268 1850 frater

179 1857 286 1911 etiam
303 1857 463 1938 ‘sp-uetus
504 1857 665 1894 conferat
700 1861 736 1894 et
763 1858 837 1894 filia
865 1858 979 1905 partis
1011 1868 1098 1895 suae
1125 1858 1267 1896 fructus

203 1914 275 1939 erc1
301 1914 336 1938 ιιι
356 1931 364 1939 .

179 1914 201 1949 p
224 1946 250 1986 6
275 1914 550 1984 ιὶὶιιιηινῐιαινιῖεθ
586 1948 678 1985 libro
710 1953 816 1984 sexto
851 1959 1105 1996 responsorum
1158 1949 1268 1986 Pater

179 1993 289 2028 filium
322 1993 586 2039 emancipatum
613 1992 782 2030 heredem
810 1993 967 2030 instituit
1000 1998 1037 2030 et
1065 1994 1176 2030 filiam
1206 2006 1266 2031 ex-

179 2038 376 2082 heredavit,
409 2048 501 2091 quae
531 2036 724 2091 inofficiosi
753 2038 816 2074 lite
839 2039 979 2084 perlata
1028 2043 1140 2075 artem
1165 2040 1267 2076 dimi-

178 2084 270 2119 diam
306 2083 515 2119 hereditans
551 2083 712 2119 abstulit.
767 2094 840 2119 non
876 2094 954 2120 esse
1023 2088 1137 2121 atrem
1171 2086 1268 2122 bona

179 2128 324 2174 propria
356 2127 519 2164 conferre
543 2128 740 2174 cogendum
762 2128 950 2175 respondi:
980 2139 1063 2165 nam
1093 2134 1129 2165 et
1158 2130 1265 2167 liber-

178 2177 270 2209 tates
294 2177 495 2219 competere
517 2173 672 2219 placuit:

225 2216 249 2255 7
274 2218 331 2254 ΡΑ
339 2228 434 2254 vaus
457 2218 547 2255 libro
570 2218 760 2254 undecimo
782 2229 1038 2265 responsorum
1090 2230 1157 2256 nec
1186 2221 1267 2266 ipsa

178 2263 309 2343 dotium}1
312 2262 485 2344 fragribus
501 2263 576 2300 suis
594 2263 764 2307 conferet,
783 2273 866 2299 cum
884 2263 1024 2301 diverso
1040 2264 1119 2301 iure
1135 2265 1266 2302 fratres

178 2319 246 2344 sun
311 2319 370 2344 cre
395 2319 446 2344 es.

224 2350 249 2392 8
275 2353 522 2389 Pspmmws
542 2353 634 2389 libro
657 2352 846 2391 undecimo
866 2364 926 2389 res
952 2364 1122 2391 onsorum
1157 2356 1266 2392 Pater

179 2399 328 2435 nubenti
350 2398 446 2451 filiae
470 2398 644 2444 quasdam
666 2408 726 2434 res
774 2401 893 2435 raeter
913 2365 1033 2436 dinem
1053 2399 1151 2437 dedit
1171 2411 1264 2437 eam-

178 2454 247 2490 que
276 2443 314 2479 in
342 2443 478 2479 fanulia
509 2443 656 2479 retinuit
686 2453 730 2479 ac
789 2443 927 2481 atu-ibus
953 2445 1019 2481 sub
1046 2446 1264 2491 condicione,

178 2489 209 2525 si
233 2489 350 2524 dotem
374 2491 411 2524 et
434 2492 554 2524 cetera
578 2499 670 2534 quae
693 2489 843 2525 nubenti
869 2489 1018 2526 tradidit
1045 2491 1264 2536 contulisset,

178 2534 388 2570 coheredem
407 2533 609 2580 adscripsit.
647 2544 728 2570 cum
748 2534 822 2570 filia
840 2545 878 2570 se
898 2535 1002 2571 bonis
1021 2536 1264 2582 abstinuisset,

178 2579 350 2614 fratribus
379 2589 437 2615 res
468 2590 541 2615 non
571 2579 609 2615 in
640 2578 758 2615 dotem
789 2579 892 2615 datas
916 2580 1179 2618 vindicantibus
1203 2593 1264 2618 ex-

178 2625 377 2669 ceptionem
402 2623 474 2660 doli
498 2624 635 2670 placuit
659 2624 815 2668 obstare,
841 2625 1010 2670 quoniam
1032 2630 1138 2672 pater
1156 2627 1265 2663 filiam

177 2669 389 2704 alterutrum
412 2669 545 2705 habere
567 2670 689 2706 voluit.

223 2711 249 2751 9
281 2713 559 2750 anenoma'us
587 2715 677 2751 libro
708 2717 813 2750 seaeto
843 2714 1126 2763 disputationum
1180 2717 1266 2754 Fuit

178 2758 407 2804 quaestionis,
432 2769 490 2802 an,
514 2760 545 2795 si
569 2769 636 2795 sua
658 2759 762 2796 heres
785 2759 861 2796 fflia
876 2760 971 2807 patri
991 2771 1073 2797 cum
1090 2761 1264 2799 fratribus

179 2807 346 2839 contenta
379 2803 462 2839 dote
491 2805 671 2841 abstineat
700 2815 738 2841 se
766 2805 889 2849 bonis,
922 2806 1158 2853 compellatur
1186 2818 1264 2844 eam

178 2848 351 2884 conferre.
405 2852 442 2885 et
470 2848 571 2885 divus
600 2849 749 2886 Marcus
780 2851 965 2906 rescripsit
999 2862 1072 2888 non
1101 2853 1265 2899 compelli

177 2893 415 2929 abstinentem
444 2904 483 2929 se
512 2895 557 2931 ab
584 2894 782 2931 hereditate
805 2899 932 2941 patns.
980 2907 1064 2943 ergo
1087 2909 1161 2935 non
1182 2902 1262 2934 tan-

177 2942 253 2974 tum
276 2938 361 2974 data
385 2938 482 2992 apud
505 2940 670 2976 maritum
694 2942 907 2985 remanebit,
937 2941 1001 2978 sed
1030 2946 1065 2978 et
1087 2944 1264 2989 promissa

175 2983 351 3064 Ξῖὲξῖὲἳῖι
367 2987 474 3064 {tii-3¹?
491 2984 797 3067 ibffii‘iib'iifiit
826 2990 881 3023 ‘³³²
910 2987 1003 3023 ω
1033 2987 1140 3024 ⁸¹³⁰¹²³
1162 2988 1261 3026 ¹⁰⁰⁰*

652 3166 786 3206 VH1⁴.

180 3233 239 3266 nn
264 3231 609 3266 commeamus
639 3230 1055 3309 cgffisssmcffaro
1079 3236 1261 3268 mamus

230 3342 273 3379 1⁸
303 3341 497 3379 Halanos
518 3342 608 3378 libro
632 3342 937 3389 quadraqensae‘mo
961 3344 1012 3380 ad
1033 3345 1185 3380 edictum
1224 3345 1261 3380 Si

177 3387 257 3433 quis
288 3397 329 3423 ex
360 3386 433 3429 his,
464 3386 592 3433 quibus
623 3386 797 3422 bonorum
826 3389 1086 3433 possessionem
1117 3394 1262 3435 praetor

175 3500 216 3542 (ι)
241 3499 373 3551 quitum
385 3499 420 3532 F
541 3501 585 3541 (2)
608 3498 644 3532 id
655 3500 705 3532 est
716 3501 755 3531 ut
766 3510 879 3533 omnes
891 3501 1029 3534 trientes
1041 3502 1185 3535 habeant
1197 3502 1258 3536 del.

176 3543 402 3630 (³)(4131513‘ss
414 3596 442 3622 8.
456 3596 473 3622 9
486 3590 534 3622 sic
546 3589 701 3622 ordinant
713 3587 763 3622 Γ*
780 3596 810 3622 et
826 3590 893 3623 ind.
908 3590 1014 3623 Fcum
1033 3590 1186 3625 Graecis.
1208 3593 1257 3625 ὑι-

177 3634 271 3666 vertit
285 3634 343 3666 1⁵²¹.
363 3651 408 3657 —
429 3633 508 3666 Sao.
523 3640 546 3667 ι.
560 3640 595 3671 2;
621 3633 684 3667 Ed.
700 3640 790 3672 ama:
816 3634 867 3667 Pa
893 3641 944 3667 .e.
959 3642 1043 3668 ¹1.—
1063 3636 1147 3669 Bas.
1162 3637 1217 3678 40,
1230 3644 1257 3678 4,

178 3684 242 3711 twa
341 3680 384 3718 (ι)
405 3689 458 3721 pr.
473 3693 516 3706 -ι
529 3677 576 3710 D.
588 3678 643 3718 38,
656 3685 686 3719 ο,
699 3686 800 3721 ιρις
825 3691 845 3711 ι
883 3682 933 3718 μ
946 3680 990 3723 ej:
1004 3679 1050 3714 D.
1063 3681 1105 3714 37
1130 3687 1159 3722 ⁴,
1172 3687 1215 3723 13,
1228 3687 1255 3715 a.

178 3723 343 3763 37.⁸,s‚s
422 3725 464 3764 ιι)
491 3721 624 3755 habebit
637 3723 657 3757 1.
670 3735 750 3767 qens.
827 3724 872 3765 (ι)
895 3722 1055 3757 ‹12th
1129 3726 1173 3766 ιε)
1197 3725 1255 3758 ha·

1252 106 1339 156 554

1327 3502 1404 3536 beat
1415 3504 1474 3537 ins.
1490 3504 1510 3537 l.
1524 3517 1604 3548 qen.

1487 10 1594 135 37*
1639 122 1701 153 nr.
1730 120 1852 153 com.
1882 120 1975 152 σσιι
2001 119 2166 152 mne.
2196 119 2283 150 Lm.
2312 119 2412 150 mus

1360 230 1534 275 ollicetur,
1556 230 1596 267 in
1618 233 1795 284 potestate
1814 229 1984 276 parentis,
2009 239 2090 266 cum
2107 229 2140 265 is
2158 229 2318 271 moritur,
2341 239 2413 264 non

1334 241 1452 320 gisi-it,
1476 276 1511 311 ei
1532 275 1720 321 libensque
1744 286 1834 322 quos
1857 275 1895 310 in
1917 274 2075 311 eiusdem
2098 273 2232 310 familia
2252 273 2379 310 habuit
2387 275 2413 317 ⁸,

1335 321 1366 356 si
1389 320 1436 356 ad
1458 330 1519 356 eos
1541 320 1720 358 hereditas
1745 331 1811 357 suo
1835 320 1978 356 nomine
2001 318 2191 366 pertinebit
2213 328 2327 364 neque
2349 329 2412 355 no-

1334 369 1409 401 tam
1445 365 1729 402 exheredationis
1765 369 1989 409 meruerunt,
2026 365 2201 401 bonorum
2235 364 2413 410 possessio

1336 410 1412 446 eius
1441 410 1555 456 partis
1585 409 1725 465 datur'f,
1765 421 1856 465 quae
1889 410 1935 445 ad
1965 420 2045 446 eum
2073 409 2284 463 pertineret,
2311 409 2349 463 ‘si
2378 409 2414 477 ip

1335 453 2417 546 ἒὲιέθῖιῗξοἢέιξῗὲᾚζθιιὲζῗω“ἷιξῗιιῖζὲἲῖξὲἓῗΐιῗῖῗῃῑ

1340 549 1352 580 1
1419 549 1506 580 erat.
1559 545 1641 581 Hoc
1671 545 1823 582 edictum
1853 546 2103 592 aequissimum
2132 549 2202 588 est,
2234 549 2275 580 ut
2301 555 2415 591 neque

1336 590 1581 635 emancipatus
1604 590 1702 626 solus
1725 591 1844 627 veniat
1866 595 1903 627 et
1926 590 2095 626 excludat
2117 594 2264 636 nepotes
2290 590 2327 625 in
2351 601 2415 635 po-

1335 638 1465 671 testate
1488 638 1690 679 manentes‚
1719 646 1834 681 neque
1857 639 2003 681 nepotes
2027 636 2105 671 iure
2127 635 2315 681 potestatis
2339 635 2416 671 ohi-

1337 683 1356 716 2
1405 680 1545 715 ciantur
1593 680 1663 716 atri
1686 691 1762 717 suo.
1809 681 1860 716 Et
1882 681 1920 716 in
1943 681 2171 726 adoptionem
2194 680 2299 715 datus
2322 680 2416 716 filius

1336 728 1372 761 et
1384 726 1413 747 ¹⁰
1441 725 1545 761 heres
1567 725 1751 762 mstitutus
1775 726 1822 762 ad
1844 726 1913 762 hoc
1936 726 2087 762 edictum
2111 726 2284 779 pertinet,
2315 729 2356 761 ut
2385 725 2417 761 ei

1335 771 1503 816 iungatur
1525 780 1648 816 nepos,
1673 770 1734 816 qui
1755 771 1792 806 in
1817 772 1873 806 avi
1893 771 1949 807 sui
1965 772 2139 807 naturalis
2157 774 2333 817 potestate
2352 774 2416 806 est.

1336 815 1494 860 iungitur
1513 819 1631 851 autem
1647 826 1757 861 nepos
1774 817 1871 861 patri
1886 827 1952 852 suo
1970 817 2203 862 emancipato,
2229 817 2301 852 sive
2317 820 2417 861 pater

1336 860 1558 941 prtaeeteritu‘si
1575 860 1634 940 si¹tzi
1646 860 1718 896 sive
1740 861 1944 942 hdsffitust
1974 864 2010 897 et
2028 862 2117 915 haec
2135 861 2416 942 etrlixtmdifferetptia

1335 916 1373 941 ιιι
1408 915 1533 941 rma
1559 916 1580 941 o
1636 916 1738 942 onem
1786 916 1808 942 a
1907 916 1927 942 e
1967 916 2105 942 emanc1
2130 916 2152 942 a
2288 917 2333 942 uo
2381 916 2416 940 m

1336 950 1565 996 adoptionem
1581 916 1735 996 1quidem
1766 951 1851 987 dato
1883 961 1956 987 non
1979 951 2068 987 alias
2091 917 2249 997 ifingitu’r
2263 916 2340 987 (insi
2362 951 2417 986 in-

1337 996 1461 1032 stituto
1478 999 1514 1031 et
1529 996 1599 1032 alio
1615 996 1856 1032 committente
1871 996 2034 1039 edictum,
2051 997 2273 1041 emancipato
2286 1001 2417 1039 autem,

1337 1042 1409 1077 sive
1438 1040 1486 1076 sit
1515 1041 1699 1077 institutus
1731 1041 1976 1087 emancipatus
2014 1042 2086 1077 sive
2116 1042 2162 1078 sit
2190 1042 2417 1087 praeteritus.

1337 1090 1356 1122 3
1401 1086 1494 1122 Filio
1519 1087 1556 1122 in
1576 1090 1758 1139 potestate
1781 1096 1826 1123 ex
1848 1087 1964 1130 besse,
1988 1087 2210 1132 emancipato
2229 1097 2273 1122 ex
2291 1088 2419 1124 triente

1335 1131 1466 1168 herede
1500 1131 1667 1169 instituto
1700 1131 1860 1168 Iulianus
1901 1132 1952 1168 ait
1989 1136 2154 1178 nepotem
2189 1133 2419 1178 praeteritum

1336 1177 1448 1223 petita
1485 1180 1612 1213 contra
1646 1177 1789 1213 tabulas
1824 1178 1999 1214 bonorum
2032 1177 2259 1223 possessione
2289 1182 2418 1224 patruo

1336 1226 1357 1257 4
1405 1225 1622 1267 sextantem,
1686 1222 1755 1258 atri
1793 1224 1936 1258 unciam
1973 1223 2187 1259 ablaturum.
2241 1223 2280 1259 Si
2317 1227 2420 1269 pater

1336 1267 1581 1313 emancipatus
1684 1267 1851 1304 eredatus
1882 1268 1930 1304 sit
1959 1268 2150 1314 nepotibus
2181 1277 2225 1304 ex
2249 1278 2291 1304 eo
2340 1278 2418 1304 rae-

1335 1312 1450 1349 teritis
1476 1313 1536 1358 qui
1560 1316 1663 1349 erant
1685 1313 1723 1348 in
1745 1316 1923 1359 potestate
1945 1313 2091 1357 retenti,
2121 1317 2270 1359 nepotes
2377 1314 2418 1349 't-

1335 1362 1481 1394 tuntur:
1519 1358 1715 1394 absurdum
1749 1359 1842 1394 enim
1879 1362 1952 1401 est,
1990 1369 2071 1394 cum
2101 1359 2196 1404 patri
2226 1359 2419 1404 praeterito

1335 1404 1398 1439 iun
1423 1407 1541 1446 antur,
1565 1404 1728 1439 instituto
1753 1414 1795 1440 eo
1819 1404 1875 1440 vel
1899 1404 2113 1440 exheredato
2137 1414 2209 1440 non
2228 1404 2368 1440 admitti
2381 1405 2419 1439 ¹¹.

1337 1452 1356 1484 5
1431 1448 1475 1484 ed
1500 1452 1535 1484 et
1559 1449 1589 1484 si
1612 1452 1764 1494 patruus
1788 1459 1921 1492 eorum,
1946 1450 2009 1495 qui
2031 1453 2109 1485 erat
2121 1450 2149 1471 ¹²
2171 1449 2209 1485 in
2231 1453 2419 1495 potestate,

1336 1493 1384 1530 sit
1400 1494 1628 1540 praeteritus,
1652 1498 1756 1540 pater
1774 1494 2023 1538 exheredatus,
2047 1494 2177 1531 debent
2191 1499 2340 1541 nepotes
2356 1495 2420 1531 ad·

1335 1539 1445 1575 mitti:
1469 1549 1553 1575 nam
1570 1539 1807 1576 exheredatus
1820 1543 1923 1586 pater
1936 1550 2059 1576 eorum
2073 1550 2140 1586 pro
2155 1544 2295 1576 mortuo
2310 1540 2418 1576 habe-

1336 1587 1357 1620 6
1402 1587 1472 1620 tur.
1512 1583 1550 1620 Si
1572 1588 1676 1630 pater
1693 1586 1730 1620 in
1748 1589 1928 1631 potestate
1944 1595 2090 1621 manens
2110 1585 2346 1622 exheredatus
2365 1586 2420 1621 vel

1335 1629 1521 1666 institutus
1538 1630 1594 1673 sit,
1617 1633 1782 1676 nepotem
1802 1640 1848 1666 ex
1867 1641 1909 1667 eo
1930 1630 2003 1667 sive
2021 1631 2059 1666 in
2077 1634 2255 1676 potestate
2274 1641 2419 1667 manen-

1335 1678 1408 1711 tem
1427 1675 1500 1712 sive
1520 1675 1657 1711 emanci
1683 1679 1781 1711 atum
1800 1675 1847 1711 ad
1861 1676 1957 1712 bona
1970 1675 2027 1711 avi
2041 1686 2156 1722 neque
2169 1676 2292 1712 vocari
2306 1686 2420 1722 neque

1335 1719 1535 1757 vocandum
1555 1730 1634 1757 esse
1681 1721 1826 1757 caevola
1842 1721 1909 1757 ait:
1934 1722 2064 1758 totiens
2084 1721 2175 1757 enim
2194 1721 2317 1767 nepoti
2334 1732 2418 1758 con-

1335 1764 1521 1802 sulendum
1544 1769 1601 1802 est
1635 1765 1798 1811 quotiens
1822 1766 1859 1801 ιιι
1877 1770 2056 1820 potestate
2072 1770 2231 1803 retentus
2249 1770 2303 1803 est
2318 1771 2423 1813 patre

1336 1810 1474 1846 emanci
1501 1814 1572 1847 ato.
1597 1793 1730 1847 iiberos
1754 1811 1862 1857 igitur
1882 1821 1921 1847 m
1944 1811 2078 1847 familia
2101 1822 2180 1848 esse
2204 1815 2355 1858 oportet,
2381 1816 2420 1847 ut

1334 1856 1419 1892 huic
1451 1866 1470 1892 e
1498 1856 1567 1892 'cto
1599 1856 1702 1892 locus
1733 1856 1795 1899 sit,
1826 1857 1903 1893 eius
1935 1857 2071 1893 scilicet
2098 1856 2234 1893 familia
2247 1858 2284 1901 ¹³,
2318 1858 2419 1894 cuius

1335 1901 1511 1937 bonorum
1533 1901 1714 1947 possessio
1737 1902 1883 1947 petitur.
1919 1901 1982 1938 sed
1998 1906 2034 1938 et
2049 1902 2082 1938 si
2103 1906 2290 1948 postumus
2314 1906 2419 1938 natus

1335 1946 1383 1983 sit
1417 1956 1462 1982 ex
1493 1946 1718 2026 emancipato
1749 1950 1834 1983 ante
1865 1947 2184 1993 emancipationem
2213 1951 2418 1994 conceptus,

1337 1995 1354 2026 7
1402 1992 1496 2027 idem
1528 1991 1597 2028 erit
1653 1991 1824 2028 'cendum
1870 1992 2023 2029 Liberos
2054 1996 2172 2029 autem
2201 2003 2274 2029 non
2298 2003 2419 2030 omnes

1336 2036 1441 2073 simul
1463 2040 1569 2073 vocat
1616 2041 1753 2080 metor,
1784 2037 1847 2073 sed
1869 2037 2061 2083 gradatim,
2086 2038 2155 2074 hoc
2178 2042 2233 2075 est
2255 2048 2336 2084 eos,
2359 2040 2419 2085 qui

1335 2082 1392 2118 sui
1414 2085 1510 2125 sunt,
1535 2082 1584 2118 sc'
1614 2085 1672 2118 cet
1693 2086 1853 2163 nepote&
1878 2083 1911 2119 si
1932 2087 2027 2126 sunt,
2059 2083 2091 2120 si
2113 2083 2241 2127 minus,
2273 2093 2335 2120 eos
2359 2084 2420 2130 qui

1335 2130 1420 2164 sunt
1450 2127 1628 2164 inferioris
1657 2137 1722 2173 gra
1748 2138 1810 2164 us:
1843 2138 1910 2164 nec
1939 2138 2000 2164 eos
2030 2128 2267 2165 miscebimus.
2313 2129 2420 2175 plane

1336 2172 1368 2208 si
1398 2172 1470 2208 sint
1497 2182 1542 2209 ex
1573 2173 1794 2219 emancipato
1824 2183 1936 2219 nepos
1968 2177 2004 2209 et
2026 2183 2072 2209 ex
2094 2178 2224 2220 nepote
2246 2174 2323 2211 eius
2348 2175 2419 2210 alio

1335 2227 1535 2271 pronepos,
1567 2218 1759 2254 dicendum
1791 2218 1860 2254 erit
1887 2221 2076 2264 utrumque
2106 2219 2140 2255 ei
2167 2219 2282 2265 iungi:
2315 2220 2418 2257 ambo

1337 2265 1357 2298 8
1406 2272 1498 2298 emm
1520 2263 1559 2298 ιιι
1582 2273 1728 2299 suorum
1750 2263 1830 2300 loco
1854 2267 2115 2300 successerunt.
2150 2263 2188 2300 Si
2201 2265 2416 2311 postliminio

1335 2313 1448 2388 3⁸9OE
1475 2308 1866 2390 feffi‘Jfit’S.ffi⁰{¹e¹dum
1886 2313 2056 2390 ‹pstbeum

1405 2363 1486 2389 com
1574 2380 1583 2389 .
1655 2363 1739 2399 ipa
1776 2364 1863 2389 rex
1911 2365 1957 2391 uo
1983 2365 2027 2390 us

1335 2401 1466 2434 testate
1489 2398 1537 2433 ha
1563 2398 1616 2433 uit

1335 2453 1378 2479 eo
1401 2442 1582 2483 inlocum

2104 2310 2173 2345 atri
2196 2311 2417 2356 emancipato

2092 2354 2150 2398 “s‚
2183 2365 2270 2400 quos
2293 2355 2332 2392 in
2353 2366 2417 2402 po-

1655 2398 1807 2451 alterum
1830 2399 2106 2453 emancipaverit
2128 2402 2165 2436 et
2187 2403 2351 2446 nepotem
2376 2411 2418 2436 ex

1685 2443 1908 2490 adoptaverit
1926 2448 1962 2481 et
1980 2444 2174 2491 praeterito
2194 2446 2416 2491 emancipato

1334 2488 1544 2524 decesserit:
1569 2488 1729 2525 Iulianus
1753 2489 1804 2525 ait
1827 2490 1949 2536 nepoti
1970 2490 2144 2526 inlocum
2162 2489 2226 2525 filii
2246 2490 2314 2527 ado
2341 2494 2416 2527 tato

1334 2534 1497 2570 succurri
1520 2537 1703 2579 oportere,
1733 2537 1775 2570 ut
1803 2534 1907 2581 quasi
1934 2534 2030 2571 filius
2053 2536 2252 2581 portionem
2275 2536 2323 2572 ha
2349 2541 2416 2579 eat,

1357 2589 1441 2614 uam
1463 2579 1613 2615 haberet
1636 2582 1673 2616 et
1694 2579 1768 2615 si¹⁴
1789 2583 1982 2616 extraneus
2005 2580 2198 2626 adoptatus
2222 2584 2326 2617 esset.
2366 2582 2418 2617 sic

1359 2627 1414 2666 et,
1443 2624 1576 2670 inquit,
1605 2627 1646 2660 ut
1667 2623 1784 2668 filius,
1815 2625 1877 2671 qui
1898 2626 1935 2661 in
1959 2629 2136 2671 potestate
2158 2625 2228 2661 fuit
2276 2627 2416 2663 tertiam

1332 2672 1491 2715 partem,
1529 2679 1642 2716 nepos
1676 2670 1715 2705 in
1743 2670 1863 2706 locum
1891 2670 1956 2706 filii
1987 2670 2180 2717 adoptatus
2211 2653 2317 2707 aiiam
2344 2674 2416 2707 ter-

1331 2714 1419 2750 tiam
1433 2716 1460 2737 ¹⁸
1488 2715 1734 2761 emancipatus
1762 2714 1857 2751 filius
1887 2726 1969 2752 cum
1990 2720 2120 2762 nepote
2143 2715 2256 2752 altero
2278 2720 2416 2753 retento

1332 2760 1369 2795 in
1391 2763 1572 2814 potestate
1593 2760 1791 2812 partiatur:
1823 2770 1890 2797 nec
1921 2761 2014 2797 enim
2041 2761 2158 2797 minus
2188 2761 2295 2799 debet
2323 2761 2417 2798 ferre

1333 2804 1969 2904 {3⁹⁰393233333tiiiflt‘1'3325ss3:
1992 2806 2155 2895 ι’ὲὶὲῗὲιῗῗ
2175 2806 2416 2897 ἔὲοὲἔῗὲἓὲἓ

1331 2895 1537 2932 hereditatis
1561 2895 1609 2932 ad
1630 2898 1797 2948 nepotem
1818 2899 2016 2941 pertineat,
2040 2906 2087 2933 an
2107 2906 2281 2943 perquam
2303 2897 2414 2933 modi-

1333 2942 1470 2977 cam¹⁶:
1494 2951 1578 2978 nam
1600 2943 1638 2977 et
1659 2950 1692 2977 si
1713 2940 1855 2976 modica
1869 2941 1926 2985 sit,
1951 2945 2108 2978 attamen
2124 2940 2281 2978 dicemus
2297 2942 2414 2978 locum

1335 2989 1373 3021 11
1422 2995 1502 3023 esse
1535 2985 1619 3021 huic
1679 2985 1747 3021 arti
1778 2984 1886 3022 edicti
1948 2986 2047 3022 Inter
2079 2986 2197 3032 ipsum
2233 2986 2345 3022 filium
2380 2991 2414 3022 et

1330 3030 1461 3068 liberos
1484 3031 1560 3067 eius
1584 3030 1620 3066 di
1682 3030 1753 3066 'tur
1775 3030 1955 3068 hereditas
1978 3031 2041 3075 ita,
2064 3035 2107 3067 ut
2123 3031 2202 3077 ipse
2221 3031 2412 3075 dimidium,

1330 3075 1433 3112 liberi
1461 3075 1645 3112 dimidium
1675 3075 1843 3112 habeant.
1890 3076 2039 3123 proinde
2067 3086 2162 3122 pone
2192 3076 2307 3113 solum
2335 3087 2414 3114 esse

1330 3120 1443 3156 filium
1473 3120 1755 3166 emancipatum,
1793 3130 1873 3158 esse
1908 3124 1946 3158 et
1981 3130 2026 3158 ne
2053 3124 2130 3157 otes
2163 3121 2201 3157 in
2235 3125 2414 3175 potestate

1331 3165 1432 3218 duos,
1456 3166 1631 3219 neminem
1652 3170 1841 3211 praeterea
1870 3176 1915 3203 em
1942 3166 2001 3219 lib·
2059 3179 2082 3219 ,ε
2114 3166 2262 3222 habebit
2291 3176 2413 3221 eman-

1329 3210 1690 3309 ffltugufflfflffi
1711 3211 2180 3309 pgttegiadlrantegntl'grgt.
2228 3257 2290 3294 sed
2312 3212 2412 3294 (elingit

1353 3282 1946 3383 marisam
1975 3301 2297 3384 asseret,
2310 3302 2411 3383 ss

1846 3372 1929 3427 filiis
1946 3357 2021 3428 squ
2034 3356 2162 3437 ίίιιιῗριιι
2180 3375 2410 3438 quadrantem

1365 3354 1423 3380 am

1329 3389 1421 3425 alius
1483 3391 1536 3427 'us
1552 3391 1735 3428 semissem
1751 3401 1833 3427 cum

1730 3508 1774 3547 (⁰)
1799 3503 1967 3547 reliquum
1979 3505 2000 3538 l.
2011 3517 2093 3549 qem-
2216 3507 2276 3547 (10)
2301 3507 2334 3539 et
2347 3507 2410 3540 del.

1327 3551 1382 3586 (11)
1408 3558 1482 3581 oum
1495 3549 1583 3591 patri
1594 3549 1775 3593 praeterito
1790 3549 1977 3592 iungantur
1991 3550 2108 3583 institu
2115 3552 2190 3584 tove
2213 3562 2252 3585 eo
2273 3553 2410 3586 exhere-

1326 3591 1404 3626 dato
1415 3603 1484 3626 non
1496 3594 1629 3627 admitti
1638 3605 1702 3628 ser.
1750 3596 1810 3637 (12)
1823 3597 1918 3628 erant
1929 3606 1997 3628 eum
2010 3596 2085 3628 dett.
2098 3608 2162 3629 ser.
2175 3606 2224 3628 σοι
2236 3597 2296 3629 doc.
2310 3602 2408 3629 verbo

1326 3636 1384 3679 qui
1398 3640 1469 3670 erat
1480 3638 1517 3670 in
1529 3640 1692 3681 potestate

1323 3683 1396 3760 Q
1408 3682 1539 3761 gall-»ean
1551 3684 1683 3717 tertiam
1696 3684 1828 3717 tertiam
1841 3686 1900 3717 ins.

1794 3641 1851 3679 (1³)
1876 3638 2004 3672 familia
2016 3639 2076 3673 ἀοι
2181 3644 2237 3679 (14)
2261 3639 2302 3682 ιι]
2314 3639 2344 3672 is
2356 3639 2409 3673 Ρ*

1994 3686 2052 3725 (ιο)
2077 3694 2119 3716 un
2131 3694 2291 3727 perquam
2302 3683 2408 3718 modi—

1564 3731 1623 3770 (ιῑ)
1647 3728 1744 3762 isim.
