<?xml version="1.0" encoding="UTF-8"?>
<!DOCTYPE html PUBLIC "-//W3C//DTD XHTML 1.0 Transitional//EN"
    "http://www.w3.org/TR/xhtml1/DTD/xhtml1-transitional.dtd">
<html xmlns="http://www.w3.org/1999/xhtml" xml:lang="en" lang="en">
 <head>
  <title>
</title>
<meta http-equiv="Content-Type" content="text/html;charset=utf-8" />
  <meta name='ocr-system' content='tesseract 3.04.00' />
  <meta name='ocr-capabilities' content='ocr_page ocr_carea ocr_par ocr_line ocrx_word'/>
</head>
<body>
  <div class='ocr_page' id='page_1' title='image "./corpusjuriscivil01krueuoft_0460.png"; bbox 0 0 2528 3918; ppageno 0'>
   <div class='ocr_carea' id='block_1_1' title="bbox 185 93 383 137">
    <p class='ocr_par' dir='ltr' id='par_1_1' title="bbox 185 93 383 137">
     <span class='ocr_line' id='line_1_1' title="bbox 185 93 383 137; baseline 0 0"><span class='ocrx_word' id='word_1_1' title='bbox 185 93 383 137; x_wconf 85' lang='lat' dir='ltr'><strong>XXVI7</strong></span> 
     </span>
    </p>
   </div>
   <div class='ocr_carea' id='block_1_2' title="bbox 183 213 1276 3541">
    <p class='ocr_par' dir='ltr' id='par_1_2' title="bbox 186 213 1276 707">
     <span class='ocr_line' id='line_1_2' title="bbox 186 213 1276 260; baseline -0.001 -9"><span class='ocrx_word' id='word_1_2' title='bbox 186 215 254 251; x_wconf 90' lang='lat' dir='ltr'><strong>bus</strong></span> <span class='ocrx_word' id='word_1_3' title='bbox 278 218 315 250; x_wconf 81' lang='lat' dir='ltr'><strong>et</strong></span> <span class='ocrx_word' id='word_1_4' title='bbox 335 215 368 250; x_wconf 89' lang='lat' dir='ltr'><strong>ei</strong></span> <span class='ocrx_word' id='word_1_5' title='bbox 391 215 462 250; x_wconf 89' lang='lat' dir='ltr'><strong>sint</strong></span> <span class='ocrx_word' id='word_1_6' title='bbox 485 213 711 250; x_wconf 80' lang='lat' dir='ltr'><strong>condemnati</strong></span> <span class='ocrx_word' id='word_1_7' title='bbox 742 213 781 250; x_wconf 88' lang='lat' dir='ltr'><strong>in</strong></span> <span class='ocrx_word' id='word_1_8' title='bbox 810 213 848 250; x_wconf 82' lang='lat' dir='ltr'><strong>id</strong></span> <span class='ocrx_word' id='word_1_9' title='bbox 878 214 974 260; x_wconf 92' lang='lat' dir='ltr'><strong>quod</strong></span> <span class='ocrx_word' id='word_1_10' title='bbox 1006 224 1074 250; x_wconf 89' lang='lat' dir='ltr'><strong>sua</strong></span> <span class='ocrx_word' id='word_1_11' title='bbox 1105 215 1276 250; x_wconf 76' lang='lat' dir='ltr'>intererat</span> 
     </span>
     <span class='ocr_line' id='line_1_3' title="bbox 186 259 1271 304; baseline 0 -9"><span class='ocrx_word' id='word_1_12' title='bbox 186 260 332 296; x_wconf 85' lang='lat' dir='ltr'><strong>minoris</strong></span> <span class='ocrx_word' id='word_1_13' title='bbox 356 263 493 295; x_wconf 89' lang='lat' dir='ltr'><strong>tutores</strong></span> <span class='ocrx_word' id='word_1_14' title='bbox 517 259 624 304; x_wconf 91' lang='lat' dir='ltr'><strong>culpa</strong></span> <span class='ocrx_word' id='word_1_15' title='bbox 647 268 771 295; x_wconf 89' lang='lat' dir='ltr'><strong>eorum</strong></span> <span class='ocrx_word' id='word_1_16' title='bbox 795 259 1051 295; x_wconf 90' lang='lat' dir='ltr'><strong>condemnatos</strong></span> <span class='ocrx_word' id='word_1_17' title='bbox 1074 270 1147 295; x_wconf 90' lang='lat' dir='ltr'><strong>non</strong></span> <span class='ocrx_word' id='word_1_18' title='bbox 1170 269 1271 295; x_wconf 84' lang='lat' dir='ltr'><strong>esse:</strong></span> 
     </span>
     <span class='ocr_line' id='line_1_4' title="bbox 187 303 1274 349; baseline 0 -9"><span class='ocrx_word' id='word_1_19' title='bbox 187 315 234 340; x_wconf 86' lang='lat' dir='ltr'><strong>an</strong></span> <span class='ocrx_word' id='word_1_20' title='bbox 256 304 433 340; x_wconf 80' lang='lat' dir='ltr'><strong>restitutio</strong></span> <span class='ocrx_word' id='word_1_21' title='bbox 457 303 627 339; x_wconf 87' lang='lat' dir='ltr'><strong>adversus</strong></span> <span class='ocrx_word' id='word_1_22' title='bbox 651 307 787 339; x_wconf 88' lang='lat' dir='ltr'><strong>tutores</strong></span> <span class='ocrx_word' id='word_1_23' title='bbox 813 304 954 340; x_wconf 81' lang='lat' dir='ltr'><strong>cesset?</strong></span> <span class='ocrx_word' id='word_1_24' title='bbox 994 307 1030 338; x_wconf 90' lang='lat' dir='ltr'><strong>et</strong></span> <span class='ocrx_word' id='word_1_25' title='bbox 1052 304 1274 349; x_wconf 75' lang='lat' dir='ltr'><strong>Papinianus</strong></span> 
     </span>
     <span class='ocr_line' id='line_1_5' title="bbox 187 348 1275 394; baseline -0.001 -9"><span class='ocrx_word' id='word_1_26' title='bbox 187 359 439 394; x_wconf 77' lang='lat' dir='ltr'><strong>responsorum</strong></span> <span class='ocrx_word' id='word_1_27' title='bbox 473 348 562 384; x_wconf 91' lang='lat' dir='ltr'><strong>libro</strong></span> <span class='ocrx_word' id='word_1_28' title='bbox 597 348 755 384; x_wconf 86' lang='lat' dir='ltr'><strong>secundo</strong></span> <span class='ocrx_word' id='word_1_29' title='bbox 790 348 842 384; x_wconf 89' lang='lat' dir='ltr'><strong>ait</strong></span> <span class='ocrx_word' id='word_1_30' title='bbox 876 348 983 383; x_wconf 89' lang='lat' dir='ltr'><strong>nihilo</strong></span> <span class='ocrx_word' id='word_1_31' title='bbox 1019 348 1134 384; x_wconf 90' lang='lat' dir='ltr'><strong>minus</strong></span> <span class='ocrx_word' id='word_1_32' title='bbox 1167 358 1275 394; x_wconf 89' lang='lat' dir='ltr'><strong>posse</strong></span> 
     </span>
     <span class='ocr_line' id='line_1_6' title="bbox 186 392 1274 435; baseline 0 -6"><span class='ocrx_word' id='word_1_33' title='bbox 186 393 325 429; x_wconf 88' lang='lat' dir='ltr'><strong>restitui</strong></span> <span class='ocrx_word' id='word_1_34' title='bbox 359 398 394 429; x_wconf 89' lang='lat' dir='ltr'><strong>et</strong></span> <span class='ocrx_word' id='word_1_35' title='bbox 427 393 561 429; x_wconf 88' lang='lat' dir='ltr'><strong>idcirco</strong></span> <span class='ocrx_word' id='word_1_36' title='bbox 595 397 797 435; x_wconf 75' lang='lat' dir='ltr'><strong>curatores,</strong></span> <span class='ocrx_word' id='word_1_37' title='bbox 829 394 858 428; x_wconf 93' lang='lat' dir='ltr'><strong>si</strong></span> <span class='ocrx_word' id='word_1_38' title='bbox 892 392 1048 428; x_wconf 90' lang='lat' dir='ltr'><strong>nondum</strong></span> <span class='ocrx_word' id='word_1_39' title='bbox 1079 393 1274 429; x_wconf 90' lang='lat' dir='ltr'><strong>iudicatum</strong></span> 
     </span>
     <span class='ocr_line' id='line_1_7' title="bbox 187 438 1274 483; baseline 0.001 -10"><span class='ocrx_word' id='word_1_40' title='bbox 187 438 370 481; x_wconf 78' lang='lat' dir='ltr'><strong>fecerunt,</strong></span> <span class='ocrx_word' id='word_1_41' title='bbox 406 448 511 483; x_wconf 92' lang='lat' dir='ltr'><strong>posse</strong></span> <span class='ocrx_word' id='word_1_42' title='bbox 544 443 779 483; x_wconf 86' lang='lat' dir='ltr'><strong>provocantes</strong></span> <span class='ocrx_word' id='word_1_43' title='bbox 822 449 886 483; x_wconf 89' lang='lat' dir='ltr'><strong>per</strong></span> <span class='ocrx_word' id='word_1_44' title='bbox 919 438 1165 483; x_wconf 85' lang='lat' dir='ltr'><strong>exceptionem</strong></span> <span class='ocrx_word' id='word_1_45' title='bbox 1201 438 1274 474; x_wconf 89' lang='lat' dir='ltr'><strong>doli</strong></span> 
     </span>
     <span class='ocr_line' id='line_1_8' title="bbox 187 482 1271 528; baseline 0 -10"><span class='ocrx_word' id='word_1_46' title='bbox 187 484 368 528; x_wconf 91' lang='lat' dir='ltr'><strong>consequi,</strong></span> <span class='ocrx_word' id='word_1_47' title='bbox 394 488 434 518; x_wconf 97' lang='grc' dir='ltr'><strong>ιιι</strong></span> <span class='ocrx_word' id='word_1_48' title='bbox 457 484 508 518; x_wconf 88' lang='lat' dir='ltr'><strong>eis</strong></span> <span class='ocrx_word' id='word_1_49' title='bbox 531 482 746 519; x_wconf 88' lang='lat' dir='ltr'><strong>mandentur</strong></span> <span class='ocrx_word' id='word_1_50' title='bbox 762 482 930 518; x_wconf 88' lang='lat' dir='ltr'><strong>adversus</strong></span> <span class='ocrx_word' id='word_1_51' title='bbox 947 487 1083 518; x_wconf 89' lang='lat' dir='ltr'><strong>tutores</strong></span> <span class='ocrx_word' id='word_1_52' title='bbox 1100 483 1271 519; x_wconf 78' lang='lat' dir='ltr'><strong>actiones.</strong></span> 
     </span>
     <span class='ocr_line' id='line_1_9' title="bbox 187 527 1273 573; baseline 0 -10"><span class='ocrx_word' id='word_1_53' title='bbox 187 527 272 573; x_wconf 91' lang='lat' dir='ltr'><strong>quid</strong></span> <span class='ocrx_word' id='word_1_54' title='bbox 303 532 423 563; x_wconf 86' lang='lat' dir='ltr'><strong>tamen</strong></span> <span class='ocrx_word' id='word_1_55' title='bbox 456 527 487 563; x_wconf 93' lang='lat' dir='ltr'><strong>si</strong></span> <span class='ocrx_word' id='word_1_56' title='bbox 517 528 588 563; x_wconf 89' lang='lat' dir='ltr'><strong>iam</strong></span> <span class='ocrx_word' id='word_1_57' title='bbox 624 527 789 563; x_wconf 77' lang='lat' dir='ltr'><strong>fecerunt</strong></span> <span class='ocrx_word' id='word_1_58' title='bbox 829 527 1024 562; x_wconf 79' lang='lat' dir='ltr'><strong>iudicatum</strong></span> <span class='ocrx_word' id='word_1_59' title='bbox 1064 528 1273 563; x_wconf 72' lang='lat' dir='ltr'><strong>curatores?</strong></span> 
     </span>
     <span class='ocr_line' id='line_1_10' title="bbox 186 572 1272 618; baseline 0.001 -11"><span class='ocrx_word' id='word_1_60' title='bbox 186 572 345 618; x_wconf 86' lang='lat' dir='ltr'><strong>proderit</strong></span> <span class='ocrx_word' id='word_1_61' title='bbox 367 573 436 608; x_wconf 91' lang='lat' dir='ltr'><strong>hoc</strong></span> <span class='ocrx_word' id='word_1_62' title='bbox 461 572 659 615; x_wconf 90' lang='lat' dir='ltr'><strong>tutoribus,</strong></span> <span class='ocrx_word' id='word_1_63' title='bbox 691 573 858 618; x_wconf 85' lang='lat' dir='ltr'><strong>quoniam</strong></span> <span class='ocrx_word' id='word_1_64' title='bbox 890 572 977 607; x_wconf 88' lang='lat' dir='ltr'><strong>nihil</strong></span> <span class='ocrx_word' id='word_1_65' title='bbox 1008 572 1135 609; x_wconf 92' lang='lat' dir='ltr'><strong>minori</strong></span> <span class='ocrx_word' id='word_1_66' title='bbox 1159 572 1272 615; x_wconf 89' lang='lat' dir='ltr'><strong>abest,</strong></span> 
     </span>
     <span class='ocr_line' id='line_1_11' title="bbox 187 616 1272 664; baseline 0 -12"><span class='ocrx_word' id='word_1_67' title='bbox 187 617 247 662; x_wconf 92' lang='lat' dir='ltr'><strong>qui</strong></span> <span class='ocrx_word' id='word_1_68' title='bbox 279 617 323 653; x_wconf 91' lang='lat' dir='ltr'><strong>de</strong></span> <span class='ocrx_word' id='word_1_69' title='bbox 353 617 487 663; x_wconf 90' lang='lat' dir='ltr'><strong>praeda</strong></span> <span class='ocrx_word' id='word_1_70' title='bbox 516 618 627 664; x_wconf 79' lang='lat' dir='ltr'><strong>magis</strong></span> <span class='ocrx_word' id='word_1_71' title='bbox 659 628 765 663; x_wconf 91' lang='lat' dir='ltr'><strong>quam</strong></span> <span class='ocrx_word' id='word_1_72' title='bbox 789 617 833 652; x_wconf 91' lang='lat' dir='ltr'><strong>de</strong></span> <span class='ocrx_word' id='word_1_73' title='bbox 856 616 984 652; x_wconf 89' lang='lat' dir='ltr'><strong>damno</strong></span> <span class='ocrx_word' id='word_1_74' title='bbox 1009 617 1181 653; x_wconf 89' lang='lat' dir='ltr'><strong>sollicitus</strong></span> <span class='ocrx_word' id='word_1_75' title='bbox 1206 621 1272 659; x_wconf 90' lang='lat' dir='ltr'><strong>est,</strong></span> 
     </span>
     <span class='ocr_line' id='line_1_12' title="bbox 187 661 1247 707; baseline 0.002 -11"><span class='ocrx_word' id='word_1_76' title='bbox 187 662 254 697; x_wconf 88' lang='lat' dir='ltr'><strong>nisi</strong></span> <span class='ocrx_word' id='word_1_77' title='bbox 277 661 370 698; x_wconf 80' lang='lat' dir='ltr'><strong>forte</strong></span> <span class='ocrx_word' id='word_1_78' title='bbox 393 662 563 698; x_wconf 89' lang='lat' dir='ltr'><strong>mandare</strong></span> <span class='ocrx_word' id='word_1_79' title='bbox 586 662 746 698; x_wconf 84' lang='lat' dir='ltr'><strong>actiones</strong></span> <span class='ocrx_word' id='word_1_80' title='bbox 769 666 917 707; x_wconf 89' lang='lat' dir='ltr'><strong>paratus</strong></span> <span class='ocrx_word' id='word_1_81' title='bbox 941 662 988 697; x_wconf 90' lang='lat' dir='ltr'><strong>sit</strong></span> <span class='ocrx_word' id='word_1_82' title='bbox 1009 662 1247 698; x_wconf 88' lang='lat' dir='ltr'><strong>curatoribus.</strong></span> 
     </span>
    </p>

    <p class='ocr_par' dir='ltr' id='par_1_3' title="bbox 186 704 1271 843">
     <span class='ocr_line' id='line_1_13' title="bbox 231 704 1270 759; baseline -0.002 -15"><span class='ocrx_word' id='word_1_83' title='bbox 231 704 284 744; x_wconf 81' lang='lat'><strong>26</strong></span> <span class='ocrx_word' id='word_1_84' title='bbox 322 706 482 743; x_wconf 67' lang='lat' dir='ltr'><em>PAULUS</em></span> <span class='ocrx_word' id='word_1_85' title='bbox 512 707 604 744; x_wconf 83' lang='lat' dir='ltr'><strong>libro</strong></span> <span class='ocrx_word' id='word_1_86' title='bbox 640 708 806 743; x_wconf 83' lang='lat' dir='ltr'><strong>vicesimo</strong></span> <span class='ocrx_word' id='word_1_87' title='bbox 851 711 981 759; x_wconf 82' lang='lat' dir='ltr'><strong>quarto</strong></span> <span class='ocrx_word' id='word_1_88' title='bbox 1025 707 1075 743; x_wconf 87' lang='lat' dir='ltr'><strong>ad</strong></span> <span class='ocrx_word' id='word_1_89' title='bbox 1116 707 1270 743; x_wconf 82' lang='lat' dir='ltr'><strong>edictum</strong></span> 
     </span>
     <span class='ocr_line' id='line_1_14' title="bbox 186 751 1271 798; baseline -0.001 -10"><span class='ocrx_word' id='word_1_90' title='bbox 186 751 296 787; x_wconf 90' lang='lat' dir='ltr'><strong>Cum¹</strong></span> <span class='ocrx_word' id='word_1_91' title='bbox 332 756 498 788; x_wconf 82' lang='lat' dir='ltr'><strong>curatore</strong></span> <span class='ocrx_word' id='word_1_92' title='bbox 530 756 566 788; x_wconf 90' lang='lat' dir='ltr'><strong>et</strong></span> <span class='ocrx_word' id='word_1_93' title='bbox 596 756 783 798; x_wconf 89' lang='lat' dir='ltr'><strong>protutore</strong></span> <span class='ocrx_word' id='word_1_94' title='bbox 822 758 927 787; x_wconf 88' lang='lat' dir='ltr'><strong>etiam</strong></span> <span class='ocrx_word' id='word_1_95' title='bbox 960 756 1126 787; x_wconf 84' lang='lat' dir='ltr'><strong>manente</strong></span> <span class='ocrx_word' id='word_1_96' title='bbox 1161 751 1271 787; x_wconf 91' lang='lat' dir='ltr'><strong>admi-</strong></span> 
     </span>
     <span class='ocr_line' id='line_1_15' title="bbox 186 797 627 843; baseline -0.002 -11"><span class='ocrx_word' id='word_1_97' title='bbox 186 797 396 833; x_wconf 86' lang='lat' dir='ltr'><strong>nistratione</strong></span> <span class='ocrx_word' id='word_1_98' title='bbox 465 797 473 805; x_wconf 84' lang='lat'>&#39;</span> <span class='ocrx_word' id='word_1_99' title='bbox 498 801 627 843; x_wconf 89' lang='lat' dir='ltr'><strong>potest.</strong></span> 
     </span>
    </p>

    <p class='ocr_par' dir='ltr' id='par_1_4' title="bbox 185 807 1272 968">
     <span class='ocr_line' id='line_1_16' title="bbox 231 807 1272 888; baseline -0.003 -9"><span class='ocrx_word' id='word_1_100' title='bbox 231 839 283 879; x_wconf 87' lang='lat'><strong>27</strong></span> <span class='ocrx_word' id='word_1_101' title='bbox 309 807 527 878; x_wconf 50' lang='lat' dir='ltr'><strong>lossuaglbro</strong></span> <span class='ocrx_word' id='word_1_102' title='bbox 551 843 701 888; x_wconf 83' lang='lat' dir='ltr'><strong>septimo</strong></span> <span class='ocrx_word' id='word_1_103' title='bbox 733 841 783 876; x_wconf 84' lang='lat' dir='ltr'><strong>ad</strong></span> <span class='ocrx_word' id='word_1_104' title='bbox 816 841 997 877; x_wconf 82' lang='lat' dir='ltr'><strong>Plautium</strong></span> <span class='ocrx_word' id='word_1_105' title='bbox 1052 841 1185 884; x_wconf 89' lang='lat' dir='ltr'><strong>Tutor,</strong></span> <span class='ocrx_word' id='word_1_106' title='bbox 1211 841 1272 887; x_wconf 91' lang='lat' dir='ltr'><strong>qui</strong></span> 
     </span>
     <span class='ocr_line' id='line_1_17' title="bbox 185 886 1272 932; baseline -0.001 -10"><span class='ocrx_word' id='word_1_107' title='bbox 185 887 332 923; x_wconf 87' lang='lat' dir='ltr'><strong>tutelam</strong></span> <span class='ocrx_word' id='word_1_108' title='bbox 361 887 471 932; x_wconf 82' lang='lat' dir='ltr'><strong>gerit,</strong></span> <span class='ocrx_word' id='word_1_109' title='bbox 503 891 676 931; x_wconf 88' lang='lat' dir='ltr'><strong>quantum</strong></span> <span class='ocrx_word' id='word_1_110' title='bbox 711 886 757 921; x_wconf 91' lang='lat' dir='ltr'><strong>ad</strong></span> <span class='ocrx_word' id='word_1_111' title='bbox 781 886 1038 931; x_wconf 89' lang='lat' dir='ltr'><strong>providentiam</strong></span> <span class='ocrx_word' id='word_1_112' title='bbox 1060 887 1272 932; x_wconf 90' lang='lat' dir='ltr'><strong>pupillarem</strong></span> 
     </span>
     <span class='ocr_line' id='line_1_18' title="bbox 185 932 709 968; baseline -0.002 -1"><span class='ocrx_word' id='word_1_113' title='bbox 185 932 319 968; x_wconf 89' lang='lat' dir='ltr'><strong>domini</strong></span> <span class='ocrx_word' id='word_1_114' title='bbox 341 932 421 968; x_wconf 89' lang='lat' dir='ltr'><strong>loco</strong></span> <span class='ocrx_word' id='word_1_115' title='bbox 447 933 569 967; x_wconf 81' lang='lat' dir='ltr'><strong>haberi</strong></span> <span class='ocrx_word' id='word_1_116' title='bbox 593 932 709 966; x_wconf 83' lang='lat' dir='ltr'><strong>debet.</strong></span> 
     </span>
    </p>

    <p class='ocr_par' dir='ltr' id='par_1_5' title="bbox 183 974 1273 1471">
     <span class='ocr_line' id='line_1_19' title="bbox 231 974 1273 1015; baseline -0.004 -1"><span class='ocrx_word' id='word_1_117' title='bbox 231 974 284 1015; x_wconf 87' lang='lat'><strong>28</strong></span> <span class='ocrx_word' id='word_1_118' title='bbox 316 976 557 1013; x_wconf 57' lang='lat' dir='ltr'><strong>Mammam</strong></span> <span class='ocrx_word' id='word_1_119' title='bbox 591 977 681 1012; x_wconf 85' lang='lat' dir='ltr'><strong>libro</strong></span> <span class='ocrx_word' id='word_1_120' title='bbox 724 978 849 1011; x_wconf 81' lang='lat' dir='ltr'><strong>octavo</strong></span> <span class='ocrx_word' id='word_1_121' title='bbox 881 975 921 1010; x_wconf 81' lang='lat' dir='ltr'><strong>di</strong></span> <span class='ocrx_word' id='word_1_122' title='bbox 945 979 1101 1011; x_wconf 71' lang='lat' dir='ltr'><strong>ester-um</strong></span> <span class='ocrx_word' id='word_1_123' title='bbox 1156 974 1273 1011; x_wconf 87' lang='lat' dir='ltr'><strong>Tutor</strong></span> 
     </span>
     <span class='ocr_line' id='line_1_20' title="bbox 185 1020 1272 1075; baseline -0.003 -17"><span class='ocrx_word' id='word_1_124' title='bbox 185 1033 248 1075; x_wconf 86' lang='lat' dir='ltr'><strong>pro</strong></span> <span class='ocrx_word' id='word_1_125' title='bbox 273 1022 407 1068; x_wconf 86' lang='lat' dir='ltr'><strong>pupille</strong></span> <span class='ocrx_word' id='word_1_126' title='bbox 432 1022 468 1057; x_wconf 93' lang='lat' dir='ltr'><strong>in</strong></span> <span class='ocrx_word' id='word_1_127' title='bbox 491 1021 661 1057; x_wconf 92' lang='lat' dir='ltr'><strong>iudicium</strong></span> <span class='ocrx_word' id='word_1_128' title='bbox 684 1024 834 1056; x_wconf 84' lang='lat' dir='ltr'><strong>vocatus</strong></span> <span class='ocrx_word' id='word_1_129' title='bbox 858 1030 897 1056; x_wconf 90' lang='lat' dir='ltr'><strong>so</strong></span> <span class='ocrx_word' id='word_1_130' title='bbox 927 1021 1075 1056; x_wconf 89' lang='lat' dir='ltr'><strong>emniter</strong></span> <span class='ocrx_word' id='word_1_131' title='bbox 1098 1020 1208 1056; x_wconf 87' lang='lat' dir='ltr'><strong>cavit:</strong></span> <span class='ocrx_word' id='word_1_132' title='bbox 1242 1020 1272 1055; x_wconf 93' lang='lat' dir='ltr'><strong>si</strong></span> 
     </span>
     <span class='ocr_line' id='line_1_21' title="bbox 184 1065 1273 1112; baseline -0.002 -10"><span class='ocrx_word' id='word_1_133' title='bbox 184 1072 277 1102; x_wconf 88' lang='lat' dir='ltr'><strong>inter</strong></span> <span class='ocrx_word' id='word_1_134' title='bbox 308 1077 427 1103; x_wconf 87' lang='lat' dir='ltr'><strong>moras</strong></span> <span class='ocrx_word' id='word_1_135' title='bbox 460 1077 550 1112; x_wconf 88' lang='lat' dir='ltr'><strong>puer</strong></span> <span class='ocrx_word' id='word_1_136' title='bbox 582 1066 627 1102; x_wconf 89' lang='lat' dir='ltr'><strong>ad</strong></span> <span class='ocrx_word' id='word_1_137' title='bbox 658 1066 883 1111; x_wconf 87' lang='lat' dir='ltr'><strong>pubertatem</strong></span> <span class='ocrx_word' id='word_1_138' title='bbox 944 1065 1096 1108; x_wconf 84' lang='lat' dir='ltr'><strong>ervenit,</strong></span> <span class='ocrx_word' id='word_1_139' title='bbox 1122 1076 1193 1101; x_wconf 90' lang='lat' dir='ltr'><strong>non</strong></span> <span class='ocrx_word' id='word_1_140' title='bbox 1218 1070 1273 1100; x_wconf 92' lang='lat' dir='ltr'><strong>est</strong></span> 
     </span>
     <span class='ocr_line' id='line_1_22' title="bbox 189 1110 1273 1163; baseline -0.002 -16"><span class='ocrx_word' id='word_1_141' title='bbox 189 1116 202 1147; x_wconf 90' lang='lat' dir='ltr'><strong>l</strong></span> <span class='ocrx_word' id='word_1_142' title='bbox 260 1112 440 1157; x_wconf 81' lang='lat' dir='ltr'><strong>cogendus</strong></span> <span class='ocrx_word' id='word_1_143' title='bbox 485 1111 649 1156; x_wconf 86' lang='lat' dir='ltr'><strong>accipere</strong></span> <span class='ocrx_word' id='word_1_144' title='bbox 682 1110 862 1146; x_wconf 90' lang='lat' dir='ltr'><strong>iudicium.</strong></span> <span class='ocrx_word' id='word_1_145' title='bbox 955 1114 1060 1152; x_wconf 90' lang='lat' dir='ltr'><strong>utor,</strong></span> <span class='ocrx_word' id='word_1_146' title='bbox 1096 1110 1157 1156; x_wconf 90' lang='lat' dir='ltr'><strong>qui</strong></span> <span class='ocrx_word' id='word_1_147' title='bbox 1190 1114 1273 1163; x_wconf 84' lang='lat' dir='ltr'><strong>post</strong></span> 
     </span>
     <span class='ocr_line' id='line_1_23' title="bbox 184 1155 1273 1202; baseline -0.002 -10"><span class='ocrx_word' id='word_1_148' title='bbox 184 1157 408 1202; x_wconf 86' lang='lat' dir='ltr'><strong>pubertatem</strong></span> <span class='ocrx_word' id='word_1_149' title='bbox 440 1156 565 1202; x_wconf 87' lang='lat' dir='ltr'><strong>pupilli</strong></span> <span class='ocrx_word' id='word_1_150' title='bbox 597 1156 818 1201; x_wconf 85' lang='lat' dir='ltr'><strong>negotiorum</strong></span> <span class='ocrx_word' id='word_1_151' title='bbox 853 1156 927 1190; x_wconf 90' lang='lat' dir='ltr'><strong>eius</strong></span> <span class='ocrx_word' id='word_1_152' title='bbox 967 1155 1273 1190; x_wconf 78' lang='lat' dir='ltr'><strong>administratione</strong></span> 
     </span>
     <span class='ocr_line' id='line_1_24' title="bbox 185 1200 1273 1246; baseline -0.003 -9"><span class='ocrx_word' id='word_1_153' title='bbox 185 1202 369 1244; x_wconf 85' lang='lat' dir='ltr'><strong>abstinuit,</strong></span> <span class='ocrx_word' id='word_1_154' title='bbox 394 1211 522 1236; x_wconf 89' lang='lat' dir='ltr'><strong>usuras</strong></span> <span class='ocrx_word' id='word_1_155' title='bbox 546 1205 730 1246; x_wconf 89' lang='lat' dir='ltr'><strong>praestare</strong></span> <span class='ocrx_word' id='word_1_156' title='bbox 753 1210 826 1235; x_wconf 92' lang='lat' dir='ltr'><strong>non</strong></span> <span class='ocrx_word' id='word_1_157' title='bbox 850 1200 956 1235; x_wconf 89' lang='lat' dir='ltr'><strong>debet</strong></span> <span class='ocrx_word' id='word_1_158' title='bbox 980 1210 1023 1235; x_wconf 87' lang='lat' dir='ltr'><strong>ex</strong></span> <span class='ocrx_word' id='word_1_159' title='bbox 1047 1211 1117 1245; x_wconf 89' lang='lat' dir='ltr'><strong>quo</strong></span> <span class='ocrx_word' id='word_1_160' title='bbox 1143 1200 1273 1246; x_wconf 88' lang='lat' dir='ltr'><strong>optulit</strong></span> 
     </span>
     <span class='ocr_line' id='line_1_25' title="bbox 184 1244 1273 1292; baseline -0.003 -10"><span class='ocrx_word' id='word_1_161' title='bbox 184 1247 390 1292; x_wconf 90' lang='lat' dir='ltr'><strong>pecuniam:</strong></span> <span class='ocrx_word' id='word_1_162' title='bbox 423 1245 509 1291; x_wconf 84' lang='lat' dir='ltr'><strong>quin</strong></span> <span class='ocrx_word' id='word_1_163' title='bbox 534 1246 640 1281; x_wconf 89' lang='lat' dir='ltr'><strong>etiam</strong></span> <span class='ocrx_word' id='word_1_164' title='bbox 663 1245 792 1280; x_wconf 90' lang='lat' dir='ltr'><strong>iustius</strong></span> <span class='ocrx_word' id='word_1_165' title='bbox 815 1245 901 1279; x_wconf 89' lang='lat' dir='ltr'><strong>mihi</strong></span> <span class='ocrx_word' id='word_1_166' title='bbox 936 1244 1075 1280; x_wconf 87' lang='lat' dir='ltr'><strong>videtur</strong></span> <span class='ocrx_word' id='word_1_167' title='bbox 1106 1255 1186 1280; x_wconf 89' lang='lat' dir='ltr'><strong>eum</strong></span> <span class='ocrx_word' id='word_1_168' title='bbox 1209 1255 1273 1290; x_wconf 89' lang='lat' dir='ltr'><strong>per</strong></span> 
     </span>
     <span class='ocr_line' id='line_1_26' title="bbox 184 1290 1273 1337; baseline -0.003 -10"><span class='ocrx_word' id='word_1_169' title='bbox 184 1302 288 1337; x_wconf 90' lang='lat' dir='ltr'><strong>quem</strong></span> <span class='ocrx_word' id='word_1_170' title='bbox 323 1302 395 1326; x_wconf 93' lang='lat' dir='ltr'><strong>non</strong></span> <span class='ocrx_word' id='word_1_171' title='bbox 430 1291 547 1332; x_wconf 89' lang='lat' dir='ltr'><strong>stetit,</strong></span> <span class='ocrx_word' id='word_1_172' title='bbox 583 1301 653 1336; x_wconf 91' lang='lat' dir='ltr'><strong>quo</strong></span> <span class='ocrx_word' id='word_1_173' title='bbox 689 1290 806 1325; x_wconf 90' lang='lat' dir='ltr'><strong>minus</strong></span> <span class='ocrx_word' id='word_1_174' title='bbox 841 1294 1034 1325; x_wconf 89' lang='lat' dir='ltr'><strong>conventus</strong></span> <span class='ocrx_word' id='word_1_175' title='bbox 1069 1290 1273 1326; x_wconf 89' lang='lat' dir='ltr'><strong>restitueret</strong></span> 
     </span>
     <span class='ocr_line' id='line_1_27' title="bbox 183 1335 1270 1381; baseline -0.002 -10"><span class='ocrx_word' id='word_1_176' title='bbox 183 1337 351 1378; x_wconf 86' lang='lat' dir='ltr'><strong>tutelam,</strong></span> <span class='ocrx_word' id='word_1_177' title='bbox 385 1335 432 1371; x_wconf 89' lang='lat' dir='ltr'><strong>ad</strong></span> <span class='ocrx_word' id='word_1_178' title='bbox 462 1336 741 1381; x_wconf 86' lang='lat' dir='ltr'><strong>praestationem</strong></span> <span class='ocrx_word' id='word_1_179' title='bbox 772 1345 963 1370; x_wconf 87' lang='lat' dir='ltr'><strong>usurarum</strong></span> <span class='ocrx_word' id='word_1_180' title='bbox 993 1346 1065 1371; x_wconf 92' lang='lat' dir='ltr'><strong>non</strong></span> <span class='ocrx_word' id='word_1_181' title='bbox 1098 1346 1176 1371; x_wconf 91' lang='lat' dir='ltr'><strong>com</strong></span> <span class='ocrx_word' id='word_1_182' title='bbox 1204 1335 1270 1369; x_wconf 89' lang='lat' dir='ltr'><strong>elli.</strong></span> 
     </span>
     <span class='ocr_line' id='line_1_28' title="bbox 191 1379 1271 1425; baseline -0.002 -8"><span class='ocrx_word' id='word_1_183' title='bbox 191 1381 386 1418; x_wconf 74' lang='lat' dir='ltr'><em>ULPIANUS</em></span> <span class='ocrx_word' id='word_1_184' title='bbox 406 1386 527 1415; x_wconf 85' lang='lat' dir='ltr'><strong>notat:</strong></span> <span class='ocrx_word' id='word_1_185' title='bbox 558 1391 630 1416; x_wconf 91' lang='lat' dir='ltr'><strong>non</strong></span> <span class='ocrx_word' id='word_1_186' title='bbox 654 1379 789 1416; x_wconf 82' lang='lat' dir='ltr'><strong>sufficit</strong></span> <span class='ocrx_word' id='word_1_187' title='bbox 813 1380 997 1425; x_wconf 85' lang='lat' dir='ltr'><strong>optulisse,</strong></span> <span class='ocrx_word' id='word_1_188' title='bbox 1010 1380 1079 1415; x_wconf 88' lang='lat' dir='ltr'><strong>nisi</strong></span> <span class='ocrx_word' id='word_1_189' title='bbox 1103 1385 1139 1415; x_wconf 90' lang='lat' dir='ltr'><strong>et</strong></span> <span class='ocrx_word' id='word_1_190' title='bbox 1187 1389 1271 1425; x_wconf 88' lang='lat' dir='ltr'><strong>epo-</strong></span> 
     </span>
     <span class='ocr_line' id='line_1_29' title="bbox 184 1425 783 1471; baseline -0.003 -9"><span class='ocrx_word' id='word_1_191' title='bbox 184 1427 256 1462; x_wconf 89' lang='lat' dir='ltr'><strong>suit</strong></span> <span class='ocrx_word' id='word_1_192' title='bbox 280 1426 504 1471; x_wconf 84' lang='lat' dir='ltr'><strong>obsignatam</strong></span> <span class='ocrx_word' id='word_1_193' title='bbox 526 1429 605 1461; x_wconf 86' lang='lat' dir='ltr'><strong>tuto</strong></span> <span class='ocrx_word' id='word_1_194' title='bbox 630 1425 668 1461; x_wconf 89' lang='lat' dir='ltr'><strong>in</strong></span> <span class='ocrx_word' id='word_1_195' title='bbox 690 1425 783 1461; x_wconf 90' lang='lat' dir='ltr'><strong>loco.</strong></span> 
     </span>
    </p>

    <p class='ocr_par' dir='ltr' id='par_1_6' title="bbox 183 1468 1273 1651">
     <span class='ocr_line' id='line_1_30' title="bbox 230 1468 1271 1517; baseline -0.003 -10"><span class='ocrx_word' id='word_1_196' title='bbox 230 1468 283 1508; x_wconf 86' lang='lat'><strong>29</strong></span> <span class='ocrx_word' id='word_1_197' title='bbox 307 1470 568 1506; x_wconf 54' lang='lat' dir='ltr'><strong>Msaecezwffl</strong></span> <span class='ocrx_word' id='word_1_198' title='bbox 608 1470 700 1507; x_wconf 79' lang='lat' dir='ltr'><strong>libro</strong></span> <span class='ocrx_word' id='word_1_199' title='bbox 732 1473 857 1506; x_wconf 84' lang='lat' dir='ltr'><strong>octavo</strong></span> <span class='ocrx_word' id='word_1_200' title='bbox 882 1469 1101 1517; x_wconf 78' lang='lat' dir='ltr'><strong>diqestorum</strong></span> <span class='ocrx_word' id='word_1_201' title='bbox 1160 1469 1271 1504; x_wconf 85' lang='lat' dir='ltr'><strong>maxi-</strong></span> 
     </span>
     <span class='ocr_line' id='line_1_31' title="bbox 183 1515 1272 1567; baseline -0.002 -16"><span class='ocrx_word' id='word_1_202' title='bbox 183 1526 309 1561; x_wconf 89' lang='lat' dir='ltr'><strong>meque</strong></span> <span class='ocrx_word' id='word_1_203' title='bbox 338 1515 504 1551; x_wconf 88' lang='lat' dir='ltr'><strong>heredem</strong></span> <span class='ocrx_word' id='word_1_204' title='bbox 534 1516 684 1551; x_wconf 88' lang='lat' dir='ltr'><strong>tutoris:</strong></span> <span class='ocrx_word' id='word_1_205' title='bbox 724 1525 807 1550; x_wconf 90' lang='lat' dir='ltr'><strong>nam</strong></span> <span class='ocrx_word' id='word_1_206' title='bbox 838 1515 1062 1567; x_wconf 82' lang='lat' dir='ltr'><strong>periniquum</strong></span> <span class='ocrx_word' id='word_1_207' title='bbox 1094 1519 1148 1550; x_wconf 90' lang='lat' dir='ltr'><strong>est</strong></span> <span class='ocrx_word' id='word_1_208' title='bbox 1179 1525 1272 1557; x_wconf 91' lang='lat' dir='ltr'><strong>eum,</strong></span> 
     </span>
     <span class='ocr_line' id='line_1_32' title="bbox 184 1560 1273 1606; baseline -0.002 -10"><span class='ocrx_word' id='word_1_209' title='bbox 184 1562 242 1597; x_wconf 91' lang='lat' dir='ltr'><strong>cui</strong></span> <span class='ocrx_word' id='word_1_210' title='bbox 264 1560 359 1596; x_wconf 81' lang='lat' dir='ltr'><strong>forte</strong></span> <span class='ocrx_word' id='word_1_211' title='bbox 408 1565 465 1596; x_wconf 91' lang='lat' dir='ltr'><strong>ost</strong></span> <span class='ocrx_word' id='word_1_212' title='bbox 487 1561 609 1606; x_wconf 87' lang='lat' dir='ltr'><strong>viginti</strong></span> <span class='ocrx_word' id='word_1_213' title='bbox 633 1571 748 1596; x_wconf 90' lang='lat' dir='ltr'><strong>annos</strong></span> <span class='ocrx_word' id='word_1_214' title='bbox 779 1560 835 1595; x_wconf 89' lang='lat' dir='ltr'><strong>vel</strong></span> <span class='ocrx_word' id='word_1_215' title='bbox 866 1560 1019 1605; x_wconf 85' lang='lat' dir='ltr'><strong>amphus</strong></span> <span class='ocrx_word' id='word_1_216' title='bbox 1050 1560 1088 1595; x_wconf 91' lang='lat' dir='ltr'><strong>in</strong></span> <span class='ocrx_word' id='word_1_217' title='bbox 1119 1563 1273 1595; x_wconf 89' lang='lat' dir='ltr'><strong>mentem</strong></span> 
     </span>
     <span class='ocr_line' id='line_1_33' title="bbox 184 1605 1178 1651; baseline -0.002 -10"><span class='ocrx_word' id='word_1_218' title='bbox 184 1606 278 1641; x_wconf 90' lang='lat' dir='ltr'><strong>venit</strong></span> <span class='ocrx_word' id='word_1_219' title='bbox 301 1610 377 1641; x_wconf 90' lang='lat' dir='ltr'><strong>tute</strong></span> <span class='ocrx_word' id='word_1_220' title='bbox 393 1616 451 1640; x_wconf 92' lang='lat' dir='ltr'><strong>am</strong></span> <span class='ocrx_word' id='word_1_221' title='bbox 475 1616 674 1651; x_wconf 89' lang='lat' dir='ltr'><strong>reposcere,</strong></span> <span class='ocrx_word' id='word_1_222' title='bbox 699 1605 807 1641; x_wconf 89' lang='lat' dir='ltr'><strong>etiam</strong></span> <span class='ocrx_word' id='word_1_223' title='bbox 830 1615 960 1640; x_wconf 86' lang='lat' dir='ltr'><strong>usuras</strong></span> <span class='ocrx_word' id='word_1_224' title='bbox 983 1605 1178 1651; x_wconf 83' lang='lat' dir='ltr'><strong>postulare.</strong></span> 
     </span>
    </p>

    <p class='ocr_par' dir='ltr' id='par_1_7' title="bbox 183 1648 1274 1776">
     <span class='ocr_line' id='line_1_34' title="bbox 229 1648 1272 1697; baseline -0.004 -8"><span class='ocrx_word' id='word_1_225' title='bbox 229 1648 283 1689; x_wconf 87' lang='lat'><strong>30</strong></span> <span class='ocrx_word' id='word_1_226' title='bbox 308 1650 415 1686; x_wconf 67' lang='lat' dir='ltr'><strong>locu</strong></span> <span class='ocrx_word' id='word_1_227' title='bbox 446 1650 537 1687; x_wconf 83' lang='lat' dir='ltr'><strong>libro</strong></span> <span class='ocrx_word' id='word_1_228' title='bbox 561 1652 725 1687; x_wconf 79' lang='lat' dir='ltr'><strong>vicesimo</strong></span> <span class='ocrx_word' id='word_1_229' title='bbox 743 1651 867 1696; x_wconf 80' lang='lat' dir='ltr'><strong>primo</strong></span> <span class='ocrx_word' id='word_1_230' title='bbox 891 1650 1112 1697; x_wconf 77' lang='lat' dir='ltr'><strong>diqestorum</strong></span> <span class='ocrx_word' id='word_1_231' title='bbox 1159 1649 1272 1685; x_wconf 88' lang='lat' dir='ltr'><strong>Tuto·</strong></span> 
     </span>
     <span class='ocr_line' id='line_1_35' title="bbox 183 1695 1274 1776; baseline -0.002 -44"><span class='ocrx_word' id='word_1_232' title='bbox 183 1696 487 1776; x_wconf 70' lang='lat' dir='ltr'><strong>rislipraecipuum</strong></span> <span class='ocrx_word' id='word_1_233' title='bbox 511 1701 566 1731; x_wconf 88' lang='lat' dir='ltr'><strong>est</strong></span> <span class='ocrx_word' id='word_1_234' title='bbox 589 1695 759 1738; x_wconf 84' lang='lat' dir='ltr'><strong>officium,</strong></span> <span class='ocrx_word' id='word_1_235' title='bbox 784 1705 829 1730; x_wconf 90' lang='lat' dir='ltr'><strong>ne</strong></span> <span class='ocrx_word' id='word_1_236' title='bbox 852 1695 1076 1731; x_wconf 85' lang='lat' dir='ltr'><strong>indefensum</strong></span> <span class='ocrx_word' id='word_1_237' title='bbox 1099 1695 1274 1740; x_wconf 87' lang='lat' dir='ltr'><strong>pupillum</strong></span> 
     </span>
     <span class='ocr_line' id='line_1_36' title="bbox 184 1746 372 1776; baseline 0 0"><span class='ocrx_word' id='word_1_238' title='bbox 184 1752 222 1776; x_wconf 85' lang='lat' dir='ltr'><strong>re</strong></span> <span class='ocrx_word' id='word_1_239' title='bbox 249 1753 273 1776; x_wconf 90' lang='lat' dir='ltr'><strong>n</strong></span> <span class='ocrx_word' id='word_1_240' title='bbox 298 1746 372 1776; x_wconf 88' lang='lat' dir='ltr'><strong>uat.</strong></span> 
     </span>
    </p>

    <p class='ocr_par' dir='ltr' id='par_1_8' title="bbox 184 1752 1275 2057">
     <span class='ocr_line' id='line_1_37' title="bbox 230 1752 1274 1832; baseline -0.002 -9"><span class='ocrx_word' id='word_1_241' title='bbox 230 1752 564 1823; x_wconf 70' lang='lat' dir='ltr'><strong>31qM0012srmvs</strong></span> <span class='ocrx_word' id='word_1_242' title='bbox 592 1785 682 1821; x_wconf 83' lang='lat' dir='ltr'><strong>libro</strong></span> <span class='ocrx_word' id='word_1_243' title='bbox 708 1786 832 1832; x_wconf 84' lang='lat' dir='ltr'><strong>primo</strong></span> <span class='ocrx_word' id='word_1_244' title='bbox 864 1785 1140 1821; x_wconf 79' lang='lat' dir='ltr'><strong>excusationum</strong></span> <span class='ocrx_word' id='word_1_245' title='bbox 1193 1783 1274 1821; x_wconf 86' lang='lat' dir='ltr'><strong>Divi</strong></span> 
     </span>
     <span class='ocr_line' id='line_1_38' title="bbox 184 1828 1273 1876; baseline -0.003 -9"><span class='ocrx_word' id='word_1_246' title='bbox 184 1831 335 1867; x_wconf 87' lang='lat' dir='ltr'><strong>Severus</strong></span> <span class='ocrx_word' id='word_1_247' title='bbox 360 1835 396 1866; x_wconf 88' lang='lat' dir='ltr'><strong>et</strong></span> <span class='ocrx_word' id='word_1_248' title='bbox 406 1831 610 1866; x_wconf 88' lang='lat' dir='ltr'><strong>Antoninus</strong></span> <span class='ocrx_word' id='word_1_249' title='bbox 622 1831 776 1876; x_wconf 85' lang='lat' dir='ltr'><strong>Augusti</strong></span> <span class='ocrx_word' id='word_1_250' title='bbox 796 1830 918 1875; x_wconf 85' lang='lat' dir='ltr'><strong>Sergio</strong></span> <span class='ocrx_word' id='word_1_251' title='bbox 931 1830 1080 1866; x_wconf 84' lang='lat' dir='ltr'><strong>Iuliano.</strong></span> <span class='ocrx_word' id='word_1_252' title='bbox 1118 1828 1273 1872; x_wconf 87' lang='lat' dir='ltr'><strong>‘Forma‚</strong></span> 
     </span>
     <span class='ocr_line' id='line_1_39' title="bbox 184 1874 1275 1957; baseline -0.002 -1"><span class='ocrx_word' id='word_1_253' title='bbox 184 1876 452 1957; x_wconf 52' lang='lat' dir='ltr'><strong>lissssniinguuha&#39;m</strong></span> <span class='ocrx_word' id='word_1_254' title='bbox 461 1874 1275 1956; x_wconf 53' lang='lat' dir='ltr'><strong>‘iffrssfiaffissnfflffluedffiffiffliiffi</strong></span> 
     </span>
     <span class='ocr_line' id='line_1_40' title="bbox 186 1932 1274 2012; baseline -0.002 -11"><span class='ocrx_word' id='word_1_255' title='bbox 186 1932 396 2012; x_wconf 41' lang='lat' dir='ltr'><strong>‘pubertaffiis</strong></span> <span class='ocrx_word' id='word_1_256' title='bbox 420 1970 583 2010; x_wconf 89' lang='lat' dir='ltr'><strong>tempora</strong></span> <span class='ocrx_word' id='word_1_257' title='bbox 606 1966 725 2001; x_wconf 91' lang='lat' dir='ltr'><strong>locum</strong></span> <span class='ocrx_word' id='word_1_258' title='bbox 749 1966 877 2008; x_wconf 90' lang='lat' dir='ltr'><strong>habet,</strong></span> <span class='ocrx_word' id='word_1_259' title='bbox 909 1947 982 2001; x_wconf 60' lang='lat' dir='ltr'><strong>{ion</strong></span> <span class='ocrx_word' id='word_1_260' title='bbox 1006 1965 1113 2000; x_wconf 91' lang='lat' dir='ltr'><strong>etiam</strong></span> <span class='ocrx_word' id='word_1_261' title='bbox 1137 1964 1168 2000; x_wconf 90' lang='lat' dir='ltr'><strong>si</strong></span> <span class='ocrx_word' id='word_1_262' title='bbox 1190 1967 1274 2009; x_wconf 89' lang='lat' dir='ltr'><strong>post</strong></span> 
     </span>
     <span class='ocr_line' id='line_1_41' title="bbox 185 2011 792 2057; baseline 0 -11"><span class='ocrx_word' id='word_1_263' title='bbox 185 2012 424 2057; x_wconf 87' lang='lat' dir='ltr'><strong>‘pubertatem</strong></span> <span class='ocrx_word' id='word_1_264' title='bbox 449 2011 792 2046; x_wconf 86' lang='lat' dir='ltr'><strong>administraverint&#39;.</strong></span> 
     </span>
    </p>

    <p class='ocr_par' dir='ltr' id='par_1_9' title="bbox 183 2053 1276 3541">
     <span class='ocr_line' id='line_1_42' title="bbox 230 2053 1274 2103; baseline -0.005 -9"><span class='ocrx_word' id='word_1_265' title='bbox 230 2054 285 2094; x_wconf 88' lang='lat'><strong>32</strong></span> <span class='ocrx_word' id='word_1_266' title='bbox 309 2056 416 2091; x_wconf 74' lang='lat' dir='ltr'><strong>Imm</strong></span> <span class='ocrx_word' id='word_1_267' title='bbox 447 2056 538 2092; x_wconf 81' lang='lat' dir='ltr'><strong>libro</strong></span> <span class='ocrx_word' id='word_1_268' title='bbox 573 2060 679 2092; x_wconf 80' lang='lat' dir='ltr'><strong>sexto</strong></span> <span class='ocrx_word' id='word_1_269' title='bbox 714 2066 971 2103; x_wconf 81' lang='lat' dir='ltr'><strong>responsorum</strong></span> <span class='ocrx_word' id='word_1_270' title='bbox 1029 2054 1113 2090; x_wconf 90' lang='lat' dir='ltr'><strong>Sine</strong></span> <span class='ocrx_word' id='word_1_271' title='bbox 1143 2053 1274 2090; x_wconf 89' lang='lat' dir='ltr'><strong>herede</strong></span> 
     </span>
     <span class='ocr_line' id='line_1_43' title="bbox 184 2099 1273 2146; baseline -0.002 -10"><span class='ocrx_word' id='word_1_272' title='bbox 184 2105 283 2137; x_wconf 92' lang='lat' dir='ltr'><strong>tutor</strong></span> <span class='ocrx_word' id='word_1_273' title='bbox 319 2101 492 2137; x_wconf 89' lang='lat' dir='ltr'><strong>decessit:</strong></span> <span class='ocrx_word' id='word_1_274' title='bbox 538 2111 691 2146; x_wconf 82' lang='lat' dir='ltr'><strong>quaero,</strong></span> <span class='ocrx_word' id='word_1_275' title='bbox 725 2111 771 2136; x_wconf 93' lang='lat' dir='ltr'><strong>an</strong></span> <span class='ocrx_word' id='word_1_276' title='bbox 808 2106 953 2136; x_wconf 90' lang='lat' dir='ltr'><strong>curator</strong></span> <span class='ocrx_word' id='word_1_277' title='bbox 983 2100 1119 2146; x_wconf 92' lang='lat' dir='ltr'><strong>pupillo</strong></span> <span class='ocrx_word' id='word_1_278' title='bbox 1156 2099 1273 2142; x_wconf 91' lang='lat' dir='ltr'><strong>datus,</strong></span> 
     </span>
     <span class='ocr_line' id='line_1_44' title="bbox 185 2144 1273 2192; baseline -0.002 -10"><span class='ocrx_word' id='word_1_279' title='bbox 185 2157 266 2182; x_wconf 89' lang='lat' dir='ltr'><strong>cuin</strong></span> <span class='ocrx_word' id='word_1_280' title='bbox 289 2156 405 2192; x_wconf 90' lang='lat' dir='ltr'><strong>neque</strong></span> <span class='ocrx_word' id='word_1_281' title='bbox 428 2146 626 2181; x_wconf 88' lang='lat' dir='ltr'><strong>inventaria</strong></span> <span class='ocrx_word' id='word_1_282' title='bbox 649 2156 764 2191; x_wconf 90' lang='lat' dir='ltr'><strong>neque</strong></span> <span class='ocrx_word' id='word_1_283' title='bbox 788 2146 859 2181; x_wconf 86' lang='lat' dir='ltr'><strong>alia</strong></span> <span class='ocrx_word' id='word_1_284' title='bbox 881 2146 1117 2181; x_wconf 90' lang='lat' dir='ltr'><strong>instrumenta</strong></span> <span class='ocrx_word' id='word_1_285' title='bbox 1140 2155 1163 2180; x_wconf 90' lang='lat' dir='ltr'><strong>a</strong></span> <span class='ocrx_word' id='word_1_286' title='bbox 1186 2144 1273 2180; x_wconf 85' lang='lat' dir='ltr'><strong>fide-</strong></span> 
     </span>
     <span class='ocr_line' id='line_1_45' title="bbox 183 2189 1273 2236; baseline -0.002 -10"><span class='ocrx_word' id='word_1_287' title='bbox 183 2192 322 2227; x_wconf 91' lang='lat' dir='ltr'><strong>iussore</strong></span> <span class='ocrx_word' id='word_1_288' title='bbox 344 2191 473 2226; x_wconf 88' lang='lat' dir='ltr'><strong>tutoris</strong></span> <span class='ocrx_word' id='word_1_289' title='bbox 498 2191 751 2233; x_wconf 85' lang='lat' dir='ltr'><strong>exhibeantur,</strong></span> <span class='ocrx_word' id='word_1_290' title='bbox 776 2191 891 2236; x_wconf 86' lang='lat' dir='ltr'><strong>possit</strong></span> <span class='ocrx_word' id='word_1_291' title='bbox 914 2190 1065 2226; x_wconf 90' lang='lat' dir='ltr'><strong>eundem</strong></span> <span class='ocrx_word' id='word_1_292' title='bbox 1088 2189 1273 2224; x_wconf 90' lang='lat' dir='ltr'><strong>fideiusso-</strong></span> 
     </span>
     <span class='ocr_line' id='line_1_46' title="bbox 184 2235 1273 2287; baseline -0.002 -15"><span class='ocrx_word' id='word_1_293' title='bbox 184 2247 259 2272; x_wconf 88' lang='lat' dir='ltr'><strong>rem</strong></span> <span class='ocrx_word' id='word_1_294' title='bbox 284 2236 472 2272; x_wconf 90' lang='lat' dir='ltr'><strong>convenire</strong></span> <span class='ocrx_word' id='word_1_295' title='bbox 496 2246 541 2271; x_wconf 86' lang='lat' dir='ltr'><strong>ex</strong></span> <span class='ocrx_word' id='word_1_296' title='bbox 564 2236 811 2281; x_wconf 89' lang='lat' dir='ltr'><strong>stipulatione,</strong></span> <span class='ocrx_word' id='word_1_297' title='bbox 836 2236 985 2287; x_wconf 82' lang='lat' dir='ltr'><strong>quanti³</strong></span> <span class='ocrx_word' id='word_1_298' title='bbox 1032 2235 1132 2280; x_wconf 92' lang='lat' dir='ltr'><strong>upilli</strong></span> <span class='ocrx_word' id='word_1_299' title='bbox 1163 2235 1273 2270; x_wconf 91' lang='lat' dir='ltr'><strong>inter-</strong></span> 
     </span>
     <span class='ocr_line' id='line_1_47' title="bbox 184 2247 1273 2326; baseline -0.002 -10"><span class='ocrx_word' id='word_1_300' title='bbox 184 2286 249 2317; x_wconf 87' lang='lat' dir='ltr'><strong>est.</strong></span> <span class='ocrx_word' id='word_1_301' title='bbox 297 2281 522 2316; x_wconf 88' lang='lat' dir='ltr'><strong>Modestinus</strong></span> <span class='ocrx_word' id='word_1_302' title='bbox 558 2280 744 2326; x_wconf 88' lang='lat' dir='ltr'><strong>respondit</strong></span> <span class='ocrx_word' id='word_1_303' title='bbox 771 2281 808 2316; x_wconf 90' lang='lat' dir='ltr'><strong>in</strong></span> <span class='ocrx_word' id='word_1_304' title='bbox 840 2280 877 2316; x_wconf 86' lang='lat' dir='ltr'><strong>id</strong></span> <span class='ocrx_word' id='word_1_305' title='bbox 887 2281 900 2300; x_wconf 79' lang='lat'><strong>·¹</strong></span> <span class='ocrx_word' id='word_1_306' title='bbox 931 2247 1030 2326; x_wconf 51' lang='lat' dir='ltr'><strong>quos</strong></span> <span class='ocrx_word' id='word_1_307' title='bbox 1058 2284 1158 2316; x_wconf 87' lang='lat' dir='ltr'><strong>tutor</strong></span> <span class='ocrx_word' id='word_1_308' title='bbox 1188 2290 1273 2315; x_wconf 92' lang='lat' dir='ltr'><strong>con-</strong></span> 
     </span>
     <span class='ocr_line' id='line_1_48' title="bbox 185 2325 1272 2371; baseline -0.001 -10"><span class='ocrx_word' id='word_1_309' title='bbox 185 2326 294 2362; x_wconf 86' lang='lat' dir='ltr'><strong>veniri</strong></span> <span class='ocrx_word' id='word_1_310' title='bbox 351 2326 460 2368; x_wconf 87' lang='lat' dir='ltr'><strong>otuit,</strong></span> <span class='ocrx_word' id='word_1_311' title='bbox 493 2325 738 2362; x_wconf 85' lang='lat' dir='ltr'><strong>fideiussorem</strong></span> <span class='ocrx_word' id='word_1_312' title='bbox 770 2336 911 2371; x_wconf 91' lang='lat' dir='ltr'><strong>quoque</strong></span> <span class='ocrx_word' id='word_1_313' title='bbox 944 2325 1124 2362; x_wconf 87' lang='lat' dir='ltr'><strong>conveniri</strong></span> <span class='ocrx_word' id='word_1_314' title='bbox 1180 2334 1272 2360; x_wconf 89' lang='lat' dir='ltr'><strong>osse.</strong></span> 
     </span>
     <span class='ocr_line' id='line_1_49' title="bbox 189 2370 1272 2416; baseline -0.002 -10"><span class='ocrx_word' id='word_1_315' title='bbox 189 2375 201 2406; x_wconf 81' lang='lat'>1</span> <span class='ocrx_word' id='word_1_316' title='bbox 252 2371 314 2406; x_wconf 94' lang='lat' dir='ltr'><strong>Mo</strong></span> <span class='ocrx_word' id='word_1_317' title='bbox 342 2371 476 2406; x_wconf 90' lang='lat' dir='ltr'><strong>estinus</strong></span> <span class='ocrx_word' id='word_1_318' title='bbox 499 2381 556 2406; x_wconf 89' lang='lat' dir='ltr'><strong>res</strong></span> <span class='ocrx_word' id='word_1_319' title='bbox 584 2371 685 2407; x_wconf 90' lang='lat' dir='ltr'><strong>ondit</strong></span> <span class='ocrx_word' id='word_1_320' title='bbox 708 2370 877 2406; x_wconf 84' lang='lat' dir='ltr'><strong>damnum</strong></span> <span class='ocrx_word' id='word_1_321' title='bbox 900 2370 931 2406; x_wconf 90' lang='lat' dir='ltr'><strong>si</strong></span> <span class='ocrx_word' id='word_1_322' title='bbox 955 2370 1050 2416; x_wconf 90' lang='lat' dir='ltr'><strong>quod</strong></span> <span class='ocrx_word' id='word_1_323' title='bbox 1063 2370 1140 2405; x_wconf 91' lang='lat' dir='ltr'><strong>acci</strong></span> <span class='ocrx_word' id='word_1_324' title='bbox 1178 2373 1194 2404; x_wconf 91' lang='lat' dir='ltr'><strong>t</strong></span> <span class='ocrx_word' id='word_1_325' title='bbox 1218 2379 1272 2412; x_wconf 90' lang='lat' dir='ltr'><strong>eo,</strong></span> 
     </span>
     <span class='ocr_line' id='line_1_50' title="bbox 184 2416 1273 2462; baseline -0.003 -10"><span class='ocrx_word' id='word_1_326' title='bbox 184 2417 268 2462; x_wconf 90' lang='lat' dir='ltr'><strong>quia</strong></span> <span class='ocrx_word' id='word_1_327' title='bbox 301 2416 485 2452; x_wconf 90' lang='lat' dir='ltr'><strong>cautiones</strong></span> <span class='ocrx_word' id='word_1_328' title='bbox 516 2426 556 2452; x_wconf 93' lang='lat' dir='ltr'><strong>so</strong></span> <span class='ocrx_word' id='word_1_329' title='bbox 571 2417 624 2451; x_wconf 93' lang='lat' dir='ltr'><strong>uti</strong></span> <span class='ocrx_word' id='word_1_330' title='bbox 655 2416 836 2460; x_wconf 87' lang='lat' dir='ltr'><strong>vectigalis</strong></span> <span class='ocrx_word' id='word_1_331' title='bbox 866 2416 1031 2451; x_wconf 88' lang='lat' dir='ltr'><strong>inventae</strong></span> <span class='ocrx_word' id='word_1_332' title='bbox 1067 2426 1139 2450; x_wconf 93' lang='lat' dir='ltr'><strong>non</strong></span> <span class='ocrx_word' id='word_1_333' title='bbox 1177 2417 1273 2457; x_wconf 90' lang='lat' dir='ltr'><strong>sunt,</strong></span> 
     </span>
     <span class='ocr_line' id='line_1_51' title="bbox 184 2460 1272 2506; baseline -0.002 -10"><span class='ocrx_word' id='word_1_334' title='bbox 184 2461 230 2496; x_wconf 89' lang='lat' dir='ltr'><strong>ad</strong></span> <span class='ocrx_word' id='word_1_335' title='bbox 254 2465 429 2503; x_wconf 89' lang='lat' dir='ltr'><strong>tutorem,</strong></span> <span class='ocrx_word' id='word_1_336' title='bbox 462 2461 562 2496; x_wconf 91' lang='lat' dir='ltr'><strong>cuius</strong></span> <span class='ocrx_word' id='word_1_337' title='bbox 594 2461 692 2497; x_wconf 91' lang='lat' dir='ltr'><strong>nulla</strong></span> <span class='ocrx_word' id='word_1_338' title='bbox 723 2461 831 2506; x_wconf 86' lang='lat' dir='ltr'><strong>culpa</strong></span> <span class='ocrx_word' id='word_1_339' title='bbox 861 2460 1018 2496; x_wconf 89' lang='lat' dir='ltr'><strong>admissa</strong></span> <span class='ocrx_word' id='word_1_340' title='bbox 1043 2490 1046 2493; x_wconf 93' lang='grc'><em>,</em></span> <span class='ocrx_word' id='word_1_341' title='bbox 1076 2460 1272 2506; x_wconf 87' lang='lat' dir='ltr'><strong>roponitur‚</strong></span> 
     </span>
     <span class='ocr_line' id='line_1_52' title="bbox 184 2505 1275 2551; baseline -0.001 -10"><span class='ocrx_word' id='word_1_342' title='bbox 184 2509 204 2541; x_wconf 84' lang='lat'>2</span> <span class='ocrx_word' id='word_1_343' title='bbox 252 2507 395 2541; x_wconf 89' lang='lat' dir='ltr'><strong>minime</strong></span> <span class='ocrx_word' id='word_1_344' title='bbox 418 2506 606 2551; x_wconf 88' lang='lat' dir='ltr'><strong>pertinere.</strong></span> <span class='ocrx_word' id='word_1_345' title='bbox 654 2505 878 2541; x_wconf 89' lang='lat' dir='ltr'><strong>Modestinus</strong></span> <span class='ocrx_word' id='word_1_346' title='bbox 914 2510 1042 2551; x_wconf 84' lang='lat' dir='ltr'><strong>respon</strong></span> <span class='ocrx_word' id='word_1_347' title='bbox 1071 2506 1098 2540; x_wconf 86' lang='lat' dir='ltr'><strong>&#39;t</strong></span> <span class='ocrx_word' id='word_1_348' title='bbox 1120 2508 1275 2540; x_wconf 89' lang='lat' dir='ltr'><strong>tutorem</strong></span> 
     </span>
     <span class='ocr_line' id='line_1_53' title="bbox 184 2549 1274 2596; baseline -0.001 -10"><span class='ocrx_word' id='word_1_349' title='bbox 184 2562 307 2586; x_wconf 90' lang='lat' dir='ltr'><strong>eorum</strong></span> <span class='ocrx_word' id='word_1_350' title='bbox 338 2551 516 2587; x_wconf 90' lang='lat' dir='ltr'><strong>redituum</strong></span> <span class='ocrx_word' id='word_1_351' title='bbox 551 2551 694 2587; x_wconf 84' lang='lat' dir='ltr'><strong>nomine</strong></span> <span class='ocrx_word' id='word_1_352' title='bbox 724 2551 899 2586; x_wconf 87' lang='lat' dir='ltr'><strong>rationem</strong></span> <span class='ocrx_word' id='word_1_353' title='bbox 930 2550 1088 2596; x_wconf 87' lang='lat' dir='ltr'><strong>pupillae</strong></span> <span class='ocrx_word' id='word_1_354' title='bbox 1125 2549 1274 2585; x_wconf 85' lang='lat' dir='ltr'><strong>reddere</strong></span> 
     </span>
     <span class='ocr_line' id='line_1_54' title="bbox 186 2595 1271 2642; baseline -0.002 -11"><span class='ocrx_word' id='word_1_355' title='bbox 186 2597 335 2638; x_wconf 88' lang='lat' dir='ltr'><strong>debere,</strong></span> <span class='ocrx_word' id='word_1_356' title='bbox 360 2596 421 2642; x_wconf 88' lang='lat' dir='ltr'><strong>qui</strong></span> <span class='ocrx_word' id='word_1_357' title='bbox 456 2606 500 2631; x_wconf 91' lang='lat' dir='ltr'><strong>ex</strong></span> <span class='ocrx_word' id='word_1_358' title='bbox 534 2595 646 2632; x_wconf 83' lang='lat' dir='ltr'><strong>fundo</strong></span> <span class='ocrx_word' id='word_1_359' title='bbox 682 2596 780 2632; x_wconf 92' lang='lat' dir='ltr'><strong>bona</strong></span> <span class='ocrx_word' id='word_1_360' title='bbox 815 2596 885 2631; x_wconf 84' lang='lat' dir='ltr'><strong>fide</strong></span> <span class='ocrx_word' id='word_1_361' title='bbox 908 2596 1045 2641; x_wconf 89' lang='lat' dir='ltr'><strong>percipi</strong></span> <span class='ocrx_word' id='word_1_362' title='bbox 1067 2598 1271 2641; x_wconf 89' lang='lat' dir='ltr'><strong>potuerunt.</strong></span> 
     </span>
     <span class='ocr_line' id='line_1_55' title="bbox 184 2639 1273 2687; baseline -0.003 -11"><span class='ocrx_word' id='word_1_363' title='bbox 184 2644 203 2676; x_wconf 90' lang='lat'>3</span> <span class='ocrx_word' id='word_1_364' title='bbox 251 2641 339 2676; x_wconf 88' lang='lat' dir='ltr'><strong>Item</strong></span> <span class='ocrx_word' id='word_1_365' title='bbox 362 2641 556 2687; x_wconf 87' lang='lat' dir='ltr'><strong>respondit,</strong></span> <span class='ocrx_word' id='word_1_366' title='bbox 581 2642 612 2676; x_wconf 92' lang='lat' dir='ltr'><strong>si</strong></span> <span class='ocrx_word' id='word_1_367' title='bbox 630 2641 746 2676; x_wconf 92' lang='lat' dir='ltr'><strong>minus</strong></span> <span class='ocrx_word' id='word_1_368' title='bbox 770 2651 793 2676; x_wconf 91' lang='lat' dir='ltr'><strong>a</strong></span> <span class='ocrx_word' id='word_1_369' title='bbox 817 2651 916 2677; x_wconf 91' lang='lat' dir='ltr'><strong>servo</strong></span> <span class='ocrx_word' id='word_1_370' title='bbox 949 2644 1047 2676; x_wconf 90' lang='lat' dir='ltr'><strong>tutor</strong></span> <span class='ocrx_word' id='word_1_371' title='bbox 1081 2639 1239 2686; x_wconf 89' lang='lat' dir='ltr'><strong>percepit</strong></span> <span class='ocrx_word' id='word_1_372' title='bbox 1249 2641 1273 2682; x_wconf 83' lang='lat'><strong>⁵,</strong></span> 
     </span>
     <span class='ocr_line' id='line_1_56' title="bbox 184 2684 1275 2732; baseline -0.001 -12"><span class='ocrx_word' id='word_1_373' title='bbox 184 2696 292 2731; x_wconf 85' lang='lat' dir='ltr'><strong>quam</strong></span> <span class='ocrx_word' id='word_1_374' title='bbox 314 2687 410 2721; x_wconf 90' lang='lat' dir='ltr'><strong>bona</strong></span> <span class='ocrx_word' id='word_1_375' title='bbox 433 2686 503 2721; x_wconf 86' lang='lat' dir='ltr'><strong>fide</strong></span> <span class='ocrx_word' id='word_1_376' title='bbox 526 2696 571 2721; x_wconf 93' lang='lat' dir='ltr'><strong>ex</strong></span> <span class='ocrx_word' id='word_1_377' title='bbox 593 2686 705 2722; x_wconf 84' lang='lat' dir='ltr'><strong>fundo</strong></span> <span class='ocrx_word' id='word_1_378' title='bbox 729 2686 866 2732; x_wconf 89' lang='lat' dir='ltr'><strong>percipi</strong></span> <span class='ocrx_word' id='word_1_379' title='bbox 889 2686 1024 2731; x_wconf 88' lang='lat' dir='ltr'><strong>potuit,</strong></span> <span class='ocrx_word' id='word_1_380' title='bbox 1057 2695 1102 2720; x_wconf 91' lang='lat' dir='ltr'><strong>ex</strong></span> <span class='ocrx_word' id='word_1_381' title='bbox 1133 2695 1195 2727; x_wconf 89' lang='lat' dir='ltr'><strong>eo,</strong></span> <span class='ocrx_word' id='word_1_382' title='bbox 1230 2684 1275 2720; x_wconf 87' lang='lat' dir='ltr'><strong>de</strong></span> 
     </span>
     <span class='ocr_line' id='line_1_57' title="bbox 185 2729 1274 2777; baseline -0.001 -11"><span class='ocrx_word' id='word_1_383' title='bbox 185 2741 255 2776; x_wconf 92' lang='lat' dir='ltr'><strong>quo</strong></span> <span class='ocrx_word' id='word_1_384' title='bbox 279 2731 436 2776; x_wconf 90' lang='lat' dir='ltr'><strong>pupillae</strong></span> <span class='ocrx_word' id='word_1_385' title='bbox 460 2731 506 2766; x_wconf 92' lang='lat' dir='ltr'><strong>sit</strong></span> <span class='ocrx_word' id='word_1_386' title='bbox 530 2731 736 2773; x_wconf 87' lang='lat' dir='ltr'><strong>obstrictus,</strong></span> <span class='ocrx_word' id='word_1_387' title='bbox 761 2737 934 2777; x_wconf 89' lang='lat' dir='ltr'><strong>quantum</strong></span> <span class='ocrx_word' id='word_1_388' title='bbox 954 2741 999 2766; x_wconf 92' lang='lat' dir='ltr'><strong>ex</strong></span> <span class='ocrx_word' id='word_1_389' title='bbox 1018 2730 1158 2776; x_wconf 90' lang='lat' dir='ltr'><strong>peculio</strong></span> <span class='ocrx_word' id='word_1_390' title='bbox 1183 2729 1274 2765; x_wconf 87' lang='lat' dir='ltr'><strong>servi</strong></span> 
     </span>
     <span class='ocr_line' id='line_1_58' title="bbox 185 2774 1276 2821; baseline -0.002 -10"><span class='ocrx_word' id='word_1_391' title='bbox 185 2777 319 2811; x_wconf 88' lang='lat' dir='ltr'><strong>servari</strong></span> <span class='ocrx_word' id='word_1_392' title='bbox 342 2776 465 2821; x_wconf 90' lang='lat' dir='ltr'><strong>possit,</strong></span> <span class='ocrx_word' id='word_1_393' title='bbox 491 2776 604 2811; x_wconf 91' lang='lat' dir='ltr'><strong>eidem</strong></span> <span class='ocrx_word' id='word_1_394' title='bbox 628 2776 738 2811; x_wconf 89' lang='lat' dir='ltr'><strong>tutori</strong></span> <span class='ocrx_word' id='word_1_395' title='bbox 786 2776 935 2812; x_wconf 86' lang='lat' dir='ltr'><strong>roficere</strong></span> <span class='ocrx_word' id='word_1_396' title='bbox 959 2775 1106 2818; x_wconf 89' lang='lat' dir='ltr'><strong>debere,</strong></span> <span class='ocrx_word' id='word_1_397' title='bbox 1139 2774 1276 2810; x_wconf 88' lang='lat' dir='ltr'><strong>scilicet</strong></span> 
     </span>
     <span class='ocr_line' id='line_1_59' title="bbox 185 2819 1272 2865; baseline 0 -10"><span class='ocrx_word' id='word_1_398' title='bbox 185 2820 215 2856; x_wconf 88' lang='lat' dir='ltr'><strong>si</strong></span> <span class='ocrx_word' id='word_1_399' title='bbox 251 2830 323 2855; x_wconf 91' lang='lat' dir='ltr'><strong>non</strong></span> <span class='ocrx_word' id='word_1_400' title='bbox 358 2821 541 2865; x_wconf 89' lang='lat' dir='ltr'><strong>perdituro</strong></span> <span class='ocrx_word' id='word_1_401' title='bbox 586 2831 689 2857; x_wconf 90' lang='lat' dir='ltr'><strong>servo</strong></span> <span class='ocrx_word' id='word_1_402' title='bbox 734 2831 756 2856; x_wconf 88' lang='lat' dir='ltr'><strong>a</strong></span> <span class='ocrx_word' id='word_1_403' title='bbox 817 2821 1076 2856; x_wconf 90' lang='lat' dir='ltr'><strong>inistrationem</strong></span> <span class='ocrx_word' id='word_1_404' title='bbox 1112 2819 1272 2856; x_wconf 87' lang='lat' dir='ltr'><strong>credidit.</strong></span> 
     </span>
     <span class='ocr_line' id='line_1_60' title="bbox 185 2865 1272 2910; baseline 0 -10"><span class='ocrx_word' id='word_1_405' title='bbox 185 2869 205 2900; x_wconf 82' lang='lat'><strong>4</strong></span> <span class='ocrx_word' id='word_1_406' title='bbox 254 2865 467 2910; x_wconf 82' lang='lat' dir='ltr'><strong>Interposito</strong></span> <span class='ocrx_word' id='word_1_407' title='bbox 493 2871 660 2902; x_wconf 84' lang='lat' dir='ltr'><strong>curatore</strong></span> <span class='ocrx_word' id='word_1_408' title='bbox 679 2866 889 2902; x_wconf 90' lang='lat' dir='ltr'><strong>adulescens</strong></span> <span class='ocrx_word' id='word_1_409' title='bbox 911 2865 1062 2901; x_wconf 86' lang='lat' dir='ltr'><strong>fundum</strong></span> <span class='ocrx_word' id='word_1_410' title='bbox 1075 2865 1169 2901; x_wconf 91' lang='lat' dir='ltr'><strong>Titio</strong></span> <span class='ocrx_word' id='word_1_411' title='bbox 1189 2875 1272 2900; x_wconf 90' lang='lat' dir='ltr'><strong>ven-</strong></span> 
     </span>
     <span class='ocr_line' id='line_1_61' title="bbox 185 2909 1273 2963; baseline 0.001 -18"><span class='ocrx_word' id='word_1_412' title='bbox 185 2909 293 2945; x_wconf 84' lang='lat' dir='ltr'><strong>didit:</strong></span> <span class='ocrx_word' id='word_1_413' title='bbox 325 2914 451 2955; x_wconf 89' lang='lat' dir='ltr'><strong>postea</strong></span> <span class='ocrx_word' id='word_1_414' title='bbox 482 2911 627 2963; x_wconf 77' lang='lat' dir='ltr'><strong>adgnita</strong></span> <span class='ocrx_word' id='word_1_415' title='bbox 657 2910 785 2947; x_wconf 84' lang='lat' dir='ltr'><strong>fraude</strong></span> <span class='ocrx_word' id='word_1_416' title='bbox 815 2913 851 2946; x_wconf 93' lang='lat' dir='ltr'><strong>in</strong></span> <span class='ocrx_word' id='word_1_417' title='bbox 883 2911 1058 2957; x_wconf 81' lang='lat' dir='ltr'><strong>integrum</strong></span> <span class='ocrx_word' id='word_1_418' title='bbox 1088 2910 1273 2946; x_wconf 85' lang='lat' dir='ltr'><strong>restitutus</strong></span> 
     </span>
     <span class='ocr_line' id='line_1_62' title="bbox 184 2955 1273 3002; baseline 0.001 -12"><span class='ocrx_word' id='word_1_419' title='bbox 184 2955 221 2990; x_wconf 92' lang='lat' dir='ltr'><strong>in</strong></span> <span class='ocrx_word' id='word_1_420' title='bbox 245 2955 507 3001; x_wconf 88' lang='lat' dir='ltr'><strong>possessionem</strong></span> <span class='ocrx_word' id='word_1_421' title='bbox 531 2956 653 2992; x_wconf 86' lang='lat' dir='ltr'><strong>induci</strong></span> <span class='ocrx_word' id='word_1_422' title='bbox 682 2957 802 2992; x_wconf 90' lang='lat' dir='ltr'><strong>iussus</strong></span> <span class='ocrx_word' id='word_1_423' title='bbox 834 2962 904 2992; x_wconf 86' lang='lat' dir='ltr'><strong>est:</strong></span> <span class='ocrx_word' id='word_1_424' title='bbox 939 2966 1084 3002; x_wconf 88' lang='lat' dir='ltr'><strong>quaero,</strong></span> <span class='ocrx_word' id='word_1_425' title='bbox 1109 2966 1166 2998; x_wconf 89' lang='lat' dir='ltr'><strong>an,</strong></span> <span class='ocrx_word' id='word_1_426' title='bbox 1192 2965 1273 2991; x_wconf 86' lang='lat' dir='ltr'><strong>cum</strong></span> 
     </span>
     <span class='ocr_line' id='line_1_63' title="bbox 186 2999 1273 3045; baseline -0.001 -9"><span class='ocrx_word' id='word_1_427' title='bbox 186 3010 231 3036; x_wconf 89' lang='lat' dir='ltr'><strong>ex</strong></span> <span class='ocrx_word' id='word_1_428' title='bbox 269 2999 339 3035; x_wconf 90' lang='lat' dir='ltr'><strong>hac</strong></span> <span class='ocrx_word' id='word_1_429' title='bbox 379 3000 580 3036; x_wconf 90' lang='lat' dir='ltr'><strong>venditione</strong></span> <span class='ocrx_word' id='word_1_430' title='bbox 611 3002 735 3037; x_wconf 89' lang='lat' dir='ltr'><strong>melior</strong></span> <span class='ocrx_word' id='word_1_431' title='bbox 765 3001 884 3037; x_wconf 77' lang='lat' dir='ltr'><strong>factus</strong></span> <span class='ocrx_word' id='word_1_432' title='bbox 916 3011 989 3037; x_wconf 91' lang='lat' dir='ltr'><strong>non</strong></span> <span class='ocrx_word' id='word_1_433' title='bbox 1021 3005 1075 3036; x_wconf 92' lang='lat' dir='ltr'><strong>est</strong></span> <span class='ocrx_word' id='word_1_434' title='bbox 1099 3010 1214 3045; x_wconf 91' lang='lat' dir='ltr'><strong>neque</strong></span> <span class='ocrx_word' id='word_1_435' title='bbox 1235 2999 1273 3034; x_wconf 88' lang='lat' dir='ltr'><strong>in</strong></span> 
     </span>
     <span class='ocr_line' id='line_1_64' title="bbox 185 3046 1271 3092; baseline 0 -12"><span class='ocrx_word' id='word_1_436' title='bbox 185 3055 260 3080; x_wconf 86' lang='lat' dir='ltr'><strong>rem</strong></span> <span class='ocrx_word' id='word_1_437' title='bbox 285 3055 388 3080; x_wconf 88' lang='lat' dir='ltr'><strong>suam</strong></span> <span class='ocrx_word' id='word_1_438' title='bbox 412 3046 602 3090; x_wconf 86' lang='lat' dir='ltr'><strong>quicquam</strong></span> <span class='ocrx_word' id='word_1_439' title='bbox 624 3057 765 3082; x_wconf 88' lang='lat' dir='ltr'><strong>versum</strong></span> <span class='ocrx_word' id='word_1_440' title='bbox 789 3047 972 3092; x_wconf 87' lang='lat' dir='ltr'><strong>probetur,</strong></span> <span class='ocrx_word' id='word_1_441' title='bbox 997 3046 1150 3092; x_wconf 90' lang='lat' dir='ltr'><strong>pretium</strong></span> <span class='ocrx_word' id='word_1_442' title='bbox 1174 3055 1229 3080; x_wconf 90' lang='lat' dir='ltr'><strong>em</strong></span> <span class='ocrx_word' id='word_1_443' title='bbox 1256 3064 1271 3072; x_wconf 89' lang='lat'><em>-</em></span> 
     </span>
     <span class='ocr_line' id='line_1_65' title="bbox 184 3090 1274 3136; baseline -0.002 -10"><span class='ocrx_word' id='word_1_444' title='bbox 184 3090 254 3126; x_wconf 87' lang='lat' dir='ltr'><strong>tori</strong></span> <span class='ocrx_word' id='word_1_445' title='bbox 287 3090 474 3125; x_wconf 86' lang='lat' dir='ltr'><strong>restituere</strong></span> <span class='ocrx_word' id='word_1_446' title='bbox 520 3102 591 3126; x_wconf 94' lang='lat' dir='ltr'><strong>non</strong></span> <span class='ocrx_word' id='word_1_447' title='bbox 626 3091 765 3127; x_wconf 87' lang='lat' dir='ltr'><strong>debeat.</strong></span> <span class='ocrx_word' id='word_1_448' title='bbox 825 3091 1047 3127; x_wconf 90' lang='lat' dir='ltr'><strong>Modestinus</strong></span> <span class='ocrx_word' id='word_1_449' title='bbox 1089 3101 1218 3136; x_wconf 90' lang='lat' dir='ltr'><strong>respon</strong></span> <span class='ocrx_word' id='word_1_450' title='bbox 1245 3090 1274 3124; x_wconf 91' lang='lat' dir='ltr'><strong>it</strong></span> 
     </span>
     <span class='ocr_line' id='line_1_66' title="bbox 184 3134 1272 3181; baseline 0 -11"><span class='ocrx_word' id='word_1_451' title='bbox 184 3135 338 3181; x_wconf 88' lang='lat' dir='ltr'><strong>pretium</strong></span> <span class='ocrx_word' id='word_1_452' title='bbox 361 3134 461 3170; x_wconf 83' lang='lat' dir='ltr'><strong>fundi</strong></span> <span class='ocrx_word' id='word_1_453' title='bbox 482 3136 526 3170; x_wconf 91' lang='lat' dir='ltr'><strong>ab</strong></span> <span class='ocrx_word' id='word_1_454' title='bbox 553 3136 779 3172; x_wconf 88' lang='lat' dir='ltr'><strong>adulescente</strong></span> <span class='ocrx_word' id='word_1_455' title='bbox 796 3136 1008 3179; x_wconf 88' lang='lat' dir='ltr'><strong>venumdati,</strong></span> <span class='ocrx_word' id='word_1_456' title='bbox 1026 3137 1057 3171; x_wconf 89' lang='lat' dir='ltr'><strong>si</strong></span> <span class='ocrx_word' id='word_1_457' title='bbox 1073 3135 1272 3171; x_wconf 86' lang='lat' dir='ltr'><strong>rationibus</strong></span> 
     </span>
     <span class='ocr_line' id='line_1_67' title="bbox 184 3180 1273 3233; baseline -0.001 -18"><span class='ocrx_word' id='word_1_458' title='bbox 184 3180 260 3216; x_wconf 91' lang='lat' dir='ltr'><strong>eius</strong></span> <span class='ocrx_word' id='word_1_459' title='bbox 286 3190 357 3216; x_wconf 94' lang='lat' dir='ltr'><strong>non</strong></span> <span class='ocrx_word' id='word_1_460' title='bbox 380 3180 515 3225; x_wconf 85' lang='lat' dir='ltr'><strong>profuit</strong></span> <span class='ocrx_word' id='word_1_461' title='bbox 539 3191 603 3216; x_wconf 89' lang='lat' dir='ltr'><strong>nec</strong></span> <span class='ocrx_word' id='word_1_462' title='bbox 638 3182 827 3233; x_wconf 84' lang='lat' dir='ltr'><strong>quicquam</strong></span> <span class='ocrx_word' id='word_1_463' title='bbox 862 3181 906 3217; x_wconf 91' lang='lat' dir='ltr'><strong>de</strong></span> <span class='ocrx_word' id='word_1_464' title='bbox 938 3192 979 3217; x_wconf 88' lang='lat' dir='ltr'><strong>eo</strong></span> <span class='ocrx_word' id='word_1_465' title='bbox 1012 3182 1057 3216; x_wconf 80' lang='lat' dir='ltr'><strong>a⁰</strong></span> <span class='ocrx_word' id='word_1_466' title='bbox 1092 3180 1273 3216; x_wconf 90' lang='lat' dir='ltr'><strong>iudicante</strong></span> 
     </span>
     <span class='ocr_line' id='line_1_68' title="bbox 185 3225 1272 3271; baseline 0 -11"><span class='ocrx_word' id='word_1_467' title='bbox 185 3225 228 3260; x_wconf 88' lang='lat' dir='ltr'><strong>de</strong></span> <span class='ocrx_word' id='word_1_468' title='bbox 252 3225 289 3260; x_wconf 91' lang='lat' dir='ltr'><strong>in</strong></span> <span class='ocrx_word' id='word_1_469' title='bbox 312 3226 488 3270; x_wconf 82' lang='lat' dir='ltr'><strong>integrum</strong></span> <span class='ocrx_word' id='word_1_470' title='bbox 512 3226 736 3261; x_wconf 80' lang='lat' dir='ltr'><strong>restitutione</strong></span> <span class='ocrx_word' id='word_1_471' title='bbox 768 3230 941 3262; x_wconf 86' lang='lat' dir='ltr'><strong>statutum</strong></span> <span class='ocrx_word' id='word_1_472' title='bbox 971 3230 1044 3268; x_wconf 94' lang='lat' dir='ltr'><strong>est,</strong></span> <span class='ocrx_word' id='word_1_473' title='bbox 1078 3229 1272 3271; x_wconf 90' lang='lat' dir='ltr'><strong>emptorem</strong></span> 
     </span>
     <span class='ocr_line' id='line_1_69' title="bbox 185 3270 1271 3324; baseline 0 -19"><span class='ocrx_word' id='word_1_474' title='bbox 185 3274 204 3305; x_wconf 83' lang='lat'><strong>5</strong></span> <span class='ocrx_word' id='word_1_475' title='bbox 252 3270 388 3306; x_wconf 84' lang='lat' dir='ltr'><strong>frustra</strong></span> <span class='ocrx_word' id='word_1_476' title='bbox 418 3270 610 3316; x_wconf 87' lang='lat' dir='ltr'><strong>postulare.</strong></span> <span class='ocrx_word' id='word_1_477' title='bbox 670 3272 757 3306; x_wconf 90' lang='lat' dir='ltr'><strong>ltem</strong></span> <span class='ocrx_word' id='word_1_478' title='bbox 780 3272 964 3324; x_wconf 85' lang='lat' dir='ltr'><strong>respondit</strong></span> <span class='ocrx_word' id='word_1_479' title='bbox 986 3271 1186 3317; x_wconf 89' lang='lat' dir='ltr'><strong>sumptibus</strong></span> <span class='ocrx_word' id='word_1_480' title='bbox 1209 3280 1271 3305; x_wconf 88' lang='lat' dir='ltr'><strong>vo·</strong></span> 
     </span>
     <span class='ocr_line' id='line_1_70' title="bbox 183 3315 1270 3367; baseline 0 -17"><span class='ocrx_word' id='word_1_481' title='bbox 183 3315 331 3360; x_wconf 89' lang='lat' dir='ltr'><strong>luptatis</strong></span> <span class='ocrx_word' id='word_1_482' title='bbox 355 3325 466 3351; x_wconf 92' lang='lat' dir='ltr'><strong>causa</strong></span> <span class='ocrx_word' id='word_1_483' title='bbox 497 3315 543 3351; x_wconf 88' lang='lat' dir='ltr'><strong>ab</strong></span> <span class='ocrx_word' id='word_1_484' title='bbox 576 3320 734 3367; x_wconf 86' lang='lat' dir='ltr'><strong>emptore</strong></span> <span class='ocrx_word' id='word_1_485' title='bbox 764 3316 869 3352; x_wconf 88' lang='lat' dir='ltr'><strong>factis</strong></span> <span class='ocrx_word' id='word_1_486' title='bbox 901 3316 1163 3352; x_wconf 81' lang='lat' dir='ltr'><strong>adulescentem</strong></span> <span class='ocrx_word' id='word_1_487' title='bbox 1186 3325 1270 3351; x_wconf 90' lang='lat' dir='ltr'><strong>one-</strong></span> 
     </span>
     <span class='ocr_line' id='line_1_71' title="bbox 184 3360 1272 3414; baseline 0.001 -19"><span class='ocrx_word' id='word_1_488' title='bbox 184 3360 336 3395; x_wconf 86' lang='lat' dir='ltr'><strong>randum</strong></span> <span class='ocrx_word' id='word_1_489' title='bbox 360 3370 431 3395; x_wconf 92' lang='lat' dir='ltr'><strong>non</strong></span> <span class='ocrx_word' id='word_1_490' title='bbox 456 3370 552 3396; x_wconf 85' lang='lat' dir='ltr'><strong>esse:</strong></span> <span class='ocrx_word' id='word_1_491' title='bbox 586 3372 647 3414; x_wconf 80' lang='lat' dir='ltr'><strong>qui</strong></span> <span class='ocrx_word' id='word_1_492' title='bbox 671 3366 788 3395; x_wconf 86' lang='lat' dir='ltr'><strong>tamen</strong></span> <span class='ocrx_word' id='word_1_493' title='bbox 814 3362 859 3396; x_wconf 90' lang='lat' dir='ltr'><strong>ab</strong></span> <span class='ocrx_word' id='word_1_494' title='bbox 884 3361 1006 3397; x_wconf 88' lang='lat' dir='ltr'><strong>eodem</strong></span> <span class='ocrx_word' id='word_1_495' title='bbox 1032 3361 1196 3397; x_wconf 88' lang='lat' dir='ltr'><strong>aedificio</strong></span> <span class='ocrx_word' id='word_1_496' title='bbox 1221 3361 1272 3396; x_wconf 90' lang='lat' dir='ltr'><strong>ita</strong></span> 
     </span>
     <span class='ocr_line' id='line_1_72' title="bbox 184 3405 1273 3451; baseline 0 -11"><span class='ocrx_word' id='word_1_497' title='bbox 184 3406 318 3440; x_wconf 84' lang='lat' dir='ltr'><strong>auferri</strong></span> <span class='ocrx_word' id='word_1_498' title='bbox 340 3410 503 3451; x_wconf 91' lang='lat' dir='ltr'><strong>possunt,</strong></span> <span class='ocrx_word' id='word_1_499' title='bbox 528 3410 568 3441; x_wconf 90' lang='lat' dir='ltr'><strong>ut</strong></span> <span class='ocrx_word' id='word_1_500' title='bbox 590 3417 627 3441; x_wconf 83' lang='lat' dir='ltr'><strong>in</strong></span> <span class='ocrx_word' id='word_1_501' title='bbox 649 3405 743 3440; x_wconf 88' lang='lat' dir='ltr'><strong>facie</strong></span> <span class='ocrx_word' id='word_1_502' title='bbox 765 3407 926 3450; x_wconf 90' lang='lat' dir='ltr'><strong>pristina,</strong></span> <span class='ocrx_word' id='word_1_503' title='bbox 950 3406 987 3441; x_wconf 91' lang='lat' dir='ltr'><strong>id</strong></span> <span class='ocrx_word' id='word_1_504' title='bbox 1011 3410 1066 3442; x_wconf 90' lang='lat' dir='ltr'><strong>est</strong></span> <span class='ocrx_word' id='word_1_505' title='bbox 1089 3416 1181 3451; x_wconf 87' lang='lat' dir='ltr'><strong>quae</strong></span> <span class='ocrx_word' id='word_1_506' title='bbox 1203 3405 1273 3441; x_wconf 80' lang='lat' dir='ltr'><strong>suit</strong></span> 
     </span>
     <span class='ocr_line' id='line_1_73' title="bbox 184 3450 1271 3497; baseline 0.002 -13"><span class='ocrx_word' id='word_1_507' title='bbox 184 3454 269 3485; x_wconf 89' lang='lat' dir='ltr'><strong>ante</strong></span> <span class='ocrx_word' id='word_1_508' title='bbox 309 3450 567 3493; x_wconf 88' lang='lat' dir='ltr'><strong>venditionem,</strong></span> <span class='ocrx_word' id='word_1_509' title='bbox 607 3450 806 3486; x_wconf 88' lang='lat' dir='ltr'><strong>aedificium</strong></span> <span class='ocrx_word' id='word_1_510' title='bbox 847 3462 924 3486; x_wconf 91' lang='lat' dir='ltr'><strong>esse</strong></span> <span class='ocrx_word' id='word_1_511' title='bbox 957 3452 1088 3497; x_wconf 88' lang='lat' dir='ltr'><strong>possit,</strong></span> <span class='ocrx_word' id='word_1_512' title='bbox 1122 3451 1271 3496; x_wconf 88' lang='lat' dir='ltr'><strong>emptori</strong></span> 
     </span>
     <span class='ocr_line' id='line_1_74' title="bbox 186 3495 1268 3541; baseline 0.001 -11"><span class='ocrx_word' id='word_1_513' title='bbox 186 3499 206 3530; x_wconf 90' lang='grc'><strong>6</strong></span> <span class='ocrx_word' id='word_1_514' title='bbox 254 3495 395 3531; x_wconf 81' lang='lat' dir='ltr'><strong>auferre</strong></span> <span class='ocrx_word' id='word_1_515' title='bbox 418 3496 572 3540; x_wconf 88' lang='lat' dir='ltr'><strong>permitti</strong></span> <span class='ocrx_word' id='word_1_516' title='bbox 597 3500 773 3541; x_wconf 88' lang='lat' dir='ltr'><strong>oportere.</strong></span> <span class='ocrx_word' id='word_1_517' title='bbox 822 3495 955 3531; x_wconf 92' lang='lat' dir='ltr'><strong>Lucius</strong></span> <span class='ocrx_word' id='word_1_518' title='bbox 980 3496 1096 3531; x_wconf 89' lang='lat' dir='ltr'><strong>Titius</strong></span> <span class='ocrx_word' id='word_1_519' title='bbox 1121 3496 1268 3532; x_wconf 89' lang='lat' dir='ltr'><strong>coheres</strong></span> 
     </span>
    </p>
   </div>
   <div class='ocr_carea' id='block_1_3' title="bbox 190 3573 452 3578">
    <p class='ocr_par' dir='ltr' id='par_1_10' title="bbox 190 3573 452 3578">
     <span class='ocr_line' id='line_1_75' title="bbox 190 3573 452 3578; baseline 0 0"><span class='ocrx_word' id='word_1_520' title='bbox 190 3573 452 3578; x_wconf 95' lang='lat' dir='ltr'><strong> </strong></span> 
     </span>
    </p>
   </div>
   <div class='ocr_carea' id='block_1_4' title="bbox 184 3609 1269 3743">
    <p class='ocr_par' dir='ltr' id='par_1_11' title="bbox 184 3609 1269 3743">
     <span class='ocr_line' id='line_1_76' title="bbox 184 3609 1268 3654; baseline -0.002 -9"><span class='ocrx_word' id='word_1_521' title='bbox 184 3615 223 3654; x_wconf 86' lang='grc' dir='ltr'>(ι)</span> <span class='ocrx_word' id='word_1_522' title='bbox 249 3622 324 3645; x_wconf 83' lang='grc' dir='ltr'>οιιιιι</span> <span class='ocrx_word' id='word_1_523' title='bbox 338 3624 396 3645; x_wconf 86' lang='lat' dir='ltr'><strong>om.</strong></span> <span class='ocrx_word' id='word_1_524' title='bbox 411 3611 445 3644; x_wconf 72' lang='lat' dir='ltr'><em>F</em></span> <span class='ocrx_word' id='word_1_525' title='bbox 532 3614 575 3649; x_wconf 82' lang='lat'><strong>(2)</strong></span> <span class='ocrx_word' id='word_1_526' title='bbox 601 3611 688 3644; x_wconf 86' lang='lat' dir='ltr'><strong>idem</strong></span> <span class='ocrx_word' id='word_1_527' title='bbox 701 3609 754 3643; x_wconf 80' lang='lat' dir='ltr'><strong>F²</strong></span> <span class='ocrx_word' id='word_1_528' title='bbox 823 3612 866 3650; x_wconf 83' lang='lat'><strong>(³)</strong></span> <span class='ocrx_word' id='word_1_529' title='bbox 892 3614 1017 3651; x_wconf 84' lang='lat' dir='ltr'><strong>quanto</strong></span> <span class='ocrx_word' id='word_1_530' title='bbox 1033 3610 1084 3642; x_wconf 81' lang='lat' dir='ltr'><strong>F²</strong></span> <span class='ocrx_word' id='word_1_531' title='bbox 1164 3611 1207 3647; x_wconf 73' lang='grc'><strong>(4)</strong></span> <span class='ocrx_word' id='word_1_532' title='bbox 1231 3610 1268 3643; x_wconf 79' lang='lat' dir='ltr'><strong>id</strong></span> 
     </span>
     <span class='ocr_line' id='line_1_77' title="bbox 186 3655 1267 3700; baseline -0.004 -9"><span class='ocrx_word' id='word_1_533' title='bbox 186 3658 248 3692; x_wconf 83' lang='lat' dir='ltr'><strong>del.</strong></span> <span class='ocrx_word' id='word_1_534' title='bbox 343 3661 385 3698; x_wconf 70' lang='lat' dir='ltr'><strong>ns)</strong></span> <span class='ocrx_word' id='word_1_535' title='bbox 410 3657 539 3700; x_wconf 82' lang='lat' dir='ltr'><strong>recepit</strong></span> <span class='ocrx_word' id='word_1_536' title='bbox 551 3657 630 3689; x_wconf 85' lang='lat' dir='ltr'><strong>Hal.</strong></span> <span class='ocrx_word' id='word_1_537' title='bbox 725 3657 768 3696; x_wconf 81' lang='grc'><strong>(6)</strong></span> <span class='ocrx_word' id='word_1_538' title='bbox 795 3665 883 3689; x_wconf 87' lang='lat' dir='ltr'><strong>aom.</strong></span> <span class='ocrx_word' id='word_1_539' title='bbox 900 3655 932 3687; x_wconf 78' lang='lat' dir='ltr'><em>F</em></span> <span class='ocrx_word' id='word_1_540' title='bbox 1027 3659 1068 3695; x_wconf 78' lang='grc' dir='ltr'><strong>(τ)</strong></span> <span class='ocrx_word' id='word_1_541' title='bbox 1103 3658 1267 3697; x_wconf 81' lang='lat' dir='ltr'><strong>tempora-</strong></span> 
     </span>
     <span class='ocr_line' id='line_1_78' title="bbox 186 3699 1269 3743; baseline -0.001 -8"><span class='ocrx_word' id='word_1_542' title='bbox 186 3704 273 3735; x_wconf 82' lang='lat' dir='ltr'><strong>rium</strong></span> <span class='ocrx_word' id='word_1_543' title='bbox 286 3704 319 3737; x_wconf 81' lang='lat' dir='ltr'><em>F</em></span> <span class='ocrx_word' id='word_1_544' title='bbox 429 3704 472 3743; x_wconf 83' lang='lat'><strong>(8)</strong></span> <span class='ocrx_word' id='word_1_545' title='bbox 498 3703 534 3734; x_wconf 80' lang='lat' dir='ltr'><strong>in</strong></span> <span class='ocrx_word' id='word_1_546' title='bbox 548 3701 609 3735; x_wconf 76' lang='lat' dir='ltr'><strong>del.</strong></span> <span class='ocrx_word' id='word_1_547' title='bbox 626 3701 706 3734; x_wconf 85' lang='lat' dir='ltr'><strong>Hal.</strong></span> <span class='ocrx_word' id='word_1_548' title='bbox 809 3702 853 3739; x_wconf 80' lang='grc'><strong>(9)</strong></span> <span class='ocrx_word' id='word_1_549' title='bbox 879 3699 913 3731; x_wconf 80' lang='lat' dir='ltr'><strong>id</strong></span> <span class='ocrx_word' id='word_1_550' title='bbox 929 3701 985 3732; x_wconf 78' lang='lat' dir='ltr'><strong>ins.</strong></span> <span class='ocrx_word' id='word_1_551' title='bbox 1003 3701 1160 3736; x_wconf 80' lang='lat' dir='ltr'><strong>(similiter</strong></span> <span class='ocrx_word' id='word_1_552' title='bbox 1175 3701 1269 3735; x_wconf 78' lang='lat' dir='ltr'><strong>Hal.)</strong></span> 
     </span>
    </p>
   </div>
   <div class='ocr_carea' id='block_1_5' title="bbox 1256 86 1345 135">
    <p class='ocr_par' dir='ltr' id='par_1_12' title="bbox 1256 86 1345 135">
     <span class='ocr_line' id='line_1_79' title="bbox 1256 86 1345 135; baseline -0.011 0"><span class='ocrx_word' id='word_1_553' title='bbox 1256 86 1345 135; x_wconf 82' lang='lat'><strong>344</strong></span> 
     </span>
    </p>
   </div>
   <div class='ocr_carea' id='block_1_6' title="bbox 1923 105 2480 154">
    <p class='ocr_par' dir='ltr' id='par_1_13' title="bbox 1923 93 2511 154">
     <span class='ocr_line' id='line_1_80' title="bbox 1923 105 2480 154; baseline 0 -17"><span class='ocrx_word' id='word_1_554' title='bbox 1923 107 1985 137; x_wconf 75' lang='lat' dir='ltr'><strong>ns</strong></span> <span class='ocrx_word' id='word_1_555' title='bbox 2011 105 2428 154; x_wconf 57' lang='lat' dir='ltr'><strong>numism-riom.</strong></span> <span class='ocrx_word' id='word_1_556' title='bbox 2476 93 2511 147; x_wconf 66' lang='lat' dir='ltr'><strong>J*</strong></span> 
     </span>
    </p>
   </div>
   <div class='ocr_carea' id='block_1_7' title="bbox 1499 171 1551 185">
    <p class='ocr_par' dir='ltr' id='par_1_14' title="bbox 1499 171 1551 185">
     <span class='ocr_line' id='line_1_81' title="bbox 1499 171 1551 185; baseline 0 0"><span class='ocrx_word' id='word_1_557' title='bbox 1499 171 1551 185; x_wconf 32' lang='lat' dir='ltr'><strong>RN</strong></span> 
     </span>
    </p>
   </div>
   <div class='ocr_carea' id='block_1_8' title="bbox 1340 211 2490 797">
    <p class='ocr_par' dir='ltr' id='par_1_15' title="bbox 1340 211 2490 797">
     <span class='ocr_line' id='line_1_82' title="bbox 1343 211 2490 261; baseline 0.002 -11"><span class='ocrx_word' id='word_1_558' title='bbox 1343 219 1378 250; x_wconf 94' lang='lat' dir='ltr'><strong>et</strong></span> <span class='ocrx_word' id='word_1_559' title='bbox 1409 211 1555 253; x_wconf 68' lang='lat' dir='ltr'><strong>curator</strong></span> <span class='ocrx_word' id='word_1_560' title='bbox 1588 216 1722 251; x_wconf 89' lang='lat' dir='ltr'><strong>sororis</strong></span> <span class='ocrx_word' id='word_1_561' title='bbox 1755 225 1861 258; x_wconf 88' lang='lat' dir='ltr'><strong>suae,</strong></span> <span class='ocrx_word' id='word_1_562' title='bbox 1893 225 1975 251; x_wconf 89' lang='lat' dir='ltr'><strong>cum</strong></span> <span class='ocrx_word' id='word_1_563' title='bbox 2007 219 2102 251; x_wconf 89' lang='lat' dir='ltr'><strong>esset</strong></span> <span class='ocrx_word' id='word_1_564' title='bbox 2133 225 2178 251; x_wconf 87' lang='lat' dir='ltr'><strong>ex</strong></span> <span class='ocrx_word' id='word_1_565' title='bbox 2211 215 2364 261; x_wconf 84' lang='lat' dir='ltr'><strong>civitate,</strong></span> <span class='ocrx_word' id='word_1_566' title='bbox 2386 217 2427 256; x_wconf 82' lang='lat' dir='ltr'><strong>in</strong></span> <span class='ocrx_word' id='word_1_567' title='bbox 2484 217 2490 241; x_wconf 77' lang='lat'><strong>²?</strong></span> 
     </span>
     <span class='ocr_line' id='line_1_83' title="bbox 1342 259 2426 306; baseline 0.005 -12"><span class='ocrx_word' id='word_1_568' title='bbox 1342 269 1414 304; x_wconf 85' lang='lat' dir='ltr'><strong>qua</strong></span> <span class='ocrx_word' id='word_1_569' title='bbox 1445 259 1615 296; x_wconf 84' lang='lat' dir='ltr'><strong>usitatum</strong></span> <span class='ocrx_word' id='word_1_570' title='bbox 1645 264 1723 296; x_wconf 91' lang='lat' dir='ltr'><strong>erat</strong></span> <span class='ocrx_word' id='word_1_571' title='bbox 1752 260 1850 306; x_wconf 88' lang='lat' dir='ltr'><strong>ipsos</strong></span> <span class='ocrx_word' id='word_1_572' title='bbox 1883 260 2043 296; x_wconf 87' lang='lat' dir='ltr'><strong>dominos</strong></span> <span class='ocrx_word' id='word_1_573' title='bbox 2074 259 2321 306; x_wconf 85' lang='lat' dir='ltr'><strong>praediorum,</strong></span> <span class='ocrx_word' id='word_1_574' title='bbox 2352 271 2426 300; x_wconf 90' lang='lat' dir='ltr'><strong>non</strong></span> 
     </span>
     <span class='ocr_line' id='line_1_84' title="bbox 1342 303 2426 343; baseline 0.004 -4"><span class='ocrx_word' id='word_1_575' title='bbox 1342 303 1580 340; x_wconf 90' lang='lat' dir='ltr'><strong>conductores</strong></span> <span class='ocrx_word' id='word_1_576' title='bbox 1621 314 1731 341; x_wconf 88' lang='lat' dir='ltr'><strong>onera</strong></span> <span class='ocrx_word' id='word_1_577' title='bbox 1772 314 1994 340; x_wconf 89' lang='lat' dir='ltr'><strong>annonarum</strong></span> <span class='ocrx_word' id='word_1_578' title='bbox 2041 309 2077 340; x_wconf 89' lang='lat' dir='ltr'><strong>et</strong></span> <span class='ocrx_word' id='word_1_579' title='bbox 2122 305 2426 343; x_wconf 80' lang='lat' dir='ltr'><strong>contributionum</strong></span> 
     </span>
     <span class='ocr_line' id='line_1_85' title="bbox 1342 349 2426 394; baseline 0.003 -10"><span class='ocrx_word' id='word_1_580' title='bbox 1342 349 1660 394; x_wconf 84' lang='lat' dir='ltr'><strong>temporariamm⁷</strong></span> <span class='ocrx_word' id='word_1_581' title='bbox 1694 349 1888 389; x_wconf 86' lang='lat' dir='ltr'><strong>sustinere.</strong></span> <span class='ocrx_word' id='word_1_582' title='bbox 1920 359 2053 385; x_wconf 85' lang='lat' dir='ltr'><strong>morem</strong></span> <span class='ocrx_word' id='word_1_583' title='bbox 2083 349 2179 385; x_wconf 87' lang='lat' dir='ltr'><strong>hunc</strong></span> <span class='ocrx_word' id='word_1_584' title='bbox 2210 354 2246 385; x_wconf 88' lang='lat' dir='ltr'><strong>et</strong></span> <span class='ocrx_word' id='word_1_585' title='bbox 2277 360 2426 387; x_wconf 83' lang='lat' dir='ltr'><strong>consue-</strong></span> 
     </span>
     <span class='ocr_line' id='line_1_86' title="bbox 1341 392 2426 440; baseline 0.003 -12"><span class='ocrx_word' id='word_1_586' title='bbox 1341 392 1499 429; x_wconf 88' lang='lat' dir='ltr'><strong>tudinem</strong></span> <span class='ocrx_word' id='word_1_587' title='bbox 1522 403 1662 439; x_wconf 89' lang='lat' dir='ltr'><strong>semper</strong></span> <span class='ocrx_word' id='word_1_588' title='bbox 1684 394 1909 429; x_wconf 89' lang='lat' dir='ltr'><strong>observatam</strong></span> <span class='ocrx_word' id='word_1_589' title='bbox 1929 399 2073 430; x_wconf 89' lang='lat' dir='ltr'><strong>secutus</strong></span> <span class='ocrx_word' id='word_1_590' title='bbox 2098 397 2134 429; x_wconf 91' lang='lat' dir='ltr'><strong>et</strong></span> <span class='ocrx_word' id='word_1_591' title='bbox 2156 394 2233 439; x_wconf 87' lang='lat' dir='ltr'><strong>ipse</strong></span> <span class='ocrx_word' id='word_1_592' title='bbox 2250 405 2315 440; x_wconf 92' lang='lat' dir='ltr'><strong>pro</strong></span> <span class='ocrx_word' id='word_1_593' title='bbox 2330 405 2426 432; x_wconf 89' lang='lat' dir='ltr'><strong>com-</strong></span> 
     </span>
     <span class='ocr_line' id='line_1_87' title="bbox 1341 437 2426 484; baseline 0.003 -11"><span class='ocrx_word' id='word_1_594' title='bbox 1341 438 1439 473; x_wconf 91' lang='lat' dir='ltr'><strong>muni</strong></span> <span class='ocrx_word' id='word_1_595' title='bbox 1485 442 1521 474; x_wconf 91' lang='lat' dir='ltr'><strong>et</strong></span> <span class='ocrx_word' id='word_1_596' title='bbox 1565 437 1747 474; x_wconf 90' lang='lat' dir='ltr'><strong>individua</strong></span> <span class='ocrx_word' id='word_1_597' title='bbox 1788 439 1983 474; x_wconf 88' lang='lat' dir='ltr'><strong>hereditate</strong></span> <span class='ocrx_word' id='word_1_598' title='bbox 2025 448 2187 474; x_wconf 87' lang='lat' dir='ltr'><strong>annonas</strong></span> <span class='ocrx_word' id='word_1_599' title='bbox 2229 439 2426 484; x_wconf 76' lang='lat' dir='ltr'><strong>praestitit:</strong></span> 
     </span>
     <span class='ocr_line' id='line_1_88' title="bbox 1342 483 2424 534; baseline 0.002 -16"><span class='ocrx_word' id='word_1_600' title='bbox 1342 492 1487 534; x_wconf 83' lang='lat' dir='ltr'><strong>quaero,</strong></span> <span class='ocrx_word' id='word_1_601' title='bbox 1512 493 1559 518; x_wconf 90' lang='lat' dir='ltr'><strong>an</strong></span> <span class='ocrx_word' id='word_1_602' title='bbox 1582 483 1619 518; x_wconf 92' lang='lat' dir='ltr'><strong>in</strong></span> <span class='ocrx_word' id='word_1_603' title='bbox 1642 483 1840 519; x_wconf 91' lang='lat' dir='ltr'><strong>rationibus</strong></span> <span class='ocrx_word' id='word_1_604' title='bbox 1865 483 1990 519; x_wconf 88' lang='lat' dir='ltr'><strong>dandis</strong></span> <span class='ocrx_word' id='word_1_605' title='bbox 2011 484 2144 529; x_wconf 90' lang='lat' dir='ltr'><strong>opponi</strong></span> <span class='ocrx_word' id='word_1_606' title='bbox 2161 484 2318 520; x_wconf 88' lang='lat' dir='ltr'><strong>curatori</strong></span> <span class='ocrx_word' id='word_1_607' title='bbox 2340 494 2424 530; x_wconf 88' lang='lat' dir='ltr'><strong>pos·</strong></span> 
     </span>
     <span class='ocr_line' id='line_1_89' title="bbox 1340 527 2426 618; baseline 0.003 -11"><span class='ocrx_word' id='word_1_608' title='bbox 1340 527 1508 607; x_wconf 51' lang='grc' dir='ltr'><strong>ἓὲὲθὲιῖὴ</strong></span> <span class='ocrx_word' id='word_1_609' title='bbox 1530 531 1965 618; x_wconf 38' lang='lat' dir='ltr'><strong>mammetem,</strong></span> <span class='ocrx_word' id='word_1_610' title='bbox 1978 538 2058 607; x_wconf 58' lang='lat' dir='ltr'><strong>⁸12*ss</strong></span> <span class='ocrx_word' id='word_1_611' title='bbox 2061 528 2116 608; x_wconf 64' lang='lat'><strong>&#39;1³51</strong></span> <span class='ocrx_word' id='word_1_612' title='bbox 2134 528 2426 610; x_wconf 56' lang='lat' dir='ltr'><strong>‘ifflffipwcm</strong></span> 
     </span>
     <span class='ocr_line' id='line_1_90' title="bbox 1340 617 2428 664; baseline 0.002 -12"><span class='ocrx_word' id='word_1_613' title='bbox 1340 621 1454 652; x_wconf 90' lang='lat' dir='ltr'><strong>torem</strong></span> <span class='ocrx_word' id='word_1_614' title='bbox 1477 617 1622 653; x_wconf 88' lang='lat' dir='ltr'><strong>adultae</strong></span> <span class='ocrx_word' id='word_1_615' title='bbox 1654 621 1820 663; x_wconf 86' lang='lat' dir='ltr'><strong>reputare</strong></span> <span class='ocrx_word' id='word_1_616' title='bbox 1851 628 1895 652; x_wconf 90' lang='lat' dir='ltr'><strong>ex</strong></span> <span class='ocrx_word' id='word_1_617' title='bbox 1926 627 2037 652; x_wconf 88' lang='lat' dir='ltr'><strong>causa</strong></span> <span class='ocrx_word' id='word_1_618' title='bbox 2067 617 2112 652; x_wconf 89' lang='lat' dir='ltr'><strong>de</strong></span> <span class='ocrx_word' id='word_1_619' title='bbox 2144 628 2216 663; x_wconf 91' lang='lat' dir='ltr'><strong>qua</strong></span> <span class='ocrx_word' id='word_1_620' title='bbox 2246 618 2428 664; x_wconf 86' lang='lat' dir='ltr'><strong>quaeritur</strong></span> 
     </span>
     <span class='ocr_line' id='line_1_91' title="bbox 1340 662 2429 709; baseline 0.002 -11"><span class='ocrx_word' id='word_1_621' title='bbox 1340 672 1457 707; x_wconf 89' lang='lat' dir='ltr'><strong>posse,</strong></span> <span class='ocrx_word' id='word_1_622' title='bbox 1482 662 1577 707; x_wconf 89' lang='lat' dir='ltr'><strong>quod</strong></span> <span class='ocrx_word' id='word_1_623' title='bbox 1601 662 1690 707; x_wconf 89' lang='lat' dir='ltr'><strong>ipsa,</strong></span> <span class='ocrx_word' id='word_1_624' title='bbox 1714 662 1744 697; x_wconf 89' lang='lat' dir='ltr'><strong>si</strong></span> <span class='ocrx_word' id='word_1_625' title='bbox 1767 673 1841 698; x_wconf 88' lang='lat' dir='ltr'><strong>rem</strong></span> <span class='ocrx_word' id='word_1_626' title='bbox 1865 672 1966 697; x_wconf 84' lang='lat' dir='ltr'><strong>suam</strong></span> <span class='ocrx_word' id='word_1_627' title='bbox 1983 662 2259 706; x_wconf 87' lang='lat' dir='ltr'><strong>administraret,</strong></span> <span class='ocrx_word' id='word_1_628' title='bbox 2284 673 2429 709; x_wconf 76' lang='lat' dir='ltr'><strong>erogare</strong></span> 
     </span>
     <span class='ocr_line' id='line_1_92' title="bbox 1342 707 2427 759; baseline 0.003 -18"><span class='ocrx_word' id='word_1_629' title='bbox 1342 710 1360 741; x_wconf 81' lang='lat'>7</span> <span class='ocrx_word' id='word_1_630' title='bbox 1421 707 1703 759; x_wconf 82' lang='lat' dir='ltr'><strong>compelleretur.</strong></span> <span class='ocrx_word' id='word_1_631' title='bbox 1763 707 1917 743; x_wconf 89' lang='lat' dir='ltr'><strong>Tutores</strong></span> <span class='ocrx_word' id='word_1_632' title='bbox 1962 707 2031 742; x_wconf 92' lang='lat' dir='ltr'><strong>duo</strong></span> <span class='ocrx_word' id='word_1_633' title='bbox 2074 711 2157 752; x_wconf 90' lang='lat' dir='ltr'><strong>post</strong></span> <span class='ocrx_word' id='word_1_634' title='bbox 2188 707 2427 744; x_wconf 88' lang='lat' dir='ltr'><strong>venditionem</strong></span> 
     </span>
     <span class='ocr_line' id='line_1_93' title="bbox 1340 751 2428 797; baseline 0.001 -10"><span class='ocrx_word' id='word_1_635' title='bbox 1340 752 1567 797; x_wconf 90' lang='lat' dir='ltr'><strong>pupillarium</strong></span> <span class='ocrx_word' id='word_1_636' title='bbox 1590 761 1706 787; x_wconf 88' lang='lat' dir='ltr'><strong>rerum</strong></span> <span class='ocrx_word' id='word_1_637' title='bbox 1729 751 1864 787; x_wconf 77' lang='lat' dir='ltr'><strong>factam</strong></span> <span class='ocrx_word' id='word_1_638' title='bbox 1895 751 2083 796; x_wconf 89' lang='lat' dir='ltr'><strong>pecuniam</strong></span> <span class='ocrx_word' id='word_1_639' title='bbox 2113 752 2206 787; x_wconf 89' lang='lat' dir='ltr'><strong>inter</strong></span> <span class='ocrx_word' id='word_1_640' title='bbox 2238 762 2277 788; x_wconf 88' lang='lat' dir='ltr'><strong>se</strong></span> <span class='ocrx_word' id='word_1_641' title='bbox 2301 752 2428 789; x_wconf 88' lang='lat' dir='ltr'><strong>divise-</strong></span> 
     </span>
    </p>
   </div>
   <div class='ocr_carea' id='block_1_9' title="bbox 1340 796 2429 886">
    <p class='ocr_par' dir='ltr' id='par_1_16' title="bbox 1340 796 2429 886">
     <span class='ocr_line' id='line_1_94' title="bbox 1340 796 2428 842; baseline 0.002 -11"><span class='ocrx_word' id='word_1_642' title='bbox 1340 800 1442 839; x_wconf 88' lang='lat' dir='ltr'><strong>rant,</strong></span> <span class='ocrx_word' id='word_1_643' title='bbox 1466 801 1550 842; x_wconf 93' lang='lat' dir='ltr'><strong>post</strong></span> <span class='ocrx_word' id='word_1_644' title='bbox 1596 806 1679 832; x_wconf 90' lang='lat' dir='ltr'><strong>uam</strong></span> <span class='ocrx_word' id='word_1_645' title='bbox 1712 796 1917 832; x_wconf 90' lang='lat' dir='ltr'><strong>divisionem</strong></span> <span class='ocrx_word' id='word_1_646' title='bbox 1950 796 2040 832; x_wconf 88' lang='lat' dir='ltr'><strong>alter</strong></span> <span class='ocrx_word' id='word_1_647' title='bbox 2073 806 2194 832; x_wconf 92' lang='lat' dir='ltr'><strong>eorum</strong></span> <span class='ocrx_word' id='word_1_648' title='bbox 2225 797 2263 832; x_wconf 92' lang='lat' dir='ltr'><strong>in</strong></span> <span class='ocrx_word' id='word_1_649' title='bbox 2286 797 2428 833; x_wconf 86' lang='lat' dir='ltr'><strong>exilium</strong></span> 
     </span>
     <span class='ocr_line' id='line_1_95' title="bbox 1341 841 2429 886; baseline 0.003 -10"><span class='ocrx_word' id='word_1_650' title='bbox 1341 841 1446 877; x_wconf 89' lang='lat' dir='ltr'><strong>datus</strong></span> <span class='ocrx_word' id='word_1_651' title='bbox 1479 846 1534 877; x_wconf 91' lang='lat' dir='ltr'><strong>est</strong></span> <span class='ocrx_word' id='word_1_652' title='bbox 1589 845 1717 877; x_wconf 89' lang='lat' dir='ltr'><strong>urante</strong></span> <span class='ocrx_word' id='word_1_653' title='bbox 1749 842 1881 877; x_wconf 83' lang='lat' dir='ltr'><strong>tutela:</strong></span> <span class='ocrx_word' id='word_1_654' title='bbox 1924 842 2181 886; x_wconf 88' lang='lat' dir='ltr'><strong>quaerebatur,</strong></span> <span class='ocrx_word' id='word_1_655' title='bbox 2222 851 2269 877; x_wconf 90' lang='lat' dir='ltr'><strong>an</strong></span> <span class='ocrx_word' id='word_1_656' title='bbox 2307 846 2429 879; x_wconf 80' lang='lat' dir='ltr'><strong>actore</strong></span> 
     </span>
    </p>
   </div>
   <div class='ocr_carea' id='block_1_10' title="bbox 1339 886 2431 1831">
    <p class='ocr_par' dir='ltr' id='par_1_17' title="bbox 1339 886 2429 1067">
     <span class='ocr_line' id='line_1_96' title="bbox 1341 886 2429 940; baseline 0.001 -18"><span class='ocrx_word' id='word_1_657' title='bbox 1341 887 1535 922; x_wconf 89' lang='lat' dir='ltr'><strong>constituto</strong></span> <span class='ocrx_word' id='word_1_658' title='bbox 1561 890 1733 939; x_wconf 49' lang='lat' dir='ltr'><strong>contutor·</strong></span> <span class='ocrx_word' id='word_1_659' title='bbox 1761 886 1835 922; x_wconf 88' lang='lat' dir='ltr'><strong>eius</strong></span> <span class='ocrx_word' id='word_1_660' title='bbox 1867 891 2005 938; x_wconf 79' lang='lat' dir='ltr'><strong>partem</strong></span> <span class='ocrx_word' id='word_1_661' title='bbox 2036 887 2224 939; x_wconf 77' lang='lat' dir='ltr'><strong>pupillaris</strong></span> <span class='ocrx_word' id='word_1_662' title='bbox 2254 887 2429 940; x_wconf 69' lang='lat' dir='ltr'><strong>pecuniae</strong></span> 
     </span>
     <span class='ocr_line' id='line_1_97' title="bbox 1339 930 2427 1028; baseline 0.001 -17"><span class='ocrx_word' id='word_1_663' title='bbox 1339 931 1541 1021; x_wconf 51' lang='lat'><strong>{3353232</strong></span> <span class='ocrx_word' id='word_1_664' title='bbox 1555 930 2034 1028; x_wconf 52' lang='lat' dir='ltr'><strong>⁶32¹’22‘31‘23t01-{103512222&#39;3</strong></span> <span class='ocrx_word' id='word_1_665' title='bbox 2058 932 2243 1012; x_wconf 55' lang='grc' dir='ltr'><strong>ἱῖῗίῗιῗὲῗ</strong></span> <span class='ocrx_word' id='word_1_666' title='bbox 2251 941 2337 1012; x_wconf 63' lang='lat'>’2132</span> <span class='ocrx_word' id='word_1_667' title='bbox 2356 932 2427 1012; x_wconf 63' lang='lat'><strong>¹22?</strong></span> 
     </span>
     <span class='ocr_line' id='line_1_98' title="bbox 1339 1021 2426 1067; baseline 0.001 -11"><span class='ocrx_word' id='word_1_668' title='bbox 1339 1021 1432 1057; x_wconf 90' lang='lat' dir='ltr'><strong>telae</strong></span> <span class='ocrx_word' id='word_1_669' title='bbox 1464 1021 1641 1057; x_wconf 89' lang='lat' dir='ltr'><strong>actionem</strong></span> <span class='ocrx_word' id='word_1_670' title='bbox 1672 1031 1839 1056; x_wconf 87' lang='lat' dir='ltr'><strong>exercere</strong></span> <span class='ocrx_word' id='word_1_671' title='bbox 1870 1025 2001 1066; x_wconf 79' lang='lat' dir='ltr'><strong>possit,</strong></span> <span class='ocrx_word' id='word_1_672' title='bbox 2025 1031 2098 1056; x_wconf 92' lang='lat' dir='ltr'><strong>non</strong></span> <span class='ocrx_word' id='word_1_673' title='bbox 2120 1031 2227 1067; x_wconf 90' lang='lat' dir='ltr'><strong>posse</strong></span> <span class='ocrx_word' id='word_1_674' title='bbox 2248 1021 2426 1067; x_wconf 86' lang='lat' dir='ltr'><strong>respondi.</strong></span> 
     </span>
    </p>

    <p class='ocr_par' dir='ltr' id='par_1_18' title="bbox 1339 1063 2430 1731">
     <span class='ocr_line' id='line_1_99' title="bbox 1386 1063 2430 1117; baseline -0.002 -13"><span class='ocrx_word' id='word_1_675' title='bbox 1386 1063 1438 1104; x_wconf 90' lang='grc'><strong>33</strong></span> <span class='ocrx_word' id='word_1_676' title='bbox 1475 1065 1760 1102; x_wconf 69' lang='grc' dir='ltr'>ΟΑιιιεΤιυΤσε</span> <span class='ocrx_word' id='word_1_677' title='bbox 1795 1065 1886 1117; x_wconf 64' lang='grc' dir='ltr'><em>Ιίζὶνο</em></span> <span class='ocrx_word' id='word_1_678' title='bbox 1921 1069 2052 1112; x_wconf 83' lang='lat' dir='ltr'><strong>quarto</strong></span> <span class='ocrx_word' id='word_1_679' title='bbox 2083 1066 2128 1101; x_wconf 80' lang='lat' dir='ltr'><strong>de</strong></span> <span class='ocrx_word' id='word_1_680' title='bbox 2166 1067 2430 1113; x_wconf 72' lang='lat' dir='ltr'><strong>coquitionibus</strong></span> 
     </span>
     <span class='ocr_line' id='line_1_100' title="bbox 1340 1110 2428 1164; baseline 0 -18"><span class='ocrx_word' id='word_1_681' title='bbox 1340 1111 1374 1146; x_wconf 80' lang='lat' dir='ltr'>A</span> <span class='ocrx_word' id='word_1_682' title='bbox 1404 1111 1583 1163; x_wconf 79' lang='lat' dir='ltr'><strong>tutoribus</strong></span> <span class='ocrx_word' id='word_1_683' title='bbox 1616 1115 1651 1146; x_wconf 93' lang='lat' dir='ltr'><strong>et</strong></span> <span class='ocrx_word' id='word_1_684' title='bbox 1682 1110 1907 1162; x_wconf 72' lang='lat' dir='ltr'><strong>curatoribus</strong></span> <span class='ocrx_word' id='word_1_685' title='bbox 1938 1110 2168 1164; x_wconf 44' lang='lat' dir='ltr'><strong>pupillorum·</strong></span> <span class='ocrx_word' id='word_1_686' title='bbox 2186 1110 2309 1147; x_wconf 90' lang='lat' dir='ltr'><strong>eadem</strong></span> <span class='ocrx_word' id='word_1_687' title='bbox 2350 1110 2428 1146; x_wconf 87' lang='lat' dir='ltr'><strong>dili-</strong></span> 
     </span>
     <span class='ocr_line' id='line_1_101' title="bbox 1339 1155 2430 1252; baseline 0.001 -16"><span class='ocrx_word' id='word_1_688' title='bbox 1339 1155 2012 1252; x_wconf 43' lang='lat' dir='ltr'><strong>gffiztfflarffilmgflqfflaamaetatgrugmiffas</strong></span> <span class='ocrx_word' id='word_1_689' title='bbox 2035 1159 2430 1237; x_wconf 53' lang='lat' dir='ltr'><strong>reffigngffigmexrbong</strong></span> 
     </span>
     <span class='ocr_line' id='line_1_102' title="bbox 1344 1245 2428 1298; baseline 0.002 -18"><span class='ocrx_word' id='word_1_690' title='bbox 1344 1250 1357 1280; x_wconf 88' lang='lat'>1</span> <span class='ocrx_word' id='word_1_691' title='bbox 1409 1245 1479 1281; x_wconf 89' lang='lat' dir='ltr'><strong>fide</strong></span> <span class='ocrx_word' id='word_1_692' title='bbox 1502 1246 1674 1298; x_wconf 76' lang='lat' dir='ltr'><strong>praebere</strong></span> <span class='ocrx_word' id='word_1_693' title='bbox 1698 1245 1742 1281; x_wconf 92' lang='lat' dir='ltr'><strong>de</strong></span> <span class='ocrx_word' id='word_1_694' title='bbox 1768 1249 1814 1280; x_wconf 91' lang='lat' dir='ltr'><strong>et.</strong></span> <span class='ocrx_word' id='word_1_695' title='bbox 1858 1245 2030 1297; x_wconf 42' lang='lat' dir='ltr'><strong>&#39;Officium</strong></span> <span class='ocrx_word' id='word_1_696' title='bbox 2061 1249 2226 1298; x_wconf 48' lang='lat' dir='ltr'><strong>tutorum·</strong></span> <span class='ocrx_word' id='word_1_697' title='bbox 2253 1245 2428 1298; x_wconf 77' lang='lat' dir='ltr'><strong>curatori·</strong></span> 
     </span>
     <span class='ocr_line' id='line_1_103' title="bbox 1341 1290 2429 1343; baseline 0 -17"><span class='ocrx_word' id='word_1_698' title='bbox 1341 1291 1407 1326; x_wconf 89' lang='lat' dir='ltr'><strong>bus</strong></span> <span class='ocrx_word' id='word_1_699' title='bbox 1433 1295 1635 1326; x_wconf 87' lang='lat' dir='ltr'><strong>constitutis</strong></span> <span class='ocrx_word' id='word_1_700' title='bbox 1660 1290 1765 1325; x_wconf 89' lang='lat' dir='ltr'><strong>finem</strong></span> <span class='ocrx_word' id='word_1_701' title='bbox 1789 1295 1921 1335; x_wconf 85' lang='lat' dir='ltr'><strong>accipit</strong></span> <span class='ocrx_word' id='word_1_702' title='bbox 1951 1290 2102 1335; x_wconf 89' lang='lat' dir='ltr'><strong>ideoque</strong></span> <span class='ocrx_word' id='word_1_703' title='bbox 2133 1301 2253 1326; x_wconf 89' lang='lat' dir='ltr'><strong>omma</strong></span> <span class='ocrx_word' id='word_1_704' title='bbox 2275 1295 2429 1343; x_wconf 75' lang='lat' dir='ltr'><strong>negotia,</strong></span> 
     </span>
     <span class='ocr_line' id='line_1_104' title="bbox 1341 1335 2427 1388; baseline 0.001 -18"><span class='ocrx_word' id='word_1_705' title='bbox 1341 1346 1434 1381; x_wconf 91' lang='lat' dir='ltr'><strong>quae</strong></span> <span class='ocrx_word' id='word_1_706' title='bbox 1457 1336 1546 1371; x_wconf 90' lang='lat' dir='ltr'><strong>inita</strong></span> <span class='ocrx_word' id='word_1_707' title='bbox 1570 1340 1664 1378; x_wconf 90' lang='lat' dir='ltr'><strong>sunt,</strong></span> <span class='ocrx_word' id='word_1_708' title='bbox 1690 1336 1735 1370; x_wconf 88' lang='lat' dir='ltr'><strong>ad</strong></span> <span class='ocrx_word' id='word_1_709' title='bbox 1750 1335 1856 1370; x_wconf 87' lang='lat' dir='ltr'><strong>fidem</strong></span> <span class='ocrx_word' id='word_1_710' title='bbox 1874 1340 2079 1370; x_wconf 87' lang='lat' dir='ltr'><strong>curatorum</strong></span> <span class='ocrx_word' id='word_1_711' title='bbox 2098 1336 2296 1381; x_wconf 85' lang='lat' dir='ltr'><strong>pertinent:</strong></span> <span class='ocrx_word' id='word_1_712' title='bbox 2320 1335 2427 1388; x_wconf 81' lang='lat' dir='ltr'><strong>idque</strong></span> 
     </span>
     <span class='ocr_line' id='line_1_105' title="bbox 1342 1380 2428 1426; baseline 0 -10"><span class='ocrx_word' id='word_1_713' title='bbox 1342 1381 1447 1416; x_wconf 89' lang='lat' dir='ltr'><strong>etiam</strong></span> <span class='ocrx_word' id='word_1_714' title='bbox 1471 1381 1572 1416; x_wconf 88' lang='lat' dir='ltr'><strong>divus</strong></span> <span class='ocrx_word' id='word_1_715' title='bbox 1595 1381 1743 1416; x_wconf 89' lang='lat' dir='ltr'><strong>Marcus</strong></span> <span class='ocrx_word' id='word_1_716' title='bbox 1769 1391 1849 1416; x_wconf 91' lang='lat' dir='ltr'><strong>cum</strong></span> <span class='ocrx_word' id='word_1_717' title='bbox 1874 1380 1944 1415; x_wconf 91' lang='lat' dir='ltr'><strong>filio</strong></span> <span class='ocrx_word' id='word_1_718' title='bbox 1969 1391 2033 1415; x_wconf 91' lang='lat' dir='ltr'><strong>suo</strong></span> <span class='ocrx_word' id='word_1_719' title='bbox 2059 1380 2252 1416; x_wconf 91' lang='lat' dir='ltr'><strong>Commodo</strong></span> <span class='ocrx_word' id='word_1_720' title='bbox 2275 1390 2428 1426; x_wconf 88' lang='lat' dir='ltr'><strong>rescrip-</strong></span> 
     </span>
     <span class='ocr_line' id='line_1_106' title="bbox 1342 1425 2430 1478; baseline 0 -17"><span class='ocrx_word' id='word_1_721' title='bbox 1342 1428 1361 1461; x_wconf 80' lang='lat'>2</span> <span class='ocrx_word' id='word_1_722' title='bbox 1409 1425 1466 1461; x_wconf 84' lang='lat' dir='ltr'><strong>sit.</strong></span> <span class='ocrx_word' id='word_1_723' title='bbox 1513 1425 1717 1478; x_wconf 43' lang='lat' dir='ltr'><strong>Heredibus·</strong></span> <span class='ocrx_word' id='word_1_724' title='bbox 1743 1436 1884 1471; x_wconf 91' lang='lat' dir='ltr'><strong>quoque</strong></span> <span class='ocrx_word' id='word_1_725' title='bbox 1906 1425 2123 1477; x_wconf 77' lang='lat' dir='ltr'><strong>pupillorum</strong></span> <span class='ocrx_word' id='word_1_726' title='bbox 2153 1425 2280 1478; x_wconf 69' lang='lat' dir='ltr'><strong>electio</strong></span> <span class='ocrx_word' id='word_1_727' title='bbox 2306 1425 2430 1478; x_wconf 75' lang='lat' dir='ltr'><strong>eadem</strong></span> 
     </span>
     <span class='ocr_line' id='line_1_107' title="bbox 1342 1470 2430 1567; baseline 0 -16"><span class='ocrx_word' id='word_1_728' title='bbox 1342 1470 1523 1561; x_wconf 55' lang='lat'><strong>22:533,</strong></span> <span class='ocrx_word' id='word_1_729' title='bbox 1535 1475 1749 1561; x_wconf 45' lang='lat' dir='ltr'><strong>‘3353ssss</strong></span> <span class='ocrx_word' id='word_1_730' title='bbox 1769 1475 2080 1567; x_wconf 53' lang='lat' dir='ltr'><strong>{issriffiffiff</strong></span> <span class='ocrx_word' id='word_1_731' title='bbox 2093 1471 2430 1551; x_wconf 52' lang='lat' dir='ltr'><strong>311⁰m¹¹⁸¹⁸1m³⁶2t22t2⁹¹2¹353</strong></span> 
     </span>
     <span class='ocr_line' id='line_1_108' title="bbox 1342 1559 2429 1613; baseline 0 -18"><span class='ocrx_word' id='word_1_732' title='bbox 1342 1563 1362 1596; x_wconf 90' lang='grc'><strong>3</strong></span> <span class='ocrx_word' id='word_1_733' title='bbox 1410 1560 1693 1613; x_wconf 79' lang='lat' dir='ltr'><strong>⁹principalibus</strong></span> <span class='ocrx_word' id='word_1_734' title='bbox 1721 1560 2035 1596; x_wconf 90' lang='lat' dir='ltr'><strong>constitutiombus</strong></span> <span class='ocrx_word' id='word_1_735' title='bbox 2060 1559 2273 1596; x_wconf 88' lang='lat' dir='ltr'><strong>declaratur.</strong></span> <span class='ocrx_word' id='word_1_736' title='bbox 2300 1559 2429 1605; x_wconf 91' lang='lat' dir='ltr'><strong>Sump-</strong></span> 
     </span>
     <span class='ocr_line' id='line_1_109' title="bbox 1341 1605 2429 1651; baseline 0.001 -11"><span class='ocrx_word' id='word_1_737' title='bbox 1341 1609 1462 1648; x_wconf 90' lang='lat' dir='ltr'><strong>tuum,</strong></span> <span class='ocrx_word' id='word_1_738' title='bbox 1522 1617 1559 1641; x_wconf 91' lang='grc' dir='ltr'><strong>ιιι</strong></span> <span class='ocrx_word' id='word_1_739' title='bbox 1593 1606 1689 1641; x_wconf 90' lang='lat' dir='ltr'><strong>bona</strong></span> <span class='ocrx_word' id='word_1_740' title='bbox 1724 1605 1794 1641; x_wconf 86' lang='lat' dir='ltr'><strong>fide</strong></span> <span class='ocrx_word' id='word_1_741' title='bbox 1824 1605 1861 1640; x_wconf 89' lang='lat' dir='ltr'><strong>in</strong></span> <span class='ocrx_word' id='word_1_742' title='bbox 1893 1605 2061 1647; x_wconf 88' lang='lat' dir='ltr'><strong>tutelam,</strong></span> <span class='ocrx_word' id='word_1_743' title='bbox 2093 1616 2165 1641; x_wconf 92' lang='lat' dir='ltr'><strong>non</strong></span> <span class='ocrx_word' id='word_1_744' title='bbox 2188 1606 2249 1651; x_wconf 89' lang='lat' dir='ltr'><strong>qni</strong></span> <span class='ocrx_word' id='word_1_745' title='bbox 2271 1605 2309 1640; x_wconf 91' lang='lat' dir='ltr'><strong>in</strong></span> <span class='ocrx_word' id='word_1_746' title='bbox 2331 1605 2429 1651; x_wconf 88' lang='lat' dir='ltr'><strong>ipsos</strong></span> 
     </span>
     <span class='ocr_line' id='line_1_110' title="bbox 1342 1650 2430 1696; baseline -0.001 -10"><span class='ocrx_word' id='word_1_747' title='bbox 1342 1654 1479 1686; x_wconf 86' lang='lat' dir='ltr'><strong>tutores</strong></span> <span class='ocrx_word' id='word_1_748' title='bbox 1518 1651 1606 1693; x_wconf 87' lang='lat' dir='ltr'><strong>&#39;unt,</strong></span> <span class='ocrx_word' id='word_1_749' title='bbox 1630 1650 1722 1686; x_wconf 90' lang='lat' dir='ltr'><strong>ratio</strong></span> <span class='ocrx_word' id='word_1_750' title='bbox 1747 1650 1871 1685; x_wconf 90' lang='lat' dir='ltr'><strong>haberi</strong></span> <span class='ocrx_word' id='word_1_751' title='bbox 1894 1650 2004 1691; x_wconf 88' lang='lat' dir='ltr'><strong>solet,</strong></span> <span class='ocrx_word' id='word_1_752' title='bbox 2038 1651 2107 1686; x_wconf 88' lang='lat' dir='ltr'><strong>nisi</strong></span> <span class='ocrx_word' id='word_1_753' title='bbox 2130 1651 2176 1686; x_wconf 90' lang='lat' dir='ltr'><strong>ab</strong></span> <span class='ocrx_word' id='word_1_754' title='bbox 2201 1660 2242 1686; x_wconf 89' lang='lat' dir='ltr'><strong>eo</strong></span> <span class='ocrx_word' id='word_1_755' title='bbox 2267 1650 2328 1696; x_wconf 82' lang='lat' dir='ltr'><strong>qui</strong></span> <span class='ocrx_word' id='word_1_756' title='bbox 2350 1661 2430 1686; x_wconf 87' lang='lat' dir='ltr'><strong>eum</strong></span> 
     </span>
     <span class='ocr_line' id='line_1_111' title="bbox 1342 1695 2160 1731; baseline 0 0"><span class='ocrx_word' id='word_1_757' title='bbox 1342 1695 1405 1731; x_wconf 89' lang='lat' dir='ltr'><strong>dat</strong></span> <span class='ocrx_word' id='word_1_758' title='bbox 1427 1699 1564 1731; x_wconf 89' lang='lat' dir='ltr'><strong>certum</strong></span> <span class='ocrx_word' id='word_1_759' title='bbox 1587 1696 1759 1731; x_wconf 88' lang='lat' dir='ltr'><strong>solacium</strong></span> <span class='ocrx_word' id='word_1_760' title='bbox 1784 1696 1816 1730; x_wconf 90' lang='lat' dir='ltr'><strong>ei</strong></span> <span class='ocrx_word' id='word_1_761' title='bbox 1840 1695 2071 1730; x_wconf 88' lang='lat' dir='ltr'><strong>constitutum</strong></span> <span class='ocrx_word' id='word_1_762' title='bbox 2095 1700 2160 1731; x_wconf 90' lang='lat' dir='ltr'><strong>est.</strong></span> 
     </span>
    </p>

    <p class='ocr_par' dir='ltr' id='par_1_19' title="bbox 1343 1738 2431 1831">
     <span class='ocr_line' id='line_1_112' title="bbox 1388 1738 2431 1793; baseline -0.001 -16"><span class='ocrx_word' id='word_1_763' title='bbox 1388 1738 1443 1778; x_wconf 89' lang='grc'><strong>34</strong></span> <span class='ocrx_word' id='word_1_764' title='bbox 1466 1740 1491 1776; x_wconf 92' lang='lat'><em>1</em></span> <span class='ocrx_word' id='word_1_765' title='bbox 1495 1750 1608 1776; x_wconf 72' lang='lat' dir='ltr'><strong>uuus</strong></span> <span class='ocrx_word' id='word_1_766' title='bbox 1628 1742 1780 1792; x_wconf 59' lang='lat' dir='ltr'><strong>AQUJrA</strong></span> <span class='ocrx_word' id='word_1_767' title='bbox 1806 1740 1896 1792; x_wconf 50' lang='lat' dir='ltr'><strong>libro</strong></span> <span class='ocrx_word' id='word_1_768' title='bbox 1920 1751 1960 1793; x_wconf 68' lang='lat' dir='ltr'><strong>re</strong></span> <span class='ocrx_word' id='word_1_769' title='bbox 1999 1751 2176 1793; x_wconf 35' lang='lat' dir='ltr'><strong>‘ons-osum</strong></span> <span class='ocrx_word' id='word_1_770' title='bbox 2230 1740 2303 1776; x_wconf 87' lang='lat' dir='ltr'><strong>Res</strong></span> <span class='ocrx_word' id='word_1_771' title='bbox 2329 1739 2431 1776; x_wconf 86' lang='lat' dir='ltr'><strong>ondit</strong></span> 
     </span>
     <span class='ocr_line' id='line_1_113' title="bbox 1343 1751 2431 1831; baseline 0 -11"><span class='ocrx_word' id='word_1_772' title='bbox 1343 1785 1390 1820; x_wconf 91' lang='lat' dir='ltr'><strong>ad</strong></span> <span class='ocrx_word' id='word_1_773' title='bbox 1411 1785 1658 1822; x_wconf 90' lang='lat' dir='ltr'><strong>instruendam</strong></span> <span class='ocrx_word' id='word_1_774' title='bbox 1691 1785 1904 1831; x_wconf 86' lang='lat' dir='ltr'><strong>diligentiam</strong></span> <span class='ocrx_word' id='word_1_775' title='bbox 1935 1751 2125 1821; x_wconf 47' lang='grc' dir='ltr'>ιιιςέιοαιιιιε</span> <span class='ocrx_word' id='word_1_776' title='bbox 2157 1788 2193 1821; x_wconf 92' lang='lat' dir='ltr'><strong>et</strong></span> <span class='ocrx_word' id='word_1_777' title='bbox 2215 1751 2431 1831; x_wconf 69' lang='lat' dir='ltr'><strong>pupiflornm</strong></span> 
     </span>
    </p>
   </div>
   <div class='ocr_carea' id='block_1_11' title="bbox 1342 1830 2501 1876">
    <p class='ocr_par' dir='ltr' id='par_1_20' title="bbox 1342 1830 2501 1876">
     <span class='ocr_line' id='line_1_114' title="bbox 1342 1830 2501 1876; baseline 0.001 -11"><span class='ocrx_word' id='word_1_778' title='bbox 1342 1830 1531 1866; x_wconf 89' lang='lat' dir='ltr'><strong>utilitatem</strong></span> <span class='ocrx_word' id='word_1_779' title='bbox 1556 1831 1810 1866; x_wconf 83' lang='lat' dir='ltr'><strong>admittendam</strong></span> <span class='ocrx_word' id='word_1_780' title='bbox 1823 1831 1851 1851; x_wconf 85' lang='lat'><strong>¹⁰</strong></span> <span class='ocrx_word' id='word_1_781' title='bbox 1874 1840 1995 1866; x_wconf 88' lang='lat' dir='ltr'><strong>servos</strong></span> <span class='ocrx_word' id='word_1_782' title='bbox 2019 1841 2159 1876; x_wconf 89' lang='lat' dir='ltr'><strong>quoque</strong></span> <span class='ocrx_word' id='word_1_783' title='bbox 2179 1840 2302 1866; x_wconf 89' lang='lat' dir='ltr'><strong>eorum</strong></span> <span class='ocrx_word' id='word_1_784' title='bbox 2319 1830 2429 1866; x_wconf 88' lang='lat' dir='ltr'><strong>inter-</strong></span> <span class='ocrx_word' id='word_1_785' title='bbox 2499 1852 2501 1854; x_wconf 90' lang='lat'><em>-</em></span> 
     </span>
    </p>
   </div>
   <div class='ocr_carea' id='block_1_12' title="bbox 1342 1886 2431 1966">
    <p class='ocr_par' dir='ltr' id='par_1_21' title="bbox 1342 1886 2431 1966">
     <span class='ocr_line' id='line_1_115' title="bbox 1342 1886 2431 1966; baseline -0.004 -7"><span class='ocrx_word' id='word_1_786' title='bbox 1342 1886 1714 1959; x_wconf 50' lang='grc' dir='ltr'>ωξῗιβὲιῗῖιῒμινσε</span> <span class='ocrx_word' id='word_1_787' title='bbox 1735 1921 1825 1956; x_wconf 75' lang='lat' dir='ltr'><strong>libro</strong></span> <span class='ocrx_word' id='word_1_788' title='bbox 1848 1920 2006 1956; x_wconf 82' lang='lat' dir='ltr'><strong>secundo</strong></span> <span class='ocrx_word' id='word_1_789' title='bbox 2030 1921 2281 1966; x_wconf 78' lang='lat' dir='ltr'><strong>quaestionum</strong></span> <span class='ocrx_word' id='word_1_790' title='bbox 2316 1919 2431 1955; x_wconf 87' lang='lat' dir='ltr'><strong>Tutor</strong></span> 
     </span>
    </p>
   </div>
   <div class='ocr_carea' id='block_1_13' title="bbox 1343 1964 2528 2011">
    <p class='ocr_par' dir='ltr' id='par_1_22' title="bbox 1343 1964 2528 2011">
     <span class='ocr_line' id='line_1_116' title="bbox 1343 1964 2528 2011; baseline -0.001 -10"><span class='ocrx_word' id='word_1_791' title='bbox 1343 1966 1416 2002; x_wconf 90' lang='lat' dir='ltr'><strong>sive</strong></span> <span class='ocrx_word' id='word_1_792' title='bbox 1440 1970 1586 2002; x_wconf 86' lang='lat' dir='ltr'><strong>curator</strong></span> <span class='ocrx_word' id='word_1_793' title='bbox 1609 1966 1764 2008; x_wconf 88' lang='lat' dir='ltr'><strong>nomina,</strong></span> <span class='ocrx_word' id='word_1_794' title='bbox 1789 1975 1881 2010; x_wconf 90' lang='lat' dir='ltr'><strong>quae</strong></span> <span class='ocrx_word' id='word_1_795' title='bbox 1904 1965 1997 2001; x_wconf 89' lang='lat' dir='ltr'><strong>iuste</strong></span> <span class='ocrx_word' id='word_1_796' title='bbox 2020 1969 2126 2011; x_wconf 87' lang='lat' dir='ltr'><strong>putat</strong></span> <span class='ocrx_word' id='word_1_797' title='bbox 2155 1975 2228 2000; x_wconf 92' lang='lat' dir='ltr'><strong>non</strong></span> <span class='ocrx_word' id='word_1_798' title='bbox 2252 1974 2330 2001; x_wconf 88' lang='lat' dir='ltr'><strong>esse</strong></span> <span class='ocrx_word' id='word_1_799' title='bbox 2351 1964 2428 2001; x_wconf 87' lang='lat' dir='ltr'><strong>ido·</strong></span> <span class='ocrx_word' id='word_1_800' title='bbox 2495 1964 2498 1969; x_wconf 91' lang='lat'>&#39;</span> <span class='ocrx_word' id='word_1_801' title='bbox 2525 1972 2528 1973; x_wconf 71' lang='grc'>’</span> 
     </span>
    </p>
   </div>
   <div class='ocr_carea' id='block_1_14' title="bbox 1337 2009 2430 3540">
    <p class='ocr_par' dir='ltr' id='par_1_23' title="bbox 1337 2009 2430 3540">
     <span class='ocr_line' id='line_1_117' title="bbox 1343 2009 2430 2057; baseline -0.002 -10"><span class='ocrx_word' id='word_1_802' title='bbox 1343 2021 1422 2054; x_wconf 91' lang='lat' dir='ltr'><strong>nea,</strong></span> <span class='ocrx_word' id='word_1_803' title='bbox 1447 2022 1470 2047; x_wconf 91' lang='lat' dir='ltr'><strong>a</strong></span> <span class='ocrx_word' id='word_1_804' title='bbox 1492 2011 1612 2057; x_wconf 90' lang='lat' dir='ltr'><strong>priore</strong></span> <span class='ocrx_word' id='word_1_805' title='bbox 1642 2014 1761 2047; x_wconf 85' lang='lat' dir='ltr'><strong>tutore</strong></span> <span class='ocrx_word' id='word_1_806' title='bbox 1791 2010 1846 2045; x_wconf 89' lang='lat' dir='ltr'><strong>vel</strong></span> <span class='ocrx_word' id='word_1_807' title='bbox 1877 2014 2044 2046; x_wconf 88' lang='lat' dir='ltr'><strong>curatore</strong></span> <span class='ocrx_word' id='word_1_808' title='bbox 2075 2010 2257 2056; x_wconf 89' lang='lat' dir='ltr'><strong>suscipere</strong></span> <span class='ocrx_word' id='word_1_809' title='bbox 2288 2009 2430 2055; x_wconf 85' lang='lat' dir='ltr'><strong>quidem</strong></span> 
     </span>
     <span class='ocr_line' id='line_1_118' title="bbox 1343 2055 2405 2101; baseline -0.002 -9"><span class='ocrx_word' id='word_1_810' title='bbox 1343 2066 1385 2092; x_wconf 88' lang='lat' dir='ltr'><strong>co</strong></span> <span class='ocrx_word' id='word_1_811' title='bbox 1412 2057 1493 2099; x_wconf 89' lang='lat' dir='ltr'><strong>&#39;tur‚</strong></span> <span class='ocrx_word' id='word_1_812' title='bbox 1517 2067 1590 2092; x_wconf 90' lang='lat' dir='ltr'><strong>non</strong></span> <span class='ocrx_word' id='word_1_813' title='bbox 1613 2059 1734 2091; x_wconf 88' lang='lat' dir='ltr'><strong>tamen</strong></span> <span class='ocrx_word' id='word_1_814' title='bbox 1758 2055 1979 2091; x_wconf 84' lang='lat' dir='ltr'><strong>exactionem</strong></span> <span class='ocrx_word' id='word_1_815' title='bbox 2001 2055 2160 2101; x_wconf 90' lang='lat' dir='ltr'><strong>periculo</strong></span> <span class='ocrx_word' id='word_1_816' title='bbox 2184 2065 2250 2091; x_wconf 90' lang='lat' dir='ltr'><strong>suo</strong></span> <span class='ocrx_word' id='word_1_817' title='bbox 2273 2055 2405 2091; x_wconf 80' lang='lat' dir='ltr'><strong>facere.</strong></span> 
     </span>
     <span class='ocr_line' id='line_1_119' title="bbox 1418 2099 2428 2146; baseline -0.003 -7"><span class='ocrx_word' id='word_1_818' title='bbox 1418 2099 1442 2139; x_wconf 88' lang='grc'>6</span> <span class='ocrx_word' id='word_1_819' title='bbox 1467 2101 1574 2137; x_wconf 71' lang='lat' dir='ltr'><strong>[osu</strong></span> <span class='ocrx_word' id='word_1_820' title='bbox 1593 2101 1685 2137; x_wconf 86' lang='lat' dir='ltr'><strong>libro</strong></span> <span class='ocrx_word' id='word_1_821' title='bbox 1720 2101 1824 2136; x_wconf 79' lang='lat' dir='ltr'><strong>tertio</strong></span> <span class='ocrx_word' id='word_1_822' title='bbox 1857 2101 2107 2146; x_wconf 82' lang='lat' dir='ltr'><strong>quaestionum</strong></span> <span class='ocrx_word' id='word_1_823' title='bbox 2161 2100 2260 2135; x_wconf 90' lang='lat' dir='ltr'><strong>Inter</strong></span> <span class='ocrx_word' id='word_1_824' title='bbox 2290 2102 2428 2136; x_wconf 80' lang='lat' dir='ltr'><strong>tutores</strong></span> 
     </span>
     <span class='ocr_line' id='line_1_120' title="bbox 1343 2145 2429 2191; baseline -0.002 -9"><span class='ocrx_word' id='word_1_825' title='bbox 1343 2147 1455 2182; x_wconf 91' lang='lat' dir='ltr'><strong>divisa</strong></span> <span class='ocrx_word' id='word_1_826' title='bbox 1476 2146 1589 2182; x_wconf 90' lang='lat' dir='ltr'><strong>tutela</strong></span> <span class='ocrx_word' id='word_1_827' title='bbox 1612 2149 1684 2181; x_wconf 85' lang='lat' dir='ltr'><strong>est:</strong></span> <span class='ocrx_word' id='word_1_828' title='bbox 1718 2146 1890 2191; x_wconf 84' lang='lat' dir='ltr'><strong>aequitas,</strong></span> <span class='ocrx_word' id='word_1_829' title='bbox 1916 2155 2007 2191; x_wconf 89' lang='lat' dir='ltr'><strong>quae</strong></span> <span class='ocrx_word' id='word_1_830' title='bbox 2030 2155 2166 2180; x_wconf 89' lang='lat' dir='ltr'><strong>merum</strong></span> <span class='ocrx_word' id='word_1_831' title='bbox 2189 2145 2245 2181; x_wconf 90' lang='lat' dir='ltr'><strong>ius</strong></span> <span class='ocrx_word' id='word_1_832' title='bbox 2262 2155 2429 2191; x_wconf 88' lang='lat' dir='ltr'><strong>compen·</strong></span> 
     </span>
     <span class='ocr_line' id='line_1_121' title="bbox 1343 2190 2428 2237; baseline -0.001 -10"><span class='ocrx_word' id='word_1_833' title='bbox 1343 2191 1491 2227; x_wconf 90' lang='lat' dir='ltr'><strong>sationis</strong></span> <span class='ocrx_word' id='word_1_834' title='bbox 1514 2191 1663 2234; x_wconf 89' lang='lat' dir='ltr'><strong>inducit,</strong></span> <span class='ocrx_word' id='word_1_835' title='bbox 1687 2201 1752 2237; x_wconf 91' lang='lat' dir='ltr'><strong>pro</strong></span> <span class='ocrx_word' id='word_1_836' title='bbox 1778 2195 1834 2226; x_wconf 90' lang='lat' dir='ltr'><strong>ter</strong></span> <span class='ocrx_word' id='word_1_837' title='bbox 1857 2190 2015 2226; x_wconf 85' lang='lat' dir='ltr'><strong>officium</strong></span> <span class='ocrx_word' id='word_1_838' title='bbox 2039 2194 2074 2226; x_wconf 88' lang='lat' dir='ltr'><strong>et</strong></span> <span class='ocrx_word' id='word_1_839' title='bbox 2101 2200 2290 2236; x_wconf 88' lang='lat' dir='ltr'><strong>personam</strong></span> <span class='ocrx_word' id='word_1_840' title='bbox 2320 2200 2428 2236; x_wconf 78' lang='lat' dir='ltr'><strong>agen·</strong></span> 
     </span>
     <span class='ocr_line' id='line_1_122' title="bbox 1342 2201 2430 2281; baseline 0 -10"><span class='ocrx_word' id='word_1_841' title='bbox 1342 2238 1388 2273; x_wconf 89' lang='lat' dir='ltr'><strong>tis</strong></span> <span class='ocrx_word' id='word_1_842' title='bbox 1422 2237 1553 2272; x_wconf 88' lang='lat' dir='ltr'><strong>tutoris</strong></span> <span class='ocrx_word' id='word_1_843' title='bbox 1588 2247 1661 2271; x_wconf 92' lang='lat' dir='ltr'><strong>non</strong></span> <span class='ocrx_word' id='word_1_844' title='bbox 1695 2201 1873 2271; x_wconf 52' lang='lat' dir='ltr'><strong>diiigrturz</strong></span> <span class='ocrx_word' id='word_1_845' title='bbox 1906 2245 1989 2270; x_wconf 91' lang='lat' dir='ltr'><strong>nam</strong></span> <span class='ocrx_word' id='word_1_846' title='bbox 2023 2235 2147 2272; x_wconf 92' lang='lat' dir='ltr'><strong>divisio</strong></span> <span class='ocrx_word' id='word_1_847' title='bbox 2169 2235 2314 2278; x_wconf 83' lang='lat' dir='ltr'><strong>tutelae,</strong></span> <span class='ocrx_word' id='word_1_848' title='bbox 2339 2245 2430 2281; x_wconf 84' lang='lat' dir='ltr'><strong>quae</strong></span> 
     </span>
     <span class='ocr_line' id='line_1_123' title="bbox 1343 2280 2427 2324; baseline -0.001 -8"><span class='ocrx_word' id='word_1_849' title='bbox 1343 2292 1415 2318; x_wconf 92' lang='lat' dir='ltr'><strong>non</strong></span> <span class='ocrx_word' id='word_1_850' title='bbox 1438 2281 1537 2324; x_wconf 86' lang='lat' dir='ltr'><strong>iuris,</strong></span> <span class='ocrx_word' id='word_1_851' title='bbox 1561 2281 1625 2317; x_wconf 86' lang='lat' dir='ltr'><strong>sed</strong></span> <span class='ocrx_word' id='word_1_852' title='bbox 1647 2280 1901 2317; x_wconf 88' lang='lat' dir='ltr'><strong>iurisdictionis</strong></span> <span class='ocrx_word' id='word_1_853' title='bbox 1924 2284 1996 2323; x_wconf 89' lang='lat' dir='ltr'><strong>est,</strong></span> <span class='ocrx_word' id='word_1_854' title='bbox 2028 2280 2172 2316; x_wconf 89' lang='lat' dir='ltr'><strong>modum</strong></span> <span class='ocrx_word' id='word_1_855' title='bbox 2203 2280 2427 2315; x_wconf 87' lang='lat' dir='ltr'><strong>administra-</strong></span> 
     </span>
     <span class='ocr_line' id='line_1_124' title="bbox 1343 2325 2428 2371; baseline -0.002 -9"><span class='ocrx_word' id='word_1_856' title='bbox 1343 2327 1432 2362; x_wconf 89' lang='lat' dir='ltr'><strong>tioni</strong></span> <span class='ocrx_word' id='word_1_857' title='bbox 1461 2326 1550 2361; x_wconf 81' lang='lat' dir='ltr'><strong>facit</strong></span> <span class='ocrx_word' id='word_1_858' title='bbox 1573 2329 1610 2361; x_wconf 91' lang='lat' dir='ltr'><strong>et</strong></span> <span class='ocrx_word' id='word_1_859' title='bbox 1639 2326 1732 2361; x_wconf 88' lang='lat' dir='ltr'><strong>inter</strong></span> <span class='ocrx_word' id='word_1_860' title='bbox 1762 2326 1860 2371; x_wconf 90' lang='lat' dir='ltr'><strong>ipsos</strong></span> <span class='ocrx_word' id='word_1_861' title='bbox 1892 2325 2010 2361; x_wconf 92' lang='lat' dir='ltr'><strong>locum</strong></span> <span class='ocrx_word' id='word_1_862' title='bbox 2040 2325 2150 2360; x_wconf 89' lang='lat' dir='ltr'><strong>habet</strong></span> <span class='ocrx_word' id='word_1_863' title='bbox 2180 2335 2246 2360; x_wconf 90' lang='lat' dir='ltr'><strong>nec</strong></span> <span class='ocrx_word' id='word_1_864' title='bbox 2278 2325 2428 2371; x_wconf 91' lang='lat' dir='ltr'><strong>experiri</strong></span> 
     </span>
     <span class='ocr_line' id='line_1_125' title="bbox 1343 2370 2114 2417; baseline -0.003 -10"><span class='ocrx_word' id='word_1_865' title='bbox 1343 2382 1424 2408; x_wconf 90' lang='lat' dir='ltr'><strong>cum</strong></span> <span class='ocrx_word' id='word_1_866' title='bbox 1447 2371 1582 2417; x_wconf 90' lang='lat' dir='ltr'><strong>pupillo</strong></span> <span class='ocrx_word' id='word_1_867' title='bbox 1606 2370 1806 2407; x_wconf 90' lang='lat' dir='ltr'><strong>volentibus</strong></span> <span class='ocrx_word' id='word_1_868' title='bbox 1829 2371 1975 2406; x_wconf 87' lang='lat' dir='ltr'><strong>obstare</strong></span> <span class='ocrx_word' id='word_1_869' title='bbox 1999 2370 2114 2406; x_wconf 90' lang='lat' dir='ltr'><strong>debet.</strong></span> 
     </span>
     <span class='ocr_line' id='line_1_126' title="bbox 1361 2414 2428 2461; baseline -0.005 -6"><span class='ocrx_word' id='word_1_870' title='bbox 1361 2459 1363 2461; x_wconf 53' lang='grc'>,</span> <span class='ocrx_word' id='word_1_871' title='bbox 1389 2414 1440 2455; x_wconf 88' lang='grc'><strong>37</strong></span> <span class='ocrx_word' id='word_1_872' title='bbox 1467 2415 1575 2452; x_wconf 63' lang='lat' dir='ltr'><strong>Iesu</strong></span> <span class='ocrx_word' id='word_1_873' title='bbox 1601 2415 1693 2452; x_wconf 81' lang='lat' dir='ltr'><strong>libro</strong></span> <span class='ocrx_word' id='word_1_874' title='bbox 1727 2416 1915 2451; x_wconf 79' lang='lat' dir='ltr'><strong>undecimo</strong></span> <span class='ocrx_word' id='word_1_875' title='bbox 1947 2416 2195 2461; x_wconf 79' lang='lat' dir='ltr'><strong>quaestionum</strong></span> <span class='ocrx_word' id='word_1_876' title='bbox 2243 2414 2428 2457; x_wconf 89' lang='lat' dir='ltr'><strong>Tutorem,</strong></span> 
     </span>
     <span class='ocr_line' id='line_1_127' title="bbox 1342 2459 2428 2552; baseline -0.003 -9"><span class='ocrx_word' id='word_1_877' title='bbox 1342 2461 1698 2552; x_wconf 46' lang='lat' dir='ltr'><strong>ffiff‘ffssffisfflss’</strong></span> <span class='ocrx_word' id='word_1_878' title='bbox 1713 2460 1877 2541; x_wconf 51' lang='grc' dir='ltr'><strong>Ξὲωὲἓέ</strong></span> <span class='ocrx_word' id='word_1_879' title='bbox 1902 2459 2113 2541; x_wconf 60' lang='lat'><strong>52132223152‘</strong></span> <span class='ocrx_word' id='word_1_880' title='bbox 2138 2459 2428 2540; x_wconf 46' lang='lat' dir='ltr'><strong>maffeus</strong></span> 
     </span>
     <span class='ocr_line' id='line_1_128' title="bbox 1346 2516 2428 2604; baseline -0.002 -17"><span class='ocrx_word' id='word_1_881' title='bbox 1346 2555 1360 2587; x_wconf 87' lang='lat'>1</span> <span class='ocrx_word' id='word_1_882' title='bbox 1411 2551 1569 2604; x_wconf 45' lang='lat' dir='ltr'><strong>obligari·</strong></span> <span class='ocrx_word' id='word_1_883' title='bbox 1585 2517 1811 2596; x_wconf 59' lang='lat' dir='ltr'><strong>piftaveruni&#39;.</strong></span> <span class='ocrx_word' id='word_1_884' title='bbox 1860 2549 2062 2585; x_wconf 91' lang='lat' dir='ltr'><strong>Secundum</strong></span> <span class='ocrx_word' id='word_1_885' title='bbox 2085 2516 2192 2595; x_wconf 53' lang='lat' dir='ltr'><strong>qgam</strong></span> <span class='ocrx_word' id='word_1_886' title='bbox 2215 2549 2428 2586; x_wconf 87' lang='lat' dir='ltr'><strong>sententiam</strong></span> 
     </span>
     <span class='ocr_line' id='line_1_129' title="bbox 1343 2594 2426 2641; baseline -0.003 -8"><span class='ocrx_word' id='word_1_887' title='bbox 1343 2607 1465 2633; x_wconf 89' lang='lat' dir='ltr'><strong>servus</strong></span> <span class='ocrx_word' id='word_1_888' title='bbox 1488 2600 1630 2631; x_wconf 87' lang='lat' dir='ltr'><strong>institor</strong></span> <span class='ocrx_word' id='word_1_889' title='bbox 1653 2596 1850 2631; x_wconf 89' lang='lat' dir='ltr'><strong>dominicae</strong></span> <span class='ocrx_word' id='word_1_890' title='bbox 1873 2595 2000 2631; x_wconf 89' lang='lat' dir='ltr'><strong>mercis</strong></span> <span class='ocrx_word' id='word_1_891' title='bbox 2032 2595 2087 2630; x_wconf 90' lang='lat' dir='ltr'><strong>vel</strong></span> <span class='ocrx_word' id='word_1_892' title='bbox 2117 2595 2341 2641; x_wconf 90' lang='lat' dir='ltr'><strong>praepositus</strong></span> <span class='ocrx_word' id='word_1_893' title='bbox 2366 2594 2426 2630; x_wconf 85' lang='lat' dir='ltr'><strong>de·</strong></span> 
     </span>
     <span class='ocr_line' id='line_1_130' title="bbox 1343 2639 2426 2686; baseline -0.002 -9"><span class='ocrx_word' id='word_1_894' title='bbox 1343 2642 1426 2677; x_wconf 90' lang='lat' dir='ltr'><strong>bitis</strong></span> <span class='ocrx_word' id='word_1_895' title='bbox 1450 2641 1629 2686; x_wconf 80' lang='lat' dir='ltr'><strong>exigendis</strong></span> <span class='ocrx_word' id='word_1_896' title='bbox 1653 2641 1685 2676; x_wconf 93' lang='lat' dir='ltr'><strong>si</strong></span> <span class='ocrx_word' id='word_1_897' title='bbox 1707 2640 1797 2676; x_wconf 88' lang='lat' dir='ltr'><strong>liber</strong></span> <span class='ocrx_word' id='word_1_898' title='bbox 1826 2640 1944 2676; x_wconf 86' lang='lat' dir='ltr'><strong>factus</strong></span> <span class='ocrx_word' id='word_1_899' title='bbox 1974 2640 2011 2675; x_wconf 90' lang='lat' dir='ltr'><strong>in</strong></span> <span class='ocrx_word' id='word_1_900' title='bbox 2044 2639 2168 2676; x_wconf 89' lang='lat' dir='ltr'><strong>eodem</strong></span> <span class='ocrx_word' id='word_1_901' title='bbox 2200 2644 2284 2675; x_wconf 90' lang='lat' dir='ltr'><strong>actu</strong></span> <span class='ocrx_word' id='word_1_902' title='bbox 2306 2649 2426 2685; x_wconf 89' lang='lat' dir='ltr'><strong>perse-</strong></span> 
     </span>
     <span class='ocr_line' id='line_1_131' title="bbox 1342 2684 2427 2737; baseline -0.002 -15"><span class='ocrx_word' id='word_1_903' title='bbox 1342 2690 1451 2730; x_wconf 88' lang='lat' dir='ltr'><strong>veret,</strong></span> <span class='ocrx_word' id='word_1_904' title='bbox 1476 2686 1636 2732; x_wconf 87' lang='lat' dir='ltr'><strong>quamvis</strong></span> <span class='ocrx_word' id='word_1_905' title='bbox 1659 2689 1818 2731; x_wconf 88' lang='lat' dir='ltr'><strong>tempore</strong></span> <span class='ocrx_word' id='word_1_906' title='bbox 1841 2685 2020 2720; x_wconf 88' lang='lat' dir='ltr'><strong>servitutis</strong></span> <span class='ocrx_word' id='word_1_907' title='bbox 2044 2684 2194 2730; x_wconf 81' lang='lat' dir='ltr'><strong>obligari</strong></span> <span class='ocrx_word' id='word_1_908' title='bbox 2218 2695 2291 2720; x_wconf 90' lang='lat' dir='ltr'><strong>non</strong></span> <span class='ocrx_word' id='word_1_909' title='bbox 2314 2689 2427 2737; x_wconf 77' lang='lat' dir='ltr'><strong>potu·</strong></span> 
     </span>
     <span class='ocr_line' id='line_1_132' title="bbox 1344 2730 2427 2778; baseline -0.003 -11"><span class='ocrx_word' id='word_1_910' title='bbox 1344 2733 1421 2775; x_wconf 89' lang='lat' dir='ltr'><strong>erit,</strong></span> <span class='ocrx_word' id='word_1_911' title='bbox 1452 2731 1636 2778; x_wconf 81' lang='lat' dir='ltr'><strong>praeteriti</strong></span> <span class='ocrx_word' id='word_1_912' title='bbox 1666 2734 1738 2766; x_wconf 85' lang='lat' dir='ltr'><strong>tem</strong></span> <span class='ocrx_word' id='word_1_913' title='bbox 1764 2730 1835 2766; x_wconf 90' lang='lat' dir='ltr'><strong>oris</strong></span> <span class='ocrx_word' id='word_1_914' title='bbox 1866 2730 2007 2766; x_wconf 89' lang='lat' dir='ltr'><strong>nomine</strong></span> <span class='ocrx_word' id='word_1_915' title='bbox 2037 2730 2177 2766; x_wconf 90' lang='lat' dir='ltr'><strong>actione</strong></span> <span class='ocrx_word' id='word_1_916' title='bbox 2207 2733 2427 2775; x_wconf 75' lang='lat' dir='ltr'><strong>negotiorum</strong></span> 
     </span>
     <span class='ocr_line' id='line_1_133' title="bbox 1341 2776 1770 2823; baseline -0.007 -10"><span class='ocrx_word' id='word_1_917' title='bbox 1341 2781 1522 2823; x_wconf 83' lang='lat' dir='ltr'><strong>gestorum</strong></span> <span class='ocrx_word' id='word_1_918' title='bbox 1553 2786 1625 2812; x_wconf 92' lang='lat' dir='ltr'><strong>non</strong></span> <span class='ocrx_word' id='word_1_919' title='bbox 1656 2776 1718 2811; x_wconf 91' lang='lat' dir='ltr'><strong>inu</strong></span> <span class='ocrx_word' id='word_1_920' title='bbox 1762 2776 1770 2783; x_wconf 88' lang='lat'>’</span> 
     </span>
     <span class='ocr_line' id='line_1_134' title="bbox 1342 2819 2425 2867; baseline -0.004 -9"><span class='ocrx_word' id='word_1_921' title='bbox 1342 2833 1479 2864; x_wconf 88' lang='lat' dir='ltr'><strong>rerum,</strong></span> <span class='ocrx_word' id='word_1_922' title='bbox 1512 2831 1604 2867; x_wconf 88' lang='lat' dir='ltr'><strong>quae</strong></span> <span class='ocrx_word' id='word_1_923' title='bbox 1635 2831 1807 2857; x_wconf 87' lang='lat' dir='ltr'><strong>conexam</strong></span> <span class='ocrx_word' id='word_1_924' title='bbox 1830 2820 2006 2856; x_wconf 85' lang='lat' dir='ltr'><strong>rationem</strong></span> <span class='ocrx_word' id='word_1_925' title='bbox 2030 2831 2111 2856; x_wconf 91' lang='lat' dir='ltr'><strong>cum</strong></span> <span class='ocrx_word' id='word_1_926' title='bbox 2134 2819 2202 2862; x_wconf 88' lang='lat' dir='ltr'><strong>his,</strong></span> <span class='ocrx_word' id='word_1_927' title='bbox 2226 2829 2318 2865; x_wconf 90' lang='lat' dir='ltr'><strong>quae</strong></span> <span class='ocrx_word' id='word_1_928' title='bbox 2341 2829 2425 2865; x_wconf 89' lang='lat' dir='ltr'><strong>pos-</strong></span> 
     </span>
     <span class='ocr_line' id='line_1_135' title="bbox 1341 2864 2426 2919; baseline -0.004 -16"><span class='ocrx_word' id='word_1_929' title='bbox 1341 2871 1402 2903; x_wconf 90' lang='lat' dir='ltr'><strong>tea</strong></span> <span class='ocrx_word' id='word_1_930' title='bbox 1438 2870 1538 2919; x_wconf 76' lang='lat' dir='ltr'><strong>gesta</strong></span> <span class='ocrx_word' id='word_1_931' title='bbox 1576 2869 1682 2909; x_wconf 92' lang='lat' dir='ltr'><strong>sunt,</strong></span> <span class='ocrx_word' id='word_1_932' title='bbox 1717 2866 1938 2901; x_wconf 82' lang='lat' dir='ltr'><strong>habuerunt:</strong></span> <span class='ocrx_word' id='word_1_933' title='bbox 1981 2865 2033 2900; x_wconf 91' lang='lat' dir='ltr'><strong>sic</strong></span> <span class='ocrx_word' id='word_1_934' title='bbox 2057 2865 2150 2900; x_wconf 91' lang='lat' dir='ltr'><strong>enim</strong></span> <span class='ocrx_word' id='word_1_935' title='bbox 2165 2866 2191 2885; x_wconf 85' lang='lat'><strong>¹¹</strong></span> <span class='ocrx_word' id='word_1_936' title='bbox 2227 2868 2263 2900; x_wconf 90' lang='lat' dir='ltr'><strong>et</strong></span> <span class='ocrx_word' id='word_1_937' title='bbox 2291 2864 2426 2900; x_wconf 87' lang='lat' dir='ltr'><strong>tutelae</strong></span> 
     </span>
     <span class='ocr_line' id='line_1_136' title="bbox 1342 2909 2425 2956; baseline -0.003 -9"><span class='ocrx_word' id='word_1_938' title='bbox 1342 2912 1510 2948; x_wconf 86' lang='lat' dir='ltr'><strong>iudicium</strong></span> <span class='ocrx_word' id='word_1_939' title='bbox 1535 2921 1656 2946; x_wconf 91' lang='lat' dir='ltr'><strong>earum</strong></span> <span class='ocrx_word' id='word_1_940' title='bbox 1680 2921 1822 2956; x_wconf 91' lang='lat' dir='ltr'><strong>quoque</strong></span> <span class='ocrx_word' id='word_1_941' title='bbox 1851 2920 1970 2945; x_wconf 89' lang='lat' dir='ltr'><strong>rerum</strong></span> <span class='ocrx_word' id='word_1_942' title='bbox 2002 2920 2113 2946; x_wconf 89' lang='lat' dir='ltr'><strong>causa</strong></span> <span class='ocrx_word' id='word_1_943' title='bbox 2135 2914 2256 2945; x_wconf 87' lang='lat' dir='ltr'><strong>tenere</strong></span> <span class='ocrx_word' id='word_1_944' title='bbox 2278 2909 2425 2955; x_wconf 89' lang='lat' dir='ltr'><strong>placuit,</strong></span> 
     </span>
     <span class='ocr_line' id='line_1_137' title="bbox 1342 2954 2426 3003; baseline -0.003 -11"><span class='ocrx_word' id='word_1_945' title='bbox 1342 2967 1434 3003; x_wconf 90' lang='lat' dir='ltr'><strong>quae</strong></span> <span class='ocrx_word' id='word_1_946' title='bbox 1466 2961 1550 3002; x_wconf 91' lang='lat' dir='ltr'><strong>post</strong></span> <span class='ocrx_word' id='word_1_947' title='bbox 1583 2957 1807 3002; x_wconf 90' lang='lat' dir='ltr'><strong>pubertatem</strong></span> <span class='ocrx_word' id='word_1_948' title='bbox 1841 2955 2153 2998; x_wconf 89' lang='lat' dir='ltr'><strong>administrantur,</strong></span> <span class='ocrx_word' id='word_1_949' title='bbox 2185 2954 2215 2990; x_wconf 92' lang='lat' dir='ltr'><strong>si</strong></span> <span class='ocrx_word' id='word_1_950' title='bbox 2249 2954 2426 3000; x_wconf 89' lang='lat' dir='ltr'><strong>posterior</strong></span> 
     </span>
     <span class='ocr_line' id='line_1_138' title="bbox 1342 2999 2424 3047; baseline -0.004 -9"><span class='ocrx_word' id='word_1_951' title='bbox 1342 3006 1445 3038; x_wconf 88' lang='lat' dir='ltr'><strong>actus</strong></span> <span class='ocrx_word' id='word_1_952' title='bbox 1468 3002 1578 3047; x_wconf 91' lang='lat' dir='ltr'><strong>priori</strong></span> <span class='ocrx_word' id='word_1_953' title='bbox 1602 3001 1794 3037; x_wconf 83' lang='lat' dir='ltr'><strong>cohaereat</strong></span> <span class='ocrx_word' id='word_1_954' title='bbox 1818 3011 1931 3045; x_wconf 89' lang='lat' dir='ltr'><strong>neque</strong></span> <span class='ocrx_word' id='word_1_955' title='bbox 1955 3000 2088 3035; x_wconf 90' lang='lat' dir='ltr'><strong>divisus</strong></span> <span class='ocrx_word' id='word_1_956' title='bbox 2111 2999 2291 3045; x_wconf 89' lang='lat' dir='ltr'><strong>propriam</strong></span> <span class='ocrx_word' id='word_1_957' title='bbox 2314 2999 2424 3034; x_wconf 91' lang='lat' dir='ltr'><strong>ratio-</strong></span> 
     </span>
     <span class='ocr_line' id='line_1_139' title="bbox 1341 3044 2424 3091; baseline -0.004 -8"><span class='ocrx_word' id='word_1_958' title='bbox 1341 3049 1361 3082; x_wconf 85' lang='lat'><strong>2</strong></span> <span class='ocrx_word' id='word_1_959' title='bbox 1408 3057 1489 3082; x_wconf 90' lang='lat' dir='ltr'><strong>nem</strong></span> <span class='ocrx_word' id='word_1_960' title='bbox 1511 3046 1630 3081; x_wconf 90' lang='lat' dir='ltr'><strong>habet.</strong></span> <span class='ocrx_word' id='word_1_961' title='bbox 1678 3045 1765 3081; x_wconf 89' lang='lat' dir='ltr'><strong>Inde</strong></span> <span class='ocrx_word' id='word_1_962' title='bbox 1789 3045 1972 3081; x_wconf 89' lang='lat' dir='ltr'><strong>descendit</strong></span> <span class='ocrx_word' id='word_1_963' title='bbox 2002 3044 2182 3091; x_wconf 87' lang='lat' dir='ltr'><strong>quaestio,</strong></span> <span class='ocrx_word' id='word_1_964' title='bbox 2206 3054 2298 3090; x_wconf 88' lang='lat' dir='ltr'><strong>qnae</strong></span> <span class='ocrx_word' id='word_1_965' title='bbox 2319 3044 2424 3090; x_wconf 74' lang='lat' dir='ltr'><strong>vulgo</strong></span> 
     </span>
     <span class='ocr_line' id='line_1_140' title="bbox 1341 3090 2423 3136; baseline -0.003 -9"><span class='ocrx_word' id='word_1_966' title='bbox 1341 3092 1438 3127; x_wconf 90' lang='lat' dir='ltr'><strong>circa</strong></span> <span class='ocrx_word' id='word_1_967' title='bbox 1461 3091 1571 3126; x_wconf 84' lang='lat' dir='ltr'><strong>fllium</strong></span> <span class='ocrx_word' id='word_1_968' title='bbox 1594 3090 1748 3126; x_wconf 86' lang='lat' dir='ltr'><strong>familias</strong></span> <span class='ocrx_word' id='word_1_969' title='bbox 1772 3094 1926 3126; x_wconf 88' lang='lat' dir='ltr'><strong>tractata</strong></span> <span class='ocrx_word' id='word_1_970' title='bbox 1941 3094 2004 3131; x_wconf 91' lang='lat' dir='ltr'><strong>est,</strong></span> <span class='ocrx_word' id='word_1_971' title='bbox 2022 3090 2083 3136; x_wconf 90' lang='lat' dir='ltr'><strong>qui</strong></span> <span class='ocrx_word' id='word_1_972' title='bbox 2097 3093 2196 3125; x_wconf 90' lang='lat' dir='ltr'><strong>tutor</strong></span> <span class='ocrx_word' id='word_1_973' title='bbox 2210 3093 2423 3125; x_wconf 85' lang='lat' dir='ltr'><strong>testamento</strong></span> 
     </span>
     <span class='ocr_line' id='line_1_141' title="bbox 1340 3133 2424 3182; baseline -0.003 -10"><span class='ocrx_word' id='word_1_974' title='bbox 1340 3137 1444 3172; x_wconf 89' lang='lat' dir='ltr'><strong>datus</strong></span> <span class='ocrx_word' id='word_1_975' title='bbox 1475 3140 1557 3182; x_wconf 93' lang='lat' dir='ltr'><strong>post</strong></span> <span class='ocrx_word' id='word_1_976' title='bbox 1588 3135 1735 3170; x_wconf 88' lang='lat' dir='ltr'><strong>tutelam</strong></span> <span class='ocrx_word' id='word_1_977' title='bbox 1771 3139 1908 3181; x_wconf 82' lang='lat' dir='ltr'><strong>gestam</strong></span> <span class='ocrx_word' id='word_1_978' title='bbox 1948 3135 2084 3170; x_wconf 75' lang='lat' dir='ltr'><strong>-anci</strong></span> <span class='ocrx_word' id='word_1_979' title='bbox 2110 3138 2191 3170; x_wconf 88' lang='lat' dir='ltr'><strong>atus</strong></span> <span class='ocrx_word' id='word_1_980' title='bbox 2225 3134 2262 3169; x_wconf 92' lang='lat' dir='ltr'><strong>in</strong></span> <span class='ocrx_word' id='word_1_981' title='bbox 2301 3133 2424 3170; x_wconf 89' lang='lat' dir='ltr'><strong>eodem</strong></span> 
     </span>
     <span class='ocr_line' id='line_1_142' title="bbox 1340 3177 2424 3226; baseline -0.004 -9"><span class='ocrx_word' id='word_1_982' title='bbox 1340 3181 1460 3218; x_wconf 87' lang='lat' dir='ltr'><strong>officio</strong></span> <span class='ocrx_word' id='word_1_983' title='bbox 1495 3181 1744 3226; x_wconf 82' lang='lat' dir='ltr'><strong>perseveravit.</strong></span> <span class='ocrx_word' id='word_1_984' title='bbox 1781 3185 1817 3216; x_wconf 92' lang='lat' dir='ltr'><strong>et</strong></span> <span class='ocrx_word' id='word_1_985' title='bbox 1851 3180 2047 3216; x_wconf 90' lang='lat' dir='ltr'><strong>secundum</strong></span> <span class='ocrx_word' id='word_1_986' title='bbox 2109 3179 2205 3214; x_wconf 87' lang='lat' dir='ltr'><strong>abini</strong></span> <span class='ocrx_word' id='word_1_987' title='bbox 2239 3182 2275 3214; x_wconf 88' lang='lat' dir='ltr'><strong>et</strong></span> <span class='ocrx_word' id='word_1_988' title='bbox 2310 3177 2424 3214; x_wconf 86' lang='lat' dir='ltr'><strong>Cassii</strong></span> 
     </span>
     <span class='ocr_line' id='line_1_143' title="bbox 1340 3223 2423 3271; baseline -0.004 -9"><span class='ocrx_word' id='word_1_989' title='bbox 1340 3226 1551 3263; x_wconf 87' lang='lat' dir='ltr'><strong>sententiam</strong></span> <span class='ocrx_word' id='word_1_990' title='bbox 1587 3225 1722 3261; x_wconf 89' lang='lat' dir='ltr'><strong>eveniet</strong></span> <span class='ocrx_word' id='word_1_991' title='bbox 1736 3252 1745 3267; x_wconf 91' lang='lat'><strong>,</strong></span> <span class='ocrx_word' id='word_1_992' title='bbox 1781 3230 1821 3261; x_wconf 91' lang='lat' dir='ltr'><strong>ut</strong></span> <span class='ocrx_word' id='word_1_993' title='bbox 1855 3225 1899 3261; x_wconf 91' lang='lat' dir='ltr'><strong>de</strong></span> <span class='ocrx_word' id='word_1_994' title='bbox 1934 3235 1976 3261; x_wconf 90' lang='lat' dir='ltr'><strong>eo</strong></span> <span class='ocrx_word' id='word_1_995' title='bbox 2012 3224 2174 3271; x_wconf 89' lang='lat' dir='ltr'><strong>quidem,</strong></span> <span class='ocrx_word' id='word_1_996' title='bbox 2210 3223 2306 3269; x_wconf 90' lang='lat' dir='ltr'><strong>quod</strong></span> <span class='ocrx_word' id='word_1_997' title='bbox 2340 3227 2423 3268; x_wconf 89' lang='lat' dir='ltr'><strong>post</strong></span> 
     </span>
     <span class='ocr_line' id='line_1_144' title="bbox 1341 3267 2424 3324; baseline -0.003 -18"><span class='ocrx_word' id='word_1_998' title='bbox 1341 3270 1657 3324; x_wconf 78' lang='lat' dir='ltr'><strong>emancipationem</strong></span> <span class='ocrx_word' id='word_1_999' title='bbox 1700 3274 1838 3323; x_wconf 73' lang='lat' dir='ltr'><strong>gestum</strong></span> <span class='ocrx_word' id='word_1_1000' title='bbox 1874 3274 1928 3306; x_wconf 91' lang='lat' dir='ltr'><strong>est</strong></span> <span class='ocrx_word' id='word_1_1001' title='bbox 1941 3296 1950 3313; x_wconf 91' lang='lat'>‚</span> <span class='ocrx_word' id='word_1_1002' title='bbox 1978 3270 2022 3323; x_wconf 35' lang='lat' dir='ltr'><strong>‘in</strong></span> <span class='ocrx_word' id='word_1_1003' title='bbox 2057 3268 2209 3321; x_wconf 71' lang='lat' dir='ltr'><strong>solidum</strong></span> <span class='ocrx_word' id='word_1_1004' title='bbox 2243 3267 2424 3320; x_wconf 76' lang='lat' dir='ltr'><strong>conveniri</strong></span> 
     </span>
     <span class='ocr_line' id='line_1_145' title="bbox 1339 3313 2423 3407; baseline -0.003 -11"><span class='ocrx_word' id='word_1_1005' title='bbox 1339 3315 1542 3407; x_wconf 60' lang='lat'><strong>{32322133</strong></span> <span class='ocrx_word' id='word_1_1006' title='bbox 1564 3319 1946 3405; x_wconf 54' lang='grc' dir='ltr'><strong>ἓξνῖθῗέἒιῖψῗὲξᾞῑῑ,</strong></span> <span class='ocrx_word' id='word_1_1007' title='bbox 1957 3313 2423 3404; x_wconf 58' lang='lat' dir='ltr'><strong>⁸1¹Xia933331¹¹¹f2²02¹1²2¹²p0⁸2¹3</strong></span> 
     </span>
     <span class='ocr_line' id='line_1_146' title="bbox 1338 3401 2422 3458; baseline -0.005 -16"><span class='ocrx_word' id='word_1_1008' title='bbox 1338 3406 1395 3442; x_wconf 89' lang='lat' dir='ltr'><strong>sit.</strong></span> <span class='ocrx_word' id='word_1_1009' title='bbox 1436 3406 1531 3458; x_wconf 87' lang='lat' dir='ltr'><strong>quod</strong></span> <span class='ocrx_word' id='word_1_1010' title='bbox 1561 3406 1592 3441; x_wconf 87' lang='lat' dir='ltr'><strong>si</strong></span> <span class='ocrx_word' id='word_1_1011' title='bbox 1622 3405 1815 3451; x_wconf 89' lang='lat' dir='ltr'><strong>superioris</strong></span> <span class='ocrx_word' id='word_1_1012' title='bbox 1845 3404 2013 3450; x_wconf 89' lang='lat' dir='ltr'><strong>temporis</strong></span> <span class='ocrx_word' id='word_1_1013' title='bbox 2044 3403 2185 3439; x_wconf 90' lang='lat' dir='ltr'><strong>nomine</strong></span> <span class='ocrx_word' id='word_1_1014' title='bbox 2215 3406 2352 3449; x_wconf 88' lang='lat' dir='ltr'><strong>patrem</strong></span> <span class='ocrx_word' id='word_1_1015' title='bbox 2377 3401 2422 3438; x_wconf 84' lang='lat' dir='ltr'><strong>de</strong></span> 
     </span>
     <span class='ocr_line' id='line_1_147' title="bbox 1338 3447 2420 3497; baseline -0.003 -11"><span class='ocrx_word' id='word_1_1016' title='bbox 1338 3451 1476 3497; x_wconf 84' lang='lat' dir='ltr'><strong>peculio</strong></span> <span class='ocrx_word' id='word_1_1017' title='bbox 1518 3450 1675 3496; x_wconf 89' lang='lat' dir='ltr'><strong>pupillus</strong></span> <span class='ocrx_word' id='word_1_1018' title='bbox 1710 3450 1899 3486; x_wconf 90' lang='lat' dir='ltr'><strong>convenire</strong></span> <span class='ocrx_word' id='word_1_1019' title='bbox 1940 3448 2106 3485; x_wconf 87' lang='lat' dir='ltr'><strong>maluerit</strong></span> <span class='ocrx_word' id='word_1_1020' title='bbox 2153 3453 2280 3488; x_wconf 85' lang='lat' dir='ltr'><strong>(annus</strong></span> <span class='ocrx_word' id='word_1_1021' title='bbox 2328 3447 2420 3483; x_wconf 85' lang='lat' dir='ltr'><strong>enim</strong></span> 
     </span>
     <span class='ocr_line' id='line_1_148' title="bbox 1337 3491 2420 3540; baseline -0.004 -9"><span class='ocrx_word' id='word_1_1022' title='bbox 1337 3495 1433 3531; x_wconf 89' lang='lat' dir='ltr'><strong>utilis</strong></span> <span class='ocrx_word' id='word_1_1023' title='bbox 1459 3506 1503 3531; x_wconf 88' lang='lat' dir='ltr'><strong>ex</strong></span> <span class='ocrx_word' id='word_1_1024' title='bbox 1526 3505 1596 3540; x_wconf 88' lang='lat' dir='ltr'><strong>quo</strong></span> <span class='ocrx_word' id='word_1_1025' title='bbox 1621 3495 1734 3531; x_wconf 88' lang='lat' dir='ltr'><strong>tutela</strong></span> <span class='ocrx_word' id='word_1_1026' title='bbox 1747 3496 1774 3517; x_wconf 84' lang='lat'><strong>¹²</strong></span> <span class='ocrx_word' id='word_1_1027' title='bbox 1796 3495 1851 3539; x_wconf 81' lang='lat' dir='ltr'><strong>agi</strong></span> <span class='ocrx_word' id='word_1_1028' title='bbox 1866 3505 1972 3540; x_wconf 90' lang='lat' dir='ltr'><strong>posse</strong></span> <span class='ocrx_word' id='word_1_1029' title='bbox 1988 3492 2105 3539; x_wconf 85' lang='lat' dir='ltr'><strong>coepit</strong></span> <span class='ocrx_word' id='word_1_1030' title='bbox 2122 3491 2386 3540; x_wconf 89' lang='lat' dir='ltr'><strong>computabitur</strong></span> <span class='ocrx_word' id='word_1_1031' title='bbox 2395 3495 2420 3533; x_wconf 80' lang='lat'><strong>)=</strong></span> 
     </span>
    </p>
   </div>
   <div class='ocr_carea' id='block_1_15' title="bbox 1545 3572 1729 3577">
    <p class='ocr_par' dir='ltr' id='par_1_24' title="bbox 1545 3572 1729 3577">
     <span class='ocr_line' id='line_1_149' title="bbox 1545 3572 1729 3577; baseline 0 0"><span class='ocrx_word' id='word_1_1032' title='bbox 1545 3572 1729 3577; x_wconf 95' lang='lat' dir='ltr'><strong> </strong></span> 
     </span>
    </p>
   </div>
   <div class='ocr_carea' id='block_1_16' title="bbox 1810 3607 2417 3647">
    <p class='ocr_par' dir='ltr' id='par_1_25' title="bbox 1810 3607 2417 3647">
     <span class='ocr_line' id='line_1_150' title="bbox 1810 3607 2417 3647; baseline -0.008 -6"><span class='ocrx_word' id='word_1_1033' title='bbox 1810 3610 1865 3647; x_wconf 82' lang='lat' dir='ltr'><strong>(u)</strong></span> <span class='ocrx_word' id='word_1_1034' title='bbox 1891 3607 1979 3639; x_wconf 87' lang='lat' dir='ltr'><strong>enim</strong></span> <span class='ocrx_word' id='word_1_1035' title='bbox 1993 3607 2054 3641; x_wconf 75' lang='lat' dir='ltr'><strong>del.</strong></span> <span class='ocrx_word' id='word_1_1036' title='bbox 2071 3607 2150 3640; x_wconf 79' lang='lat' dir='ltr'><strong>Hal.</strong></span> <span class='ocrx_word' id='word_1_1037' title='bbox 2244 3607 2302 3647; x_wconf 83' lang='lat'><strong>(1²)</strong></span> <span class='ocrx_word' id='word_1_1038' title='bbox 2327 3608 2417 3637; x_wconf 72' lang='lat' dir='ltr'><strong>tuto·</strong></span> 
     </span>
    </p>
   </div>
   <div class='ocr_carea' id='block_1_17' title="bbox 1337 3609 1716 3687">
    <p class='ocr_par' dir='ltr' id='par_1_26' title="bbox 1337 3609 1716 3687">
     <span class='ocr_line' id='line_1_151' title="bbox 1337 3609 1716 3651; baseline -0.016 -6"><span class='ocrx_word' id='word_1_1039' title='bbox 1337 3611 1396 3651; x_wconf 78' lang='lat' dir='ltr'><strong>(io)</strong></span> <span class='ocrx_word' id='word_1_1040' title='bbox 1421 3609 1644 3642; x_wconf 83' lang='lat' dir='ltr'><strong>adiuvandam</strong></span> <span class='ocrx_word' id='word_1_1041' title='bbox 1655 3620 1716 3642; x_wconf 69' lang='lat' dir='ltr'><strong>scr.</strong></span> 
     </span>
     <span class='ocr_line' id='line_1_152' title="bbox 1338 3654 1662 3687; baseline -0.006 0"><span class='ocrx_word' id='word_1_1042' title='bbox 1338 3654 1389 3687; x_wconf 80' lang='lat' dir='ltr'><strong>lae</strong></span> <span class='ocrx_word' id='word_1_1043' title='bbox 1403 3667 1466 3687; x_wconf 85' lang='lat' dir='ltr'><strong>van</strong></span> <span class='ocrx_word' id='word_1_1044' title='bbox 1480 3655 1519 3687; x_wconf 83' lang='lat' dir='ltr'><strong>de</strong></span> <span class='ocrx_word' id='word_1_1045' title='bbox 1544 3654 1662 3686; x_wconf 54' lang='lat' dir='ltr'><strong>{Valet</strong></span> 
     </span>
    </p>
   </div>
   <div class='ocr_carea' id='block_1_18' title="bbox 2444 0 2528 124">
    <p class='ocr_par' dir='ltr' id='par_1_27' title="bbox 2444 0 2528 124">
     <span class='ocr_line' id='line_1_153' title="bbox 2444 0 2528 124; baseline 0 3794"><span class='ocrx_word' id='word_1_1046' title='bbox 2444 0 2528 124; x_wconf 95' lang='lat' dir='ltr'><strong> </strong></span> 
     </span>
    </p>
   </div>
   <div class='ocr_carea' id='block_1_19' title="bbox 1772 2774 2494 2818">
    <p class='ocr_par' dir='ltr' id='par_1_28' title="bbox 1772 2774 2494 2818">
     <span class='ocr_line' id='line_1_154' title="bbox 1772 2774 2494 2818; baseline -0.001 -8"><span class='ocrx_word' id='word_1_1047' title='bbox 1772 2780 1828 2811; x_wconf 88' lang='lat' dir='ltr'><strong>ter</strong></span> <span class='ocrx_word' id='word_1_1048' title='bbox 1858 2775 2103 2818; x_wconf 88' lang='lat' dir='ltr'><strong>convenietur,</strong></span> <span class='ocrx_word' id='word_1_1049' title='bbox 2135 2785 2257 2811; x_wconf 86' lang='lat' dir='ltr'><strong>earum</strong></span> <span class='ocrx_word' id='word_1_1050' title='bbox 2291 2774 2428 2810; x_wconf 89' lang='lat' dir='ltr'><strong>scilicet</strong></span> <span class='ocrx_word' id='word_1_1051' title='bbox 2491 2816 2494 2817; x_wconf 19' lang='lat'><em>⁷</em></span> 
     </span>
    </p>
   </div>
  </div>
 </body>
</html>
