2528 3918
208 109 479 145 Dom'ncIs

213 220 254 254 de
285 219 507 254 adsessoribus
539 221 573 253 et
606 219 803 252 domesticis
837 218 872 252 et
903 218 1112 252 cancellariis
1144 218 1294 251 iudicum

210 309 251 344 de
272 289 481 352 adquirendo
504 318 615 341 rerum
639 307 796 340 dominio
842 307 886 340 D.
909 309 967 350 41,
992 310 1007 342 1

208 354 249 388 (16
272 354 525 388 donationibus
569 352 602 387 J.
627 353 658 393 2,
683 353 700 384 7
749 351 793 385 D.
819 353 874 395 39,
896 354 916 387 5
965 352 1000 387 0.
1025 354 1057 393 8,
1081 354 1124 386 53

208 399 249 433 (16
270 399 634 477 Ἥπίὸωοιιιιο
665 397 800 439 nuptias
835 396 888 431 vel
921 400 1057 441 propter
1093 397 1228 439 nuptias
1261 396 1295 429 et

410 443 482 477 'ciis
556 467 564 476 .
590 444 621 482 5,
646 443 666 475 3

208 488 250 522 de
345 489 522 522 ottonibus
544 486 633 519 inter
656 486 766 519 virum
790 489 824 520 et
846 497 982 520 uxorem
1029 487 1072 519 D.
1098 487 1151 527 24,
1178 489 1192 519 1

209 533 250 567 de
273 533 522 567 donationibus
545 531 634 564 inter
654 530 766 564 virum
789 532 823 565 et
843 542 981 565 uxorem
1005 534 1039 564 et
1060 542 1080 564 a
1098 530 1294 573 parentibus

274 578 311 611 in
333 577 456 611 liberos
479 575 576 609 sactis
599 577 633 609 et
654 575 695 609 de
717 575 957 610 ratihabitione
1004 576 1039 610 0.
1064 578 1096 617 5,
1124 578 1164 610 16

209 623 250 656 de
273 622 524 656 donationibus
553 630 638 662 quae
669 620 732 654 sub
753 621 852 655 modo
882 620 935 654 vel
959 621 1154 654 condicione
1177 619 1230 654 vel
1254 630 1294 654 ex

276 670 367 701 certo
389 669 536 708 tempore
559 665 785 699 conficiuntur
833 666 868 700 0.
893 668 926 707 8,
950 669 993 701 54

209 711 250 744 de
271 712 387 745 mortis
409 721 508 744 causa
530 710 782 744 donationibus
828 711 871 744 D.
897 712 952 753 39,
976 713 996 745 6
1044 709 1079 744 0.
1103 711 1135 752 8,
1160 711 1203 745 56

210 756 250 789 (16
273 755 378 790 fundo
401 755 514 789 dotali
557 755 602 789 D.
626 756 681 798 23,
706 758 725 791 5
774 756 808 790 0.
837 759 869 798 5,
893 756 937 790 23

211 800 251 834 de
273 800 380 844 pactis
401 800 578 834 dotalibus
621 800 667 835 D.
692 802 746 842 23,
769 803 791 834 4

210 845 251 878 (16
273 846 355 879 dote
377 847 476 878 cauta
499 846 534 878 et
554 855 622 879 non
646 848 819 878 numerata
866 845 899 879 0.
924 846 957 887 5,
979 845 1019 878 15

211 890 252 923 (16
275 890 357 924 dote
378 889 570 933 praelegata
613 890 657 923 D.
682 893 736 932 33,
760 893 780 923 4

210 934 250 968 (16
273 934 365 968 dotis
387 933 567 968 collatione
612 935 655 968 D.
680 937 735 976 37,
759 937 777 968 7

209 979 250 1013 (16
272 980 365 1013 dotis
409 979 603 1013 remissione
625 979 677 1013 vel
700 980 791 1013 nuda
812 978 1057 1023 pollicitatione
1104 977 1139 1013 0.
1163 981 1196 1022 5,
1224 979 1260 1015 11

208 1024 249 1057 (16
271 1025 347 1058 iure
417 1026 505 1058 tium
549 1025 594 1058 D.
621 1027 674 1066 23,
699 1027 718 1058 3
767 1025 800 1059 0.
830 1028 862 1066 5,
891 1026 930 1058 12
1082 1031 1088 1036 “

208 1068 250 1103 (16
272 1069 371 1103 rebus
394 1069 512 1103 dubiis
555 1070 599 1103 D.
625 1072 678 1111 34,
702 1073 722 1105 5

208 1113 248 1148 de
272 1115 409 1148 duobus
430 1115 496 1148 reis
518 1114 757 1148 constituendis
803 1114 846 1147 D.
871 1116 926 1156 45,
949 1114 971 1147 2

208 1158 249 1193 de
272 1159 408 1193 duobus
437 1160 503 1193 reis
529 1159 714 1203 stipulandi
742 1161 776 1193 et
796 1158 1013 1202 promittendi
1059 1158 1092 1193 J.
1115 1161 1148 1201 3,
1176 1161 1216 1195 16
1257 1159 1292 1194 0.

277 1206 309 1247 8,
333 1206 377 1239 39

208 1249 250 1284 (16
271 1249 494 1284 evictionibus
516 1251 551 1282 et
573 1249 701 1293 duplae
724 1248 942 1292 stipulatione
987 1247 1031 1281 D.
1058 1249 1112 1292 21,
1136 1249 1158 1283 2

726 1350 775 1393 Ε.

208 1428 249 1462 (16
273 1426 405 1461 edendo
451 1427 494 1460 D.
520 1428 552 1469 2,
580 1429 618 1461 13
668 1427 702 1461 0.
728 1429 759 1468 2,
786 1429 802 1462 1

208 1473 250 1507 (16
271 1471 403 1516 16ῄ11116
430 1475 463 1506 61
491 1472 787 1506 constitutionibus
807 1472 1000 1516 principum
1031 1474 1066 1507 et
1088 1473 1211 1507 edictis
1257 1472 1297 1508 0.

280 1519 310 1560 1,
335 1519 377 1551 14

208 1564 250 1596 (16
271 1561 482 1595 Carboniano
505 1562 618 1595 edicto
663 1562 708 1596 D.
733 1563 787 1603 37,
814 1563 855 1595 10
903 1561 941 1595 0.
966 1564 998 1603 6,
1027 1564 1064 1596 17

208 1607 249 1641 (16
270 1607 471 1640 successorio
494 1607 607 1640 edicto
654 1607 697 1640 D.
722 1608 776 1647 38,
800 1608 821 1640 9
870 1606 905 1640 0.
931 1609 963 1646 6,
991 1609 1031 1642 16

206 1653 248 1687 de
270 1651 425 1685 aedilicio
455 1652 568 1685 edicto
603 1654 638 1686 et
670 1651 895 1686 redhibitione
929 1654 963 1685 et
1001 1653 1120 1694 quanti
1154 1654 1294 1687 minoris

275 1697 321 1730 D.
344 1698 400 1738 21,
428 1699 438 1730 1

207 1742 247 1776 (16
270 1742 384 1776 edicto
408 1741 478 1774 divi
491 1741 658 1774 Hadriani
675 1741 824 1775 tollendo
840 1743 874 1774 et
889 1743 1165 1784 quemadmodum
1189 1745 1291 1788 scrip-

274 1789 330 1820 tus
350 1787 446 1820 heres
467 1786 504 1819 in
526 1787 761 1830 possessionem
784 1787 939 1823 mittatur
987 1788 1021 1822 0.
1046 1790 1078 1830 6,
1102 1790 1145 1823 33

207 1832 248 1866 (16
271 1832 521 1874 effi-actoribus
543 1834 576 1865 et
599 1832 839 1875 expilatoribus
883 1832 928 1865 D.
952 1834 1008 1875 47,
1035 1835 1076 1868 18

208 1877 249 1911 de
271 1876 407 1920 optione
430 1876 483 1910 vel
506 1876 673 1910 electione
695 1877 806 1919 legata
850 1877 894 1910 D.
921 1879 976 1919 33,
1001 1879 1021 1912 5

207 1922 248 1956 (16
270 1921 333 1955 ado
358 1921 506 1955 tionibus
539 1923 574 1955 et
614 1923 955 1966 emancipationibus
993 1925 1028 1956 et
1068 1922 1146 1957 aliis
1186 1924 1292 1958 modis

275 1967 336 2009 qui
358 1977 397 1999 us
419 1968 564 2010 potestas
584 1967 727 2001 solvitur
772 1968 815 2000 D.
842 1970 871 2009 1,
896 1969 914 2000 7

207 2012 248 2045 (16
270 2013 611 2055 emancipationibus
632 2011 815 2046 liberorum
863 2013 898 2046 0.
922 2013 954 2055 8,
978 2014 1022 2047 48

208 2057 251 2090 de
273 2057 516 2090 emendatione
537 2058 803 2100 propinquorum
851 2058 884 2092 0.
908 2059 941 2100 9,
968 2059 1008 2093 15

209 2102 250 2136 (16
272 2102 514 2135 emendatione
535 2112 704 2135 servorum
751 2103 785 2137 0.
810 2104 842 2145 9,
871 2105 910 2137 14

208 2147 249 2180 (16
271 2148 529 2191 emphyteutico
552 2147 626 2181 iure
674 2148 708 2181 0.
731 2149 764 2189 4,
787 2150 831 2183 66

208 2192 249 2225 (16
271 2191 460 2225 actionibus
481 2195 589 2235 empti
610 2194 644 2225 et
666 2193 793 2226 venditi
837 2193 882 2225 D.
909 2195 961 2236 19,
989 2195 1004 2227 1
1055 2194 1090 2228 0.
1115 2196 1148 2237 4,
1172 2196 1215 2229 49

208 2237 250 2270 de
271 2238 445 2280 emptione
467 2239 501 2269 et
523 2237 714 2271 venditione
759 2238 791 2272 J.
815 2240 848 2280 3,
872 2239 916 2273 23

210 2280 252 2315 de
261 2281 488 2315 contrahenda
509 2285 683 2326 emptione
701 2284 734 2316 et
753 2283 947 2316 venditione
976 2284 1019 2317 D.
1038 2285 1089 2326 18,
1106 2286 1120 2318 1
1155 2284 1190 2318 0.
1204 2286 1236 2326 4,
1249 2286 1291 2319 38

208 2326 250 2360 de
273 2337 313 2360 eo
336 2326 394 2359 cui
416 2326 582 2360 libertatis
603 2338 703 2361 causa
725 2327 812 2361 bona
834 2328 1037 2362 addicuntur
1082 2329 1114 2363 J.
1138 2331 1170 2371 3,
1197 2332 1235 2364 11

209 2372 250 2405 (16
272 2382 312 2405 eo
333 2381 395 2414 per
417 2381 515 2413 quem
539 2372 664 2406 factum
687 2373 753 2406 erit
774 2383 842 2415 quo
863 2374 976 2407 minus
1007 2375 1082 2416 quis
1107 2374 1144 2407 in
1166 2375 1293 2408 iudicio

275 2417 373 2450 sistat
416 2417 460 2449 D.
485 2419 518 2458 2,
544 2419 585 2451 10
1282 2434 1286 2436 ’

209 2461 250 2495 (16
271 2472 311 2495 eo
335 2461 394 2504 qui
416 2472 478 2505 pro
501 2464 612 2496 tutore
635 2463 771 2505 negotia
792 2463 894 2506 gessit
941 2463 975 2497 0.
1000 2466 1032 2505 5,
1055 2465 1100 2499 45
1174 2463 1178 2467 ’

209 2506 250 2540 (16
272 2517 311 2540 eo
335 2507 395 2548 qui
416 2517 477 2549 pro
501 2509 611 2541 tutore
642 2518 744 2551 prove
767 2510 920 2541 curatore
942 2509 1079 2552 negotia
1101 2509 1203 2552 gessit
1247 2510 1293 2543 D.

276 2553 332 2594 27,
356 2554 375 2584 5

210 2596 251 2630 de
273 2606 313 2629 eo
337 2596 426 2638 quod
449 2598 539 2629 certo
561 2595 636 2630 loco
659 2597 730 2631 dari
754 2599 887 2641 oportet
930 2598 974 2631 D.
1002 2600 1054 2641 13,
1077 2600 1099 2632 4

209 2641 250 2675 (16
270 2641 403 2674 metatis
426 2643 459 2674 et
483 2642 717 2685 epidemeticis
764 2643 799 2677 0.
828 2645 878 2685 12,
902 2645 945 2678 40

209 2686 250 2721 (16
272 2686 463 2729 episcopali
484 2687 656 2720 audientia
678 2690 712 2721 et
735 2688 775 2721 de
798 2688 937 2722 diversis
959 2688 1118 2732 capitulis
1143 2698 1228 2730 quae
1250 2688 1293 2721 ad

275 2731 329 2810 icus
351 2741 531 2773 curamque
562 2734 596 2764 et
625 2733 843 2766 reverentiam
874 2733 1098 2776 pontificalem
1121 2734 1293 2776 pertinent

305 2801 316 2810 .
341 2778 371 2818 1,
394 2778 414 2810 4

209 2821 250 2856 de
272 2822 443 2865 episcopis
477 2822 510 2854 et
540 2820 670 2855 clericis
704 2824 737 2855 et
768 2823 1050 2867 orphanotrophis
1083 2825 1117 2856 et
1150 2823 1291 2866 brepho-

275 2866 406 2909 trophis
439 2867 474 2899 et
500 2866 702 2900 xenodochis
736 2869 770 2901 et
798 2868 966 2902 asceteriis
996 2870 1031 2902 et
1059 2869 1231 2901 monachis
1260 2871 1293 2902 et

274 2910 453 2955 privilegio
476 2922 590 2944 eorum
615 2914 649 2945 et
671 2913 829 2946 castrensi
850 2913 984 2956 peculio
1009 2915 1042 2947 et
1065 2913 1105 2947 de
1127 2913 1292 2947 redimen—

276 2956 328 2990 dis
350 2956 491 3035 captigis
513 2956 610 3035 stade
630 2957 759 3000 nuptiis
781 2957 978 2992 clericorum
1001 2959 1115 2992 vetitis
1136 2969 1195 2992 seu
1216 2969 1292 3002 per-

275 3000 382 3034 missis
455 3026 464 3035 .
490 3003 520 3043 1,

208 3047 251 3081 de
275 3047 429 3090 equestri
449 3045 614 3089 dignitate
660 3045 696 3080 0.
723 3048 775 3089 12,
798 3049 837 3081 31

209 3092 251 3126 (16
273 3092 482 3135 erogatione
502 3090 660 3125 militaris
680 3101 832 3125 annonae
879 3092 914 3126 0.
942 3094 993 3134 12,
1017 3095 1058 3127 37

207 3136 250 3171 (16
270 3147 395 3189 errore
422 3135 659 3170 advocatorum
693 3136 746 3171 vel
779 3136 911 3171 libellos
943 3149 1001 3172 seu
1033 3149 1147 3182 preces
1180 3139 1291 3173 conci-

207 3226 249 3261 de
270 3181 622 3261 ffiffipmmocssozg
644 3227 677 3278 2,
700 3228 720 3260 5

207 3274 315 3307 ettam
336 3271 388 3351 ἕξ
417 3271 725 3315 chirographanam
754 3272 930 3315 pecuniam
952 3273 1075 3316 pignus
1101 3274 1209 3307 teneri
1255 3273 1291 3308 0.

279 3319 312 3360 8,

207 3364 314 3397 etiam
335 3372 396 3406 per
416 3362 667 3405 procuratorem
689 3371 822 3396 causam
850 3362 887 3396 in
910 3362 1079 3405 integrm
1107 3363 1291 3404 restitutio?

273 3407 329 3442 uis
348 3406 406 3450 agi
427 3417 521 3450 posse
568 3406 605 3441 0.
627 3408 660 3449 2,
683 3408 727 3442 48

208 3452 250 3486 (16
271 3452 503 3487 evictionibus

208 3497 249 3531 (ιο
271 3497 504 3532 mennam
526 3451 579 3531 etc
575 3453 710 3540 ’(1ξῇἐέ
726 3495 942 3540 stipulatione
987 3497 1032 3531 D.
1056 3499 1110 3539 21,
1135 3499 1155 3533 2

209 3553 288 3576 eum
310 3543 370 3586 qui
524 3541 611 3576 verit
632 3542 669 3575 in
692 3541 866 3585 provincia
889 3541 1021 3576 defendi
1066 3543 1111 3577 D.
1136 3546 1190 3586 49,
1219 3546 1254 3579 11

209 3587 250 3621 de
272 3588 443 3621 eunuchis
488 3586 525 3622 0.
548 3589 582 3630 4,
604 3587 648 3622 42

209 3643 256 3667 ex
277 3632 416 3712 &leiwid
429 3632 663 3722 ἷῖἠῖιζιῖοωωω
685 3632 722 3666 111
745 3633 908 3674 quantum
931 3632 1067 3666 heredes
1091 3633 1291 3666 convenian—

1299 99 1360 144 VI

2321 111 2449 147 rme

1362 215 1403 249 de
1426 217 1544 260 6611616,
1569 228 1615 251 ex
1637 218 1760 260 quibus
1783 218 1923 253 infamis
1945 219 2049 254 alicui
2071 219 2246 263 inrogatur
2289 220 2325 255 0.
2347 221 2380 264 2,
2406 223 2444 257 11

1363 271 1410 293 ex
1431 261 1554 303 quibus
1577 263 1685 296 causis
1707 263 1850 297 maiores
1877 265 2002 307 viginti
2025 265 2173 308 quinque
2201 266 2299 299 aunis
2325 266 2363 299 in
2394 266 2448 300 in-

1430 307 1562 348 tegrum
1586 308 1813 341 restituuntur
1857 308 1903 343 D.
1926 311 1959 351 4,
1981 312 2002 345 6

1363 350 1403 384 (16
1426 353 1673 385 exactionibus
1696 352 1900 386 tributorum
1947 354 1982 388 0.
2013 356 2064 396 10,
2091 355 2131 388 19

1361 394 1402 430 (16
1425 396 1673 430 exsecutoribus
1696 399 1730 430 et
1754 399 1982 431 exactoribus
2028 398 2064 433 0.
2091 400 2142 441 12,
2165 402 2209 435 60

1361 440 1401 475 (16
1424 442 1631 484 exceptione
1653 441 1703 475 rei
1726 442 1892 476 iudicatae
1937 443 1983 476 D.
2008 445 2063 484 44,
2088 445 2108 477 2

1361 485 1402 519 (16
1415 487 1631 529 &exceptione
1653 487 1702 520 rei
1726 487 1880 520 venditae
1903 489 1937 521 et
1957 488 2100 522 traditae
2144 488 2189 522 D.
2212 490 2268 532 21,
2291 490 2312 524 3

1361 530 1401 565 (16
1425 532 1691 574 acceptionibus
1735 532 1768 565 J.
1792 534 1825 571 4,
1852 533 1891 566 13

1360 575 1401 609 (16
1425 577 1688 654 ᾕοσριίοπίῠω
1720 577 2036 620 praescriptionibus
2073 578 2106 610 et
2142 577 2357 619 praeiudiciis
2402 578 2444 612 D.

1473 644 1483 661 ,
1512 623 1523 653 1

1361 665 1400 699 de
1425 666 1690 708 exceptionibus
1711 665 1781 699 sive
1827 665 2121 709 raescriptionibus
2167 666 2202 700 0.
2227 668 2259 708 8,
2282 668 2325 701 35

1361 710 1401 744 de
1424 710 1629 789 οἷσοέέίοησ
1651 712 1686 743 61
1707 676 1926 744 transfitione
1949 710 2148 744 militarium
2165 721 2374 745 annonarum
2409 712 2445 746 0.

1431 757 1444 788 ¹
1473 780 1482 796 ‚

1360 800 1400 834 (16
1423 801 1652 832 excusatione
1674 800 1905 833 veteranorum
1952 799 1988 834 0.
2012 802 2045 842 5,
2069 802 2112 835 65

1361 845 1402 879 (16
1424 845 1713 877 excusationibus
1757 844 1789 878 J.
1818 846 1846 886 1,
1871 846 1912 878 25
1959 845 2005 879 D.
2029 846 2083 886 27,
2110 847 2124 879 1

1361 890 1400 923 (16
1424 890 1713 922 excusationibus
1735 889 1901 922 artificum
1949 889 1984 923 0.
2013 892 2066 931 10,
2090 892 2133 925 66

1360 935 1401 968 (16
1425 935 1711 967 emanationibus
1735 936 1768 967 et
1790 934 1995 976 temporibus
2017 945 2130 968 earum
2178 935 2212 969 0.
2236 938 2269 978 5,
2292 936 2335 970 62

1361 980 1400 1013 (16
1423 980 1710 1012 excusationibus
1733 989 1909 1012 munerum
1955 979 1991 1013 0.
2020 982 2070 1021 10,
2093 982 2136 1014 48

1360 1024 1400 1058 (16
1424 1025 1641 1057 exercitoria
1663 1024 1795 1057 actione
1839 1024 1884 1057 D.
1911 1026 1963 1065 14,
1991 1027 2006 1058 1

1360 1069 1400 1102 de
1428 1070 1643 1102 exercitoria
1665 1071 1698 1102 et
1720 1068 1889 1101 institoria
1910 1069 2042 1102 actione
2089 1069 2124 1103 0.
2145 1070 2179 1111 4,
2203 1070 2245 1103 25

1360 1114 1401 1148 (16
1429 1113 1545 1147 liberis
1576 1116 1610 1146 et
1638 1114 1800 1156 postumia
1834 1113 2012 1147 heredibus
2048 1114 2264 1148 instituendis
2297 1113 2349 1148 vel
2383 1125 2439 1146 ex-

1427 1158 1639 1192 heredandis
1681 1158 1727 1192 D.
1751 1160 1806 1200 28,
1829 1159 1850 1192 2

1360 1203 1401 1237 de
1425 1203 1699 1236 exheredatione
1720 1203 1903 1237 liberorum
1948 1203 1979 1237 J.
2004 1204 2036 1245 2,
2064 1205 2104 1237 13

1360 1248 1401 1282 de
1423 1248 1541 1282 liberis
1565 1248 1754 1291 praeteritis
1775 1248 1828 1281 vel
1852 1248 2076 1282 exheredatis
2123 1248 2158 1282 0.
2182 1250 2215 1290 6,
2238 1249 2282 1283 28

1360 1293 1401 1327 (16
1423 1293 1547 1327 tabulis
1570 1293 1775 1326 exhibendis
1819 1293 1864 1326 D.
1887 1296 1942 1335 43,
1966 1295 1986 1327 5
2035 1292 2070 1326 0.
2094 1295 2127 1335 8,
2150 1295 2168 1326 7

1360 1338 1402 1372 (16
1424 1338 1630 1372 exhibendis
1651 1337 1705 1371 vel
1727 1337 1992 1371 transmittendis
2015 1338 2080 1371 reis
2125 1338 2160 1372 0.
2184 1339 2217 1380 9,
2241 1339 2262 1372 3

1359 1383 1402 1417 ad
1425 1383 1661 1417 exhibendum
1705 1382 1750 1417 D.
1777 1384 1829 1425 10,
1852 1385 1874 1417 4
1921 1382 1957 1417 0.
1983 1385 2015 1425 3,
2039 1384 2082 1417 42

1360 1428 1401 1462 (16
1423 1429 1587 1472 expensis
1607 1427 1818 1471 publicorum
1840 1427 1998 1460 ludorum
2044 1427 2080 1462 0.
2107 1429 2159 1470 11,
2181 1428 2226 1462 42

1360 1473 1539 1517 expilatae
1560 1473 1755 1506 hereditatis
1799 1472 1843 1506 D.
1871 1475 1927 1514 47,
1954 1474 1993 1506 19

1359 1518 1401 1553 (16
1423 1518 1563 1552 crimine
1587 1517 1765 1561 expilatae
1787 1517 1982 1551 hereditatis
2028 1518 2063 1552 0.
2087 1519 2120 1559 9,
2144 1518 2186 1551 32

1359 1563 1400 1597 (16
1423 1565 1646 1597 exsecutione
1669 1562 1719 1595 rei
1741 1562 1906 1596 iudicatae
1954 1561 1990 1597 0.
2014 1565 2046 1604 7,
2070 1565 2113 1597 53

1360 1608 1400 1642 de
1423 1608 1687 1642 exsecutoribus
1709 1609 1743 1640 et
1766 1608 1977 1641 exactoribus
2023 1608 2058 1642 0.
2085 1610 2137 1649 12,
2161 1610 2204 1642 60

1360 1654 1400 1687 (16
1424 1653 1724 1687 extraordinariis
1747 1652 1995 1695 cognitionibus
2018 1655 2052 1686 et
2072 1653 2101 1686 si
2117 1652 2219 1685 iudex
2236 1651 2330 1684 litem
2347 1659 2438 1682 suam

1427 1698 1542 1732 fecisse
1565 1698 1695 1731 dicetur
1740 1697 1785 1731 D.
1809 1700 1864 1739 50,
1890 1700 1930 1732 13

1360 1743 1400 1777 de
1422 1743 1724 1777 extraordinariis
1746 1742 1943 1776 criminibus
1987 1742 2032 1775 D.
2054 1743 2111 1784 47,
2136 1743 2174 1775 11

1880 1843 1930 1887 F.

1359 1923 1400 1956 de
1422 1922 1496 1965 lege
1517 1921 1635 1955 Fabia
1657 1922 1698 1955 de
1719 1921 1894 1965 plagiariis
1939 1922 1982 1955 D.
2007 1923 2061 1962 48,
2088 1922 2127 1955 15

1358 1968 1400 2000 ad
1422 1967 1530 2009 legem
1551 1967 1702 2000 Fabiam
1750 1966 1785 2001 0.
1809 1969 1841 2008 9,
1867 1969 1909 2000 20

1359 2013 1399 2046 (16
1420 2011 1680 2052 fabr-icensibus
1726 2011 1761 2046 0.
1789 2013 1841 2054 11,
1868 2014 1908 2045 10

1359 2058 1400 2091 (16
1422 2057 1495 2100 lege
1518 2057 1685 2091 Falcidia
1729 2057 1762 2091 J.
1786 2058 1818 2098 2,
1842 2058 1885 2091 22

1359 2103 1401 2136 ad
1423 2102 1530 2144 legem
1552 2102 1756 2136 Falcidiam
1799 2102 1846 2135 D.
1870 2104 1925 2144 35,
1948 2103 1969 2135 2
2017 2100 2054 2135 0.
2076 2102 2108 2142 6,
2132 2101 2175 2133 50

1360 2148 1400 2181 (16
1421 2146 1516 2188 falsa
1538 2157 1637 2180 causa
1659 2147 1788 2180 adiecta
1810 2146 1921 2189 legato
1941 2146 1995 2180 vel
2011 2144 2261 2179 fideicommisso
2296 2141 2332 2176 0.
2352 2143 2385 2182 6,
2397 2142 2439 2175 44

1360 2193 1402 2226 (16
1423 2191 1517 2232 falsa
1539 2194 1673 2225 moneta
1719 2191 1755 2226 0.
1778 2194 1811 2234 9,
1835 2193 1878 2226 24

1360 2238 1401 2271 ad
1423 2237 1531 2280 legem
1555 2237 1744 2270 Corneliam
1768 2237 1808 2270 de
1830 2236 1932 2277 fatris
1979 2236 2014 2270 0.
2038 2237 2071 2277 9,
2094 2236 2137 2269 22
2371 2275 2379 2282 ·

1361 2283 1400 2316 do
1423 2282 1496 2325 lege
1520 2282 1677 2316 Cornelia
1699 2283 1740 2315 de
1761 2281 1864 2322 faLsis
1890 2283 1924 2316 et
1946 2281 1987 2314 de
2009 2282 2143 2314 senatus
2164 2276 2318 2312 consulto
2339 2274 2439 2310 Libo-

1427 2328 1531 2360 niano
1575 2328 1621 2362 D.
1645 2329 1700 2370 48,
1728 2330 1768 2361 10

1360 2372 1522 2412 familiae
1544 2372 1756 2406 erciscundae
1801 2372 1846 2406 D.
1875 2374 1925 2413 10,
1945 2373 1965 2405 2
2013 2369 2049 2405 0.
2072 2371 2106 2412 3,
2127 2370 2172 2404 36

1361 2417 1401 2450 (16
1423 2416 1571 2457 famosis
1592 2417 1717 2451 libellis
1767 2418 1802 2452 0.
1826 2419 1858 2458 9,
1883 2419 1926 2451 36

1361 2462 1402 2496 (16
1424 2463 1562 2496 nautico
1582 2462 1709 2502 fenore
1752 2463 1797 2497 D.
1821 2463 1876 2505 22,
1899 2463 1919 2495 2
1968 2460 2004 2495 0.
2029 2462 2062 2502 4,
2084 2460 2128 2494 33

1361 2507 1402 2540 (16
1424 2507 1527 2547 feriis
1573 2507 1608 2542 0.
1633 2510 1665 2550 3,
1694 2509 1733 2542 12
2188 2547 2195 2554 ⁸

1361 2552 1402 2585 de
1422 2551 1527 2593 feriis
1549 2554 1582 2586 61
1604 2552 1823 2586 dilationibus
1846 2554 1880 2586 et
1901 2550 2039 2584 diversis
2057 2546 2261 2591 temporibus
2294 2546 2339 2579 D.
2352 2546 2385 2587 2,
2401 2546 2441 2579 12

1361 2598 1402 2631 de
1423 2608 1551 2630 summa
1573 2598 1726 2631 trinitate
1760 2600 1793 2631 et
1814 2598 1886 2639 fide
1908 2596 2074 2629 catholica
2103 2596 2137 2627 et
2159 2595 2199 2626 ut
2221 2602 2317 2625 nemo
2340 2590 2381 2623 de
2403 2599 2442 2622 ea

1427 2642 1562 2686 publice
1584 2643 1783 2676 contendere
1806 2642 1928 2675 audeat
1974 2641 2008 2675 0.
2035 2642 2066 2682 1,
2092 2642 2108 2674 1
2227 2682 2235 2689 .
2285 2681 2293 2688 ⁶

1360 2687 1400 2721 de
1421 2688 1493 2729 fide
1521 2690 1555 2721 et
1584 2688 1659 2722 iure
1690 2689 1804 2721 hastae
1834 2687 1954 2720 fiscalis
1984 2688 2018 2719 et
2046 2686 2087 2719 (16
2116 2681 2359 2717 adiectionibus
2405 2679 2441 2714 0.

1359 2777 1400 2810 (16
1422 2777 1493 2819 fide
1515 2778 1813 2811 instrumentorum
1835 2779 1870 2810 et
1890 2776 2066 2810 amissione
2087 2783 2201 2807 eorum
2245 2771 2291 2804 D.
2315 2771 2369 2811 22,
2392 2772 2414 2804 4

1359 2822 1400 2855 de
1422 2823 1494 2864 fide
1516 2823 1815 2856 instrumentorum
1846 2824 1880 2856 et
1906 2821 2082 2854 amissione
2105 2829 2219 2852 eorum
2247 2818 2282 2851 et
2304 2819 2439 2867 antap03

1426 2868 1499 2901 obis
1527 2867 1689 2901 faciendis
1722 2870 1757 2901 et
1789 2868 1830 2902 (16
1858 2867 1911 2900 1116
1945 2876 2030 2908 quae
2063 2865 2135 2898 sine
2170 2862 2336 2905 scriptura
2367 2860 2439 2893 fieri

1425 2915 1564 2956 possunt
1611 2911 1646 2946 0.
1669 2914 1702 2955 4,
1726 2914 1765 2947 21

1359 2957 1399 2991 (16
1422 2958 1750 2999 fideicommissaria
1770 2956 1966 2990 hereditatis
1986 2955 2149 2998 petitione
2193 2952 2238 2988 D.
2262 2954 2295 2994 5,
2317 2952 2339 2986 6

1358 3003 1399 3036 (16
1421 3003 1758 3045 fideicommissariis
1779 3001 2024 3035 hereditatibus
2066 3000 2098 3034 J.
2122 3001 2155 3041 2,
2178 2999 2220 3032 23

1358 3048 1399 3082 de
1421 3048 1757 3090 fideicommissariis
1779 3046 1991 3080 libertatibus
2035 3045 2080 3078 D.
2102 3045 2159 3085 40,
2182 3045 2203 3078 5
2252 3040 2288 3076 G.
2310 3043 2343 3083 7,
2368 3042 2389 3075 4

1358 3093 1399 3126 (16
1421 3093 1700 3135 fideicommissis
1746 3092 1782 3126 0.
1805 3094 1837 3134 6,
1860 3093 1904 3126 42

1358 3138 1399 3171 (16
1421 3137 1540 3181 legatis
1563 3140 1596 3171 et
1617 3137 1895 3178 fideicommissis
1937 3136 1983 3170 D.
2006 3137 2060 3170 30.
2084 3135 2138 3169 31.
2161 3134 2205 3168 32

1358 3182 1399 3216 (16
1420 3182 1687 3224 fideiussoribus
1730 3183 1763 3217 J.
1787 3184 1818 3225 3,
1843 3183 1886 3216 20

1357 3227 1399 3261 (16
1421 3227 1687 3269 fideiussoribus
1716 3229 1750 3261 et
1771 3226 2023 3260 mandatoribus
2066 3224 2111 3258 D.
2133 3225 2189 3264 46,
2214 3224 2229 3257 1
2247 3267 2255 3274 .
2279 3221 2315 3256 0.
2339 3222 2371 3263 8,
2394 3222 2438 3255 40

1358 3272 1399 3306 (16
1420 3273 1688 3315 fideiussoribus
1723 3274 1757 3306 et
1784 3271 2050 3306 nominatoribus
2083 3271 2118 3303 et
2143 3266 2320 3303 heredibus
2349 3268 2437 3301 tuto-

1425 3328 1500 3351 rum
1524 3319 1558 3351 et
1579 3319 1772 3351 curatorum
1816 3317 1862 3351 D.
1885 3319 1940 3360 27,
1963 3318 1983 3350 7

1358 3362 1398 3396 (16
1420 3363 1688 3404 fideiussoribus
1709 3362 1879 3396 minorum
1926 3361 1961 3396 0.
1985 3363 2017 3403 2,
2041 3362 2084 3395 23

1358 3408 1398 3441 (16
1419 3408 1685 3449 fideiussoribus
1707 3410 1859 3441 tutorum
1881 3418 1939 3441 seu
1963 3408 2154 3450 curatorum
2200 3402 2237 3438 0.
2260 3404 2292 3446 5,
2315 3404 2357 3437 57

1358 3453 1399 3487 (16
1421 3453 1614 3494 fiduciaria
1636 3452 1743 3486 tutela
1788 3453 1821 3487 J.
1848 3453 1876 3495 1,
1902 3454 1943 3487 19

1358 3498 1399 3532 (16
1419 3497 1507 3540 liliis
1528 3497 1673 3576 {amilius
1694 3499 1729 3531 et
1750 3497 2026 3540 quemadmodum
2053 3506 2116 3541 pro
2135 3495 2190 3529 his
2210 3495 2306 3537 pater
2327 3495 2437 3529 tenea·

1358 3587 1399 3622 de
1421 3588 1508 3667 flCliis
1528 3587 1723 3621 officialium
1746 3587 1943 3622 militarium
1974 3586 2034 3629 qui
2061 3585 2100 3619 in
2130 3583 2218 3618 bello
2249 3584 2437 3619 moriuntur

1358 3677 1400 3712 de
1421 3677 1498 3720 titio
1521 3658 1666 3711 similias
1687 3676 1817 3712 minore
1863 3675 1900 3711 0.
1923 3678 1955 3719 2,
1979 3676 2022 3711 22
