2528 3918
106 102 167 153 ns
196 121 280 155 usu
306 121 364 153 ΕΤ
392 121 697 152 mmmmm:

105 231 223 267 nudus
248 241 353 275 usus,
385 230 422 267 id
446 234 501 267 est
531 230 608 266 sine
637 229 778 266 fructu:
813 230 872 275 qui
905 234 940 266 et
970 230 1047 276 ipse
1079 230 1192 267 isdem

104 276 218 312 modis
244 276 413 312 constitui
435 276 536 318 solet,
560 275 688 320 quibus
713 279 749 311 et
771 285 857 310 usus
881 274 1032 311 fructus.

152 319 178 358 2
205 320 398 358 ommes
413 320 504 356 libro
523 321 674 366 septimo
694 320 830 356 decimo
850 320 900 355 ad
918 320 1090 356 Sabinum
1127 320 1192 356 Cui

104 377 192 402 usus
215 366 360 402 relictus
384 368 457 408 est,
488 365 542 400 uti
563 368 701 411 potest,
733 365 805 400 frui
827 376 901 401 non
921 370 1052 417 potest.
1089 369 1126 402 et
1148 365 1193 402 de

110 415 123 446 l
175 411 319 457 singulis
341 409 540 446 videndum.
588 410 724 446 Domus
748 420 835 446 usus
865 410 1011 446 rehctus
1044 415 1098 447 est
1129 414 1194 446 aut

105 457 232 492 marito
256 459 319 491 aut
348 455 502 490 mulieri:
535 454 565 490 si
595 455 722 491 marito
735 482 744 498 ‚
779 458 898 500 potest
927 455 998 491 illic
1030 456 1193 492 habitare

106 502 200 536 non¹
224 501 340 543 solus,
372 511 493 536 verum
524 511 605 535 cum
635 499 770 536 familia
825 510 942 545 uoque
966 512 1042 537 sua.
1079 512 1126 537 an
1158 505 1193 536 et

103 556 186 581 cum
208 545 363 588 libertis,
386 544 457 580 fuit
479 545 716 591 quaestionis,
748 549 784 580 et
838 545 930 581 elsus
963 547 1124 591 scripsit,
1157 549 1193 581 et

102 601 186 625 cum
208 590 364 626 libertis:
396 600 503 636 posse
533 590 709 636 hospitem
733 601 873 636 quoque
896 592 1072 636 recipere,
1108 602 1192 634 nam

103 635 156 670 ita
189 635 279 670 libro
313 638 438 670 octavo
473 635 609 671 decimo
643 636 857 681 digestorum
888 636 1051 681 scripsit,
1085 647 1191 682 quam

101 680 314 716 sententiam
339 684 374 715 et
397 681 539 716 Tubero
563 681 704 726 probat.
741 680 804 716 sed
835 691 881 716 an
913 682 1019 717 etiam
1050 681 1190 727 inquili-

104 735 188 760 num
210 725 369 770 recipere
392 726 516 771 possit,
541 726 637 771 apud
659 726 866 761 Labeonem
889 727 1032 762 memini
1053 731 1190 763 tracta-

99 774 179 805 tum
202 770 292 805 libro
316 770 570 816 posteriorum,
603 775 639 806 et
662 771 713 806 ait
734 771 856 807 Labeo
891 782 990 814 eum,
1022 772 1082 817 qui
1113 772 1191 825 ipse

98 814 261 857 habitat,
284 815 494 860 inquilinum
517 826 624 862 posse
646 816 821 861 recipere:
854 816 947 852 idem
973 822 1008 852 et
1030 818 1189 863 hospites

104 864 140 896 et
163 859 312 895 libertos
336 871 420 896 suos

148 901 172 942 3
198 904 358 941 Psvws
376 905 467 942 libro
493 906 596 941 tertio
620 905 671 941 ad
690 905 870 942 Vitelliam
916 912 952 942 et
976 907 1142 943 clientes:

149 948 174 986 4
206 948 401 986 ULPIANUS
439 951 530 987 libro
572 952 722 997 septimo
759 951 896 987 decimo
931 952 982 988 ad
1014 951 1189 989 Sabinum

101 998 260 1030 ceterum
284 995 360 1030 sine
383 1006 424 1031 eo
449 1006 495 1031 ne
517 996 583 1031 hos
604 996 745 1041 quidem
762 997 927 1032 habitare
947 1008 1063 1042 posse.
1100 998 1188 1033 Pro-

99 1039 205 1075 culus
229 1043 348 1075 autem
372 1040 416 1076 de
437 1041 608 1086 inquilino
633 1045 736 1077 notat
758 1053 831 1077 non
854 1042 946 1078 belle
977 1043 1190 1088 inquilinum

99 1084 193 1127 dici,
218 1085 280 1130 qui
304 1096 385 1121 cum
408 1096 449 1121 eo
473 1086 620 1122 habitet.
658 1087 853 1122 secundum
875 1087 965 1123 haec
990 1092 1026 1124 et
1049 1088 1080 1123 si
1103 1099 1189 1133 pen·

101 1131 238 1167 sionem
268 1131 461 1176 percipiat,
498 1131 581 1166 dum
611 1131 688 1176 ipse
718 1143 859 1178 quoque
889 1133 1085 1176 inhabitat,
1117 1144 1190 1169 nou

100 1176 170 1211 erit
192 1177 224 1211 ei
247 1175 491 1212 invidendum:
524 1176 608 1222 quid
640 1177 733 1212 enim
763 1177 793 1213 si
822 1181 897 1213 tam
921 1179 1102 1224 spatiosae
1126 1178 1189 1214 do-

100 1232 180 1256 mus
203 1232 290 1256 usus
315 1221 362 1257 sit
391 1221 536 1257 relictus
568 1222 702 1257 homini
732 1222 921 1266 mediocri,
953 1227 994 1258 ut
1026 1224 1188 1269 portiun-

98 1267 184 1302 cula
208 1270 395 1302 contentus
419 1267 490 1302 sit?
524 1267 587 1303 sed
611 1271 646 1302 et
670 1278 750 1303 cum
772 1268 846 1311 his,
880 1279 969 1314 quos
1002 1269 1083 1305 loco
1115 1279 1188 1305 ser-

100 1322 224 1346 vorum
247 1312 285 1347 in
309 1312 427 1357 operis
449 1312 569 1355 habet,
593 1312 781 1355 habitabit,
805 1313 891 1349 licet
913 1314 1017 1350 liberi
1041 1314 1113 1350 sint
1134 1314 1190 1350 vel

105 1360 118 1390 1
169 1357 262 1392 servi
285 1357 401 1393 alieni.
448 1357 592 1393 Mulieri
623 1361 742 1393 autem
775 1358 806 1394 si
835 1369 921 1394 usus
953 1359 1099 1395 relictus
1131 1360 1188 1403 sit,

99 1412 207 1446 posse
239 1412 317 1437 eam
347 1406 384 1438 et
415 1413 495 1438 cum
524 1403 653 1438 marito
685 1403 848 1439 habitare
872 1404 1023 1449 Quintus
1046 1405 1189 1441 Mucius

98 1447 236 1492 primus
271 1447 430 1490 admisit,
462 1458 507 1483 ne
540 1448 572 1483 ei
602 1448 827 1485 matrimonio
860 1450 1053 1485 carendum
1083 1449 1188 1493 foret,

98 1502 183 1527 cum
205 1492 259 1527 uti
280 1492 357 1528 vult
380 1492 496 1528 domo.
531 1503 615 1529 nam
638 1504 702 1539 per
733 1495 952 1530 contrarium
983 1495 1069 1540 quin
1099 1506 1190 1531 uxor

98 1547 183 1572 cum
206 1538 333 1573 marito
357 1538 471 1583 possit
493 1539 667 1581 habitare,
692 1549 758 1574 nec
777 1538 847 1574 fuit
867 1539 1077 1576 dubitatum.
1103 1540 1190 1586 quid

101 1592 183 1626 ergo
209 1582 240 1617 si
262 1582 389 1618 viduae
411 1583 548 1628 legatus
573 1584 636 1627 sit,
661 1594 708 1619 an
731 1585 865 1629 nuptiis
891 1586 1084 1621 contractis
1107 1590 1191 1631 post

98 1627 335 1662 constitutum
357 1639 462 1664 usum
484 1629 610 1664 mulier
631 1629 795 1665 habitare
827 1641 909 1665 cum
941 1631 1068 1666 marito
1103 1641 1186 1676 pos-

98 1672 174 1715 sit?
206 1676 241 1707 et
271 1676 325 1708 est
356 1684 495 1717 verum,
527 1677 568 1709 ut
592 1678 626 1709 et
649 1674 866 1720 Pomponius
889 1675 980 1711 libro
1006 1676 1130 1721 quinto
1156 1680 1191 1711 et

102 1717 325 1762 Papinianus
353 1719 444 1754 libro
469 1730 563 1755 nono
589 1719 724 1755 decimo
750 1721 998 1765 quaestionum
1021 1722 1154 1766 probat
1163 1722 1189 1764 2,

100 1772 208 1842 posse
243 1773 321 1798 eam
353 1774 433 1799 cum
464 1765 538 1800 viro
570 1767 606 1800 et
636 1769 763 1809 postea
795 1766 987 1801 nubentem
1012 1766 1187 1802 habitare.

127 1817 147 1843 ο

98 1856 117 1887 t
151 1818 170 1842 c
202 1808 353 1853 amplius
377 1808 595 1855 Pomponius
627 1810 678 1845 ait
709 1814 745 1845 et
778 1820 859 1846 cum
891 1821 1015 1847 socero
1047 1812 1188 1847 habita·

118 1862 231 1888 uram.

148 1896 172 1934 5
197 1897 254 1932 ΡΑ
263 1907 357 1934 mus
377 1898 468 1934 libro
493 1900 597 1934 tertio
621 1899 671 1935 ad
693 1898 867 1936 Sabinum
913 1901 1025 1937 Immo
1040 1904 1076 1937 et
1087 1912 1190 1938 socer

98 1952 184 1977 cum
207 1954 299 1978 nuru
322 1943 510 1987 habitabit,
534 1944 657 1990 utique
681 1955 762 1980 cum
785 1945 839 1980 vir
860 1956 934 1981 una
957 1946 1013 1981 sit.

148 1985 173 2025 6
205 1987 400 2024 ULPIANUS
439 1989 530 2025 libro
571 1990 723 2036 septimo
758 1990 895 2026 decimo
931 1991 981 2026 ad
1014 1990 1187 2027 Sabinum

100 2032 184 2068 Non
208 2033 324 2069 solum
354 2037 473 2069 autem
505 2045 586 2070 cum
616 2034 763 2078 marito,
796 2035 860 2071 sed
890 2039 926 2071 et
958 2047 1039 2071 cum
1068 2037 1189 2072 liberis

101 2078 308 2123 libertisque
330 2078 493 2114 habitare
516 2082 552 2114 et
575 2090 657 2115 cum
679 2081 887 2125 parentibus
910 2082 1061 2126 poterit:
1087 2086 1123 2118 et
1138 2082 1190 2117 ita

102 2127 138 2158 et
169 2123 288 2159 Aristo
323 2127 427 2159 notat
457 2124 554 2169 apud
585 2124 765 2160 Sabinum.
811 2129 847 2161 et
876 2126 947 2161 huc
979 2137 1093 2172 usque
1125 2127 1191 2163 erit

102 2167 383 2214 procedendum,
416 2172 457 2204 ut
487 2170 628 2205 eosdem
660 2181 750 2215 quos
784 2171 935 2206 masculi
965 2172 1125 2217 recipere
1155 2176 1191 2207 et

104 2212 264 2249 mulieres
289 2214 438 2258 possint.

149 2255 172 2294 7
200 2257 428 2294 Poupomos
445 2258 535 2295 libro
555 2259 681 2305 quinto
701 2259 752 2295 ad
763 2259 939 2296 Sabinum
984 2261 1068 2297 Non
1088 2262 1190 2297 aliter

99 2307 221 2338 autem
244 2303 369 2338 mulier
390 2304 567 2349 hospitem
597 2305 757 2349 recipere
787 2309 924 2350 potest,
960 2317 1067 2352 quam
1098 2307 1129 2342 si
1159 2308 1189 2342 is

99 2348 168 2390 sit,
201 2348 261 2393 qui
290 2349 439 2384 honeste
471 2360 552 2384 cum
583 2360 626 2385 ea
649 2360 741 2395 quae
763 2361 867 2386 usum
891 2351 1024 2387 habeat
1046 2352 1188 2388 habita-

105 2397 208 2428 turus
233 2393 289 2429 sit.

148 2435 173 2475 8
205 2437 401 2474 [amm
440 2438 531 2474 libro
572 2440 723 2486 septimo
758 2440 895 2476 decimo
931 2441 982 2477 ad
1014 2440 1189 2478 Sabinum

99 2482 173 2518 Sed
197 2494 311 2528 neque
333 2483 504 2519 locabunt
526 2494 686 2519 seorsum
710 2495 825 2530 neque
857 2487 1055 2522 concedent
1086 2487 1188 2522 habi-

105 2532 120 2562 1
169 2528 340 2564 tationem
363 2528 439 2564 sine
462 2538 500 2563 se
523 2539 590 2564 nec
613 2529 765 2565 vendent
788 2541 903 2566 usum.
953 2531 1024 2567 Sed
1048 2532 1078 2567 si
1101 2543 1188 2568 usus

103 2573 243 2608 aedium
274 2573 411 2608 mulieri
441 2573 579 2618 legatus
610 2574 658 2609 sit
689 2584 732 2609 ea
763 2576 972 2612 condicione
997 2577 1039 2612 ‘si
1069 2587 1092 2612 a
1113 2578 1189 2613 viro

102 2618 328 2661 divortisset’,
352 2618 600 2654 remittendam
623 2619 656 2654 ei
680 2619 924 2656 condicionem
949 2625 985 2657 et
1009 2633 1090 2657 cum
1112 2622 1187 2657 viro

101 2663 355 2706 habitaturam,
379 2663 475 2708 quod
498 2667 534 2699 et
552 2664 642 2699 Pom
668 2665 772 2700 onius
790 2665 882 2700 libro
903 2666 1027 2711 quinto
1046 2667 1188 2712 probat.

149 2706 175 2745 9
200 2708 256 2743 ΡΑ
264 2718 359 2744 otus
375 2708 466 2744 libro
479 2710 582 2744 tertio
595 2721 617 2744 a
654 2709 828 2745 Sabinum
875 2709 1081 2747 Ceterarum
1102 2723 1188 2757 quo-

99 2764 172 2798 que
194 2764 314 2788 rerum
336 2764 405 2789 usu
427 2754 543 2799 legato
568 2754 757 2790 dicendum
777 2758 831 2790 est
849 2766 997 2791 uxorem
1015 2767 1096 2792 cum
1114 2757 1189 2792 viro

102 2798 140 2834 in
190 2798 368 2834 romiscuo
393 2809 462 2834 usu
490 2809 551 2835 eas
575 2809 632 2834 res
655 2800 788 2835 habere
810 2811 928 2845 posse.

178 2842 202 2880 Ο
234 2842 430 2879 ΠιΡΙΑΝυε
464 2844 555 2880 libro
585 2845 735 2891 septimo
766 2845 902 2881 decimo
937 2845 987 2881 ad
1016 2844 1190 2882 Sabinum

104 2887 145 2923 Si
167 2888 341 2923 habitatio
373 2888 527 2933 legetur,
560 2900 607 2924 an
636 2889 784 2934 perinde
815 2890 862 2925 sit
892 2894 999 2936 atque
1030 2891 1061 2926 si
1090 2901 1190 2933 usus,

101 2933 297 2979 quaeritur.
334 2937 370 2968 et
394 2933 522 2968 effectu
546 2934 688 2980 quidem
718 2935 812 2970 idem
843 2945 958 2980 paene
990 2946 1067 2971 esse
1096 2936 1190 2980 lega·

106 2982 183 3013 tum
202 2989 289 3013 usus
310 2982 346 3014 et
363 2978 594 3015 habitationis
615 2983 650 3014 et
661 2980 714 3015 Pa
739 2980 879 3016 inianus
901 2981 1082 3016 consensit
1099 2981 1189 3016 libro

106 3026 234 3058 octavo
255 3023 392 3059 decimo
412 3024 669 3068 quaestionum.
732 3025 858 3070 enique
879 3025 1014 3061 donare
1025 3037 1097 3061 non
1109 3029 1190 3071 pot-

102 3068 180 3110 erit,
205 3068 269 3103 sed
293 3078 354 3103 eas
377 3079 550 3113 personas
569 3069 728 3114 recipiet,
753 3081 841 3115 quas
872 3074 907 3105 et
934 3071 1119 3106 usuarius:
1144 3071 1191 3106 ad

104 3112 269 3148 heredem
303 3117 422 3149 tamen
456 3124 522 3149 nec
553 3114 632 3159 ipsa
662 3116 815 3150 transit³
849 3126 916 3151 nec
949 3126 1020 3152 non
1056 3116 1188 3152 utendo

108 3160 122 3191 1
173 3157 346 3193 amittitur
368 3168 435 3193 nec
459 3159 585 3204 capitis
610 3159 859 3195 deminutione.
908 3160 979 3196 Sed
1010 3161 1040 3197 si
1070 3163 1191 3205 χρῆσις

105 3201 152 3236 sit
169 3203 303 3245 relicta,
328 3213 375 3239 an
399 3213 485 3238 usus
510 3204 566 3246 sit,
589 3204 796 3239 videndum:
822 3209 858 3240 et
868 3205 1087 3251 Papinianus
1098 3206 1189 3241 libro

104 3247 254 3291 septimo
278 3258 530 3292 responsorum
553 3249 604 3284 ait
626 3260 731 3284 usum
755 3260 843 3293 esse,
867 3261 940 3285 non
964 3252 1070 3286 etiam
1092 3251 1190 3286 fruc-

106 3292 127 3325 2
172 3295 249 3327 tum
271 3293 443 3328 relictum.
493 3293 562 3328 Sed
586 3293 616 3329 si
640 3294 691 3329 sic
714 3295 861 3330 relictus
886 3296 950 3331 sit:
977 3296 1039 3331 ‘illi
1063 3296 1189 3331 domus

106 3346 192 3371 usus
222 3335 383 3372 fructus⁴
408 3338 594 3373 habitandi
619 3340 751 3382 causa’,
782 3343 903 3375 utrum
932 3341 1190 3377 habitationem

106 3380 220 3415 solam
243 3391 289 3416 an
311 3392 392 3417 vero
425 3386 460 3418 et
483 3394 587 3419 usum
617 3383 773 3419 fructum
803 3385 954 3428 habeat,
986 3386 1187 3422 videndum.

106 3492 148 3532 (1)
173 3491 278 3523 solum
294 3494 352 3525 ins.
366 3506 433 3527 cum
450 3495 586 3529 Graecis
678 3498 720 3539 (2)
745 3496 891 3539 probant
901 3511 966 3532 scr.
1057 3500 1100 3539 (3)
1125 3508 1186 3530 nec

109 3535 183 3577 ipsa
203 3537 326 3569 transit
344 3538 386 3570 ad
406 3538 576 3572 heredem:
597 3543 709 3574 tamen
727 3554 789 3575 scr.
802 3544 880 3586 sere
892 3550 930 3576 ut
941 3543 1041 3577 voluit
1051 3542 1184 3576 Noodt:

111 3587 195 3613 certe
207 3582 256 3614 sic
265 3583 389 3624 accepit
398 3583 456 3616 See
480 3585 584 3618 banus
676 3588 718 3627 (4)
743 3597 840 3620 usum
851 3587 998 3620 fructum
1011 3600 1073 3621 scr.

110 3626 153 3665 (5)
178 3626 226 3658 sic
239 3626 444 3668 Stephanus,
887 3633 931 3674 (6)
946 3633 1079 3666 =In⁸t.
1093 3634 1125 3671 2,
1135 3640 1162 3671 5,
1172 3639 1186 3666 1

110 3669 152 3708 (7)
163 3668 286 3712 pplane
298 3670 370 3711 17⁸⁶,
383 3682 479 3712 posse
487 3672 585 3714 plane
594 3686 656 3709 scr.
664 3677 836 3710 secundum
848 3677 994 3711 Graecos
1040 3678 1084 3717 (8)
1097 3677 1186 3709 fruc·

488 3629 594 3662 riscus
608 3630 689 3664 libra·
698 3632 804 3665 nostri

1195 103 1271 153 109

2223 111 2358 154 VIIs

1263 233 1298 265 et
1320 229 1520 266 Proculus⁵
1537 234 1580 265 et
1603 229 1771 265 Neratius
1795 235 1926 275 putant
1950 231 2063 268 solam
2093 232 2355 269 habitationem

1261 275 1433 320 legatam,
1465 274 1562 327 quod
1594 278 1649 309 est
1679 285 1812 310 verum.
1848 277 1954 321 plane
1978 277 2008 312 si
2033 277 2179 313 dixisset
2202 281 2359 313 testator

1261 322 1379 355 ‘usum
1401 319 1589 355 habitandi
1613 320 1747 362 causa’,
1780 331 1855 355 non
1880 322 2144 365 dubitaremus,
2177 323 2264 367 quin
2295 334 2357 359 va-

1262 368 1281 400 3
1329 365 1429 400 leret.
1477 364 1605 400 Utrum
1630 368 1750 400 autem
1774 366 1880 401 unius
1905 368 1989 402 anni
2021 368 2068 402 sit
2099 368 2275 403 habitatio
2310 379 2358 403 an

1260 420 1374 455 usque
1398 409 1445 445 ad
1467 410 1587 452 vitam,
1613 409 1710 455 apud
1733 413 1871 445 veteres
1896 413 2098 456 quaesitum
2122 417 2195 448 est:
2222 417 2258 449 et
2280 413 2357 448 Ru-

1259 455 1357 490 tilius
1382 454 1496 490 donec
1519 455 1625 496 vivat,
1650 455 1907 491 habitationem
1931 462 2132 502 competere
2156 458 2225 501 ait,
2250 469 2357 504 quam

1260 500 1475 536 sententiam
1507 504 1543 535 et
1568 499 1692 535 Celsus
1716 500 1848 545 probat
1870 501 1960 536 libro
1986 507 2114 539 octavo
2139 503 2277 539 decimo
2303 503 2356 538 di-

1261 548 1282 580 4
1327 549 1519 590 gestorum.
1570 545 1607 580 Si
1631 556 1718 581 usus
1741 545 1845 580 fundi
1869 546 1915 581 sit
1938 547 2105 590 relictus,
2138 549 2254 584 minus
2286 549 2355 584 uti-

1261 600 1329 635 que
1354 601 1433 626 esse
1456 601 1563 636 quam
1586 589 1745 626 fructum
1768 590 1943 636 longeque
1969 603 2071 627 nemo
2105 593 2255 628 dubitat.
2293 593 2356 629 sed

1260 635 1346 681 quid
1368 635 1406 670 in
1430 646 1473 671 ea
1497 646 1608 671 causa
1631 636 1688 678 sit,
1712 635 1914 671 videndum.
1954 640 1990 671 et
2012 637 2134 673 Labeo
2168 639 2218 673 ait
2253 639 2355 674 habi-

1259 684 1338 716 tare
1371 691 1452 716 eum
1483 681 1522 716 in
1552 680 1665 716 fundo
1689 691 1796 726 posse
1820 680 2070 727 dominumque
2094 683 2356 727 prohibiturum

1259 726 1319 761 illo
1344 726 1484 761 venire:
1509 726 1573 761 sed
1598 726 1762 762 colonum
1787 737 1860 762 non
1884 727 2148 771 prohibiturum
2167 739 2233 763 nec
2252 729 2355 764 fami-

1258 770 1361 813 liam,
1387 771 1524 807 scilicet
1548 782 1644 814 eam,
1677 781 1770 816 quae
1793 771 1869 816 agri
1894 772 2033 807 colendi
2058 782 2169 808 causa
2192 774 2265 809 illic
2290 774 2354 809 sit:

1259 819 1416 851 ceterum
1440 817 1471 851 si
1493 817 1668 852 urbanam
1691 816 1863 851 familiam
1885 817 1946 852 illo
1971 817 2102 860 mittat,
2128 828 2198 862 qua
2215 819 2356 854 ratione

1257 861 1335 906 ipse
1365 861 1595 906 prohibetur,
1631 866 1667 896 et
1697 861 1869 896 familiam
1901 863 2159 907 prohibendam
2196 864 2355 899 eiusdem

1257 906 1407 942 rationis
1432 910 1495 942 est.
1532 906 1626 942 idem
1641 907 1765 942 Labeo
1793 907 1844 942 ait
1867 911 1902 942 et
1926 908 2016 942 cella
2038 908 2176 943 vinaria
2201 912 2236 943 et
2258 909 2354 944 olea-

1257 951 1312 986 ria
1336 962 1416 987 eum
1441 952 1556 987 solum
1579 962 1739 994 usurum,
1766 951 1947 987 dominum
1971 963 2053 988 vero
2078 953 2187 988 invito
2215 964 2256 989 eo
2283 965 2354 989 non

1260 1007 1420 1031 usurum.

1309 1041 1354 1079 11
1370 1044 1383 1063 ⁶
1410 1042 1534 1078 Gaws
1550 1042 1641 1078 libro
1661 1042 1819 1078 secundo
1839 1053 1961 1078 rerum
1981 1043 2262 1078 cottidianarum
2282 1044 2356 1079 sive

1258 1098 1454 1122 aureorum
1500 1087 1612 1132 Inque
1637 1097 1678 1123 eo
1702 1087 1813 1123 fundo
1837 1088 2013 1123 hactenus
2037 1088 2070 1123 ei
2093 1088 2225 1124 morari
2258 1088 2352 1129 licet,

1258 1136 1298 1167 ut
1322 1143 1438 1177 neque
1462 1132 1605 1168 domino
1628 1131 1732 1167 fundi
1755 1132 1927 1168 molestus
1959 1134 2007 1168 sit
2037 1143 2153 1178 neque
2183 1133 2258 1176 his,
2290 1144 2356 1179 per

1259 1188 1347 1222 quos
1372 1188 1483 1222 opera
1506 1178 1642 1213 rustica
1677 1177 1786 1220 fiunt,
1818 1178 2067 1223 impedimento
2099 1179 2163 1214 sit:
2194 1189 2262 1214 nec
2292 1179 2357 1214 ulli

1259 1223 1319 1258 alii
1341 1222 1397 1258 ius
1422 1223 1518 1268 quod
1540 1223 1652 1258 habet
1675 1226 1739 1258 aut
1761 1223 1913 1259 vendere
1937 1227 2001 1259 aut
2019 1223 2141 1260 locare
2161 1228 2225 1259 aut
2243 1224 2355 1270 gratis

1259 1268 1456 1304 concedere
1478 1271 1609 1313 potest.

1311 1311 1362 1350 12
1394 1313 1590 1349 ULPJANUS
1625 1313 1716 1349 libro
1747 1314 1900 1360 septimo
1932 1313 2068 1349 decimo
2100 1313 2150 1349 ad
2180 1313 2355 1349 Sabinum

1258 1358 1409 1394 Plenum
1423 1363 1544 1394 autem
1555 1369 1660 1394 usum
1673 1358 1778 1394 debet
1798 1359 1942 1401 habere,
1968 1359 1998 1393 si
2019 1363 2055 1394 et
2072 1359 2177 1394 villae
2194 1362 2232 1394 et
2249 1369 2354 1404 prae-

1259 1404 1342 1439 torii
1367 1404 1399 1439 ei
1422 1404 1567 1439 relictus
1593 1407 1658 1439 est.
1693 1403 1815 1439 venire
1839 1406 1852 1425 ⁷
1874 1405 1980 1449 plane
2010 1404 2285 1450 proprietarium
2309 1404 2355 1440 ad

1257 1449 1398 1484 fructus
1422 1449 1670 1494 percipiendos
1694 1449 1805 1493 magis
1830 1449 2019 1484 dicendum
2039 1453 2103 1491 est,
2129 1453 2164 1484 et
2182 1459 2247 1494 per
2265 1453 2354 1485 tem-

1257 1505 1349 1539 pora
1381 1494 1593 1529 fructuum⁸
1626 1494 1905 1539 colligendorum
1941 1495 2047 1530 etiam
2081 1494 2245 1529 habitare
2282 1495 2354 1530 illic

1262 1544 1275 1574 1
1326 1549 1432 1585 posse
1445 1539 1704 1574 admittendum
1717 1543 1782 1574 est.
1818 1540 1967 1575 Praeter
1977 1539 2237 1575 habitationem
2246 1550 2350 1584 quam

1257 1585 1385 1627 habet,
1423 1585 1481 1620 cui
1514 1595 1601 1620 usus
1633 1584 1739 1620 datus
1772 1588 1826 1619 est
1857 1585 2107 1620 deambulandi
2143 1595 2285 1630 quoque
2318 1589 2354 1620 et

1258 1630 1421 1674 gestandi
1445 1631 1500 1665 ius
1523 1629 1680 1665 habebit.
1718 1629 1871 1665 Sabinus
1897 1634 1932 1665 et
1957 1629 2101 1665 Cassius
2127 1634 2163 1665 et
2185 1630 2288 1682 lignis
2307 1630 2353 1665 ad

1259 1686 1364 1710 usum
1388 1675 1624 1711 cottidianum
1656 1678 1692 1710 et
1722 1675 1826 1710 horto
1853 1679 1888 1710 et
1911 1675 2026 1720 pomis
2051 1679 2086 1710 et
2108 1675 2292 1710 holeribus
2318 1680 2354 1710 et

1258 1720 1405 1756 floribus
1431 1724 1468 1755 et
1490 1730 1585 1766 aqua
1608 1730 1767 1761 usurum,
1793 1730 1865 1764 non
1888 1730 2002 1765 usque
2026 1720 2073 1755 ad
2091 1720 2352 1765 compendium,

1260 1765 1324 1801 sed
1347 1765 1394 1800 ad
1417 1776 1539 1808 usum,
1571 1765 1709 1800 scilicet
1739 1775 1811 1800 non
1842 1776 1956 1810 usque
1988 1765 2034 1800 ad
2058 1765 2228 1800 abusum:
2261 1765 2351 1800 idem

1259 1810 1388 1853 Nerva,
1415 1814 1451 1846 et
1474 1809 1585 1846 adicit
1608 1810 1814 1846 stramentis
1839 1814 1875 1846 et
1897 1811 2111 1846 sarmentis⁹
2134 1811 2242 1845 etiam
2265 1821 2350 1845 usu-

1260 1867 1349 1899 rum,
1374 1855 1438 1891 sed
1461 1866 1577 1901 neque
1599 1855 1694 1891 foliis
1719 1865 1764 1890 ne
1789 1865 1835 1890 ue
1858 1856 1937 1891 oleo
1957 1865 2072 1900 neque
2090 1855 2269 1891 frumento
2289 1866 2351 1891 ne-

1259 1911 1328 1946 que
1349 1900 1409 1936 fru
1435 1900 1513 1936 ’bus
1537 1911 1696 1936 usurum.
1734 1911 1772 1936 se
1818 1900 1973 1936 Sabinus
1999 1904 2034 1935 et
2054 1900 2199 1936 Cassius
2223 1904 2260 1935 et
2279 1900 2351 1935 La-

1258 1947 1324 1981 beo
1350 1950 1386 1982 et
1439 1946 1585 1981 roculus
1608 1946 1678 1981 hoc
1703 1945 1856 1990 amplius
1890 1946 1997 1981 etiam
2030 1956 2073 1981 ex
2104 1946 2159 1981 his
2193 1956 2285 1991 quae
2315 1946 2352 1980 in

1257 1991 1369 2026 fundo
1394 1995 1603 2033 nascuntur,
1628 1990 1724 2035 quod
1747 1990 1795 2025 ad
1817 1991 1950 2026 victum
1974 1990 2043 2026 sibi
2066 1990 2210 2036 suisque
2223 1992 2252 2012 ¹⁰
2275 1990 2350 2026 suf-

1258 2036 1355 2071 ficiat
1378 2040 1604 2088 sumpturum
1627 2039 1663 2071 et
1687 2046 1731 2071 ex
1754 2036 1809 2071 his
1834 2046 1926 2081 quae
1949 2035 2069 2071 Nerva
2099 2036 2258 2081 negavit:
2291 2037 2351 2071 Iu-

1258 2082 1397 2117 ventius
1431 2085 1538 2117 etiam
1570 2091 1651 2116 cum
1683 2081 1839 2116 convivis
1863 2085 1900 2116 et
1922 2081 1990 2116 hos
2016 2081 2125 2116 itibus
2149 2091 2255 2133 posse
2278 2081 2350 2116 uti:

1259 2137 1351 2171 quae
1376 2127 1552 2161 sententia
1575 2126 1661 2160 mihi
1683 2136 1768 2161 vera
1791 2126 1941 2167 videtur,
1967 2136 1988 2160 a
2002 2126 2086 2171 iquo
2108 2136 2200 2161 emm
2218 2126 2351 2171 largius

1259 2183 1340 2207 cum
1363 2172 1508 2207 usuario
1535 2171 1711 2216 agendum
1735 2174 1788 2206 est
1811 2182 1876 2216 pro
1901 2171 2071 2216 dignitate
2095 2171 2188 2214 eius,
2215 2171 2273 2206 cui
2295 2181 2351 2206 re-

1257 2217 1363 2252 lictus
1388 2221 1443 2252 est
1465 2227 1564 2252 usus.
1602 2216 1665 2251 sed
1688 2220 1809 2251 utetur
1832 2216 1886 2251 his
1901 2218 1939 2259 ¹¹,
1963 2219 2004 2251 ut
2051 2220 2132 2259 uto,
2165 2216 2353 2252 dumtaxat

1257 2262 1295 2296 in
1317 2261 1419 2297 villa:
1443 2262 1557 2307 pomis
1582 2265 1702 2297 autem
1726 2264 1761 2296 et
1784 2261 1938 2297 oleribus
1963 2265 1999 2297 et
2050 2261 2171 2296 oribus
2193 2265 2229 2297 et
2247 2261 2350 2306 lignis

1257 2306 1466 2350 videndum,
1502 2311 1624 2341 utrum
1659 2306 1783 2342 eodem
1814 2307 1893 2342 loco
1925 2310 2049 2341 utatur
2084 2306 2271 2341 dumtaxat
2304 2316 2351 2341 an

1259 2352 1365 2387 etiam
1388 2352 1426 2386 in
1450 2351 1620 2404 oppidum
1645 2353 1677 2387 ei
1701 2352 1831 2387 deferri
1853 2351 2012 2397 possint:
2045 2351 2109 2386 sed
2140 2352 2264 2386 melius
2297 2355 2352 2386 est

1259 2397 1421 2442 accipere
1444 2401 1481 2433 et
1503 2408 1541 2432 m
1565 2397 1736 2442 oppidum
1760 2396 1963 2439 deferenda,
1988 2406 2104 2441 neque
2128 2396 2221 2431 enim
2243 2406 2351 2441 grave

1259 2445 1277 2477 2
1326 2453 1417 2478 onus
1450 2445 1504 2478 est
1534 2442 1681 2485 horum,
1712 2442 1744 2477 si
1774 2442 1957 2477 abundent
1987 2441 2025 2476 in
2054 2441 2177 2476 fundo.
2226 2441 2297 2476 Sed
2320 2441 2351 2476 si

1258 2487 1398 2532 pecoris
1423 2487 1455 2522 ei
1485 2498 1573 2523 usus
1604 2487 1750 2522 relictus
1782 2490 1854 2529 est,
1886 2490 1975 2531 puta
2005 2486 2119 2530 gregis
2151 2486 2271 2529 ovilis,
2303 2485 2350 2521 ad

1258 2532 1527 2568 stercorandum
1545 2543 1694 2567 usurum
1713 2532 1900 2567 dumtaxat
1918 2531 2041 2566 Labeo
2062 2531 2122 2573 ait,
2149 2531 2211 2566 sed
2235 2541 2350 2576 neque

1258 2578 1343 2612 lana
1377 2588 1493 2622 neque
1528 2577 1629 2622 agnis
1660 2587 1776 2656 neqlue
1808 2577 1902 2611 lacte
1933 2586 2099 2611 usurum:
2132 2576 2222 2611 haec
2255 2576 2349 2611 enim

1258 2622 1370 2667 mag-is
1390 2623 1427 2657 in
1447 2622 1568 2657 fructu
1589 2632 1677 2657 esse.
1739 2632 1783 2656 oc
1804 2621 1955 2666 amplius
1976 2621 2082 2655 etiam
2103 2621 2243 2656 modico
2255 2621 2350 2657 lacte

1258 2678 1407 2702 usurum
1431 2671 1537 2713 puto:
1562 2677 1677 2712 neque
1700 2667 1793 2701 enim
1816 2670 1890 2700 tam
1915 2666 2038 2701 stricte
2060 2666 2349 2711 interpretandae

1259 2715 1279 2748 3
1327 2716 1412 2748 sunt
1440 2712 1641 2747 voluntates
1675 2711 1936 2746 defunctorum.
1985 2710 2055 2745 Sed
2086 2711 2116 2745 si
2148 2711 2257 2746 boum
2289 2721 2347 2746 ar-

1258 2758 1367 2792 menti
1390 2767 1478 2792 usus
1501 2757 1741 2801 relinquatur,
1773 2766 1914 2791 omnem
1944 2765 2048 2791 usum
2072 2756 2219 2791 habebit
2242 2759 2278 2791 et
2301 2757 2349 2792 ad

1259 2802 1433 2837 arandum
1466 2806 1502 2837 et
1532 2801 1579 2836 ad
1611 2806 1749 2843 cetera,
1785 2800 1832 2836 ad
1867 2810 1959 2846 quae
1993 2801 2101 2836 boves
2136 2801 2212 2846 apti
2250 2805 2346 2837 sunt.

1259 2850 1280 2881 4
1326 2846 1463 2892 Equitii
1486 2856 1627 2891 quoque
1650 2846 1765 2891 legato
1796 2856 1866 2881 usu
1895 2845 2104 2889 videndum,
2137 2856 2182 2881 ne
2214 2849 2250 2882 et
2281 2846 2346 2882 do-

1259 2901 1357 2926 mare
1387 2892 1503 2936 possit
1533 2894 1569 2925 et
1600 2891 1646 2925 ad
1676 2890 1874 2926 vehendum
1905 2891 1972 2926 sub
2003 2891 2084 2935 iugo
2117 2892 2180 2926 uti.
2218 2895 2254 2926 et
2265 2891 2294 2913 ¹²
2318 2892 2347 2926 si

1257 2936 1352 2972 forte
1375 2936 1499 2981 auriga
1521 2935 1601 2978 fuit,
1627 2935 1684 2971 cui
1708 2946 1795 2971 usus
1819 2945 1990 2981 equorum
2013 2936 2158 2971 relictus
2183 2940 2248 2979 est,
2273 2947 2346 2971 non

1258 2985 1345 3026 puto
1371 2991 1451 3015 eum
1475 2980 1693 3016 circensibus
1716 2981 1772 3016 his
1795 2991 1962 3023 usurum,
1995 2980 2079 3025 quia
2103 2981 2204 3026 quasi
2227 2981 2347 3016 locare

1259 3036 1320 3061 eos
1344 3026 1500 3060 videtur:
1534 3025 1597 3060 sed
1628 3026 1658 3061 si
1688 3029 1841 3061 testator
1871 3027 1987 3060 sciens
2020 3036 2100 3060 eum
2131 3026 2237 3061 huius
2269 3035 2347 3061 esse

1257 3071 1413 3106 instituti
1437 3074 1473 3105 et
1495 3070 1588 3105 vitae
1618 3071 1778 3116 reliquit,
1809 3070 1948 3106 videtur
1980 3071 2085 3105 etiam
2109 3070 2154 3106 de
2176 3071 2246 3106 hoc
2278 3081 2345 3106 usu

1259 3119 1278 3150 5
1329 3116 1492 3151 sensisse.
1541 3115 1578 3150 Si
1608 3126 1695 3151 usus
1718 3115 1902 3151 ministerii
1925 3116 2031 3151 alicui
2056 3115 2165 3150 fuerit
2187 3116 2344 3157 relictus,

1259 3161 1305 3196 ad
1341 3172 1444 3196 suum
1473 3160 1708 3196 ministerium
1738 3164 1859 3196 utetur
1890 3165 1926 3195 et
1957 3161 2003 3195 ad
2034 3161 2225 3196 liberorum
2259 3171 2344 3195 con-

1258 3206 1437 3258 iugisque,
1462 3215 1577 3250 neque
1599 3205 1816 3241 videbam-1³
1839 3206 1899 3241 alii
1924 3205 2160 3247 concessisse,
2185 3206 2216 3241 si
2239 3205 2345 3240 simul

1260 3262 1341 3286 cum
1363 3251 1449 3296 ipsis
1473 3254 1613 3286 utatur:
1670 3261 1878 3296 uamquam,
1910 3251 1940 3286 si
1970 3250 2043 3285 filio
2074 3250 2225 3285 familias
2257 3260 2344 3284 usus

1259 3296 1350 3331 servi
1373 3296 1419 3331 sit
1442 3295 1585 3331 relictus
1607 3262 1669 3332 ve?
1687 3306 1799 3339 servo,
1823 3296 1919 3341 patri
1943 3295 2126 3331 dominove
2146 3295 2343 3345 adquisitus

1258 3341 1369 3385 ipsius
1394 3340 1580 3375 dumtaxat
1592 3341 1619 3362 ¹⁴
1642 3352 1746 3376 usum
1771 3342 1898 3386 exigat,
1923 3351 1995 3375 non
2016 3340 2121 3374 etiam
2142 3350 2262 3374 eorum
2283 3349 2343 3390 qui

1259 3389 1279 3421 6
1328 3390 1410 3431 sunt
1445 3385 1481 3419 in
1515 3389 1704 3430 potestate.
1762 3386 1896 3431 Operas
1932 3390 2050 3420 autem
2086 3385 2175 3418 servi
2209 3393 2343 3417 usuam

1254 3498 1375 3529 mentis
1384 3497 1435 3529 F²
1445 3509 1452 3529 :
1464 3493 1647 3531 δύνασθαι
1654 3494 1764 3531 αὐτὸν
1773 3500 1916 3531 καὶτοῖς
1923 3493 2183 3540 ὑποστρώμασι
2194 3496 2254 3526 καὶ
2263 3496 2339 3528 τοῖς

1254 3538 1445 3588 φρυγάνοις
1456 3541 1655 3588 κεχρῆσθαι
1666 3543 1855 3586 Stephanus
1920 3544 1978 3583 (ιο)
2003 3541 2138 3582 suisque
2149 3540 2275 3572 omissis
2288 3551 2339 3571 se-

1254 3587 1423 3630 quentibus
1435 3587 1582 3620 sufficiat
1593 3611 1601 3619 .
1613 3612 1620 3619 .
1630 3611 1639 3619 .
1650 3611 1657 3619 .
1671 3597 1755 3629 quae
1769 3588 1803 3620 F
1811 3588 1833 3629 ¹,
1855 3599 1937 3629 quae
1950 3588 2024 3619 dum
2040 3587 2087 3618 ita
2106 3584 2202 3616 addit
2216 3583 2251 3615 F
2256 3582 2281 3634 ²,
2305 3589 2342 3615 ue

1255 3632 1364 3673 quein
1377 3641 1462 3673 quae
1474 3639 1621 3671 mutaret,
1632 3642 1697 3674 que
1707 3645 1766 3665 suo
1777 3632 1844 3665 loco
1857 3633 2022 3664 restituere
2035 3629 2140 3661 omisit
2196 3627 2252 3668 (11)
2270 3638 2299 3659 is
2310 3627 2344 3660 F

1255 3677 1313 3717 (12)
1326 3677 1372 3716 et]
1386 3678 1422 3708 at
1432 3688 1493 3709 scr.
1543 3678 1601 3718 (13)
1614 3685 1724 3718 neque
1738 3676 1917 3716 videbitur]
1931 3673 2131 3706 udebiturF
2172 3673 2229 3712 (1⁴)
2242 3671 2339 3704 dum-

107 3715 180 3745 tum
191 3714 226 3746 F
285 3716 328 3755 (9)
353 3718 543 3750 stramentis
554 3721 587 3750 et
599 3721 788 3761 sarmentis]
804 3721 1016 3754 tetramentis
1029 3721 1088 3760 1⁵⁹¹,
1102 3725 1187 3753 stra-
1255 3722 1361 3762 taxat]
1373 3723 1465 3753 taxat
1476 3721 1511 3753 Ρ
