2528 3918
126 127 246 157 UNDE
275 126 479 158 LEGH‘IMJ

128 244 246 277 autem
277 240 338 286 qui
368 240 405 276 in
433 241 610 286 potestate
638 237 758 272 fuerat
785 236 1018 282 praeteritus,
1054 237 1210 273 emanci-

128 291 249 332 patum
299 290 451 322 etentem
474 285 519 320 ab
542 284 709 319 intestato
742 283 917 317 bonorum
947 283 1211 327 possessionem

130 332 222 366 unde
244 298 346 366 ligeri
370 330 462 366 tueri
485 329 590 365 debet
612 331 757 373 praetor
780 338 894 373 usque
925 328 971 362 ad
995 332 1133 373 partem
1158 327 1210 362 di-

128 376 288 419 midiam,
320 376 462 418 perinde
492 377 601 419 atque
633 373 663 409 si
694 373 811 408 nullas
836 372 978 408 tabulas
1002 377 1106 419 pater
1128 373 1210 408 reli-

151 423 272 457 uisset.

128 434 150 467 q
174 465 199 503 2
230 466 421 502 IULIANUS
452 464 542 500 libro
577 464 767 499 vicensimo
803 463 953 509 septimo
990 463 1208 509 dz'qestorum

128 512 383 557 Emancipatus
414 508 630 554 praeteritus
662 508 692 543 si
717 511 842 543 contra
866 508 1009 543 tabulas
1034 509 1210 543 bonorum

128 557 383 603 possessionem
414 565 486 590 non
517 554 697 599 acceperit
728 557 762 589 et
792 553 916 599 scripti
939 553 1088 589 heredes
1113 552 1209 588 adie-

128 604 198 637 rint
220 601 461 644 hereditatem,
493 609 559 634 sua
591 599 698 645 culpa
728 599 858 634 amittit
888 602 1076 644 paternam
1107 599 1209 633 here-

127 647 291 682 ditatem:
328 655 412 681 nam
443 644 601 690 quamvis
633 644 828 681 secundum
859 645 1002 680 tabulas
1034 645 1210 680 bonorum

127 691 302 737 possessio
325 691 436 736 petita
459 701 531 726 non
555 690 681 733 fuerit,
714 700 787 726 non
815 692 937 726 tamen
961 700 1043 726 eum
1065 692 1212 735 praetor

126 741 255 778 tuetur,
277 740 317 771 ut
336 737 511 772 bonorum
530 735 791 781 possessionem
810 735 966 781 accipiat
982 734 1078 770 unde
1095 734 1209 770 liberi.

125 793 206 817 nam
230 786 266 818 et
314 786 480 817 atronum
503 781 754 826 praeteritum,
788 781 818 816 si
849 793 922 817 non
953 784 1054 826 petat
1085 783 1211 816 contra

126 827 266 862 tabulas
287 793 467 862 {onorum
490 827 768 872 possessionem,
802 838 845 862 ex
873 827 933 862 illa
964 829 1068 871 parte
1093 825 1210 868 edicti,

126 872 218 908 unde
241 872 385 918 legitimi
408 875 601 915 vocantur,
634 882 707 908 non
740 872 832 908 solet
859 872 953 907 tueri
976 875 1123 917 praetor
1147 869 1210 906 ad-

125 928 248 953 versus
272 918 424 963 scriptos
448 917 608 953 heredes.

170 960 194 1001 3
226 962 419 999 Ummws
447 963 538 999 libro
571 967 696 999 octavo
729 963 778 998 ad
801 963 974 998 Sabinum
1030 963 1211 998 Bonorum

149 1009 303 1045 ossessio
327 1012 447 1054 potest
469 1009 543 1054 peti
564 1009 609 1044 ab
628 1009 810 1052 intestato,
836 1008 866 1043 si
885 1012 1022 1044 certum
1043 1009 1089 1043 sit
1105 1008 1210 1043 tabu-

138 1064 177 1089 as
201 1065 273 1089 non
297 1058 419 1090 extare
444 1057 580 1100 septem
603 1054 747 1090 testium
771 1054 802 1089 si
826 1054 880 1090 nis
905 1055 1074 1100 signatas.

170 1098 195 1136 4
219 1100 378 1135 Panos
404 1100 494 1135 libro
525 1100 681 1135 secundo
714 1099 764 1135 ad
822 1100 968 1135 abinum
1022 1098 1146 1134 Liberi
1177 1101 1212 1133 et

125 1145 241 1190 capite
274 1146 402 1180 minuti
435 1155 501 1190 per
540 1145 694 1181 edictum
734 1145 908 1191 praetoris
950 1144 996 1180 ad
1037 1145 1212 1180 bonorum

124 1191 385 1235 possessionem
420 1195 596 1226 vocantur
633 1191 853 1236 parentium,
894 1190 963 1226 nisi
994 1190 1025 1225 si
1054 1189 1213 1235 adoptivi

124 1235 273 1271 fuerint:
306 1236 344 1271 hi
374 1236 466 1272 enim
498 1240 534 1272 et
564 1236 757 1272 liberorum
785 1246 914 1272 nomen
939 1236 1108 1271 amittunt
1130 1238 1213 1280 post

125 1281 454 1327 emancipationem.
517 1281 580 1317 sed
624 1282 654 1318 si
695 1282 878 1317 naturales
921 1281 1135 1326 emancipati
1177 1283 1213 1315 et

124 1327 287 1406 adoptati
309 1327 437 1362 iterum
461 1327 675 1373 emancipati
699 1328 784 1370 sint,
810 1327 945 1362 habent
967 1326 1024 1362 ius
1047 1325 1214 1361 naturale

137 1384 147 1406 i
175 1382 326 1407 erorum.

170 1416 193 1455 5
209 1420 219 1438 ¹
244 1417 473 1453 POMPONIUS
494 1418 585 1453 libro
609 1421 740 1463 quarto
765 1417 815 1452 ad
838 1416 1012 1454 Sabinum
1067 1416 1105 1452 Si
1136 1417 1213 1462 quis

124 1474 167 1498 ex
196 1463 270 1506 his,
302 1463 430 1509 quibus
453 1463 631 1499 bonorum
653 1462 917 1508 possessionem
940 1466 1086 1508 praetor
1109 1462 1213 1507 polli-

125 1512 243 1551 cetur,
276 1509 314 1544 in
336 1512 516 1554 potestate
540 1508 719 1554 parentis,
754 1508 797 1544 de
830 1509 932 1545 cuius
957 1508 1060 1543 bonis
1085 1508 1212 1552 agitur,

125 1565 205 1589 cum
236 1554 266 1590 is
298 1554 466 1597 moritur,
498 1564 572 1589 non
600 1553 724 1596 fuerit,
758 1554 791 1589 ei
821 1554 1030 1598 liberisque,
1064 1563 1153 1598 quos
1177 1554 1215 1588 in

124 1599 281 1635 eiusdem
304 1599 440 1635 familia
459 1599 617 1642 habebit,
643 1600 674 1634 si
697 1599 744 1635 ad
767 1610 828 1635 eos
852 1599 1034 1635 hereditas
1059 1609 1124 1634 suo
1148 1609 1213 1633 no-

123 1645 216 1680 mine
247 1645 440 1690 pertinebit
470 1655 586 1691 neque
617 1645 826 1681 nominatim
861 1644 1054 1680 exheredes
1090 1643 1214 1689 scripti

124 1694 239 1733 erunt,
263 1691 437 1726 bonorum
460 1691 639 1737 possessio
665 1691 741 1726 eius
764 1690 879 1736 partis
905 1690 1020 1732 datur,
1051 1699 1144 1735 quae
1168 1688 1214 1724 ad

123 1747 204 1771 eum
227 1737 441 1781 pertineret,
467 1736 498 1772 si
519 1736 558 1772 in
580 1739 759 1782 potestate
782 1735 1056 1781 permansisset,
1081 1735 1150 1777 ita,
1174 1738 1215 1770 ut

124 1792 168 1816 ex
192 1791 234 1817 ea
257 1786 360 1827 parte
384 1781 588 1817 dimidiam2
611 1782 764 1824 habeat,
797 1781 974 1826 reliquum
999 1781 1101 1816 liberi
1126 1780 1213 1821 eius,

127 1831 140 1861 1
193 1827 320 1872 hisque
344 1827 530 1863 dumtaxat
552 1827 648 1863 bona
678 1837 745 1863 sua
770 1826 943 1863 conferat.
994 1826 1064 1862 Sed
1094 1826 1153 1861 et³
1185 1825 1214 1860 si

123 1872 234 1907 filium
265 1877 300 1908 et
330 1876 497 1918 nepotem
526 1884 570 1909 ex
602 1883 644 1908 eo
668 1876 772 1918 pater
795 1872 1087 1917 emancipaverit,
1119 1870 1214 1906 filius

125 1919 222 1954 solus
245 1918 363 1954 veniet
387 1918 433 1953 ad
457 1919 633 1954 bonorum
656 1918 935 1963 possessionem,
970 1916 1128 1963 quamvis
1154 1927 1213 1952 ca-

124 1964 207 2044 fiitis
233 1963 426 1999 deminutio
449 1975 514 2009 per
537 1964 692 1999 edictum
716 1964 805 1998 nulli
830 1964 959 1999 obstet.
998 1962 1084 2008 quin
1107 1962 1215 1998 etiam

150 2009 161 2043 i
193 2019 353 2054 quoque,
386 2009 447 2055 qui
477 2010 515 2044 in
545 2013 724 2054 potestate
756 2019 951 2054 numquam
979 2008 1125 2044 fuerunt
1147 2018 1215 2044 nec

125 2054 180 2092 sui
204 2054 346 2090 heredis
369 2055 488 2091 locum
512 2055 756 2107 optinuerunt,
781 2058 955 2090 vocantur
976 2054 1022 2089 ad
1038 2054 1215 2090 bonorum

124 2100 386 2145 possessionem
410 2104 621 2145 parentium.
669 2110 753 2135 nam
786 2100 815 2135 si
848 2099 942 2135 filius
968 2099 1214 2145 emancipatus

125 2145 304 2190 reliquerit
326 2146 365 2181 in
386 2149 567 2191 potestate
597 2145 653 2180 avi
676 2149 860 2191 nepotem,
896 2145 1043 2181 dabitur
1071 2145 1122 2188 ei,
1155 2144 1216 2190 qui

125 2191 163 2226 in
185 2195 363 2236 potestate
386 2191 533 2226 relictus
558 2192 623 2234 sit,
656 2191 769 2236 patris
800 2190 1016 2236 emancipati
1039 2191 1216 2226 bonorum

126 2237 325 2289 possessio:
366 2241 403 2272 et
436 2236 467 2272 si
497 2240 581 2282 post
613 2236 932 2282 emancipationem
962 2235 1214 2281 procreaverit,

125 2285 176 2317 ita
198 2286 284 2318 nato
309 2282 454 2317 dabitur
477 2283 534 2317 avi
556 2283 734 2318 bonorum
784 2282 936 2318 ossessio
950 2308 958 2324 ‚
984 2282 1121 2317 scilicet
1143 2292 1216 2316 non

129 2330 146 2362 2
194 2328 361 2363 obstante
385 2328 417 2363 ei
439 2332 543 2373 patre
567 2338 643 2363 suo.
687 2327 725 2363 Si
768 2328 846 2363 'lius
871 2327 1117 2372 emancipatus
1142 2337 1215 2362 non

126 2374 268 2418 petierit
308 2373 486 2409 bonorum
527 2373 807 2418 possessionem,
854 2372 907 2408 ita
951 2373 1091 2426 integra
1132 2376 1217 2408 sunt

127 2419 244 2453 omnia
281 2418 489 2464 nepotibus,
530 2422 637 2464 atque
675 2419 706 2454 si
741 2418 837 2454 filius
876 2429 951 2454 non
988 2418 1136 2461 fuisset,
1175 2420 1217 2453 ut

127 2464 221 2509 quod
252 2464 346 2500 filius
375 2464 565 2500 habiturus
595 2467 690 2500 esset
720 2465 834 2510 petita
866 2464 1043 2500 bonorum
1074 2474 1216 2509 posses-

127 2510 235 2590 εἰὲῃθ,
260 2509 330 2545 hoc
352 2510 543 2555 nepotibus
567 2520 612 2545 ex
635 2519 678 2545 eo
703 2510 806 2553 solis,
839 2520 912 2545 non
941 2510 1046 2544 etiam
1070 2509 1216 2555 reliquis

127 2565 148 2590 a
175 2559 325 2591 crescat.

173 2598 223 2638 6⁴
262 2600 458 2637 Uzmiws
486 2601 576 2636 libro
610 2600 819 2646 triqensimo
851 2611 947 2636 nono
983 2600 1033 2636 ad
1063 2600 1216 2636 edictum

128 2645 164 2680 Si
201 2650 304 2691 pater
336 2645 450 2681 filium
485 2646 778 2691 emancipaverit,
820 2649 987 2692 nepotem
1020 2646 1216 2689 retinuerit,

127 2691 253 2727 deinde
289 2691 383 2726 filius
423 2691 634 2727 decesserit:
676 2695 712 2726 et
749 2691 803 2726 rei
838 2691 1000 2736 aequitas
1036 2693 1072 2726 et
1107 2701 1218 2727 causa

127 2736 252 2780 edicti,
291 2747 359 2782 quo
397 2736 440 2772 de
474 2737 650 2772 bonorum
685 2737 912 2782 possessione
946 2736 1065 2772 liberis
1100 2736 1217 2772 danda

129 2787 288 2824 cavetur,
322 2782 450 2824 efficit,
482 2785 524 2816 ut
556 2782 632 2817 eius
663 2782 755 2817 ratio
781 2783 958 2818 habeatur
982 2786 1017 2818 et
1041 2782 1216 2818 bonorum

129 2827 305 2872 possessio
330 2828 499 2862 intestato
523 2827 637 2872 patris
663 2827 782 2872 detur,
813 2831 855 2863 ut
881 2831 1002 2863 tamen
1032 2828 1128 2863 bona
1158 2838 1216 2863 so·

130 2873 219 2915 rori,
260 2883 352 2918 quae
383 2873 587 2908 necessaria
618 2873 722 2909 heres
753 2872 849 2918 patri
880 2873 1013 2916 extitit,
1053 2872 1217 2908 conferre

131 2920 302 2963 cogatur⁵
334 2928 442 2960 avus,
475 2918 535 2962 qui
562 2928 630 2971 per
660 2929 742 2954 eum
771 2919 949 2954 bonorum
980 2918 1216 2963 possessionis

128 2963 403 2999 emolumentum
433 2963 688 3008 adquisiturus.
707 2967 779 3000 est:
813 2964 881 2999 nisi
912 2964 1005 2999 forte
1034 2974 1120 2999 avus
1150 2963 1217 2999 iste

129 3009 265 3044 nullum
290 3019 333 3044 ex
356 3009 411 3044 his
436 3009 593 3044 fructum
617 3009 806 3054 adquirere
828 3010 904 3045 vult
949 3013 1143 3054 aratusque
1162 3012 1217 3044 est

129 3054 172 3088 de
196 3057 374 3099 potestate
398 3058 563 3099 nepotem
587 3054 788 3098 demittere,
819 3058 860 3090 ut
884 3020 946 3090 adp
954 3056 1216 3100 emancipatum

129 3100 404 3135 emolumentum
434 3111 536 3136 omne
562 3099 738 3135 bonorum
761 3100 997 3145 possessionis
1022 3099 1214 3145 perveniat.

129 3155 194 3179 nec
213 3145 348 3180 idcirco
368 3155 481 3188 soror,
506 3156 597 3191 quae
614 3146 710 3190 patri
724 3145 829 3181 heres
849 3145 978 3189 extitit,
1003 3146 1096 3182 iuste
1117 3145 1217 3190 queri

129 3191 277 3234 poterit,
303 3191 399 3235 quod
422 3201 464 3227 eo
489 3191 586 3226 facto
611 3202 633 3226 a
658 3191 858 3227 collationis
883 3191 1068 3227 commodo
1094 3191 1216 3226 exclu-

130 3235 235 3278 ditur,
261 3246 342 3271 cum
361 3246 426 3272 avo
447 3236 661 3281 quandoque
677 3236 848 3271 intestato
870 3236 1038 3272 defuncto
1056 3236 1104 3272 ad
1120 3236 1217 3272 bona

131 3280 206 3315 eius
231 3281 333 3315 simul
357 3292 438 3316 cum
461 3281 574 3317 fratre
595 3282 711 3327 possit
734 3282 865 3317 venire.

177 3322 201 3361 7
227 3325 472 3362 PAPJNJANUS
498 3327 588 3362 libro
618 3327 809 3363 vicensimo
839 3338 934 3362 nono
967 3328 1217 3374 quaestionum

132 3370 272 3416 Scripto
297 3371 426 3407 herede
450 3371 667 3408 deliberante
690 3371 785 3408 filius
810 3372 1048 3408 exheredatus
1067 3376 1217 3408 mortem

132 3416 207 3450 obit
240 3419 347 3460 atque
380 3416 431 3451 ita
466 3417 621 3462 scriptus
656 3417 759 3453 heres
795 3417 936 3453 omisit⁶
971 3418 1216 3453 hereditatem.

131 3471 243 3506 nepos
267 3471 311 3496 ex
334 3461 393 3496 illo
417 3460 490 3497 filio
516 3466 703 3507 susceptus
734 3473 800 3498 avo
825 3473 912 3498 suus
935 3463 1039 3499 heres
1063 3463 1132 3499 erit
1155 3473 1216 3498 ne-

133 3516 201 3550 que
232 3509 334 3551 pater
367 3506 544 3542 videbitur
578 3508 778 3551 obstitisse,
816 3507 917 3543 cuius
951 3512 1034 3552 post
1068 3512 1219 3543 mortem

132 3551 288 3596 legitima
311 3551 469 3587 defertur
487 3552 676 3588 hereditas.
712 3564 778 3589 nec
803 3553 874 3589 dici
897 3556 1017 3599 potest
1039 3554 1216 3596 heredem,

134 3665 171 3704 (1)
194 3677 247 3707 pr.
260 3681 304 3692 =
316 3664 362 3699 D.
377 3666 431 3706 37,
444 3673 473 3706 8,
485 3673 499 3699 i
514 3679 568 3709 pr.

135 3712 177 3748 (4)
203 3712 242 3752 cf
258 3710 302 3741 D.
319 3712 373 3750 37,
387 3718 415 3750 6,
429 3719 456 3750 5,
467 3723 519 3752 pr.

134 3755 176 3794 (7)
200 3755 347 3796 potuerit
359 3768 418 3787 scr.

675 3667 720 3708 (2)
743 3667 880 3699 midiam
900 3668 933 3699 F

614 3715 656 3750 (5)
683 3714 819 3752 cogetur
834 3714 865 3744 F

1034 3669 1077 3708 (3)
1102 3669 1135 3700 et
1155 3667 1217 3700 del.

1200 110 1287 158 577

962 3715 1007 3752 (6)
1032 3712 1181 3745 omiserit
1194 3713 1227 3744 F

2018 115 2249 158 XXXVIII
2281 119 2319 159 6.
2345 119 2366 157 7

1281 236 1345 272 sed
1376 246 1448 271 non
1480 246 1584 272 suum
1615 239 1781 279 nepotem
1812 237 1907 280 fore,
1942 238 2038 283 quod
2067 239 2266 283 proximum
2290 248 2368 283 gra·

1281 281 1365 316 dum
1396 291 1590 327 numquam
1619 282 1791 323 tenuerit,
1826 293 1906 317 cum
1937 288 1974 318 et
2004 283 2081 328 ipse
2113 284 2221 319 fuerit
2244 284 2281 318 in
2304 295 2367 329 po-

1280 330 1410 362 testate
1442 336 1556 373 neque
1587 329 1690 371 pater
1721 336 1802 361 eum
1833 327 1870 362 iii
1901 329 1970 363 hac
2002 330 2229 365 successione
2265 340 2368 374 prae-

1281 372 1427 407 venerit.
1476 377 1511 408 et
1533 371 1691 424 alioquin
1716 371 1746 406 si
1770 383 1841 407 non
1866 384 1951 408 suus
1976 374 2080 410 heres
2104 378 2170 417 est,
2199 385 2269 420 quo
2293 375 2370 409 iure

1280 418 1384 453 heres
1409 418 1485 461 erit,
1511 417 1573 463 qui
1595 426 1672 452 sine
1690 416 1798 451 dubio
1820 427 1891 452 non
1911 423 1964 454 est
1981 420 2182 464 adgnatus‘?
2213 424 2370 455 ceterum

1281 466 1317 498 et
1348 463 1378 498 si
1411 474 1484 498 non
1517 462 1564 498 sit
1596 461 1832 497 exheredatus
1864 473 1992 507 nepos,
2032 465 2122 500 adiri
2157 466 2289 510 poterit
2326 476 2370 501 ex

1281 511 1495 544 testamento
1527 506 1707 542 hereditas
1739 517 1761 542 a
1793 508 1926 552 scripto
1959 509 2087 545 herede
2112 511 2183 546 filio
2207 515 2368 546 mortuo:

1281 564 1391 598 quare
1416 554 1477 599 qui
1501 564 1573 589 non
1598 553 1720 588 obstat
1742 552 1818 587 iure
1842 554 2012 596 intestati,
2037 555 2114 591 iure
2134 556 2256 590 testati
2275 555 2369 590 vide-

1286 603 1297 633 1
1350 598 1446 634 bitur
1478 598 1670 634 obstitisse.
1726 598 1809 633 Non
1841 598 1892 633 sic
1924 601 2132 644 parentibus
2164 601 2370 643 liberorum,

1281 647 1321 678 ut
1343 644 1466 680 liberis
1490 644 1691 690 parentium
1714 642 1867 679 debetur
1896 644 2094 680 hereditas:
2128 651 2294 691 parentes
2325 646 2371 681 ad

1280 690 1376 724 bona
1406 690 1602 725 liberorum
1632 689 1725 724 ratio
1757 690 1995 725 miserationis
2029 690 2200 734 admittit,
2239 693 2370 727 liberos

1281 739 1442 778 naturae,
1468 735 1575 770 simul
1598 738 1635 770 et
1657 734 1860 779 parentium
1886 745 2071 771 commune
2095 742 2226 772 votum.

1328 777 1352 818 8
1377 780 1481 816 IDEM
1511 781 1603 816 libro
1634 785 1740 815 sexto
1772 791 2028 826 responsorum
2074 781 2187 817 Filius
2219 782 2371 818 familias

1281 830 1322 861 ut
1344 827 1528 871 proximus
1559 828 1734 870 cognatus
1766 829 1869 870 patre
1900 827 2146 862 consentiente
2175 828 2370 871 possessio-

1281 882 1362 907 nem
1387 871 1572 917 adgnovit:
1606 870 1764 915 quamvis
1794 881 1860 915 per
1890 872 2134 907 condicionem
2159 876 2371 908 testamento

1283 917 1415 959 datam,
1441 916 1536 962 quod
1559 916 1598 951 in
1620 915 1733 960 patris
1757 920 1936 961 potestate
1958 917 2139 961 manserit,
2165 918 2209 952 ab
2235 918 2372 953 heredi-

1282 966 1357 998 tate
1392 962 1439 998 sit
1475 962 1659 1004 exclusus,
1700 965 1820 996 tamen
1851 962 1987 998 utiliter
2016 963 2277 1007 possessionem
2309 964 2373 998 ad—

1281 1008 1445 1053 gnovisse
1477 1007 1656 1043 videbitur
1688 1017 1755 1042 nec
1786 1007 1823 1041 in
1856 1007 1965 1043 edicti
1995 1009 2206 1043 sententiam
2230 1009 2372 1051 incidet,

1283 1054 1451 1099 quoniam
1487 1053 1751 1099 possessionem
1790 1053 1987 1088 secundum
2019 1053 2162 1089 tabulas
2201 1065 2274 1089 non
2311 1054 2373 1088 ad-

1281 1100 1419 1145 gnovit,
1453 1110 1535 1134 cum
1565 1098 1647 1133 inde
1679 1108 1754 1133 rem
1786 1098 1921 1134 habere
1952 1110 2025 1134 non
2056 1099 2212 1144 poterit⁷
2242 1110 2307 1134 nee
2338 1101 2374 1134 in

1283 1145 1346 1180 filii
1369 1148 1548 1190 potestate
1574 1143 1738 1180 condicio
1764 1143 1872 1179 fuerit
1895 1155 1962 1180 nec
1985 1145 2091 1180 facile
2120 1148 2223 1190 pater
2256 1155 2375 1180 eman-

1284 1191 1404 1236 cipare
1427 1190 1539 1225 filium
1565 1190 1643 1235 cogi
1665 1190 1810 1235 poterit.

1329 1234 1353 1274 9
1379 1235 1436 1271 ΡΑ
1444 1245 1539 1271 ULUS
1560 1235 1651 1271 libro
1669 1235 1859 1271 undecimo
1875 1244 2131 1281 responsorum
2181 1234 2218 1270 Si
2236 1238 2375 1281 postea,

1283 1292 1391 1327 quam
1411 1281 1506 1317 filius
1528 1280 1773 1325 emancipatus
1794 1280 1970 1316 bonorum
1985 1281 2248 1325 possessionem
2263 1281 2376 1326 patris

1282 1327 1390 1372 petit,
1432 1330 1567 1363 statum
1598 1337 1702 1361 suum
1732 1326 1901 1368 mutavit,
1934 1325 2023 1361 nihil
2055 1326 2182 1362 obesse
2214 1326 2265 1369 ei,
2307 1337 2376 1372 quo

1283 1373 1400 1408 minus
1423 1372 1461 1408 id
1485 1371 1581 1417 quod
1604 1371 1773 1416 adquisiit
1796 1371 1968 1407 retineat:
1995 1371 2092 1417 quod
2114 1372 2146 1407 si
2168 1372 2269 1417 prius
2291 1383 2376 1408 con-

1284 1417 1459 1454 dicionem
1483 1428 1585 1454 suam
1609 1417 1777 1461 mutavit,
1811 1418 1987 1453 bonorum
2011 1417 2273 1463 possessionem
2298 1428 2377 1454 eum

1284 1466 1406 1509 petere
1430 1474 1503 1500 non
1526 1474 1643 1509 posse.

1774 1603 1851 1641 VH
1861 1602 1886 1640 ⁸.

1639 1668 1767 1701 UNDE
1790 1668 2020 1702 LEGITIMI.

1333 1733 1351 1771 1
1387 1734 1581 1770 IULIANUS
1618 1734 1709 1770 libro
1751 1736 1942 1771 vicensimo
1967 1735 2119 1780 septimo
2157 1734 2376 1782 diqestorum

1283 1781 1384 1816 Haec
1408 1780 1517 1815 verba
1542 1779 1649 1815 edicti
1681 1782 1767 1815 ‘tum
1798 1791 1899 1825 quem
1925 1781 1956 1816 ei
1978 1780 2146 1816 heredem
2170 1790 2247 1816 esse
2272 1792 2376 1826 opor-

1285 1829 1398 1868 ‘teret,
1425 1825 1455 1860 si
1477 1826 1668 1861 intestatus
1700 1829 1862 1862 mortuus
1894 1826 1999 1862 esset'
2029 1827 2311 1872 παρατατικῶς9
2344 1831 2378 1862 et

1285 1883 1365 1907 cum
1401 1870 1556 1916 quodam
1590 1871 1761 1916 temporis
1794 1871 1910 1917 spatio
1943 1871 2188 1916 accipiuntur:
2227 1882 2299 1907 non
2332 1873 2377 1907 ad

1284 1916 1407 1952 mortis
1432 1917 1617 1952 testatoris
1642 1920 1783 1962 tempus
1807 1917 2032 1960 referuntur,
2065 1916 2128 1952 sed
2151 1916 2198 1952 ad
2220 1916 2273 1960 id,
2307 1929 2377 1962 quo

1284 1963 1460 1998 bonorum
1484 1962 1664 2007 possessio
1687 1966 1881 2007 peteretur.
1929 1966 1966 1999 et
1993 1962 2074 1998 ideo
2098 1962 2292 2007 legitimum
2315 1964 2377 1998 he-

1284 2008 1421 2051 redem,
1458 2008 1488 2043 si
1514 2008 1630 2052 capite
1656 2007 1857 2044 deminutus
1883 2011 1995 2050 esset,
2029 2008 2076 2043 ab
2108 2007 2178 2043 hac
2202 2008 2377 2043 bonorum

1283 2053 1511 2099 possessione
1536 2054 1748 2089 summoveri
1771 2054 1891 2099 palam
1915 2057 1979 2089 est.

1330 2096 1356 2136 2
1388 2098 1583 2134 ULPIANUS
1611 2099 1702 2134 libro
1735 2100 2040 2146 quadraqense'mo
2072 2101 2178 2134 sexto
2211 2099 2261 2133 ad
2284 2099 2377 2135 edio-

1285 2150 1359 2179 cum
1407 2144 1445 2179 Si
1467 2143 1737 2189 repudiaverint
1761 2145 1817 2180 sui
1838 2145 1883 2180 ab
1905 2145 2075 2180 intestato
2095 2144 2272 2180 bonorum
2291 2155 2374 2189 pos-

1285 2190 1489 2232 sessionem,
1516 2189 1635 2225 adhuc
1660 2189 1818 2226 dicemus
1845 2191 1988 2226 obstare
2013 2201 2074 2226 eos
2099 2189 2274 2234 legitimis,
2307 2190 2377 2225 hoc

1284 2239 1340 2272 est
1362 2235 1438 2278 hie,
1464 2235 1593 2280 quibus
1618 2235 1774 2280 legitima
1796 2236 1916 2281 potuit
1939 2234 2071 2271 deferri
2094 2234 2293 2277 hereditas,
2323 2235 2376 2270 id-

1285 2281 1400 2324 circo,
1426 2281 1510 2326 quia
1533 2281 1755 2326 repudiando
1782 2282 1884 2327 quasi
1908 2281 2010 2316 liberi
2034 2282 2210 2316 bonorum
2234 2291 2376 2325 posses-

1289 2333 1300 2361 1
1353 2327 1488 2363 sionem
1508 2327 1603 2362 hanc
1623 2326 1800 2371 incipiunt
1817 2327 1950 2362 habere
1969 2326 2071 2371 quasi
2087 2325 2244 2370 legitimi.
2277 2325 2377 2361 Haec

1285 2376 1404 2407 autem
1433 2372 1610 2408 bonorum
1641 2372 1822 2417 possessio
1854 2383 1925 2407 non
1958 2375 2099 2406 tantum
2136 2371 2376 2406 masculorum

1287 2418 1462 2462 defertur,
1487 2428 1611 2453 verum
1634 2417 1743 2453 etiam
1766 2417 1995 2460 feminarum,
2023 2427 2090 2452 nec
2114 2419 2255 2451 tantum
2279 2416 2374 2462 inge-

1285 2474 1457 2506 nuorum,
1492 2474 1615 2499 verum
1648 2463 1753 2498 etiam
1785 2463 2044 2498 libertinorum.
2094 2462 2289 2498 communis
2322 2466 2376 2498 est

1284 2508 1394 2554 igitur
1427 2509 1602 2554 pluribus.
1658 2519 1742 2543 nam
1773 2512 1809 2544 et
1837 2508 1989 2543 feminae
2021 2510 2174 2552 possunt
2203 2507 2257 2542 vel
2291 2518 2375 2543 con-

1286 2555 1499 2599 sanguineos
1515 2554 1570 2589 vel
1585 2554 1759 2599 adgnatos
1776 2554 1921 2596 habere,
1946 2553 2031 2588 item
2051 2552 2208 2587 libertini
2224 2556 2378 2597 possunt

1287 2603 1305 2635 2
1352 2604 1525 2645 patronos
1550 2602 1792 2644 patronasque
1816 2599 1961 2634 habere.
2008 2598 2086 2633 Nec
2112 2601 2252 2633 tantum
2282 2609 2375 2634 mas-

1287 2645 1358 2681 culi
1388 2645 1481 2680 hanc
1512 2645 1688 2680 bonorum
1720 2645 1982 2689 possessionem
2018 2643 2181 2688 accipere
2211 2647 2376 2688 possunt,

1286 2694 1305 2726 3
1353 2701 1476 2726 verum
1501 2690 1608 2726 etiam
1632 2690 1796 2725 feminae.
1841 2690 1879 2724 Si
1903 2689 1981 2733 quis
2008 2688 2210 2731 decesserit,
2237 2689 2280 2725 de
2305 2701 2376 2734 quo

1285 2737 1461 2772 incertum
1484 2739 1558 2778 est,
1583 2739 1706 2770 utrum
1729 2738 1834 2780 pater
1857 2734 2009 2770 familias
2034 2745 2081 2770 an
2104 2734 2199 2769 filius
2221 2734 2375 2774 familias

1285 2781 1347 2826 sit,
1382 2782 1467 2827 quia
1495 2784 1600 2826 pater
1629 2780 1705 2816 eius
1730 2781 1776 2816 ab
1800 2780 1964 2816 hostibus
1990 2783 2117 2825 captus
2141 2779 2260 2815 adhuc
2283 2780 2377 2815 vivat

1285 2828 1341 2863 vel
1365 2827 1460 2872 quod
1485 2827 1556 2862 alia
1580 2837 1691 2862 causa
1716 2825 1957 2870 suspendebat
1980 2825 2057 2861 eius
2081 2828 2232 2868 statum,
2265 2826 2375 2869 magis

1285 2876 1350 2915 est,
1376 2883 1420 2908 ne
1443 2873 1559 2917 possit
1582 2872 1655 2917 peti
1678 2871 1855 2906 bonorum
1874 2871 1951 2907 eius
1967 2870 2161 2916 possessio,
2187 2871 2270 2915 quia
2285 2881 2374 2906 non-

1286 2918 1369 2953 dum
1392 2918 1601 2952 intestatum
1626 2927 1705 2952 eum
1726 2927 1803 2952 esse
1823 2920 1984 2961 apparet,
2011 2927 2092 2952 cum
2115 2916 2291 2951 incertum
2316 2915 2372 2957 sit,

1285 2974 1332 3007 an
1348 2963 1474 2998 testari
1489 2962 1616 3007 possit.
1648 2973 1728 2997 cum
1743 2961 1852 3006 igitur
1867 2962 2025 3007 coeperit
2045 2961 2134 2997 certi
2152 2964 2268 2996 status
2285 2970 2373 3003 esse,

1284 3012 1370 3043 tunc
1387 3008 1526 3044 demum
1543 3007 1697 3052 petenda
1711 3010 1767 3042 est
1782 3008 1959 3042 bonorum
1973 3007 2171 3051 possessio:
2197 3017 2269 3041 non
2294 3016 2374 3040 cum

1286 3057 1422 3089 certum
1446 3063 1525 3089 esse
1549 3053 1707 3097 coeperit
1730 3052 1939 3087 intestatum
1963 3062 2059 3094 esse,
2092 3051 2156 3088 sed
2186 3062 2266 3086 cum
2298 3061 2373 3084 cer-

1287 3103 1305 3133 4
1353 3102 1430 3134 tum
1467 3109 1546 3134 esse
1585 3097 1744 3142 coeperit
1775 3102 1918 3150 patrem
1949 3097 2104 3132 familias
2135 3106 2222 3131 esse.
2274 3095 2372 3130 Haec

1285 3148 1404 3180 autem
1428 3144 1605 3179 bonorum
1627 3153 1807 3188 possessio
1833 3153 1972 3179 omnem
1996 3146 2116 3184 vocat,
2150 3140 2210 3186 qui
2242 3141 2286 3175 ab
2318 3140 2371 3174 in-

1285 3193 1415 3225 testato
1447 3189 1567 3233 potuit
1598 3198 1675 3224 esse
1706 3189 1829 3231 heres,
1860 3188 1933 3223 sive
1963 3188 2021 3222 lex
2053 3186 2237 3222 duodecim
2267 3185 2372 3220 tabu-

1284 3236 1400 3270 larum
1431 3245 1509 3269 eum
1540 3233 1734 3278 legitimum
1765 3233 1931 3269 heredem
1961 3233 2069 3268 faciat
2104 3231 2176 3266 sive
2211 3230 2281 3264 alia
2315 3230 2373 3264 lex

1286 3284 1475 3316 senatusve
1500 3279 1714 3314 consultum.
1763 3278 1916 3323 denique
1940 3282 2061 3319 mater,
2088 3286 2179 3320 quae
2203 3286 2245 3309 ex
2265 3285 2372 3326 'sena-

1284 3330 1343 3361 tus
1365 3324 1527 3361 consulto
1548 3324 1643 3359 venit
1661 3324 1895 3366 Tertulliano,
1919 3324 2002 3358 item
2023 3322 2081 3366 qui
2101 3331 2144 3355 ex
2162 3319 2372 3364 Orphitiano

1286 3371 1332 3406 ad
1349 3370 1539 3415 legitimam
1559 3369 1794 3405 hereditatem
1814 3369 2063 3409 admittuntur,
2083 3366 2177 3400 hanc
2197 3365 2372 3400 bonorum

1285 3415 1547 3462 possessionem
1569 3418 1691 3459 petere
1714 3417 1877 3459 possunt.

1333 3459 1356 3498 3
1384 3460 1542 3496 PAULUS
1562 3460 1653 3496 libro
1678 3459 1981 3506 quadraqensimo
2007 3456 2110 3490 tertio
2141 3453 2190 3489 ad
2218 3453 2371 3490 edictum

1287 3505 1510 3542 Generaliter
1532 3505 1642 3550 igitur
1664 3504 1846 3540 sciendum
1871 3505 1942 3545 est,
1974 3501 2290 3552 quotienscumque
2318 3499 2373 3534 vel

1286 3553 1345 3587 lex
1368 3552 1423 3586 vel
1447 3554 1592 3586 senatus
1607 3552 1635 3573 ¹⁰
1658 3550 1773 3585 defert
1796 3547 2045 3588 hereditatem,
2076 3556 2148 3581 non
2177 3548 2284 3580 etiam
2308 3545 2373 3580 bo-

1334 3667 1378 3707 (s)
1405 3664 1585 3703 Sab.1...4;
1611 3664 1725 3701 Ed.5;
1752 3662 1836 3706 Pap.
1852 3668 1936 3695 s.—-
1956 3660 2297 3702 Bas.45,2‚1...5.—-
2322 3660 2373 3702 Cf.

1289 3711 1412 3788 gria-13}
1422 3718 1483 3789 13¹5·
1498 3711 1543 3751 (9)
1563 3711 1599 3744 id
1611 3717 1657 3743 est
1669 3713 1817 3742 extense:
1834 3716 2113 3751 παρατακτικως
2128 3706 2176 3738 F²
2219 3707 2277 3746 (10)
2295 3715 2372 3737 con-

2056 3808 2098 3844 73
