2528 3918
90 117 330 151 PETITIONE

89 229 256 268 heredem
279 239 317 267 se
341 238 418 265 esse
440 230 601 274 putaret,
633 226 832 272 legatorum
864 228 1006 264 nomine
1037 228 1081 264 de
1112 238 1177 264 suo

90 276 212 318 solvit,
247 275 278 310 si
302 274 381 320 quis
406 274 451 309 ab
474 273 644 308 intestato
669 283 748 308 eam
770 273 1002 309 hereditatem
1028 273 1177 316 evincat,

88 322 172 357 licet
195 321 363 357 damnum
385 318 524 354 videtur
547 328 624 359 esse
647 318 875 363 possessoris,
924 319 995 354 uod
1017 319 1084 355 sibi
1105 330 1178 355 non

89 365 311 413 prospexerit
321 363 550 409 stipulatione
563 363 689 399 ‘evicta
699 363 897 399 hereditate
931 368 1033 410 egata
1052 364 1176 407 reddi’,

89 416 248 448 attamen
271 409 354 456 (11118
376 409 454 445 fieri
475 411 614 454 potest,
646 412 687 444 ut
711 419 752 445 eo
777 412 936 454 tempore
960 410 1104 446 solverit
1125 410 1176 445 10-

38 475 41 480 ’
88 461 291 538 Εέωᾰιιὲΐ
301 454 565 536 1ἒ1ἶῗ“ἓεὲἓ1ὲῗ
579 454 831 535 ἔὲὲὶὲξξέἔῗίἃ
842 458 950 535 ιῒὲἔῗ
960 456 1063 536 :3³20
1071 455 1176 536 ²333&

87 514 202 584 evidlta
230 511 427 582 hereditate
462 544 617 580 dandam
648 545 681 580 ei
698 526 792 597 ‚esse
817 511 1076 590 Repetitionem.
1114 545 1178 582 sed

88 604 169 630 cum
193 594 356 628 cessante
381 590 547 626 cautione
566 590 730 636 repetitio
751 590 867 633 datur,
891 591 1089 636 periculum
1110 594 1176 634 est,

87 649 133 676 ne
187 641 308 683 ropter
337 636 493 681 inopiam
518 635 612 678 eius,
648 635 705 671 cui
738 635 894 671 solutum
927 640 981 672 est
1010 637 1175 682 legatum,

195 682 308 728 repeti
329 682 453 728 possit,
479 685 515 717 et
536 681 615 717 ideo
640 681 835 716 secundum
856 686 1000 717 senatus
1023 682 1177 718 consulti

86 729 296 767 sententiam
319 726 600 763 subveniendum
623 726 655 762 ei
680 730 754 769 est,
787 730 828 762 ut
858 727 935 772 ipse
968 727 1109 772 quidem
1133 738 1177 763 ex

85 773 285 811 retentione
295 783 413 808 rerum
431 771 726 808 hereditariarum
746 772 815 807 sibi
834 771 1046 815 satisfaciat,
1072 772 1176 809 cedat

85 823 205 857 autem
217 818 416 855 actionibus
455 817 582 860 etitori,
602 821 644 853 ut
664 828 729 853 suo
751 817 910 862 periculo
925 828 985 853 eas
998 822 1174 854 exerceat.

135 862 185 903 18
217 863 411 901 Urmiws
440 863 518 899 ibro
531 863 656 908 quinto
669 863 805 899 decimo
819 863 869 898 ad
886 863 1040 899 edictum
1086 864 1176 900 Item

85 910 285 952 videndum,
310 908 341 944 si
362 919 549 954 possessor
571 908 779 944 hereditatis
803 909 1005 944 venditione
1027 920 1094 954 per
1117 920 1174 945 ar-

84 955 282 1003 gentarium
304 953 403 989 fac'ta
425 953 615 999 pecuniam
647 953 744 999 apud
776 963 856 989 eum
887 954 1097 999 perdiderit,
1128 965 1176 991 an

735 999 819 1044 quia
850 999 937 1034 nihil
967 1000 1078 1036 habet
1108 1011 1175 1036 1100

84 1002 255 1048 petitione
277 999 483 1035 hereditatis
516 1002 700 1041 teneatur,

85 1046 255 1092 consequi
277 1048 405 1091 potest.
442 1044 528 1080 sed¹
553 1044 677 1080 Labeo
701 1048 806 1090 putat
830 1055 911 1080 eum
934 1046 1067 1089 teneri,
1092 1046 1176 1092 quia

84 1104 149 1129 suo
173 1091 330 1138 periculo
354 1090 447 1125 male
470 1090 670 1135 argentario
692 1090 858 1126 credidit:
885 1090 947 1126 sed
973 1091 1175 1127 Octavenus

85 1139 136 1174 ait
158 1137 246 1173 nihil
268 1147 348 1172 eum
370 1139 514 1181 praeter
537 1135 696 1171 actiones
719 1139 1005 1180 praestaturum,
1038 1137 1084 1172 ob
1109 1137 1175 1173 has

83 1184 190 1230 igitur
210 1182 369 1219 actiones
391 1181 562 1227 petitione
573 1181 778 1217 hereditatis
791 1182 914 1217 teneri.
951 1183 1036 1217 mihi
1056 1186 1175 1218 autem

84 1230 120 1265 in
145 1240 197 1271 eo,
223 1228 283 1274 qui
306 1227 400 1262 mala
422 1226 492 1262 fide
514 1226 683 1271 possedit,
707 1226 887 1263 Labeonis
908 1228 1086 1263 sententia
1096 1227 1173 1273 pla-

85 1278 158 1311 cet:
184 1274 223 1309 in
243 1273 354 1309 altero
375 1283 468 1315 vero,
490 1271 550 1317 qui
569 1272 666 1307 bona
684 1271 755 1307 fide
773 1283 959 1317 possessor
979 1277 1043 1315 est,
1065 1273 1173 1309 Octa-

90 1324 103 1356 1
152 1319 232 1356 veni
267 1318 442 1355 sententia
475 1327 514 1353 se
539 1317 657 1352 uenda
692 1327 770 1353 esse
803 1318 953 1354 videtur.
1010 1318 1048 1354 Si
1082 1319 1173 1363 quis,

555 1363 718 1406 ereditas,
742 1374 859 1409 neque
881 1364 933 1399 rei
952 1374 1067 1409 neque
1087 1364 1174 1400 iuris

84 1376 165 1401 011111
188 1367 369 1410 peteretur
393 1363 437 1398 ab
462 1372 504 1398 eo

727 1412 827 1444 ostea
858 1409 992 1454 aliquid
1022 1409 1174 1455 adeptus

83 1411 179 1447 velut
201 1419 388 1455 possessor
419 1411 514 1450 erat,
547 1418 670 1444 verum

84 1460 148 1499 est,
170 1466 216 1491 an
237 1454 408 1500 petitione
427 1453 636 1489 hereditatis
655 1453 689 1489 vi
716 1458 818 1489 eatur
838 1455 975 1490 teneri?
999 1459 1035 1491 et
1050 1454 1173 1491 Celsus

83 1502 172 1537 libro
205 1503 333 1546 quarto
364 1499 581 1544 digestorum
610 1502 707 1534 recte
738 1500 863 1535 scribit
885 1501 981 1536 hunc
1006 1501 1172 1536 condem-

83 1551 103 1583 2
150 1545 318 1588 nandum,
338 1544 422 1580 licet
432 1544 532 1579 initio
547 1544 633 1579 nihil
653 1544 822 1589 possedit.
858 1545 965 1580 Nunc
978 1545 1172 1588 videamus,

83 1603 174 1639 quae
197 1591 341 1627 veniant
362 1589 400 1624 in
422 1589 630 1624 hereditatis
654 1590 835 1635 petitione.
874 1594 910 1626 et
932 1590 1069 1635 placuit
1092 1591 1171 1626 11111-

82 1648 202 1674 versas
226 1647 283 1672 res
306 1634 541 1671 hereditarias
564 1635 602 1669 in
626 1635 695 1671 hoc
726 1635 898 1671 iudicium
929 1636 1066 1680 venire,
1100 1636 1173 1672 sive

81 1684 161 1719 iura
184 1682 257 1718 sive
280 1690 431 1726 corpora
454 1680 536 1723 sint,

132 1725 182 1765 19
207 1727 367 1763 PAULvs
398 1725 489 1762 libro
524 1726 715 1761 vicensimo
750 1725 801 1761 ad
829 1726 984 1763 edictum
1031 1730 1066 1762 et
1100 1737 1173 1762 non

82 1777 222 1809 tantum
253 1771 468 1808 hereditaria
500 1781 669 1816 corpora,
706 1771 770 1807 sed
801 1775 837 1807 et
891 1782 959 1807 uae
990 1783 1064 1808 non
1088 1775 1173 1808 sunt

82 1818 307 1860 hereditaria,
329 1827 479 1862 quorum
496 1819 616 1851 tamen
635 1816 833 1861 periculum
854 1827 876 1852 a
913 1817 1080 1853 heredem
1091 1828 1172 1862 per-

81 1865 189 1900 tinet:
216 1866 257 1898 ut
279 1873 336 1898 res
359 1862 498 1908 pignori
522 1861 629 1897 datae
652 1861 823 1898 defuncto
849 1862 903 1898 vel
927 1863 1173 1899 commodatae

83 1909 318 1955 depositaeve.
356 1911 392 1943 et
414 1906 556 1953 quidem
579 1907 631 1942 rei
678 1907 792 1952 ignori
816 1907 922 1943 datae
954 1908 1060 1943 etiam
1091 1919 1171 1954 spe-

83 1955 182 1991 cialis
205 1954 330 2007 petitio
355 1956 420 1995 est,
445 1956 486 1987 ut
510 1956 544 1988 et
567 1953 652 1988 here
678 1952 773 1989 itatis
793 1953 964 1997 petitione
985 1954 1167 1989 continea-

83 2004 161 2043 tur,
196 2002 289 2035 810111
311 1998 393 2033 11180
417 2008 567 2043 quarum
590 1998 732 2033 nomine
755 1998 966 2034 Publiciana
991 2009 1069 2034 com
1097 1999 1170 2035 etit.

83 2046 147 2082 sed
169 2045 253 2081 licet
277 2054 399 2079 earum
422 2043 574 2086 nomine,
599 2054 691 2088 quae
715 2044 960 2080 commodatae
983 2044 1039 2080 vel
1088 2055 1170 2090 epo-

84 2091 173 2127 sitae
196 2093 298 2132 sunt,
322 2089 421 2124 nulla
444 2089 491 2124 sit
513 2088 618 2124 facile
642 2088 756 2132 actio,
781 2090 865 2134 quia
887 2093 1008 2125 tamen
1031 2090 1171 2136 pericu-

82 2137 156 2172 lum
180 2146 302 2171 earum
325 2134 372 2170 ad
394 2144 460 2170 nos
484 2134 656 2179 pertinet,
680 2144 833 2180 aequum
857 2138 911 2170 est
935 2145 995 2170 eas
1018 2136 1169 2171 restitui.

85 2185 100 2218 1
151 2181 254 2226 Quod
277 2181 308 2216 si
329 2190 396 2225 pro
421 2183 579 2224 emptore
602 2180 775 2224 usucapio
800 2180 846 2215 ab
869 2180 1003 2216 herede
1026 2180 1172 2226 impleta

83 2227 148 2270 sit,
181 2237 254 2262 non
276 2225 394 2261 veniet
415 2224 454 2259 in
476 2224 685 2260 hereditatis
717 2225 906 2270 petitione:
963 2226 1024 2261 uia
1055 2227 1171 2269 heres,

82 2272 119 2308 id
142 2275 196 2308 est
218 2271 361 2317 petitor,
385 2280 462 2306 eam
486 2270 666 2305 vindicare
688 2274 808 2316 potest
830 2281 896 2306 1100
917 2283 941 2306 11
969 2282 991 2306 8
1009 2273 1171 2317 exceptio

84 2320 103 2353 2
152 2317 257 2353 datur
287 2315 497 2361 possessori.
545 2315 703 2350 Veniunt
735 2319 771 2351 et
799 2316 869 2351 hae
891 2327 948 2352 res
972 2317 1010 2352 in
1033 2317 1171 2353 heredi-

83 2363 167 2399 tatis
191 2361 410 2408 petitionem,
433 2360 472 2396 in
495 2360 623 2405 quibus
647 2371 833 2405 possessor
855 2362 1088 2398 retentionem
1107 2363 1171 2398 ha-

83 2408 178 2450 buit,
211 2418 284 2443 non
316 2406 422 2442 etiam
452 2406 678 2451 petitionem:
711 2406 821 2442 veluti
852 2407 882 2442 si
905 2407 1085 2443 iuraverat
1110 2408 1170 2444 de-

82 2453 228 2489 functus
251 2452 412 2498 petitoris
435 2461 511 2486 rem
533 2461 607 2487 non
632 2461 709 2487 esse
733 2455 770 2487 et
800 2451 1009 2496 decesserit,
1042 2453 1172 2489 debent

82 2500 150 2535 hae
174 2508 314 2543 quoque
336 2496 488 2532 restitui.
523 2497 629 2532 immo
655 2500 691 2532 et
713 2497 744 2532 si
767 2508 954 2543 possessor
977 2509 1043 2534 sua
1067 2500 1174 2544 culpa

83 2554 144 2580 eas
168 2543 343 2585 amiserit,
375 2541 555 2577 tenebitur
576 2542 647 2577 hoc
670 2543 823 2578 nomine.
859 2543 1024 2589 idemque
1047 2545 1114 2580 erit
1138 2548 1173 2580 et

82 2590 120 2625 in
142 2588 342 2634 praedone,
367 2587 451 2622 licet
473 2587 531 2622 hic
556 2590 702 2632 propter
725 2588 868 2633 culpam
891 2599 965 2625 non
987 2592 1170 2625 teneatur:

85 2639 104 2671 3
152 2634 235 2680 (11118
266 2643 332 2669 1100
364 2632 423 2668 hic
455 2632 563 2668 debet
594 2632 660 2668 has
683 2643 740 2668 res
763 2633 928 2669 retinere.
977 2633 1172 2671 Servitutes

83 2681 120 2716 in
154 2679 413 2715 restitutionem
446 2677 654 2713 hereditatis
689 2689 761 2713 non
795 2678 914 2715 venire
949 2689 1012 2724 ego
1054 2680 1171 2724 didici,

85 2736 165 2761 cum
187 2725 275 2760 nihil
299 2734 340 2760 οο
364 2724 506 2759 nomine
528 2723 642 2768 possit
665 2723 817 2766 restitui,
842 2724 936 2759 sicut
960 2728 1015 2760 est
1036 2725 1072 2760 in
1094 2736 1171 2761 cor-

84 2770 230 2817 poribus
256 2773 291 2805 et
312 2768 500 2811 fructibus,
525 2768 589 2804 sed
607 2768 638 2804 si
657 2779 731 2804 non
750 2768 910 2814 patiatur
928 2769 981 2805 ire
1001 2773 1037 2805 et
1056 2781 1171 2815 agere,

84 2815 230 2862 propria
253 2814 395 2850 actione
419 2814 659 2850 convenietur.

130 2859 183 2898 20
204 2860 398 2896 Urmiws
414 2859 504 2894 libro
525 2860 651 2904 quinto
671 2858 805 2895 decimo
826 2859 877 2895 ad
895 2859 1050 2895 edictum
1083 2860 1173 2896 Item

86 2907 231 2941 veniunt
262 2905 299 2940 in
329 2904 586 2940 hereditatem2
610 2904 716 2940 etiam
748 2915 809 2947 ea,
842 2915 935 2949 quae
965 2905 1172 2941 hereditatis

87 2961 196 2987 causa
219 2953 427 2995 comparata
458 2953 561 2993 sunt,
593 2953 635 2985 ut
657 2953 747 2995 puta
769 2950 948 2995 mancipia
970 2961 1173 2996 pecoraque

87 2999 122 3031 et
145 2996 176 3032 si
198 3006 269 3042 qua
292 2995 374 3038 alia,
399 2995 514 3047 quae³
536 2995 738 3031 necessario
762 2995 951 3030 hereditati
970 2999 1055 3031 sunt
1076 3007 1171 3032 com-

85 3044 222 3086 parata.
248 3043 285 3075 et
308 3041 338 3076 si
362 3040 502 3085 quidem
524 3040 679 3085 pecunia
699 3040 915 3076 hereditaria
938 3041 1009 3076 sint
1029 3052 1172 3086 compa-

85 3089 183 3129 rata,
215 3086 291 3121 sine
315 3085 421 3121 dubio
445 3086 606 3121 venient:
638 3085 669 3121 si
691 3096 773 3122 vero
798 3096 871 3121 non
894 3087 1048 3131 pecunia
1070 3087 1172 3123 here-

88 3130 225 3174 ditaria,
249 3131 438 3166 videndum
462 3130 546 3166 erit:
573 3134 608 3166 et
630 3134 718 3176 puto
742 3131 849 3166 etiam
871 3131 961 3167 haec
984 3132 1115 3174 venire,
1141 3133 1171 3168 si

87 3186 214 3221 magna
236 3176 372 3211 utilitas
403 3176 610 3211 hereditatis
641 3179 821 3219 versetur,
853 3176 1007 3221 pretium
1039 3178 1174 3213 80111001,

91 3224 106 3255 1
153 3221 361 3258 restituturo
385 3221 525 3256 herede.
574 3220 646 3256 Sed
668 3232 741 3256 non
764 3221 902 3264 omnia,
927 3232 1019 3267 quae
1043 3233 1087 3258 ex
1109 3223 1172 3258 he-

87 3265 253 3302 reditaria
275 3266 427 3311 pecunia
451 3269 658 3311 comparata
682 3270 776 3309 sunt,
801 3267 838 3302 in
856 3267 1063 3303 hereditatis
1082 3268 1172 3313 peti-

88 3310 219 3346 tionem
246 3311 403 3347 veniunt.
441 3311 592 3356 denique
623 3311 748 3347 scribit
771 3311 931 3347 Iulianus
954 3312 1045 3348 libro
1071 3317 1172 3348 sexto

89 3355 313 3400 digestorum,
337 3356 368 3392 si
385 3366 572 3402 possessor
591 3367 635 3392 ex
652 3357 806 3402 pecunia
823 3356 1040 3393 hereditaria
1059 3358 1172 3393 homi-

88 3410 168 3434 nem
193 3401 314 3436 emerit
336 3405 372 3436 et
394 3401 439 3436 ab
465 3412 506 3437 eo
530 3404 674 3446 petatur
696 3401 895 3445 hereditas,
918 3402 970 3438 ita
992 3403 1113 3438 venire
1136 3404 1173 3438 in

88 3444 293 3480 hereditatis
327 3446 550 3490 petitionem,
594 3446 625 3482 si
658 3446 865 3482 hereditatis
898 3447 1058 3483 interfuit
1093 3459 1173 3483 eum

90 3491 110 3524 2
157 3490 242 3525 emi:
269 3492 307 3524 at
329 3490 360 3525 si
382 3491 437 3526 sui
461 3501 571 3527 causa
594 3492 688 3533 emit,
713 3492 867 3536 pretium
889 3493 1018 3528 venire.
1061 3492 1172 3528 Simili

89 3534 193 3570 modo
219 3537 255 3569 et
277 3534 308 3570 si
330 3533 480 3571 fundum
502 3536 755 3572 hereditarium
780 3537 1006 3580 distraxerit,
1039 3538 1070 3573 81
1094 3538 1170 3583 (1111-

91 3645 130 3686 (1)
155 3645 224 3686 sed]
238 3647 272 3678 et
282 3657 344 3679 scr.

92 3689 133 3729 (8)
147 3699 231 3732 (11180
244 3691 304 3724 del.
320 3691 394 3724 dett.

90 3733 242 3768 noenius
253 3735 423 3779 Borqhest'

437 3647 480 3688 (2)
504 3648 542 3680 in
553 3648 752 3682 hereditatis
764 3650 965 3693 petitionem
978 3651 1171 3694 Deqenkolb

464 3692 507 3734 (4)
519 3692 644 3735 Τ111118]
657 3694 754 3727 Titus
766 3695 935 3739 Boryhesi
989 3695 1033 3738 (5)
1047 3696 1171 3736 Ocnus]

514 3738 555 3779 ’6)
580 3750 665 3772 anno
672 3751 709 3782 p.
729 3739 803 3773 Chr.
815 3747 868 3774 129
959 3741 1002 3783 (7)
1026 3740 1097 3774 divi
1110 3742 1170 3775 ins.

1183 101 1240 149 83

2252 107 2342 151 V3

1251 227 1330 264 dem
1350 227 1427 263 sine
1446 237 1568 270 081188,
1594 230 1630 262 01
1648 228 1764 273 ipsum
1783 229 1936 266 fundum
1959 232 1995 266 et
2017 229 2158 266 fructus
2182 230 2219 266 in
2242 230 2344 267 here-

1250 273 1372 309 ditatis
1407 272 1613 319 petitionem
1645 274 1781 309 venire:
1819 275 1916 320 quod
1951 275 1982 311 si
2017 275 2109 312 aeris
2142 275 2348 312 exsolvendi

1248 318 1364 364 gratia
1387 317 1593 354 hereditarii
1615 318 1652 353 id
1674 318 1779 362 fecit,
1814 331 1886 356 non
1920 321 2073 366 amplius
2095 321 2216 357 venire
2240 332 2347 367 quam

1251 367 1270 400 3
1318 364 1482 409 pretium.
1530 363 1620 398 Item
1641 374 1714 399 non
1734 364 1850 400 solum
1871 376 1913 401 ea
1935 376 2027 412 (11180
2047 366 2172 402 mortis
2185 370 2347 413 tempore

1249 409 1416 452 fuerunt,
1449 407 1514 445 sed
1544 408 1575 444 si
1606 419 1679 461 qua
1701 413 1829 454 postea
1853 415 2046 456 augmenta
2069 411 2260 448 hereditati
2283 423 2345 449 80-

1251 458 1454 497 cesserunt,
1478 453 1598 490 venire
1620 465 1659 489 in
1681 454 1890 491 hereditatis
1914 456 2141 501 petitionem:
2175 468 2259 493 nam
2282 458 2347 495 he-

1250 500 1384 536 reditas
1417 503 1452 535 et
1483 503 1712 544 augmentum
1746 500 1819 536 reci
1846 501 1875 536 it
1898 505 1934 536 et
1957 501 2247 539 deminutionem.
2284 503 2347 540 sed

1251 556 1312 589 ea,
1337 555 1429 591 quae
1452 549 1536 591 post
1558 544 1693 597 aditam
1716 512 1952 582 heresstatem
1976 547 2175 591 accedunt,
2209 549 2241 585 si
2265 549 2344 595 qui-

1251 590 1331 626 dem
1355 601 1399 626 ex
1422 590 1502 636 ipsa
1524 590 1740 634 hered1tate‚
1765 594 1853 637 puto
1877 592 2067 628 hereditati
2091 594 2281 630 accedere:
2317 594 2348 631 si

1251 636 1483 679 extrinsecus,
1508 646 1591 679 non,
1617 636 1700 681 quia
1722 647 1899 682 personae
1918 638 2135 683 possessoris
2157 639 2345 676 accedunt.

1249 681 1389 718 fructus
1414 685 1534 717 autem
1558 692 1680 717 omnes
1705 692 1751 717 au
1776 686 1837 718 ent
1866 683 2119 726 hereditatem,
2154 685 2226 721 sive
2258 688 2344 721 ante

1250 727 1383 762 aditam
1407 727 1480 763 sive
1503 730 1586 772 post
1611 726 1744 762 aditam
1790 727 1997 763 ereditatem
2019 730 2246 765 accesserint.
2283 730 2348 766 sed

1250 776 1286 808 et
1308 776 1434 818 partus
1458 772 1669 808 ancillarum
1694 772 1770 809 sine
1793 773 1902 810 dubio
1934 778 2068 819 augent
2098 774 2345 812 hereditatem.

1250 821 1271 853 4
1319 818 1408 854 Cum
1429 817 1672 870 praediximus
1698 828 1820 854 omnes
1853 819 2091 855 hereditarias
2123 820 2282 857 actiones
2306 821 2345 857 in

1249 863 1456 900 hereditans
1480 863 1688 909 petitionem
1711 864 1849 907 venire,
1883 865 2067 910 quaeritur
2080 892 2089 908 ,
2122 869 2241 901 utrum
2266 877 2346 902 cum

1250 919 1317 945 sua
1351 913 1481 944 natura
1504 908 1648 944 veniant
1671 919 1718 944 an
1743 913 1880 945 contra.
1917 915 1958 946 ut
1979 914 2070 955 puta
2094 914 2149 946 est
2171 911 2346 957 quaedam

1250 954 1364 998 actio,
1396 965 1490 1000 quae
1513 953 1725 990 infitiatione
1749 955 1896 991 crescit:
1929 959 2053 991 utrum
2086 967 2167 992 cum
2200 967 2265 992 suo
2290 957 2344 992 in-

1250 1004 1429 1035 cremento
1451 1010 1499 1035 an
1519 1010 1602 1035 vero
1624 1000 1662 1035 in
1681 1000 1847 1046 simplum
1865 1001 1972 1045 venit,
1997 1005 2040 1037 ut
2057 1001 2144 1082 legis
2156 1002 2346 1047 Aquiliae?

1249 1049 1284 1081 et
1315 1046 1474 1081 Iulianus
1506 1045 1596 1080 libro
1631 1049 1732 1081 sexto
1769 1045 1985 1092 digestorum
2021 1047 2091 1083 scri
2117 1047 2146 1083 it
2180 1048 2346 1094 simplum

1248 1094 1267 1125 5
1316 1091 1528 1127 soluturum.
1577 1090 1676 1126 Idem
1698 1095 1796 1127 recte
1819 1092 1880 1135 ait,
1906 1092 1936 1128 si
1959 1093 2082 1129 noxali
2104 1092 2236 1129 iudicio
2260 1104 2344 1129 con-

1249 1136 1437 1172 demnatus
1462 1136 1508 1172 sit
1531 1146 1718 1181 possessor
1742 1136 1924 1180 defuncto,
1949 1149 2020 1174 non
2045 1149 2154 1184 posse
2179 1149 2259 1174 eum
2283 1138 2344 1174 de-

1248 1182 1389 1218 dentem
1424 1192 1541 1217 noxae
1578 1181 1698 1218 officio
1733 1182 1861 1218 iudicis
1895 1183 2059 1219 liberari:
2096 1184 2181 1229 quia
2204 1184 2343 1219 tamdiu

1247 1228 1326 1273 quis
1345 1227 1456 1263 habet
1475 1237 1593 1263 noxae
1613 1227 1796 1263 dedendae
1816 1228 2038 1272 facultatem,
2065 1229 2234 1275 quamdiu
2252 1229 2344 1265 iudi-

1247 1273 1318 1309 cati
1342 1273 1584 1316 conveniatur,
1609 1277 1693 1318 post
1713 1277 1919 1319 susceptum
1938 1274 2111 1310 iudicium
2130 1286 2203 1311 non
2224 1278 2345 1320 potest

1245 1328 1362 1354 noxae
1386 1318 1548 1354 dedendo
1573 1329 1612 1354 se
1634 1318 1804 1354 liberare:
1839 1320 1998 1365 suscepit
2021 1324 2142 1356 autem
2165 1331 2230 1366 per
2252 1320 2343 1366 peti-

1246 1366 1266 1399 6
1313 1364 1447 1400 tionem
1477 1364 1698 1400 hereditatis.
1747 1364 1894 1401 Praeter
1925 1365 2016 1402 haec
2049 1366 2164 1401 multa
2186 1365 2343 1411 repperi-

1245 1420 1323 1445 mus
1347 1412 1503 1445 tractata
1528 1413 1563 1445 et
1586 1410 1631 1445 de
1654 1409 1826 1455 petitione
1849 1410 2068 1454 hereditatis,
2094 1412 2138 1447 de
2162 1411 2344 1447 distractis

1244 1455 1351 1491 rebus
1373 1455 1608 1498 hereditariis,
1633 1455 1677 1491 de
1702 1455 1783 1491 dolo
1807 1456 2000 1501 praeterito
2027 1460 2063 1493 et
2087 1456 2131 1493 de
2153 1456 2342 1492 fructibus.

1245 1500 1289 1536 de
1312 1501 1441 1545 quibus
1464 1511 1545 1536 cum
1564 1500 1681 1537 forma
1702 1505 1850 1536 senatus
1872 1502 2037 1538 consulto
2061 1502 2108 1538 sit
2129 1502 2225 1545 data,
2250 1501 2342 1547 opti-

1243 1556 1339 1580 mum
1364 1549 1419 1580 est
1438 1546 1554 1598 ipsius
1579 1549 1726 1597 senatus
1752 1547 1907 1600 consulti
1928 1547 2263 1600 interpretationem
2286 1547 2341 1599 fa-

1244 1600 1325 1671 91ῗέ
1334 1590 1603 1671 1Kfi¹i1¹ss¹⁸ssae1¹t¹fis
1615 1592 2032 1672 ztassffassiizzsgxss
2055 1593 2342 1673 ἃῖἔὲἒετξέῗὲὲῑ

1243 1680 1420 1716 ‘Aufidius
1442 1680 1561 1716 Oenus
1574 1682 1588 1703 ⁵
1610 1680 1822 1717 Severianus
1844 1682 2034 1718 consules⁰
2051 1682 2161 1717 verba
2179 1682 2344 1717 fecerunt

1243 1726 1300 1762 ‘de
1333 1726 1410 1768 his,
1472 1737 1540 1762 uae
1573 1726 1770 1771 imperator
1806 1726 1962 1763 Caesar⁷
1999 1727 2148 1763 Traiani
2182 1727 2343 1763 Parthici

1243 1772 1348 1807 ‘filius
1374 1771 1444 1807 divi
1500 1782 1604 1807 ervae
1627 1773 1765 1817 nepos⁸
1786 1772 1994 1808 Hadrianus
2017 1774 2204 1818 Augustus
2228 1772 2339 1818 impe-

1243 1821 1354 1853 ‘rator
1365 1817 1379 1838 ⁹
1398 1817 1646 1862 maximusque
1657 1816 1824 1862 princeps
1836 1818 2025 1863 proposuit
2040 1819 2067 1840 ¹⁰
2088 1818 2212 1864 quinto
2226 1828 2340 1854 nonas

1243 1862 1407 1898 ‘Martias
1443 1873 1535 1915 quae
1570 1863 1754 1915 proximae
1787 1863 1936 1899 fuerunt
1968 1863 2087 1900 libello
2135 1864 2342 1909 complexus

1243 1912 1368 1950 ‘esset,
1402 1908 1488 1953 qu1d
1511 1907 1589 1944 fieri
1612 1908 1775 1953 placeat,
1809 1908 1853 1944 de
1900 1919 1948 1944 ua
1971 1919 2011 1944 re
2034 1909 2086 1944 ita
2109 1913 2339 1945 censuerunt.

1243 1957 1286 2034 (ὢὲ
1335 1953 1448 2033 ‘Cuntn
1473 1957 1667 2034 anttequahm
1690 1957 1812 2006 partes
1834 1964 1877 2035 0111,
1902 1965 1994 2035 urbae
2013 1965 2058 1990 ex
2078 1954 2340 2034 1101118Ῑ11181ίῖ1

1244 2004 2340 2096 ‘hesassgdssgtglnfffldilsxtraxerigffl¹,Szlaggfiee5eggz‘t3agxesxtssffid

1243 2094 1374 2126 ‘rerum
1397 2089 1619 2125 venditarum
1642 2090 1817 2135 pecuniae
1840 2101 1970 2127 usuras
1994 2101 2068 2127 non
2091 2101 2169 2127 esse
2193 2091 2249 2127 exi
2274 2101 2335 2126 en-

1243 2139 1285 2172 61>
1333 2135 1410 2171 ‘das
1429 2134 1595 2188 idemque
1609 2135 1647 2170 in
1659 2135 1832 2172 similibus
1846 2136 1966 2172 causis
1979 2136 2203 2172 servandum.
2269 2140 2340 2172 tem

1243 2181 1416 2226 ‘placere,
1443 2191 1465 2216 a
1489 2181 1618 2226 quibus
1642 2180 1821 2217 hereditas
1844 2182 1958 2227 petita
1979 2181 2126 2225 fuisset,
2159 2181 2190 2218 si
2214 2181 2338 2217 adver-

1242 2230 1315 2262 ‘sus
1340 2237 1401 2262 eos
1425 2226 1621 2262 iudicatum
1646 2231 1756 2269 esset,
1781 2227 1915 2272 pretia,
1950 2238 2042 2280 quae
2066 2227 2113 2263 ad
2137 2238 2198 2263 008
2221 2237 2340 2263 rerum

1243 2275 1299 2307 ‘ex
1333 2271 1533 2307 hereditate
1569 2271 1792 2308 venditarum
1826 2276 2089 2318 pervemssent,
2134 2272 2200 2308 etsi
2236 2282 2299 2308 eae
2312 2273 2340 2294 ¹²

1243 2320 1338 2353 ‘ante
1349 2317 1499 2363 petitam
1510 2317 1743 2353 hereditatem
1756 2318 1977 2363 deperissent
1991 2318 2235 2354 deminutaeve
2246 2317 2336 2354 fuis-

1243 2366 1282 2398 60
1329 2366 1439 2406 ‘sent,
1474 2363 1662 2398 restituere
1693 2363 1834 2399 debere.
1882 2364 1972 2399 Item
1996 2374 2056 2400 eos
2082 2364 2143 2408 qui
2165 2364 2261 2399 bona
2283 2363 2337 2398 in-

1243 2408 1440 2451 ‘vasissent,
1467 2419 1548 2444 cum
1563 2408 1590 2429 ¹³
1613 2408 1747 2444 scirent
1766 2408 1813 2444 ad
1833 2419 1872 2444 se
1892 2420 1966 2445 non
1985 2409 2175 2455 pertinere,
2201 2408 2339 2444 etiamsi

1242 2457 1337 2489 ‘ante
1359 2454 1459 2489 litem
1484 2456 1721 2489 contestatam
1744 2453 1916 2497 fecerint,
1941 2466 2011 2499 quo
2036 2454 2152 2490 minus
2177 2453 2337 2499 posside-

1241 2502 1343 2579 :rffltt’
1367 2499 1515 2552 perinde
1538 2499 1860 2580 ctondemnandgsb
1873 2500 1975 2552 quasi
1984 2498 2237 2580 ᾗ1108813οἑξίἒ101111ι
2276 2509 2337 2579 effi

1242 2554 1798 2634 ‘233ffl2133;.¹23d2511333533.‚
1815 2555 2010 2625 aussuZZfflsss
2059 2555 2336 2642 Rmtaxss'fflffquo

1242 2638 1288 2671 6d
1333 2635 1597 2680 ‘locupletiores
1642 2645 1687 2670 ex
1722 2645 1764 2670 ea
1799 2645 1838 2670 re
1890 2635 1961 2670 acti
1996 2638 2125 2671 essent.
2182 2635 2337 2670 Petitam

1242 2684 1373 2716 ‘autem
1394 2680 1482 2716 fisco
1502 2680 1735 2716 hereditatem
1755 2690 1800 2715 ex
1819 2690 1860 2715 eo
1881 2684 2041 2726 tempore
2063 2680 2336 2716 existimandum

1242 2729 1351 2768 ‘esse,
1387 2736 1456 2770 quo
1480 2726 1634 2777 primum
1657 2725 1778 2760 scierit
1801 2724 1950 2770 quisque
1974 2736 2053 2761 eam
2075 2736 2098 2761 a
2121 2735 2161 2762 se
2184 2726 2274 2771 peti,
2299 2726 2336 2762 id

1242 2774 1308 2807 ‘est
1331 2782 1412 2806 cum
1435 2781 1588 2815 primum
1613 2773 1676 2806 aut
1697 2770 1944 2806 denuntiatum
1962 2774 2057 2807 esset
2075 2771 2108 2807 ei
2125 2775 2189 2807 aut
2208 2771 2334 2807 litteris

1241 2816 1309 2852 ‘vel
1333 2815 1451 2851 edicto
1477 2819 1645 2851 evocatus
1670 2819 1774 2851 esset.
1813 2817 2052 2852 censuerunt’.
2090 2816 2249 2862 aptanda
2281 2820 2337 2852 est

1240 2861 1347 2906 igitur
1366 2860 1469 2896 nobis
1489 2861 1636 2906 singulis
1656 2861 1772 2896 verbis
1790 2865 1937 2898 senatus
1960 2862 2115 2898 consulti
2136 2872 2334 2907 congruens

1242 2906 1566 2987 Ῡοαέἓὲῗέἓέῗέο·
1583 2906 2186 2989 θῇῗέξὲἒωῗῲέὶᾝὲἔέἒᾞ
2209 2910 2334 2988 1)ῗᾶιῖἓὲ

1242 2997 1400 3032 caducae
1422 2996 1510 3032 fisco
1534 2962 1759 3041 pgterentur:
1791 2997 1854 3033 sed
1878 3001 1914 3033 et
1937 2998 1967 3034 si
1991 3009 2035 3034 ex
2058 2980 2139 3034 as’se
2161 2964 2244 3041 fiad),
2277 3008 2333 3033 se·

1241 3046 1348 3077 natus
1374 3041 1576 3077 consultum
1597 3042 1717 3077 locum
1739 3042 1904 3078 habebit:
1929 3043 2032 3087 idem,
2059 3047 2095 3079 et
2117 3043 2148 3079 si
2167 3043 2334 3079 vacantia

1242 3088 1336 3122 bona
1355 3086 1443 3122 fisco
1457 3086 1681 3122 vindicentur
1699 3087 1755 3123 vel
1774 3088 1805 3124 si
1825 3098 1868 3124 ex
1888 3088 1960 3124 alia
1979 3099 2134 3134 quacum
2159 3099 2204 3124 ue
2222 3098 2333 3124 causa

1244 3136 1264 3168 8
1311 3133 1406 3168 bona
1430 3132 1478 3167 ad
1500 3141 1582 3166 eum
1604 3135 1852 3176 pervenerunt,
1877 3136 2023 3168 senatus
2042 3142 2128 3167 cons
2169 3135 2245 3167 tum
2263 3132 2332 3167 hoc

1243 3181 1264 3213 9
1310 3178 1430 3213 10011111
1460 3176 1625 3212 habebit:
1662 3180 1699 3212 et
1730 3176 1760 3212 si
1797 3177 1932 3213 civitati
1955 3180 2147 3223 peteretur.
2194 3177 2236 3212 In
2259 3177 2331 3222 pri-

1241 3226 1404 3258 vatorum
1417 3231 1557 3267 quoque
1576 3221 1806 3267 petitionibus
1827 3226 1972 3258 senatus
1994 3222 2194 3258 consultum
2212 3222 2331 3257 locum

1241 3268 1375 3303 habere
1398 3277 1500 3302 nemo
1527 3270 1582 3302 est
1628 3267 1665 3303 ui
1688 3267 1852 3313 ambigit,
1884 3268 1968 3303 licet
1990 3268 2028 3303 in
2050 3267 2196 3313 publica
2220 3276 2330 3317 causa

1244 3316 1285 3348 10
1331 3312 1468 3348 factum
1491 3311 1548 3347 sit.
1631 3323 1679 3348 on
1702 3313 1817 3348 solum
1840 3316 1961 3349 autem
1982 3313 2021 3348 in
2042 3312 2241 3348 hereditate
2260 3314 2328 3345 uti-

1241 3369 1321 3393 mur
1344 3361 1490 3392 senatus
1515 3358 1691 3401 consulto,
1716 3357 1780 3393 sed
1804 3361 1840 3393 et
1862 3358 1900 3393 in
1922 3357 2061 3404 peculio
2083 3356 2255 3393 castrensi
2274 3355 2329 3390 vel

1244 3406 1282 3437 11
1333 3402 1403 3437 8118
1436 3402 1677 3439 universitate.
1725 3403 1898 3439 ‘Petitam
1931 3406 2051 3439 autem
2085 3399 2327 3451 hereditatemj

1242 3451 1278 3482 et
1301 3450 1438 3482 cetera:
1463 3446 1500 3482 id
1523 3450 1578 3483 est
1600 3458 1645 3483 ex
1667 3458 1738 3493 quo
1762 3448 1841 3528 ((11118
1862 3448 1931 3484 8011,
1950 3458 1972 3483 8
1991 3458 2030 3484 80
2048 3447 2139 3493 peti:
2164 3456 2247 3480 nam
2266 3444 2328 3479 ubi

1242 3492 1327 3534 scit,
1351 3491 1478 3537 incipit
1500 3502 1579 3528 esse
1600 3493 1716 3528 malae
1739 3493 1764 3528 fi
1791 3493 1823 3528 ei
1846 3503 2042 3538 possessor.
2081 3491 2128 3526 ‘id
2160 3493 2226 3541 est.
2248 3499 2329 3540 cum

1242 3537 1406 3582 ‘primum
1436 3540 1500 3572 aut
1530 3536 1777 3574 denuntiatum
1810 3539 1933 3574 esset':
1967 3536 2052 3583 quid
2083 3545 2165 3580 ergo
2197 3545 2229 3570 si
2258 3536 2329 3569 8011

1242 3650 1286 3691 (8)
1312 3649 1477 3683 Traianus
1491 3651 1551 3685 inc.
1609 3652 1655 3692 (9)
1675 3651 1871 3693 imperator]
1884 3649 2031 3693 optimus
2043 3660 2105 3682 scr.
2145 3639 2147 3641 ¹
2164 3647 2224 3687 (10)
2247 3656 2324 3688 pro-

1240 3694 1367 3736 posuit]
1380 3697 1476 3737 pater
1486 3695 1619 3738 patriae
1631 3696 1786 3730 Pithoeus
1953 3694 2008 3736 (11)
2033 3692 2261 3726 distraxerunt
2271 3689 2327 3724 1³²

1242 3740 1300 3782 (12)
1325 3749 1364 3772 ea
1374 3739 1411 3773 F
1496 3741 1553 3783 (13)
1578 3742 1666 3782 011111]
1681 3750 1766 3783 quae
1776 3752 1839 3774 scr.

1991 3792 2054 3826 11*
