2528 3918
157 94 260 138 XXI
292 98 317 137 2

159 221 172 253 t
224 217 261 253 Si
285 228 350 263 pro
375 217 546 253 evictione
569 216 672 252 fundi
696 227 800 263 quem
825 218 910 254 emit
932 219 1058 254 mulier
1076 219 1164 255 satis
1183 229 1244 255 ac-

156 263 308 315 cepisset
332 266 368 298 et
391 262 540 297 eundem
562 261 714 297 fundum
732 263 770 298 in
789 263 907 299 dotem
928 263 1093 307 dedisset,
1119 264 1246 300 deinde

155 308 201 343 ali
228 309 282 343 uis
307 318 385 342 eum
411 317 434 342 a
457 308 584 342 marito
608 317 673 353 per
695 308 864 344 iudicium
884 309 1102 352 abstulisset,
1126 312 1246 356 potest

155 364 189 388 m
231 353 281 388 'er
312 353 432 387 statim
463 362 568 397 agere
599 352 770 389 adversus
803 353 1032 390 fideiussores
1057 354 1244 400 emptionis

155 398 313 439 nomine,
346 398 448 443 quasi
473 398 644 433 minorem
668 397 786 434 dotem
810 399 964 434 habere¹
991 399 1169 445 coepisset
1190 399 1245 435 vel

154 443 260 523 ἓιίιιᾶῐι
284 443 436 483 nullam,
462 443 493 478 si
516 446 656 478 tantum
679 444 854 479 maritus²
878 444 1085 489 optulisset,
1118 445 1245 490 quanti

172 499 217 523 un
246 499 286 523 us
313 492 417 524 esset.

201 531 252 570 23
281 533 474 569 ULMAlws
493 533 584 569 libro
603 534 769 570 vicesimo
789 545 885 569 nono
904 534 954 569 ad
963 533 1138 570 Sabinum
1173 533 1245 570 Sed

154 582 190 613 et
213 579 243 613 si
268 583 352 623 post
375 583 524 614 mortem
548 579 705 614 mulieris
730 580 930 620 evincatur,
964 589 1145 625 regressus
1177 580 1246 615 erit

153 623 200 658 ad
226 623 356 668 duplae
379 625 425 659 sti
453 624 665 667 ulationem,
698 625 782 670 quia
814 634 857 659 ex
880 625 1115 669 promissione
1137 625 1244 660 mari-

153 673 212 703 tus
236 669 408 705 adversus
458 669 581 705 eredes
604 669 761 704 mulieris
786 680 891 714 agere
914 673 1034 715 potest
1058 674 1094 705 et
1111 670 1180 715 ipsi
1201 680 1245 705 ex

155 714 201 749 sti
228 714 330 749 ulatu
351 724 458 760 agere
480 719 644 760 possunt.

199 724 252 796 {4
277 760 505 795 AFRICANUS
526 760 617 796 libro
641 763 747 795 sexto
772 760 1022 804 quaestionum
1070 759 1154 795 Non
1188 763 1244 794 ta-

153 815 234 839 men
260 805 293 840 ei
317 815 540 850 consequens
566 815 660 846 esse,
693 809 734 839 ut
759 809 812 846 et,
838 805 868 839 si
891 804 961 850 ipsi
985 805 1128 840 domino
1153 815 1245 850 nup-

152 854 235 885 tura
258 850 296 884 in
329 850 447 886 dotem
480 861 559 885 eum
592 850 745 891 dederit,
779 849 949 884 committi
980 850 1245 895 stipulationem

152 894 332 938 dicamus,
365 895 524 940 quamvis
558 905 671 940 aeque
703 894 867 929 indotata
891 895 1016 930 mulier
1038 895 1163 930 futura
1186 895 1244 937 sit,

152 940 321 993 quoniam
354 940 513 986 quidem,
547 940 683 976 etiamsi
714 950 836 975 verum
870 940 916 975 sit
944 941 1078 975 habere
1109 940 1141 975 ei
1172 951 1245 975 non

151 986 258 1021 licere
282 996 432 1027 servum,
457 985 543 1021 illud
567 990 685 1020 tamen
709 995 831 1020 verum
854 996 925 1021 non
945 985 992 1020 sit
1011 985 1142 1020 iudicio
1164 995 1245 1020 eum

153 1031 304 1066 evictum
340 1041 429 1066 esse.
479 1041 521 1066 ex
558 1035 675 1075 empto
711 1034 831 1065 tamen
867 1034 993 1066 contra
1026 1031 1245 1066 venditorem

152 1076 278 1111 mulier
301 1077 411 1111 habet
434 1076 623 1112 actionem.

198 1118 251 1158 25
283 1120 478 1157 Urmazws
498 1122 589 1156 libro
614 1121 778 1157 vicesimo
802 1132 898 1156 nono
923 1121 973 1156 ad
993 1119 1167 1156 Sabinum
1205 1120 1242 1155 Si

150 1176 309 1209 servum,
343 1167 444 1202 cuius
469 1166 612 1202 nomine
636 1166 779 1218 duplam
803 1166 994 1211 stipulatus
1018 1165 1086 1207 sis,
1118 1176 1244 1200 manu-

151 1211 308 1254 miseris,
339 1212 426 1247 nihil
457 1222 501 1247 ex
532 1211 761 1256 stipulatione
793 1211 962 1256 consequi
994 1211 1129 1256 possis,
1161 1211 1246 1263 quia

151 1267 222 1292 non
240 1257 422 1299 evincitur,
439 1267 508 1302 quo
530 1257 646 1291 minus
665 1256 799 1291 habere
817 1256 884 1291 tibi
902 1256 1019 1298 liceat,
1044 1267 1150 1301 quem
1168 1266 1246 1301 ipse

152 1305 235 1337 ante
259 1302 441 1337 voluntate
464 1306 528 1337 tua
551 1301 759 1347 perdideris.

197 1344 250 1384 26
276 1346 435 1382 PAULvs
450 1347 541 1383 libro
562 1348 688 1392 quinto
708 1348 759 1382 ad
777 1345 951 1382 Sabinum
999 1346 1071 1382 Sed
1088 1347 1159 1382 hoc
1179 1357 1244 1383 no-

151 1392 262 1434 mine,
296 1392 391 1437 quod
421 1392 589 1427 libertum
620 1392 698 1444 quis
734 1402 807 1427 non
837 1392 989 1435 habeat,
1026 1403 1070 1428 ex
1101 1391 1244 1427 vendito

150 1437 327 1472 actionem
359 1437 486 1479 habet,
519 1437 550 1473 si
581 1437 703 1472 scierit
733 1437 896 1473 venditor
919 1437 1073 1472 alienum
1097 1446 1137 1472 se
1159 1447 1243 1472 ven·

151 1482 245 1518 dere.
283 1483 346 1518 sed
367 1484 427 1517 et³
452 1482 481 1518 si
502 1493 546 1517 ex
568 1493 679 1517 causa
699 1482 960 1518 fideicommissi
981 1487 1120 1535 emptor
1138 1493 1243 1518 coac-

150 1531 221 1607 {¹¹⁵2
240 1527 350 1563 fuerit
374 1538 453 1563 eum
476 1528 737 1570 manumittere,
762 1538 806 1563 ex
831 1531 949 1574 empto
973 1532 1155 1563 actionem
1178 1527 1243 1563 ha-

179 1583 198 1608 e
224 1573 262 1608 it.

196 1615 248 1655 27
274 1617 505 1654 POMPONIUS
535 1618 626 1654 libro
650 1619 839 1654 undecimo
871 1618 922 1653 ad
943 1617 1118 1654 Sabinum
1164 1618 1244 1653 Hoc

149 1663 226 1700 iure
248 1663 402 1706 utimur,
427 1667 468 1698 ut
492 1664 718 1709 exceptiones
742 1674 786 1699 ex
809 1673 963 1708 persona
986 1663 1154 1708 emptoris
1179 1663 1243 1699 ob-

148 1709 262 1744 iectae
286 1709 316 1744 si
340 1709 504 1751 obstant,
534 1708 698 1744 venditor
730 1708 761 1744 ei
785 1719 858 1744 non
881 1712 1066 1751 teneatur,
1098 1708 1129 1744 si
1159 1719 1242 1743 vero

149 1754 195 1789 ad
220 1764 409 1800 personam
432 1754 625 1790 venditoris
649 1754 851 1799 respicient,
877 1758 1022 1789 contra:
1049 1757 1147 1789 certe
1170 1764 1239 1789 nec

150 1809 194 1834 ex
226 1804 346 1845 empto
383 1809 449 1835 nec
486 1809 529 1834 ex
564 1799 796 1844 stipulatione
831 1799 961 1845 duplae
995 1809 1061 1835 nec
1096 1799 1244 1844 simplae

149 1844 244 1880 actio
267 1845 439 1897 competit
462 1844 624 1897 emptori,
650 1845 680 1879 si
705 1845 867 1890 exceptio
893 1845 925 1880 ei
949 1855 993 1880 ex
1012 1844 1110 1879 facto
1130 1844 1242 1890 ipsius

150 1890 588 1972 opggmlzgpjltvlttsgnltzibro
613 1935 830 1981 octoqesimo
849 1934 901 1970 ad
918 1934 1072 1970 edictum
1120 1934 1191 1970 Sed
1213 1934 1243 1970 si

149 1990 194 2016 ex
224 1980 412 2025 utriusque
443 1990 597 2025 persona
622 1984 657 2015 et
680 1980 838 2015 auctoris
863 1983 897 2015 et
922 1980 1090 2024 emptoris
1114 1990 1243 2025 excep-

147 2026 264 2061 tiones
289 2025 509 2067 obicientur,
540 2025 720 2068 intererit,
753 2028 900 2071 propter
931 2035 1038 2070 quam
1063 2025 1242 2070 exceptio-

147 2081 229 2106 nem
252 2070 361 2106 iudex
384 2074 510 2106 contra
531 2070 760 2112 iudicaverit,
784 2074 821 2106 et
844 2070 895 2105 sic
919 2073 982 2106 aut
1005 2070 1245 2106 committetur

150 2116 237 2152 aut⁴
261 2125 335 2151 non
360 2115 602 2151 committetur
625 2115 821 2161 stipulatio.

197 2158 251 2198 29
289 2159 516 2196 Poupomos
549 2160 642 2196 libro
677 2161 866 2196 undecimo
902 2159 952 2195 ad
982 2159 1157 2196 Sabinum
1205 2160 1243 2196 Si

148 2216 242 2248 rem,
276 2216 383 2252 quam
406 2205 491 2240 mihi
515 2205 668 2241 alienam
690 2205 918 2247 vendideras,
951 2215 973 2240 a
997 2205 1138 2240 domino
1162 2205 1242 2241 red-

149 2251 312 2294 emerim,
343 2250 474 2286 falsum
506 2261 585 2286 esse
609 2250 704 2296 quod
727 2250 847 2286 Nerva
869 2250 1114 2296 respondisset
1136 2261 1243 2296 posse

148 2300 185 2332 te
208 2307 231 2332 a
253 2297 334 2332 me⁵
382 2296 510 2331 retium
531 2296 701 2341 consequi
722 2306 764 2331 ex
786 2295 928 2331 vendito
946 2306 968 2330 a
993 2299 1119 2338 entem,
1140 2296 1243 2341 quasi

147 2342 281 2378 habere
301 2307 386 2376 milti’i
406 2352 479 2377 rem
499 2341 634 2383 liceret,
660 2340 784 2376 Celsus
804 2341 898 2376 filius
919 2306 1049 2382 aieffiau
1073 2340 1157 2386 quia
1176 2351 1242 2376 nec

152 2384 266 2423 bonae
296 2386 380 2421 fidei
405 2386 610 2422 conveniret
633 2390 669 2421 et
692 2397 711 2421 e
735 2397 755 2421 o
781 2396 825 2422 ex
849 2386 920 2421 alia
943 2396 1055 2421 causa
1078 2396 1153 2421 rem
1177 2386 1240 2421 ha-

153 2438 164 2466 i
216 2433 349 2468 berem.
399 2431 436 2466 Si
461 2431 591 2476 duplae
614 2431 710 2476 stipu
725 2435 806 2467 ator
838 2442 881 2467 ex
912 2441 1120 2477 possessore
1149 2432 1240 2477 peti·

148 2481 206 2512 tor
228 2476 348 2513 factus
373 2481 409 2512 et
431 2477 545 2512 victus
570 2477 627 2518 sit,
652 2487 759 2522 quam
782 2487 858 2512 rem
881 2476 912 2512 si
935 2476 1134 2522 possideret
1158 2477 1240 2511 reti-

149 2533 234 2558 nere
264 2522 441 2568 potuerit,
473 2522 548 2568 peti
578 2522 655 2557 ita⁶
678 2526 798 2557 autem
821 2522 956 2557 utiliter
979 2532 1052 2556 non
1075 2521 1207 2566 poterit
1215 2523 1241 2564 ⁷,

148 2568 203 2603 vel
233 2567 311 2612 ipso
346 2567 424 2603 iure
451 2567 648 2612 promissor
680 2566 811 2612 duplae
842 2570 944 2602 tutus
976 2566 1042 2602 erit
1064 2567 1120 2602 vel
1145 2570 1242 2602 certe

149 2612 222 2648 doli
244 2613 328 2647 mali
352 2612 562 2657 exceptione
584 2622 623 2648 se
642 2612 734 2647 tueri
750 2613 894 2658 poterit,
918 2611 982 2648 sed
998 2611 1061 2653 ita,
1086 2612 1117 2647 si
1134 2612 1242 2664 culpa

148 2658 203 2693 vel
227 2662 355 2702 sponte
378 2657 511 2702 duplae
527 2658 748 2703 stipulatoris
767 2657 946 2703 possessio
969 2657 1101 2692 amissa
1119 2656 1239 2693 fuerit.

150 2706 169 2737 2
218 2702 383 2746 Quolibet
405 2706 565 2747 tempore
588 2702 763 2738 venditori
786 2702 1008 2738 renuntiari⁸
1030 2706 1168 2748 potest,
1201 2706 1242 2737 ut

150 2747 194 2782 de
218 2758 261 2782 ea
284 2758 323 2783 re
347 2747 484 2792 agenda
508 2748 620 2791 adsit,
653 2748 736 2793 quia
767 2758 840 2784 non
871 2747 1082 2794 praefinitur
1106 2752 1242 2783 certum

149 2797 220 2827 tem
248 2793 339 2827 usin
359 2803 403 2827 ea
423 2793 664 2838 stipulatione,
690 2793 774 2828 dum
793 2797 913 2828 tamen
931 2803 977 2828 ne
995 2803 1109 2838 prope
1127 2793 1241 2839 ipsam

150 2848 219 2873 con
247 2837 483 2872 emnationem
506 2837 541 2872 id
565 2838 639 2873 fiat.

196 2879 249 2920 30
274 2881 382 2917 loru
401 2883 492 2917 libro
517 2894 612 2918 nono
636 2883 773 2919 decimo
797 2882 848 2918 ad
865 2881 1040 2918 Sabinum
1087 2881 1126 2918 Si
1145 2893 1241 2928 emp-

149 2928 238 2969 tori,
270 2927 330 2972 qui
360 2927 550 2972 stipulatus
574 2928 621 2963 sit
645 2928 749 2964 furtis
773 2926 947 2973 noxisque
971 2928 1126 2963 solutum
1151 2938 1240 2970 esse,

148 2972 252 3008 heres
276 2972 452 3007 exstiterit
474 2972 524 3014 is,
556 2973 615 3008 cui
638 2983 761 3009 servus
783 2973 919 3008 furtum
942 2972 1087 3015 fecerit,
1118 2973 1244 3019 incipit

149 3018 180 3054 is
205 3027 249 3053 ex
280 3017 454 3062 stipulatu
487 3018 664 3054 actionem
694 3018 847 3061 habere,
884 3018 1181 3064 quemadmodum
1213 3018 1242 3054 si

151 3062 226 3109 ipse
250 3062 310 3098 alii
333 3062 582 3108 praestitisset.

195 3105 247 3146 31
281 3106 476 3143 ULPIAMJS
503 3107 594 3143 libro
619 3108 898 3155 quadraqesimo
921 3108 1079 3144 secundo
1102 3108 1153 3144 ad
1173 3107 1241 3144 Sa-

150 3153 271 3189 binum
318 3151 356 3187 Si
385 3151 438 3187 ita
469 3152 548 3197 quis
572 3153 618 3187 sti
645 3153 757 3188 ulanti
782 3153 957 3199 spondeat
981 3157 1119 3188 ‘sanum
1151 3163 1240 3195 esse,

150 3197 278 3233 ‘furem
301 3207 374 3233 non
398 3206 488 3239 esse,
512 3197 610 3242 vispe
637 3199 752 3234 ionem
772 3210 843 3234 non
863 3199 952 3234 esse’
977 3203 1012 3234 et
1032 3203 1162 3241 cetera,
1186 3198 1240 3233 in·

151 3243 247 3279 utilis
271 3240 455 3288 stipulatio
480 3242 692 3295 quibusdam
716 3243 874 3286 videtur,
908 3244 993 3290 quia
1022 3243 1054 3279 si
1083 3243 1162 3289 quis
1187 3246 1242 3278 est

150 3288 187 3323 in
219 3289 290 3323 hac
321 3297 450 3328 causa,
481 3287 698 3332 impossibile
731 3293 785 3323 est
816 3288 913 3334 quod
935 3288 1175 3341 promittitur,
1211 3288 1242 3323 si

150 3343 223 3368 non
248 3335 313 3375 est,
336 3331 473 3368 frustra
496 3336 562 3368 est.
598 3332 661 3367 sed
687 3342 749 3377 ego
774 3338 861 3377 puto
881 3343 997 3369 verius
1017 3333 1111 3369 hanc
1129 3333 1240 3378 stipu-

148 3378 319 3414 lationem
343 3376 468 3413 ‘furem
492 3387 565 3413 non
589 3387 685 3419 esse,
709 3377 948 3422 vispellionem
972 3388 1045 3414 non
1069 3387 1158 3421 esse,
1182 3387 1240 3413 sa-

150 3427 247 3459 ‘num
271 3423 360 3459 esse’
384 3422 506 3458 utilem
530 3431 627 3458 esse:
652 3422 721 3457 hoc
742 3422 833 3457 enim
854 3423 1047 3465 continere,
1071 3422 1168 3469 quod
1186 3422 1240 3457 in-

149 3472 262 3504 terest
296 3468 424 3504 horum
456 3466 541 3513 quid
572 3476 650 3502 esse
681 3466 734 3501 vel
766 3466 893 3502 horum
924 3467 1010 3513 quid
1046 3478 1118 3503 non
1150 3477 1239 3504 esse.

150 3513 215 3549 sed
233 3517 270 3549 et
285 3513 315 3549 si
336 3513 392 3548 cui
412 3512 539 3548 horum
558 3510 667 3548 fuerit
690 3511 868 3547 adiectum
893 3513 1104 3557 ‘praestat-P,
1129 3512 1240 3548 multo

151 3628 192 3668 (i)
216 3625 355 3659 liaberet
367 3627 400 3660 F

151 3674 194 3709 (5)
220 3675 253 3704 to
266 3671 400 3704 ametF

151 3718 196 3755 (a)
221 3716 416 3749 denuntiari
437 3717 510 3750 edd.

488 3627 532 3667 (2)
557 3625 680 3658 marito
690 3636 752 3658 scr·
836 3626 879 3666 (a)
904 3628 938 3657 et
950 3626 1011 3658 del.

555 3672 599 3710 (o)
624 3670 733 3713 petita
749 3669 780 3702 F·
934 3671 977 3711 (Ἰ)
1003 3671 1153 3712 potuerit
1165 3671 1237 3704 edd.

695 3717 740 3756 (ο)
765 3715 813 3748 ad
834 3719 850 3754 ς
873 3716 946 3758 ies.
967 3715 1012 3748 D.
1034 3716 1128 3756 2ι,ι,
1148 3722 1238 3756 ame

1238 93 1320 142 28⁰

1094 3627 1138 3667 (4)
1162 3629 1201 3658 ut
1212 3625 1247 3659 F

1994 113 2054 144 DE
2083 113 2405 149 Evic'rlomnus

1313 220 1425 265 magis
1448 220 1566 256 valere
1588 221 1872 267 stipuiationem:
1904 222 2063 268 alioquin
2095 223 2278 269 stipulatio
2313 234 2405 278 quae

1314 265 1360 300 ab
1395 265 1571 301 aedilibus
1604 266 1817 312 proponitur
1849 267 1985 303 inutilis
2019 267 2104 311 erit,
2146 268 2244 315 quod
2282 274 2406 316 utique

1314 320 1416 345 nemo
1441 320 1552 346 sanus
1600 311 1754 347 robabit.
2408 331 2420 339 x

1359 352 1415 392 32
1437 354 1546 391 locu
1585 356 1662 392 ibro
1695 356 1838 403 quadra
1864 357 1973 393 asinio
2004 362 2110 393 sexto
2134 358 2184 394 ad
2206 357 2406 395 Sabinum·

1314 400 1406 445 Quia
1439 400 1587 444 dicitur,
1623 401 1786 447 quotiens
1820 413 1844 446 p
1859 412 1941 437 ures
1976 412 2034 438 res
2067 402 2104 438 in
2139 404 2405 450 stipulationem

1314 445 1551 489 deducuntur,
1600 446 1696 482 lures
1717 457 1795 483 esse
1814 447 2075 492 stipulationes,
2099 458 2147 483 an
2165 453 2202 485 et
2218 449 2255 484 iii
2274 449 2405 502 duplae

1314 490 1544 536 stipulatione
1593 501 1638 527 oc
1660 491 1754 527 idem
1778 492 1834 534 sit,
1859 492 2050 528 videamus.
2087 503 2168 528 cum
2191 494 2269 539 quis
2290 499 2403 540 stipu-

1313 535 1409 570 latur
1440 535 1636 581 ‘fugitivum
1666 547 1739 572 non
1770 547 1866 579 esse,
1912 547 2072 573 erronem
2086 539 2114 559 ¹⁰
2144 549 2216 574 non
2248 539 2336 575 esse'
2369 544 2408 575 et

1314 584 1433 616 cetera
1464 591 1557 626 quae
1589 591 1633 616 ex
1656 581 1771 617 edicto
1797 582 1963 617 aedilium
1988 583 2163 618 curulium
2186 584 2401 629 promittun-

1313 629 1390 668 tur,
1426 630 1547 661 utrum
1580 636 1654 662 una
1687 627 1869 672 stipulatio
1902 632 1956 663 est
1986 637 2032 662 an
2063 628 2211 673 plures?
2246 634 2282 664 et
2311 629 2406 665 ratio

1316 673 1329 705 1
1380 670 1480 714 facit,
1504 675 1546 706 ut
1562 671 1684 717 plures
1704 672 1786 707 sint.
1833 672 1931 717 Ergo
1952 676 1988 708 et
2005 673 2093 708 illud
2112 673 2285 718 procedit,
2309 674 2406 719 quod

1313 715 1472 752 Iulianus
1495 716 1587 752 libro
1611 716 1734 762 quinto
1759 716 1895 753 decimo
1918 717 2133 762 digestorum
2152 719 2287 754 scribit.
2322 720 2403 765 egit,

1313 761 1445 813 inquit,
1480 761 1603 806 quanti
1626 761 1770 797 minoris
1828 766 1950 807 ropter
1980 762 2101 807 fugam
2133 763 2245 806 servi,
2277 763 2407 800 deinde

1314 810 1387 851 agit
1409 811 1556 851 propter
1578 807 1758 842 morbum:
1782 773 1826 842 id)
1842 807 2018 852 agendum
2043 812 2108 850 est,
2131 808 2257 854 inquit,
2281 819 2327 845 ne
2349 809 2403 845 lu·

1315 861 1416 886 crum
1449 851 1561 887 faciat
1593 856 1731 898 emptor
1762 856 1799 887 et
1829 852 1883 887 bis
1909 852 2066 888 eiusdem
2089 853 2164 887 vitii
2187 854 2404 890 aestimatio·

1313 907 1394 931 nem
1419 901 1669 942 consequatur.
1705 896 1879 941 fingamus
1904 902 2060 942 emptum
2085 897 2225 941 decem,
2257 900 2406 935 minoris

1315 945 1435 976 autem
1459 947 1657 987 empturum
1680 941 1793 978 fuisse
1817 942 1975 984 duobus,
2001 942 2032 977 si
2054 947 2194 978 tantum
2217 943 2256 979 fu
2283 944 2404 979 'tivum

1314 997 1393 1022 esse
1413 986 1541 1022 scisset
1560 991 1714 1032 emptor:
1739 987 1829 1022 haec
1850 991 2083 1022 consecutum
2102 993 2249 1034 propter
2304 999 2404 1034 gam:

1313 1042 1397 1067 mox
1417 1032 1642 1077 comperisse,
1663 1032 1759 1077 quod
1778 1043 1851 1067 non
1870 1036 1966 1068 esset
1985 1043 2113 1068 sanus:
2138 1033 2298 1070 similiter
2316 1034 2403 1070 duo-

1313 1077 1381 1112 bus
1404 1077 1550 1112 minoris
1574 1081 1773 1122 empturum
1797 1077 1920 1119 fuisse,
1945 1077 1975 1113 si
1999 1077 2044 1113 de
2066 1079 2189 1114 morbo
2211 1090 2282 1115 non
2301 1079 2401 1132 igno-

1313 1126 1447 1157 rasset:
1479 1133 1604 1158 rursus
1637 1122 1807 1167 consequi
1831 1122 1974 1158 debebit
1997 1122 2088 1158 duo:
2119 1134 2201 1159 nam
2232 1128 2268 1159 et
2297 1135 2328 1160 si
2360 1124 2407 1160 de

1314 1171 1468 1213 utroque
1490 1167 1595 1203 simul
1626 1168 1771 1213 egisset,
1805 1172 1975 1212 quattuor
2007 1172 2102 1204 esset
2132 1173 2404 1212 consecuturus,

1313 1212 1398 1258 quia
1429 1223 1509 1248 eum
1539 1212 1651 1255 forte,
1683 1213 1743 1258 qui
1768 1223 1883 1258 neque
1907 1223 2016 1248 sanus
2040 1217 2077 1248 et
2099 1213 2139 1249 fu
2164 1214 2269 1250 'tivus
2293 1219 2401 1258 esset,

1313 1267 1377 1293 sex
1399 1261 1539 1293 tantum
1564 1262 1658 1293 esset
1681 1261 1875 1303 empturus.
1913 1258 2107 1293 secundum
2164 1269 2229 1294 aec
2261 1259 2404 1312 saepius

1314 1312 1358 1338 ex
1389 1303 1564 1348 stipulatu
1594 1303 1650 1348 agi
1681 1303 1830 1348 poterit:
1864 1314 1980 1348 neque
2010 1303 2102 1339 enim
2126 1314 2170 1339 ex
2193 1314 2267 1339 una
2289 1308 2404 1350 stipu-

1312 1347 1457 1390 latione,
1482 1348 1544 1384 sed
1569 1358 1613 1383 ex
1636 1348 1796 1393 pluribus
1821 1349 1950 1393 agitur.

1359 1390 1412 1431 33
1445 1393 1553 1429 IDEM
1578 1393 1670 1429 libro
1695 1394 1994 1440 quinquaqesimo
2009 1394 2135 1446 primo
2159 1394 2210 1429 ad
2230 1392 2404 1430 Sabinum

1313 1437 1351 1474 Si
1374 1448 1514 1474 servum
1539 1447 1655 1474 emero
1681 1442 1717 1473 et
1740 1438 1891 1473 eundem
1914 1438 2124 1481 vendidero,
2156 1439 2283 1474 deinde
2307 1449 2404 1484 emp-

1312 1483 1381 1519 tori
1415 1484 1461 1519 ob
1492 1485 1563 1519 hoc
1592 1483 1695 1519 fuero
1727 1483 2001 1526 condemnatus,
2036 1484 2120 1529 quia
2154 1484 2297 1519 tradere
2331 1494 2404 1520 non

1312 1529 1416 1574 potui
1440 1529 1603 1572 evictum,
1629 1528 1861 1565 committitur
1874 1530 1900 1550 ¹¹
1925 1529 2120 1574 stipulatio.

1358 1571 1412 1612 34
1436 1574 1667 1610 Poupomvs
1688 1574 1778 1610 libro
1803 1575 1966 1610 vicesimo
1990 1575 2140 1620 septimo
2161 1573 2211 1609 ad
2228 1573 2403 1610 Sabinum

1313 1619 1350 1654 Si
1373 1619 1591 1665 mancipium
1620 1619 1672 1654 ita
1703 1619 1847 1661 emeris,
1885 1629 1930 1654 ne
1961 1619 2202 1664 prostituatur
2235 1623 2290 1661 et,
2323 1629 2404 1654 cum

1311 1664 1545 1710 prostitutum
1568 1664 1707 1706 fuisset,
1731 1668 1773 1699 ut
1793 1664 1944 1699 liberum
1957 1668 2069 1700 esset:
2095 1664 2126 1699 si
2146 1667 2272 1699 contra
2292 1664 2404 1716 legem

1312 1710 1521 1745 venditionis
1533 1710 1687 1745 faciente
1700 1714 1736 1744 te
1753 1709 1800 1744 ad
1811 1709 2011 1744 libertatem
2022 1709 2231 1754 pervenerit,
2249 1713 2289 1744 tu
2308 1709 2403 1744 vide-

1311 1755 1361 1790 ris
1381 1755 1484 1800 quasi
1500 1755 1749 1790 manumisisse
1766 1758 1801 1789 et
1823 1754 1903 1790 ideo
1927 1754 2063 1790 nullum
2087 1754 2258 1789 adversus
2281 1754 2403 1790 vendi-

1315 1803 1329 1834 1
1381 1804 1496 1835 torem
1519 1800 1669 1835 habebis
1691 1809 1901 1844 regressum.
1950 1799 1987 1835 Si
2012 1799 2188 1835 communi
2212 1799 2403 1835 dividundo

1311 1855 1450 1880 mecum
1481 1849 1602 1880 actum
1627 1848 1722 1880 esset
1745 1849 1780 1880 et
1803 1844 2006 1880 adversario
2031 1855 2153 1881 servus
2177 1843 2403 1880 adiudicatus

1312 1890 1377 1933 sit,
1410 1890 1494 1936 quia
1516 1891 1680 1936 probavit
1704 1900 1784 1925 eum
1808 1900 2030 1926 communem
2055 1899 2152 1932 esse,
2186 1889 2326 1925 habebo
2359 1899 2404 1925 ex

1308 1935 1440 1981 duplae
1463 1935 1508 1971 sti
1535 1935 1693 1971 ulatione
1716 1935 1914 1978 actionem,
1939 1936 2023 1987 quia
2045 1945 2119 1970 non
2141 1935 2307 1977 interest,
2332 1945 2403 1980 quo

1311 1991 1439 2024 genere
1461 1981 1498 2016 iu
1527 1981 1585 2016 ’cii
1608 1981 1812 2022 evincatur,
1844 1984 1885 2015 ut
1915 1981 2002 2015 mihi
2032 1980 2166 2016 habere
2189 1990 2262 2015 non
2283 1979 2401 2015 liceat.

1312 2029 1331 2060 2
1379 2025 1523 2071 Duplae
1563 2026 1609 2061 sti
1635 2026 1745 2061 ulatio
1782 2025 1991 2061 evictionem
2026 2036 2099 2061 non
2132 2025 2281 2060 unam¹²
2317 2035 2402 2060 con·

1310 2071 1411 2113 tinet,
1436 2071 1466 2107 si
1490 2071 1569 2116 quis
1618 2071 1786 2107 ominium
1808 2071 1860 2105 rei
1883 2071 2025 2115 petierit
2048 2075 2083 2105 et
2106 2070 2259 2113 evicerit,
2283 2069 2347 2106 sed
2367 2073 2403 2105 et

1311 2116 1342 2151 si
1366 2116 1537 2151 Ser-viana
1559 2117 1700 2152 actione
1723 2116 1938 2161 experiatur.

1357 2158 1410 2198 35
1436 2161 1493 2197 Pi
1501 2171 1596 2197 Ubus
1616 2162 1707 2198 libro
1730 2161 1887 2197 secundo
1912 2161 1962 2196 ad
1977 2160 2131 2197 edictum
2151 2159 2321 2196 aedilium
2341 2170 2403 2196 ou·

1310 2207 1444 2242 rulium
1489 2206 1641 2242 Evictus
1665 2211 1785 2242 autem
1805 2216 1827 2241 a
1848 2205 2023 2242 creditore
2041 2210 2128 2241 tunc
2147 2205 2297 2247 videtur,
2322 2215 2403 2240 cum

1310 2251 1386 2287 fere
1421 2261 1503 2297 spes
1538 2251 1695 2287 habendi
1728 2251 1871 2287 abscisa
1907 2255 1979 2287 est:
2015 2251 2136 2303 itaque
2170 2250 2201 2286 si
2233 2249 2403 2285 Serviana

1310 2296 1452 2332 actione
1486 2296 1621 2332 evictus
1657 2297 1722 2338 sit,
1759 2296 1990 2332 committitur
2023 2296 2165 2341 qmdem
2198 2295 2400 2340 stipulatio:

1310 2341 1374 2377 sed
1430 2341 1573 2377 uoniam
1596 2341 1715 2377 soluta
1738 2351 1760 2376 a
1783 2340 1943 2376 debitore
1965 2341 2118 2386 pecunia
2132 2340 2160 2362 ¹³
2182 2343 2301 2385 potest
2325 2350 2401 2375 ser-

1309 2397 1393 2422 vum
1442 2386 1569 2428 abere,
1602 2387 1632 2422 si
1663 2387 1780 2422 soluto
1805 2387 1950 2432 pignore
1973 2385 2134 2421 venditor
2158 2385 2402 2428 conveniatur,

1309 2431 1442 2477 poterit
1464 2432 1518 2466 uti
1542 2431 1613 2467 doli
1637 2431 1857 2484 exceptione.

1356 2474 1410 2514 36
1442 2475 1551 2512 IDEM
1576 2477 1667 2512 libro
1698 2477 1865 2512 vacesimo
1897 2487 1992 2511 nono
2024 2475 2075 2510 ad
2103 2475 2257 2511 edictum
2302 2474 2404 2510 Nave

1310 2526 1374 2557 aut
1407 2521 1514 2558 domu
1547 2525 1666 2568 empta
1689 2521 1828 2567 singula
1851 2525 2036 2557 caementa
2058 2520 2113 2556 vel
2135 2520 2281 2555 tabulae
2304 2529 2399 2565 emp-

1309 2570 1368 2602 tae
1398 2577 1471 2602 non
1502 2567 1757 2612 intelleguntur
1787 2566 1937 2611 ideoque
1960 2576 2026 2600 nec
2051 2565 2234 2601 evictionis
2259 2564 2402 2600 nomine

1311 2612 1383 2648 obli
1409 2617 1492 2647 atur
1515 2612 1677 2648 venditor
1701 2612 1805 2657 quasi
1829 2612 1944 2647 evicta
1966 2615 2079 2656 parte.

1357 2623 1409 2695 35
1442 2657 1636 2694 ULPJANUS
1663 2658 1755 2693 libro
1787 2657 1970 2709 triqesimo
1993 2655 2150 2692 secundo
2174 2654 2225 2690 ad
2245 2653 2400 2707 edictu-ni

1312 2703 1381 2738 Em
1407 2703 1478 2739 tori
1510 2702 1656 2755 duplam
1686 2701 1844 2748 promitti
1875 2711 1898 2736 a
1927 2701 2109 2736 venditore
2141 2703 2301 2752 oportet,
2333 2709 2401 2734 nisi

1310 2748 1382 2784 aliu
1431 2751 1614 2784 convemt:
1639 2758 1712 2783 non
1735 2750 1855 2782 tamen
1878 2750 1918 2782 ut
1941 2745 2145 2787 satisdetur,
2170 2755 2237 2780 nisi
2260 2754 2291 2780 si
2315 2754 2395 2789 spe·

1311 2794 1448 2829 cialiter
1478 2792 1515 2828 id
1546 2797 1666 2828 actum
1696 2795 1938 2845 proponatur,
1971 2791 2035 2827 sed
2057 2794 2097 2826 ut
2120 2789 2398 2842 repromittatur.

1314 2842 1326 2873 1
1378 2838 1480 2883 Quod
1501 2842 1621 2874 autem
1641 2837 1792 2873 diximus
1812 2836 1957 2882 duplam
1973 2835 2134 2881 promitti
2153 2840 2329 2880 oportere,
2348 2844 2399 2870 sic

1310 2884 1377 2918 erit
1399 2883 1665 2936 accipiendum,
1696 2886 1737 2917 ut
1767 2892 1840 2917 non
1864 2892 1907 2917 ex
1930 2881 2026 2916 omni
2048 2891 2088 2916 re
2109 2879 2148 2916 id
2170 2879 2399 2932 accipiamus,

1309 2929 1373 2964 sed
1397 2928 1441 2964 de
1464 2929 1519 2963 his
1542 2928 1661 2970 rebus,
1685 2937 1776 2972 quae
1799 2926 2027 2971 pretiosiores
2052 2928 2181 2966 essent,
2206 2935 2237 2960 si
2260 2934 2398 2976 mai-ga-

1310 2974 1379 3009 rita
1413 2974 1507 3009 forte
1538 2976 1600 3008 aut
1630 2976 1840 3008 ornamenta
1870 2971 2026 3016 pretiosa
2056 2970 2111 3006 vel
2144 2969 2251 3005 vestis
2276 2968 2400 3004 Serica

1309 3019 1363 3054 vel
1393 3018 1478 3064 quid
1508 3017 1606 3053 aliud
1640 3027 1711 3052 non
1746 3017 2011 3061 contemptibile
2040 3019 2179 3063 veneat.
2214 3024 2279 3060 per
2302 3013 2398 3066 edic-

1309 3068 1386 3099 tum
1415 3067 1535 3099 autem
1567 3062 1743 3098 curulium
1767 3062 1874 3097 etiam
1897 3061 1941 3096 de
1964 3071 2065 3097 servo
2089 3069 2215 3096 cavere
2237 3058 2399 3094 venditor

1309 3111 1329 3144 2
1376 3108 1529 3144 iubetur.
1577 3107 1614 3142 Si
1647 3107 1809 3152 simplam
1839 3117 1905 3152 pro
1937 3106 2047 3151 dupla
2069 3115 2134 3151 per
2157 3114 2312 3140 errorem
2335 3103 2398 3139 sti-

1308 3153 1453 3199 pulatus
1484 3152 1532 3187 sit
1563 3156 1718 3196 emptor,
1750 3162 1790 3188 re
1813 3152 1928 3187 evicta
1952 3154 2226 3186 consecuturum
2250 3158 2330 3201 euin
2354 3158 2398 3201 eq

1310 3209 1364 3234 em
1390 3202 1428 3234 to
1451 3197 1619 3233 Neratius
1644 3197 1712 3239 ait,
1744 3200 1878 3242 quanto
1909 3196 2025 3231 minus
2056 3194 2247 3240 stipulatus
2271 3198 2336 3235 sit,
2367 3202 2399 3228 si

1308 3210 1415 3279 mogo
1439 3242 1559 3278 omnia
1580 3241 1668 3276 facit
1691 3246 1847 3287 emptor,
1880 3251 1973 3286 quae
1995 3241 2032 3276 in
2055 3239 2287 3285 stipulatione
2310 3249 2396 3274 con-

1308 3288 1484 3323 tinentur:
1509 3286 1605 3332 quod
1629 3286 1659 3322 si
1678 3297 1750 3322 non
1769 3286 1867 3329 fecit,
1892 3295 1935 3321 ex
1955 3295 2009 3320 em
2035 3289 2073 3320 to
2093 3284 2131 3319 id
2152 3287 2291 3319 tantum
2311 3293 2397 3319 con·

1309 3337 1536 3374 secuturum,
1559 3334 1601 3367 ut
1623 3331 1656 3366 ei
1678 3331 1906 3377 promittatur
1929 3341 1998 3375 quo
2047 3329 2163 3364 minus
2186 3329 2223 3364 in
2247 3327 2395 3374 stipula-

1309 3378 1442 3413 tionem
1466 3376 1684 3422 superiorem
1708 3375 1901 3411 deductum
1925 3379 1989 3410 est.

1355 3418 1409 3460 38
1435 3421 1540 3457 Imm
1569 3421 1660 3456 libro
1690 3420 1847 3457 secundo
1877 3420 2162 3466 disputationum
2208 3418 2251 3453 In
2283 3415 2395 3453 credi-

1309 3471 1388 3503 tore
1434 3466 1470 3501 ui
1493 3465 1620 3511 pignus
1644 3465 1800 3501 vendidit
1823 3465 1972 3500 tractari
1996 3467 2124 3509 potest,
2149 3473 2197 3498 an
2220 3473 2259 3498 re
2283 3462 2396 3497 evicta

1308 3512 1365 3548 vel
1388 3477 1436 3547 ad
1459 3511 1528 3546 lioc
1551 3514 1717 3546 teneatur
1740 3520 1782 3545 ex
1815 3514 1949 3555 empto,
1980 3513 2021 3544 ut
2052 3518 2158 3555 quam
2188 3507 2299 3543 habet
2331 3505 2395 3541 ad·

1309 3626 1368 3666 (io)
1394 3635 1538 3657 errorem
1552 3622 1584 3657 F
1702 3625 1758 3665 (ii)
1782 3622 1905 3666 duplae
1918 3623 1977 3656 ins.
1992 3622 2042 3656 F²
2163 3624 2222 3662 (12)
2246 3629 2317 3652 eam
2331 3619 2390 3653 ine.

1308 3671 1366 3711 (ιδ)
1391 3673 1523 3712 emptor
1535 3670 1594 3703 ins.
