2528 3918
199 113 441 157 XXXV11

201 245 282 271 cum
312 234 422 269 filiam
452 233 640 280 reliquisse
667 237 948 281 proponeretur,
978 233 1292 271 fideicommissum

201 290 273 316 non
295 279 429 315 deberi.
480 278 694 316 emamus.-
723 290 808 316 nam
830 280 900 316 etsi
922 279 1186 316 matrimonium
1210 289 1292 315 cum

200 325 338 406 furiffiia
366 335 438 377 non
468 324 556 367 fuit,
591 324 681 361 satis
713 327 835 361 tamen
865 325 1002 368 factum
1033 328 1090 361 est
1117 324 1293 361 eiusmodi

201 381 269 406 con
308 379 414 405 ciom.

246 412 301 453 80
326 412 433 458 (78)ι
457 414 566 450 Imm
590 414 683 451 libro
712 415 903 452 vicensim0
920 415 1047 461 primo
1070 414 1292 462 digestorum

201 460 334 496 Lucius
358 459 475 495 Titius
497 459 668 496 intestato
690 460 899 502 moriturus,
925 470 1007 495 cum
1030 459 1180 495 haberet
1203 470 1292 495 uxo-

200 516 275 541 rem
291 508 329 541 et
344 515 389 541 ex
405 515 449 540 ea
464 504 574 540 filiam
590 505 862 551 emancipatam,
888 504 1060 540 codicillis
1073 505 1164 541 haec
1184 505 1294 540 verba

200 550 367 586 inseruit:
402 549 594 595 ‘pertinent
623 554 743 586 autem
773 550 812 585 hi
836 549 990 586 codicilli
1015 550 1061 585 ad
1084 560 1234 586 uxorem
1258 554 1295 585 et

202 595 333 630 ‘filiam
371 595 405 630 ’ἰ
469 605 515 630 ue
537 605 636 663 rogo,
662 595 834 640 quidquid
857 598 922 630 aut
943 605 1009 640 ego
1027 595 1204 641 reliquero
1228 598 1293 630 aut

202 645 276 703 :vos
295 640 397 686 ipsae
411 640 459 675 ha
485 640 575 677 eatis
601 668 610 684 ,
636 650 823 676 commune
839 640 940 693 *gobis
958 641 1020 675 sit:
1046 640 1197 700 quod’si
1220 650 1294 693 non

201 695 490 776 ffiffiffiz
505 684 1155 784 iffngffimvssgssiei’issfissinfississssiss
1163 685 1294 783 ᾗφῗὲῗ

201 776 309 812 situm
342 780 411 829 est,
436 785 485 811 an
512 776 634 829 aliqua
687 785 747 811 ars
776 775 986 811 hereditatis
1009 776 1115 811 Lucii
1139 775 1225 810 Titii
1248 785 1294 811 ex

202 831 314 857 causa
327 820 592 857 fideicommissl
606 831 628 855 a
683 821 716 855 'a
732 820 839 855 matri
862 820 1069 856 debeatur⁴.
1108 820 1294 866 respondit

202 865 397 902 secundum
427 876 470 901 ea
498 876 592 912 quae
614 869 903 911 proponerentur
926 866 1108 901 dimidiam
1130 867 1294 912 partem*

201 911 333 954 deberi,
357 911 390 947 si
412 911 520 947 etiam
544 921 636 946 uxor
654 914 782 956 parata
794 910 843 947 sit
856 911 894 946 in
909 921 1097 947 commune
1114 912 1210 947 bona
1227 921 1294 947 sua

206 961 217 991 1
269 955 433 993 conferre
442 957 467 991 ⁶.
515 956 658 992 Maevia
686 956 776 992 duos
806 955 899 992 filios
928 956 1077 992 heredes
1101 957 1295 1001 reliquerat

201 1005 238 1038 et
261 1001 385 1038 eodem
408 1005 623 1037 testamento
647 1001 699 1036 ita
722 1001 830 1037 cavit:
863 1001 958 1037 ‘fidei
981 1005 1099 1038 autem
1122 1001 1294 1037 heredum

202 1051 374 1083 ‘meorum
398 1047 591 1089 committo,
615 1046 669 1081 uti
693 1046 806 1082 omnis
830 1047 1034 1083 substantia
1057 1057 1138 1082 mea
1161 1047 1208 1082 sit
1222 1057 1292 1100 pro

202 1092 376 1173 ‘ffepoeit‘’
408 1092 485 1127 sine
515 1091 635 1127 usuris
664 1091 761 1137 apud
785 1091 913 1127 Gaium
938 1092 1059 1127 Seium
1081 1096 1118 1128 et
1140 1092 1295 1127 Luclum

201 1141 210 1157 ⁴
245 1137 358 1182 itium,

201 1187 312 1218 ‘meae
344 1182 367 1218 d

406 1147 473 1173 uos
485 1137 604 1179 etiam,
629 1137 660 1172 si
679 1137 850 1180 licuisset,
870 1141 1054 1173 curatores
1070 1137 1294 1173 substantiae

413 1183 521 1218 issem
548 1182 695 1218 remotis
719 1182 815 1224 aliis,
841 1186 882 1217 ut
905 1183 943 1217 hi
965 1183 1159 1218 restituant
1182 1191 1293 1227 nepo-

202 1229 309 1264 ‘tibus
331 1227 432 1270 meis,
456 1231 566 1272 prout
589 1227 668 1272 quis
693 1237 817 1263 eorum
840 1227 887 1262 ad
911 1237 1024 1263 annos
1043 1227 1166 1272 viginti
1190 1228 1294 1273 quin-

202 1276 282 1319 ‘que
297 1273 510 1319 pervenerit,
535 1283 601 1317 pro
616 1272 792 1317 portione,
807 1272 863 1308 vel
886 1273 918 1308 si
940 1283 1046 1317 unus,
1071 1273 1105 1308 ei
1129 1273 1292 1309 omnem'.

201 1319 402 1365 quaesitum
419 1321 483 1361 est,
509 1327 556 1352 an
567 1317 878 1353 fideicommissum
900 1317 1080 1371 praestari
1102 1328 1126 1353 a
1148 1318 1293 1363 scriptis

202 1364 393 1400 heredibus
412 1362 527 1398 Lucio
543 1362 638 1398 Titio
662 1366 700 1398 et
723 1362 837 1398 Gaio⁷
861 1362 941 1399 Seio
967 1363 1107 1399 debeat.
1144 1373 1293 1417 respon-

202 1410 254 1444 dit
268 1408 465 1445 secundum
488 1418 532 1444 ea
556 1417 648 1453 quae
671 1412 958 1461 proponerentur
981 1408 1134 1444 Lucium
1147 1408 1292 1451 Titium,

202 1455 286 1491 item
309 1453 439 1489 Gaium
454 1452 575 1489 Seium
597 1452 911 1489 fideicommissum
934 1457 1056 1499 petere
1077 1464 1151 1490 non
1174 1463 1292 1500 posse.

202 1503 222 1534 2
270 1499 360 1535 Tres
389 1498 539 1534 heredes
569 1498 714 1544 scripsit
736 1498 916 1535 Maevium
948 1499 1097 1534 fratrem
1120 1509 1226 1535 suum
1250 1509 1294 1535 ex

203 1544 378 1581 dodrante
391 1571 400 1586 ‚
426 1543 547 1580 Seium
578 1554 622 1579 ex
645 1547 828 1587 sextante,
853 1544 1014 1580 Stichum
1038 1544 1198 1580 eiusdem
1223 1544 1294 1580 Seii

202 1600 353 1632 servum,
385 1588 498 1624 filium
531 1593 651 1625 autem
673 1589 875 1625 naturalem
897 1589 1029 1625 Maevii
1053 1600 1098 1625 ex
1127 1589 1235 1625 uncia
1258 1593 1295 1625 et

201 1635 285 1671 fidei
314 1634 491 1671 commisit
519 1633 609 1678 Seii,
650 1635 704 1669 uti
733 1634 896 1670 Stichum
931 1635 1216 1677 manumitteret,
1256 1635 1294 1670 in

202 1682 292 1716 haec
321 1680 449 1716 verba:
486 1682 520 1715 ‘a
551 1684 587 1715 te
609 1683 712 1725 peto,
737 1679 816 1722 Sei,
840 1680 893 1715 uti
915 1683 957 1715 tu
981 1680 1143 1716 Stichum
1165 1690 1292 1716 manu-

203 1726 388 1762 ‘mittet-es:
420 1724 502 1760 dedi
536 1724 633 1760 unde
663 1725 827 1761 faceres’.
884 1725 948 1761 sed
977 1730 1014 1761 et
1045 1725 1220 1761 codicillis
1242 1726 1295 1761 ita

203 1771 314 1807 cavit:
341 1771 507 1813 ‘unciam,
526 1780 571 1806 ex
588 1780 659 1815 qua
672 1770 743 1806 feci
762 1770 924 1806 Stichum
939 1771 1116 1814 heredem,
1141 1771 1294 1815 siquam

206 1817 318 1852 ‘Seius
348 1815 626 1851 controversiam
649 1820 807 1852 moveret
818 1817 841 1860 ⁸,
867 1816 914 1851 ad
936 1816 1122 1852 Maevium
1144 1816 1294 1852 fratrem

201 1866 332 1898 ‘meum
362 1861 491 1897 reverti
513 1861 605 1896 volo.
652 1865 712 1903 tu,
745 1860 874 1906 frater,
907 1862 1106 1897 secundum
1128 1860 1236 1897 fidem
1259 1865 1296 1897 et

203 1908 383 1953 ‘pietatem
398 1911 510 1948 tuam,
536 1905 710 1952 quidquid
732 1906 780 1942 ad
802 1911 839 1943 te
861 1907 1063 1952 pervenerit
1086 1917 1131 1942 ex
1153 1906 1294 1942 heredi-

203 1957 290 1988 ‘tate
320 1962 400 1987 mea
423 1951 547 1987 Sticho
577 1950 651 1987 filio
675 1955 739 1988 tuo
762 1952 948 1988 restitues:
985 1952 1081 1998 quod
1104 1956 1146 1987 ut
1167 1952 1294 1995 facias,

203 1997 297 2033 ‘fidei
309 2001 395 2033 tuae
410 1997 617 2033 committo’.
657 1996 858 2042 quaesitum
875 2001 939 2038 est,
955 2008 1036 2033 cum
1051 1997 1154 2033 Seius
1168 1997 1296 2033 adierit

203 2042 435 2079 hereditatem
466 2046 502 2078 et
530 2046 679 2095 propter
702 2042 772 2078 hoc
802 2043 1008 2095 compulsus
1033 2042 1196 2078 Stichum
1219 2053 1295 2078 ma-

204 2088 406 2129 numiserit,
444 2098 491 2122 an
525 2097 669 2123 unclam
703 2087 932 2130 hereditans,
971 2098 1016 2124 ex
1047 2098 1118 2134 qua
1150 2087 1295 2124 Stichus

203 2137 307 2171 heres
330 2133 516 2169 institutus
539 2137 605 2175 est,
631 2132 755 2168 Sticho
778 2133 996 2169 manumisso
1020 2133 1210 2169 restituere
1233 2133 1294 2168 de-

203 2182 299 2217 beat.
337 2178 523 2230 respondit
545 2189 618 2214 non
640 2178 795 2224 proponi
820 2178 940 2213 Seium
964 2183 1130 2223 rogatum
1152 2178 1296 2214 unciam

206 2230 224 2261 3
271 2225 307 2260 ei
320 2227 520 2259 restituere.
557 2223 658 2259 Idem
672 2224 836 2268 quaesiit,
855 2233 914 2266 an,
930 2224 961 2259 si
980 2224 1136 2269 aliquam
1151 2228 1295 2260 contro-

205 2269 354 2305 versiam
370 2267 473 2304 Seius
489 2268 534 2304 de
547 2269 655 2304 uncia
671 2268 752 2310 hac,
777 2279 821 2304 ex
846 2279 918 2314 qua
941 2269 1086 2304 Stichus
1109 2269 1295 2304 institutus

205 2320 278 2357 est,
311 2314 432 2350 facere
461 2314 548 2349 velit
578 2318 615 2349 et
638 2313 801 2349 Maevius
825 2314 969 2350 unciam
993 2324 1037 2349 ex
1062 2324 1173 2349 causa
1194 2314 1295 2349 fidei-

204 2359 383 2396 commissi
413 2369 436 2394 a
459 2358 541 2395 Seio
571 2359 680 2395 fuerit
703 2363 937 2402 consecutus,
973 2363 1094 2395 utrum
1117 2359 1212 2395 hanc
1236 2370 1295 2395 so-

203 2407 275 2440 lam
304 2404 466 2447 unciam,
499 2414 544 2440 ex
574 2415 645 2449 qua
669 2404 811 2440 Stichus
841 2405 1028 2441 institutus
1052 2408 1117 2447 est,
1142 2415 1189 2440 an
1212 2415 1294 2440 vero

204 2454 241 2487 et
271 2450 500 2493 dodrantem,
534 2460 579 2485 ex
610 2460 680 2495 quo
711 2450 725 2484 i
752 2459 790 2485 se
820 2449 982 2486 Maevius
1012 2449 1199 2486 institutus
1229 2453 1295 2492 est,

205 2495 319 2531 eidem
349 2495 472 2531 Sticho
504 2495 693 2530 restituere
748 2495 861 2531 ebeat.
914 2495 1101 2540 respondit
1132 2495 1177 2532 de
1199 2496 1296 2531 omni

205 2541 437 2584 restituendo,
463 2540 558 2585 quod
574 2539 622 2575 ad
635 2540 815 2576 Maevium
838 2550 980 2586 quoquo
1004 2540 1109 2576 modo
1124 2541 1294 2586 pervenit,

203 2589 226 2622 4
274 2586 497 2622 testatricem
529 2585 695 2621 sensisse.
757 2585 867 2621 Pater
923 2596 1049 2621 uerum
1079 2590 1115 2621 et
1138 2586 1294 2639 puellam

204 2631 356 2667 heredes
369 2631 525 2666 instituit
540 2641 672 2676 eosque
685 2631 836 2666 invicem
853 2596 1039 2667 substituit
1055 2635 1101 2674 et,
1123 2641 1155 2667 si
1169 2635 1296 2667 neuter

206 2678 309 2711 heres
333 2679 438 2718 esset,
464 2676 516 2711 eis
539 2676 660 2721 plures
684 2676 872 2712 substituit
895 2676 1181 2722 substitutosque
1203 2676 1295 2711 invi-

206 2732 283 2757 cem
298 2721 485 2756 substituit
496 2721 552 2757 his
565 2721 698 2757 verbis:
726 2721 950 2757 ‘substitutos
974 2721 1124 2757 heredes
1147 2721 1295 2757 invicem

206 2766 428 2802 ‘substituo’z
454 2766 649 2802 eorundem
665 2765 821 2802 filiorum
843 2766 929 2802 fidei
952 2767 1138 2810 commisit,
1162 2771 1213 2810 ut,
1235 2766 1297 2812 qui

206 2822 329 2847 eorum
363 2812 436 2846 vita
468 2816 674 2857 superasset
705 2815 741 2847 et
772 2812 848 2847 sine
878 2811 1000 2848 liberis
1033 2812 1128 2847 intra
1162 2822 1296 2847 annum

205 2856 449 2901 trigensimum
466 2862 676 2901 moreretur,
700 2856 935 2892 hereditatem
950 2857 1017 2900 his,
1042 2868 1133 2903 quos
1146 2857 1295 2893 heredes

206 2901 460 2942 substituerat,
494 2902 672 2937 restituat.
719 2901 814 2938 filius
836 2902 910 2937 vita
933 2912 1091 2938 sororem
1116 2903 1296 2948 superavit

207 2951 244 2983 et
279 2946 376 2982 intra
410 2946 652 2991 trigensimum
687 2957 821 2982 annum
855 2947 933 2983 sine
966 2947 1087 2983 liberis
1123 2948 1293 2984 decessit:

206 2992 407 3038 quaesitum
423 2996 488 3033 est,
513 3003 556 3026 ex
573 2993 776 3028 substitutis
791 3003 864 3028 uno
880 2992 1048 3029 defuncto
1065 2996 1149 3029 ante
1171 2993 1294 3037 filium,

206 3047 292 3083 pars
309 3037 397 3078 eius,
422 3046 515 3082 quae
539 3037 584 3072 ad
608 3042 744 3073 ceteros
770 3038 985 3074 substitutos
1009 3037 1071 3083 qui
1094 3038 1294 3083 supervive-

206 3086 287 3118 rent
305 3082 469 3127 pertinet,
494 3085 614 3117 utrum
635 3093 702 3128 pro
725 3082 884 3118 virilibus
909 3093 955 3118 an
979 3093 1045 3128 pro
1069 3083 1294 3119 hereditariis

207 3127 450 3173 portionibus,
483 3126 612 3172 quibus
644 3132 728 3162 sunt
751 3128 953 3170 substituti,
985 3129 1172 3173 pertineat.
1220 3138 1294 3164 res-

207 3172 332 3218 pondit
349 3181 570 3217 consequens
585 3182 663 3208 esse
684 3183 750 3218 pro
776 3174 830 3208 his
853 3173 1028 3219 partibus,
1054 3173 1184 3218 quibus
1209 3174 1293 3209 sub-

209 3222 229 3253 5
275 3217 392 3253 stituti
415 3221 551 3260 essent,
583 3217 894 3254 fideicommissum
917 3219 1106 3264 pertinere.
1153 3218 1296 3254 Maevia

208 3262 320 3298 filium
337 3262 503 3299 heredem
526 3262 681 3298 instituit
703 3273 747 3298 ex
772 3263 982 3307 quincunce,
1008 3263 1163 3299 Titiam⁹
1184 3263 1295 3299 filiam

209 3319 252 3343 cx
267 3307 477 3354 quadrante,
503 3307 697 3353 Septicium
719 3308 830 3343 filium
854 3319 897 3344 ex
921 3309 1060 3352 triente,
1086 3310 1188 3344 cuius
1211 3308 1295 3344 fidei

208 3353 384 3388 commisit
403 3353 442 3387 in
455 3353 545 3389 haec
559 3352 686 3389 verba:
713 3356 759 3387 ‘te
783 3363 880 3398 rogo,
904 3353 955 3388 fili
979 3353 1123 3399 Septici,
1148 3354 1178 3389 si
1199 3354 1296 3390 intra

209 3398 448 3434 ‘vicensimum
472 3408 605 3433 annum
627 3397 705 3433 sine
727 3397 848 3434 liberis
867 3399 1038 3442 morieris,
1061 3398 1234 3444 quidquid
1250 3409 1294 3435 ex

208 3517 247 3553 (ι)
270 3525 322 3556 pr.
336 3529 381 3542 =
393 3513 439 3546 D.
454 3514 508 3553 31,
522 3519 570 3554 89,
583 3519 599 3546 3
693 3516 736 3550 (2)
760 3510 906 3554 primum
919 3515 1029 3544 autem
1041 3523 1079 3545 ro
1103 3523 1134 3553 o,
1145 3513 1192 3545 sic
1204 3512 1293 3545 inter

210 3568 265 3590 vos
276 3558 394 3600 agatis,
407 3561 446 3589 ut
456 3568 508 3589 me
520 3557 596 3589 vivo
610 3556 721 3599 egistis
733 3557 792 3590 im.
805 3556 825 3589 1.
860 3569 916 3589 em.
972 3563 1014 3594 (3)
1040 3558 1084 3589 ha
1107 3557 1169 3590 etis
1182 3558 1201 3590 l.
1211 3570 1290 3602 qem.

210 3607 252 3644 (4)
277 3606 311 3636 et
322 3605 425 3645 quota
443 3604 501 3635 ins.
526 3602 546 3635 1.
558 3614 635 3646 qam.
759 3602 802 3643 (⁶)
852 3601 859 3607 '
898 3600 997 3633 'diam
1010 3605 1137 3644 partem
1156 3603 1233 3635 add.
1255 3614 1294 3635 ex

210 3649 229 3680 l.
242 3660 322 3692 qem.
338 3655 368 3681 et
381 3648 426 3687 B,
447 3659 505 3680 om.
521 3647 555 3680 F
662 3648 706 3686 (0)
730 3645 876 3679 conferri
888 3647 922 3679 F

210 3696 254 3732 (s)
277 3693 417 3725 moverit
435 3692 464 3725 S
595 3697 639 3731 (9)
665 3691 929 3733 quincuntetiam
950 3692 983 3724 F

210 3741 264 3777 (ll)
290 3738 384 3770 fatris
396 3738 429 3769 F
527 3740 585 3779 (¹2)
610 3737 724 3778 aex-ispi
743 3737 774 3769 F
868 3742 925 3775 (1³)
949 3738 1083 3777 aicsere
1095 3738 1186 3779 fuit.-
1210 3747 1292 3779 quo-

1286 107 1375 157 534

1030 3648 1073 3688 (7)
1097 3647 1173 3690 gaio
1193 3660 1251 3681 om.
1267 3647 1300 3680 F
1363 3647 1421 3686 (ic)
1445 3647 1534 3679 sitF
1593 3650 1650 3687 (ιτ)
1675 3647 1786 3680 exim.

1111 3694 1170 3730 (ιο)
1194 3703 1245 3725 me
1265 3692 1299 3724 F
1361 3702 1434 3724 rum
1447 3692 1494 3734 in]
1508 3692 1543 3724 in
1555 3701 1666 3725 rerum
1679 3703 1741 3725 scr.

1547 51 1555 80 1

1546 82 1549 104 k
1864 125 1927 157 An
1947 115 2151 158 ‘sn-sarus
2179 126 2445 160 consevreu

1362 232 1574 271 ‘hereditate
1596 235 1716 271 mea¹⁰
1739 234 1787 271 ad
1808 238 1845 272 te
1867 236 2078 281 pervenerit,
2102 235 2172 273 hoc
2186 236 2358 275 fratribus
2373 239 2446 276 tuis

1362 279 1566 332 frestimas’.
1614 280 1813 326 quaesitum
1837 284 1903 324 est,
1928 290 1976 316 an
1999 280 2045 317 Se
2070 281 2154 317 ticio
2178 281 2252 318 filio
2275 282 2445 320 defuncto

1359 327 1457 359 intra
1485 324 1714 361 vicensimum
1749 336 1882 361 annum
1913 325 1988 361 sine
2016 326 2043 361 li
2068 326 2138 362 eris
2166 326 2236 364 hoc
2265 327 2446 365 fideicom-

1361 370 1505 405 missum
1518 372 1638 405 utrum
1653 380 1719 416 pro
1737 371 1963 416 portionibus
1986 371 2207 408 hereditariis
2231 372 2276 408 ad
2298 373 2446 410 fiatrem

1360 417 1398 450 et
1427 424 1587 450 sororem
1618 414 1695 451 eius
1726 416 1904 461 pertineat
1932 426 1979 451 an
2002 426 2086 452 vero
2116 417 2323 463 aequaliter.
2369 430 2445 455 res-

1362 463 1382 494 6
1430 458 1556 505 pondit
1578 470 1646 505 pro
1668 464 1771 506 parte
1794 460 2020 497 hereditaria.
2055 461 2151 497 Titia
2173 472 2218 498 ex
2241 472 2321 499 asse
2343 464 2445 500 heres

1362 504 1498 557 scripta
1526 508 1666 549 partem
1694 505 1874 541 dimidiam
1905 506 2113 542 hereditatis
2137 507 2298 544 Maeviae
2322 514 2446 555 rogata

1360 552 1585 585 restituerat:
1619 548 1769 586 fundum
1798 560 1822 586 a
1849 554 2020 587 testatore
2044 551 2238 598 obligatum
2260 552 2359 590 luere
2381 565 2444 590 no-

1361 594 1445 636 luit,
1481 593 1546 629 sed
1568 604 1649 630 eum
1671 595 1845 631 vendente
1869 596 2045 632 creditore
2066 597 2248 633 mandavit
2270 598 2448 635 redimen-

1362 639 1446 675 dum
1478 638 1599 675 Seiae:
1632 640 1831 685 quaesitum
1856 644 1929 684 est,
1954 651 2002 677 an
2025 642 2121 678 Titia
2144 652 2190 678 ex
2213 651 2324 679 causa
2346 644 2446 680 fidei-

1362 684 1541 720 commissi
1563 684 1725 721 Maeviae
1753 689 1930 722 teneatur.
1985 686 2187 733 respondit,
2219 698 2300 723 cum
2323 694 2449 735 rogata

1361 729 1594 765 hereditatem
1616 730 1805 767 restituere
1828 736 2062 777 proponatur,
2085 732 2173 768 nihil
2196 734 2359 780 proponi,
2384 745 2449 770 cur

1361 785 1434 811 non
1448 778 1624 811 teneatur.
1663 775 1735 811 Cu
1743 785 1871 811 συκᾶς.-
1894 776 2019 813 subest
2031 777 2126 813 euim
2139 779 2318 823 praestari
2341 790 2363 814 0
2390 790 2447 815 or-

1361 823 1437 856 tere
1458 819 1506 862 id,
1532 823 1666 865 quanto
1690 820 1803 866 pluris
1826 821 1960 857 fundus
1983 821 2069 866 fuit,
2095 833 2202 868 quam
2225 823 2272 859 ad
2296 790 2448 860 credito-

1363 868 1380 899 7
1422 875 1498 901 rem
1539 866 1698 901 ervenire
1710 866 1881 919 oportuit.
1919 866 2010 903 Gaio
2023 866 2104 903 Seio
2119 877 2164 903 ex
2180 868 2337 912 semisse,
2353 869 2450 905 Titia

1363 921 1407 964 ex
1423 920 1495 964 qua
1505 955 1513 963 α
1539 915 1623 964 ante
1638 914 1675 947 et
1688 911 1769 964 alus
1783 921 1830 974 ex
1841 911 1988 963 reliquis
2011 912 2234 957 portionibus
2258 914 2449 951 heredibus

1361 959 1620 1054 {geilfgznfiugss
1639 960 1755 1045 ’ἓξὲξ
1770 956 2091 1054 ηῗίᾱῗοεῗῃὲἳὲιῑιᾌ
2113 958 2450 1041 νωῐῐιέιῗιηᾱτέἅᾶῗέἔ

1363 1048 1572 1081 ‘restltuatls
1603 1046 1698 1081 Titio
1730 1049 1767 1082 et
1790 1046 1998 1092 Sempromo
2031 1047 2213 1084 semissem
2246 1049 2449 1094 patrimonii

1365 1095 1412 1126 ‘et
1433 1090 1609 1136 portionis
1633 1092 1729 1134 eius,
1754 1101 1861 1136 quam
1883 1091 1984 1127 vobis
2008 1091 2111 1127 dedi'.
2161 1094 2360 1138 quaesitum
2382 1100 2449 1134 est.

1363 1146 1445 1172 cum
1476 1135 1619 1181 utrique
1649 1136 1803 1172 adierint
1838 1136 2073 1172 hereditatem
2107 1141 2143 1173 et
2176 1143 2304 1184 postea
2337 1139 2450 1176 Gaius

1363 1181 1466 1217 Seius
1497 1180 1687 1217 defunctus
1719 1182 1767 1217 sit
1791 1182 1903 1217 Lucia
1926 1181 2022 1217 Titia
2043 1182 2175 1219 herede
2198 1183 2379 1228 instituta,
2403 1196 2451 1221 an

1362 1227 1453 1262 haec
1481 1226 1598 1262 Lucia
1629 1226 1725 1262 Titia
1780 1230 1893 1262 artem
1927 1227 2107 1263 dimidiam
2139 1229 2312 1272 semissis,
2345 1241 2450 1276 quam

1362 1275 1510 1317 rogatus
1533 1275 1612 1307 erat
1627 1271 1739 1308 Gaius
1785 1272 1861 1308 eius
1884 1272 2083 1317 restituere,
2107 1274 2272 1319 protinus
2297 1275 2451 1312 debeat?

1363 1328 1409 1353 an
1432 1327 1516 1352 vero
1546 1321 1629 1362 post
1658 1327 1761 1353 suam
1785 1317 1925 1352 demum
1948 1322 2099 1354 mortem
2122 1319 2327 1356 universum
2350 1321 2449 1357 fidei-

1363 1362 1589 1398 commissum
1619 1366 1694 1397 tam
1722 1372 1767 1398 ex
1796 1373 1862 1398 sua
1891 1373 2048 1408 persona
2075 1374 2182 1416 quam
2205 1375 2251 1400 ex
2274 1365 2357 1401 Gaii
2380 1366 2452 1402 Seii

1362 1408 1485 1443 datum
1516 1407 1705 1443 restituere
1736 1407 1887 1443 debeat?
1921 1408 2108 1454 respondit
2137 1409 2287 1446 Luciam
2320 1411 2449 1447 Titiam

1362 1453 1484 1489 statim
1497 1453 1621 1495 teneri,
1646 1458 1687 1488 ut
1701 1457 1842 1499 partem
1853 1453 2033 1489 dimidiam
2048 1454 2204 1491 semissis
2227 1466 2272 1491 ex
2294 1466 2451 1508 persona

1363 1501 1383 1534 8
1430 1497 1502 1533 Seii
1533 1498 1711 1534 restituat.
1759 1498 1888 1533 Filiam
1917 1509 2018 1535 suam
2049 1500 2213 1536 heredem
2243 1501 2389 1546 scripsit
2411 1505 2449 1537 et

1361 1548 1546 1589 nepotem,
1579 1554 1684 1596 quem
1716 1554 1759 1579 ex
1792 1554 1835 1579 ea
1863 1544 2038 1586 habebat,
2076 1544 2110 1581 ei
2133 1546 2320 1582 substituit
2342 1551 2380 1583 et
2401 1548 2453 1583 ita

1363 1588 1474 1624 cavit:
1493 1588 1618 1624 ‘Lumo
1632 1588 1727 1624 Titio
1742 1589 1866 1625 fratris
1878 1590 1905 1610 ¹¹
1916 1589 1987 1625 mei
1998 1589 2071 1625 filio
2082 1600 2212 1635 genero
2225 1601 2303 1627 meo
2318 1592 2446 1628 ducen—

1363 1637 1431 1670 ‘tos
1448 1644 1575 1669 aureos
1593 1633 1766 1680 relinquo.
1801 1645 1871 1679 quo
1885 1634 2003 1679 legato
2023 1635 2099 1671 scio
2121 1636 2221 1671 illum
2245 1640 2451 1673 contentum

1362 1682 1465 1722 ‘esse,
1490 1679 1659 1724 quoniam
1674 1679 1804 1724 scripsi
1816 1679 2018 1716 universam
2041 1690 2117 1716 rem
2138 1691 2264 1726 meam,
2289 1692 2331 1718 eo
2356 1683 2451 1728 quod

1363 1724 1485 1759 ‘filiam
1497 1734 1613 1760 meam
1626 1728 1664 1760 et
1685 1728 1850 1770 nepotem
1873 1735 1990 1761 meum
2005 1725 2154 1762 heredes
2172 1726 2299 1772 scripsi
2310 1728 2348 1770 ¹²,
2372 1729 2451 1763 uni-

1363 1772 1512 1805 ‘versam
1526 1770 1766 1806 substantiam
1781 1770 1832 1805 eis
1846 1770 2128 1807 communicasse
2138 1771 2176 1806 ¹³.
2201 1782 2290 1817 quos
2302 1772 2451 1809 invicem

1364 1814 1607 1851 ‘commend0'.
1655 1814 1730 1850 filia
1761 1815 1859 1851 adita
1888 1816 2002 1861 patris
2031 1816 2229 1853 hereditate
2258 1817 2400 1853 divertit
2430 1829 2453 1854 a

1363 1860 1511 1896 marito:
1545 1860 1747 1905 quaesitum
1770 1864 1835 1903 est,
1860 1870 1908 1896 an
1931 1861 2049 1897 Titius
2096 1861 2252 1898 uondam
2276 1863 2353 1899 eius
2375 1874 2452 1899 ma·-

1362 1906 1454 1941 ritus
1486 1916 1551 1941 suo
1576 1906 1632 1941 vel
1654 1905 1720 1941 filii
1744 1906 1800 1941 sui
1823 1906 1965 1942 nomine
1988 1917 2034 1942 ex
2056 1906 2083 1942 fi
2108 1907 2330 1944 eicommisso
2354 1919 2450 1945 com-

1362 1951 1566 1986 munionem
1603 1951 1781 1987 bonorum
1818 1951 1988 1996 consequi
2016 1953 2133 1997 possit
2160 1952 2239 1988 viva
2273 1954 2452 1998 quondam

1363 2006 1477 2032 uxore
1516 2006 1584 2032 sua
1619 1996 1675 2031 vel
1710 2000 1795 2042 post
1830 2001 1980 2032 mortem
2014 1997 2101 2033 eius.
2148 1999 2335 2043 respondit
2365 2000 2452 2036 nildl

1363 2041 1628 2077 fideicommissi
1657 2041 1780 2077 datum
1809 2052 1940 2088 genero
1969 2043 2121 2088 proponi
2151 2047 2295 2088 praeter
2318 2044 2434 2081 ducen

1364 2090 1385 2122 9
1432 2092 1490 2123 tos
1510 2097 1650 2122 aureos.
1690 2087 1789 2123 Idem
1813 2087 1965 2132 quaesiit
1989 2087 2136 2124 eandem
2154 2099 2303 2124 uxorem
2322 2090 2451 2126 marito

1363 2131 1495 2168 herede
1519 2132 1654 2177 scripto
1678 2131 1978 2169 fideicommisisse
1991 2134 2029 2176 ¹⁴,
2055 2137 2112 2176 ut,
2137 2144 2218 2169 cum
2241 2139 2451 2178 moreretur,

1362 2177 1437 2213 filio
1462 2177 1641 2213 communi
1665 2187 1778 2220 omne,
1804 2178 1900 2223 quod
1922 2178 1970 2213 ad
1992 2188 2074 2214 eum
2099 2189 2142 2214 ex
2165 2179 2363 2216 hereditate
2385 2191 2452 2217 sua

1363 2222 1601 2268 pervenisset,
1638 2223 1844 2259 restitueret
1856 2224 1903 2259 ¹⁶:
1941 2233 1989 2259 an
2023 2223 2107 2260 illae
2146 2234 2287 2270 quoque
2322 2236 2379 2262 res
2416 2231 2453 2262 et

1363 2268 1625 2316 possessiones,
1650 2278 1743 2312 quae
1765 2269 1802 2303 in
1827 2268 1946 2304 dotem
1970 2269 2076 2305 datae
2099 2273 2135 2305 et
2155 2274 2239 2315 post
2262 2270 2452 2307 divortium

1363 2313 1551 2349 restitutae
1567 2313 1707 2348 mulieri
1722 2313 1875 2357 fuerant,
1899 2314 2173 2351 fideicommisso
2189 2315 2449 2352 contineantur.

1363 2358 1573 2411 respondit,
1595 2357 1691 2403 quod
1720 2359 1846 2394 mulier
1873 2359 1911 2394 in
1939 2360 2042 2395 bonis
2067 2360 2140 2396 suis
2166 2360 2383 2414 reliquisset,
2414 2362 2450 2397 id

1362 2403 1635 2439 fideicommsso
1661 2403 1847 2439 contineri.
1899 2404 1971 2440 CM
1979 2414 2110 2440 vnws:
2139 2409 2175 2440 et
2203 2405 2292 2442 ahas
2322 2406 2367 2442 de
2389 2417 2449 2443 eo-

1364 2449 1461 2484 dem⁴
1480 2448 1580 2484 facto
1616 2448 1800 2485 consultus
1835 2450 1887 2484 ita
1917 2449 2119 2495 respondit,
2155 2450 2228 2486 sive
2263 2451 2451 2488 restitutae

1363 2494 1436 2531 sint
1459 2504 1535 2538 res,
1567 2493 1763 2529 secundum
1786 2494 1824 2530 id
1848 2494 1944 2547 quod
1968 2505 2079 2541 supra
2100 2505 2313 2541 responsum
2336 2502 2391 2533 est
2414 2498 2448 2533 in

1363 2539 1467 2576 bonis
1490 2539 1650 2575 mulieris
1675 2543 1891 2585 computan,
1923 2540 1996 2576 sive
2019 2551 2091 2575 non
2116 2540 2187 2576 sint
2201 2542 2228 2563 ¹⁶
2251 2541 2449 2586 restitutae,

1364 2585 1448 2630 quia
1484 2594 1529 2620 ex
1566 2584 1796 2630 stipulatione
1833 2585 1879 2620 de
1916 2585 1999 2621 dote
2029 2585 2211 2621 reddenda
2239 2586 2451 2633 interposita

1363 2629 1606 2665 restituendae
1629 2629 1718 2672 sint,
1749 2640 1791 2666 eo
1820 2630 2017 2666 auctiorem
2045 2630 2279 2667 hereditatem
2303 2642 2448 2678 compu-

1367 2678 1407 2711 10
1454 2675 1536 2710 tari.
1585 2674 1684 2720 Quae
1719 2675 1878 2711 habebat
1913 2674 2026 2711 filium
2064 2680 2101 2711 et
2134 2686 2179 2712 ex
2211 2686 2254 2713 eo
2284 2683 2449 2723 nepotem

1363 2726 1534 2765 utrosque
1556 2720 1593 2755 in
1615 2721 1733 2755 mariti
1781 2724 1944 2763 otestate,
1968 2721 2134 2756 maritum
2151 2731 2196 2757 ex
2209 2731 2291 2758 asse
2306 2723 2450 2768 scripsit

1363 2731 1820 2847 &assumatis
1835 2766 2379 2849 meismes&
2404 2769 2449 2849 δὲ

1364 2856 1453 2893 ‘eius
1477 2856 1677 2899 committo,
1709 2856 1881 2900 quidquid
1911 2866 1956 2892 ex
1978 2839 2174 2893 hereditat’e
2188 2823 2276 2893 ¹1'nea
2298 2858 2344 2893 ad
2368 2824 2448 2894 e‘iun

1364 2906 1373 2921 ‘
1401 2901 1593 2944 ‹ax-venerit,
1626 2910 1707 2936 cum
1736 2901 1829 2936 mori
1859 2902 2035 2947 coeperit,
2070 2901 2131 2938 det
2160 2903 2326 2938 restituat
2357 2903 2447 2940 Gaio

1364 2950 1373 2966 ‘
1415 2947 1448 2982 'o
1479 2950 1620 2988 nostro,
1654 2946 1707 2981 ita
1744 2951 1882 2989 tamen,
1923 2951 1964 2982 ut
1998 2946 2120 2983 decem
2150 2947 2292 3001 quidem
2322 2949 2447 2985 uncias

1364 2992 1488 3027 ‘Gaius
1519 2991 1666 3033 habeat,
1697 2990 1787 3027 duas
1817 2996 1938 3028 autem
1966 2991 2091 3027 uncias
2115 2991 2218 3027 Seius
2248 3003 2358 3038 nepos
2382 2994 2446 3029 ha-

1363 3038 1475 3073 ‘beatz
1501 3036 1597 3082 quod
1619 3040 1660 3071 ut
1682 3036 1762 3079 fiat,
1793 3036 1876 3072 fidei
1899 3038 1975 3073 eius
2001 3036 2073 3072 Titi
2094 3036 2235 3073 heredis
2257 3038 2327 3074 mei
2351 3049 2445 3074 com-

1364 3083 1500 3118 ‘mitto'.
1547 3085 1652 3127 pater
1675 3081 1912 3127 emancipavit
1934 3082 2055 3124 filium,
2081 3086 2247 3127 nepotem
2271 3083 2389 3119 amisit
2412 3089 2448 3120 et

1363 3127 1554 3173 superstite
1575 3125 1649 3161 filio
1674 3126 1837 3163 decessit.
1910 3127 2086 3163 uaesitum
2108 3131 2182 3169 est,
2213 3137 2260 3163 an
2273 3129 2300 3150 ¹⁷
2328 3129 2446 3174 priore

1362 3176 1465 3252 gatte
1488 3171 1687 3224 scripturae
1711 3172 1877 3208 universa
1924 3171 2076 3208 ereditas
2095 3172 2251 3217 patris¹⁸
2274 3183 2318 3208 ex
2337 3183 2445 3209 causa

1389 3217 1623 3253 deicommissi
1659 3216 1733 3252 filio
1766 3217 1938 3253 debeatur
1965 3221 2001 3252 et
2028 3217 2091 3252 illa
2120 3218 2307 3263 sequentia
2337 3220 2446 3255 verba

1362 3261 2444 3345 {ffibfflngxu‘vffii‘ffgoemissffinsshssg’iffamieffssmssffl

1362 3353 1547 3405 haberent,
1571 3352 1602 3388 si
1626 3352 1682 3388 die
1705 3352 1967 3388 fideicommissi
1991 3352 2138 3389 cedente
2159 3352 2255 3389 filius
2279 3357 2316 3388 et
2333 3363 2443 3408 nepos

1362 3407 1485 3434 eorum
1507 3398 1586 3432 ιιιιο
1608 3402 1739 3433 natura
1763 3401 1892 3439 essent,
1917 3407 1997 3432 cum
2021 3402 2140 3434 autem
2159 3407 2231 3435 non
2250 3399 2446 3444 supervixit

1362 3511 1452 3544 niam
1471 3515 1504 3545 et
1521 3512 1586 3554 ipsi
1606 3512 1793 3544 universam
1810 3521 1879 3543 rem
1893 3521 1998 3544 meam
2011 3522 2060 3554 eo,
2079 3512 2168 3554 quod
2179 3511 2282 3545 filiam
2293 3523 2399 3546 meam
2411 3515 2444 3546 et

1362 3559 1513 3600 nepotem
1526 3567 1635 3589 meum
1647 3555 1782 3590 heredes
1792 3555 1909 3598 scripsi
1921 3556 2092 3590 universae
2103 3557 2316 3599 substantiae,
2331 3557 2444 3591 videor

1361 3602 1616 3635 communicasse
1697 3603 1754 3642 (14)
1778 3600 2025 3634 fideicommissa
2037 3602 2071 3634 F
2146 3605 2205 3644 (ιδ)
2229 3602 2403 3636 restituere
2417 3603 2451 3637 F

1856 3648 1915 3687 (18)
1938 3646 2054 3679 matris
2067 3647 2237 3693 Schultt'ny
2303 3649 2363 3689 (1⁹)
2388 3659 2441 3681 eo·
