2528 3918
119 135 174 166 121⁴:
178 133 294 166 GA'PA

167 247 190 288 8
218 250 447 285 Poupomvs
467 251 559 287 libro
583 252 688 286 sexto
712 250 763 285 ad
778 249 951 285 Sabinum
991 250 1073 285 Non
1097 250 1211 285 solum

122 301 282 332 nostrum
307 296 513 337 debitorem,
539 295 603 331 sed
626 299 663 330 et
685 295 825 330 heredis
850 299 886 330 et
910 296 1100 331 cuiuslibet
1123 297 1210 330 alte-

126 347 135 375 1
190 342 262 376 rius
287 345 328 375 ut
352 341 523 376 liberetur
536 342 556 384 ¹,
581 341 700 384 legare
724 351 926 384 possumus.
965 340 1089 376 Potest
1109 342 1212 376 heres

121 386 292 429 damnari,
317 390 359 421 ut
382 386 428 421 ad
452 390 588 421 certum
611 390 751 430 tempus
777 396 849 420 non
869 390 970 430 petat
990 396 1012 420 a
1032 386 1210 421 debitore:

119 432 182 467 sed
212 431 289 467 sine
321 431 429 467 dubio
462 441 528 466 nec
559 431 737 465 liberare²
769 441 850 465 eum
878 431 973 465 intra
1004 431 1040 465 id
1071 435 1211 476 tempus

118 477 272 520 debebit,
298 481 343 520 et,
369 477 400 511 si
423 476 563 511 debitor
583 476 789 518 decesserit,
814 477 859 510 ab
877 476 1008 511 herede
1026 476 1101 511 eius
1118 477 1212 511 intra

119 526 138 556 2
187 522 224 557 id
256 527 397 566 tempus
427 522 501 566 peti
529 532 601 556 non
624 521 767 566 poterit.
815 521 908 555 Illud
933 521 1120 556 videndum
1145 526 1210 564 est,

119 578 164 602 an
190 567 265 602 eius
289 567 470 612 temporis,
496 567 591 601 intra
615 566 710 611 quod
734 570 854 610 petere
880 567 982 601 heres
1003 567 1132 601 vetitus
1153 567 1209 608 sit,

119 613 172 647 vel
198 623 328 647 usuras
352 612 406 647 vel
430 622 565 657 poenas
589 615 713 656 petere
736 612 861 656 possit.
911 616 946 646 et
970 612 1114 647 Priscus
1138 612 1210 647 Ne-

118 658 230 693 ratius
267 658 494 692 existimabat
531 657 751 692 committere
785 667 864 691 eum
897 657 1067 692 adversus
1100 661 1211 692 testa-

119 710 136 737 3
185 707 353 744 mentum,
378 703 409 737 si
432 702 598 747 petisset:
625 702 719 746 quod
742 712 865 737 verum
889 707 955 737 est.
1004 703 1093 738 Tale
1116 704 1210 747 lega-

118 754 210 783 tum:
247 748 360 783 ‘heres
392 758 491 783 meus
525 758 546 782 a
577 747 653 782 solo
678 747 791 782 Lucio
818 747 913 782 Titio
943 758 987 782 ne
1010 748 1134 800 petito'
1166 747 1211 782 ad

119 794 283 829 heredem
306 793 410 828 Lucii
433 793 518 828 Titii
542 803 614 828 non
637 793 786 835 transit,
819 793 849 827 si
878 793 966 828 nihil
995 804 1072 828 vivo
1097 794 1210 828 Lucio

117 839 211 874 Titio
237 839 405 873 adversus
429 842 680 874 testamentum
705 839 750 872 ab
776 838 928 880 herede,
962 849 1003 874 eo
1037 839 1132 884 quod
1164 839 1210 873 ab

118 895 159 920 eo
178 884 318 929 exigere
333 884 493 919 debitum
507 884 702 929 temptavit,
719 884 765 918 sit
780 884 1022 919 commissum:
1048 884 1210 929 quotiens

120 930 212 964 enim
238 930 407 964 cohaeret
430 939 605 974 personae
629 929 664 963 id
689 929 785 973 quod
808 929 966 974 legatur,
996 929 1105 964 veluti
1128 940 1209 974 per-

118 975 250 1010 sonalis
275 975 437 1016 servitus,
462 974 509 1009 ad
532 974 698 1009 heredem
724 974 799 1009 eius
823 985 895 1009 non
919 975 1058 1018 transit,
1084 975 1114 1010 si
1138 985 1210 1009 non

119 1024 137 1055 4
187 1021 372 1062 cohaeret,
409 1020 550 1054 transit.
605 1019 641 1054 Si
673 1020 782 1055 verba
814 1020 1036 1055 liberationis
1067 1020 1105 1054 in
1135 1030 1210 1055 rem

118 1066 189 1100 sint
211 1065 362 1107 collata,
395 1076 461 1110 pro
486 1076 528 1101 eo
551 1068 625 1107 est,
658 1065 761 1109 quasi
784 1065 888 1100 heres
913 1065 959 1100 ab
984 1076 1025 1100 eo
1052 1065 1211 1100 debitore

118 1111 317 1156 heredeque
341 1111 416 1146 eius
467 1115 561 1146 etere
585 1110 713 1145 vetitus
738 1111 800 1153 sit,
827 1115 867 1145 ut
891 1111 1043 1146 adiectio
1070 1111 1208 1146 heredis

118 1156 264 1202 perinde
287 1157 375 1191 nihil
398 1167 441 1191 va
456 1160 534 1199 eat,
568 1159 675 1201 atque
705 1167 778 1192 non
802 1160 897 1192 esset
920 1157 1074 1191 valitura
1096 1157 1209 1201 ipsius

118 1206 137 1236 5
185 1201 355 1237 debitoris
379 1212 534 1247 persona
557 1212 629 1236 non
655 1202 924 1246 comprehensa.
971 1202 1018 1245 Is,
1048 1202 1107 1247 qui
1130 1201 1209 1237 red-

118 1248 201 1283 dere
232 1248 389 1282 rationes
420 1247 539 1282 iussus
564 1247 628 1289 sit,
660 1257 733 1281 non
757 1247 895 1282 videtur
919 1246 1147 1290 satisfacere,
1180 1246 1210 1282 si

119 1297 138 1327 6
186 1293 362 1338 reliquum
393 1292 521 1327 reddat
552 1303 624 1327 non
654 1292 757 1327 editis
786 1292 995 1328 rationibus.
1045 1292 1082 1328 Si
1106 1293 1209 1327 heres

118 1338 248 1373 vetitus
267 1338 314 1372 sit
330 1348 434 1383 agere
455 1349 534 1372 cum
553 1347 606 1380 eo,
632 1338 693 1382 qui
711 1337 855 1382 negotia
873 1337 1032 1373 defuncti
1074 1338 1209 1379 esserit,

118 1394 190 1419 non
220 1383 359 1418 videtur
389 1383 556 1427 obligatio
588 1383 619 1418 ei
650 1383 855 1428 praelegata
865 1384 890 1426 ³,
921 1393 1013 1428 quae
1068 1384 1125 1419 olo
1153 1384 1210 1418 vel

118 1440 162 1463 ex
184 1428 310 1463 fraude
334 1429 411 1463 eius
435 1429 495 1473 qui
519 1428 660 1473 negotia
682 1429 832 1472 gesserit
861 1428 1049 1464 commissa
1078 1429 1143 1471 sit,
1174 1432 1210 1463 et

118 1478 268 1509 testator
286 1473 324 1508 id
343 1473 482 1509 videtur
500 1474 663 1508 sensisse.
700 1473 780 1509 ideo
804 1474 835 1508 si
858 1474 962 1509 heres
987 1474 1208 1518 negotiorum

116 1524 297 1564 gestorum
322 1519 460 1564 egisset,
485 1529 594 1563 agens
619 1522 833 1564 procurator
856 1529 901 1554 ex
920 1522 1133 1554 testamento
1153 1520 1208 1554 in-

118 1569 135 1598 7
187 1565 275 1600 certi
307 1564 380 1600 doli
408 1564 495 1599 mali
524 1565 733 1609 exceptione
762 1565 903 1599 excludi
926 1568 1055 1610 potest.
1102 1566 1153 1600 Et
1175 1566 1209 1601 ei

117 1610 279 1645 liberatio
303 1614 400 1645 recte
424 1610 572 1655 legatur,
598 1610 695 1655 apud
719 1620 824 1655 quem
849 1610 1046 1663 deposuero
1071 1611 1126 1646 vel
1151 1611 1209 1646 cui

117 1655 387 1691 commodavero
420 1656 457 1709 pi
507 1655 602 1691 orive
632 1655 764 1691 dedero
793 1655 850 1690 vel
878 1666 911 1691 ei
935 1666 1039 1700 quem
1064 1667 1108 1691 ex
1130 1656 1207 1691 fur-

117 1701 188 1736 tiva
212 1711 322 1736 causa
346 1700 432 1735 mihi
480 1711 540 1736 are
564 1704 716 1746 oportet.

162 1744 186 1784 9
219 1746 414 1782 ULPJANUS
434 1746 524 1782 libro
549 1747 715 1781 vicesimo
739 1750 871 1792 quarto
895 1747 945 1782 ad
960 1746 1135 1783 Sabinum
1171 1747 1209 1782 Si

117 1793 194 1836 quis
224 1792 380 1826 rationes
413 1791 552 1837 exigere
581 1795 735 1835 vetetur,
767 1796 809 1826 ut
837 1795 893 1827 est
922 1792 1129 1837 saepissime
1151 1803 1207 1828 re-

117 1838 307 1882 scriptum,
337 1847 410 1872 non
432 1837 624 1890 impeditur
647 1837 801 1882 reliquas
827 1838 982 1882 exigere,
1014 1848 1104 1883 quas
1128 1839 1208 1883 quis

116 1893 154 1917 se
177 1883 376 1926 reliquavit,
402 1887 437 1917 et
461 1894 491 1917 Sl
515 1882 599 1927 quid
624 1882 706 1917 dolo
725 1882 812 1918 fecit
829 1883 891 1928 qui
909 1883 1068 1919 rationes
1087 1884 1208 1928 gessit.

116 1928 276 2008 91ἒοῐὲῃῇ
291 1929 383 2008 ἒᾞῗο
395 1927 1210 2019 6ἱέἰὲἓο,ἓξὲξ’Ἣῗὲἶῖῗῐᾱῆἓυᾱῖἓᾛέἕῗὲἑ

656 2000 665 2015 ‚
996 2000 998 2003 .

117 2019 188 2053 ‘illa
216 2019 272 2054 vel
296 2019 356 2053 illa
380 2019 538 2062 actione,
571 2019 607 2053 id
639 2019 673 2054 ei
703 2019 903 2054 restituere'
935 2020 991 2055 vel
1021 2020 1208 2056 ‘actionem

116 2065 158 2099 ‘ei
182 2064 383 2100 remittere’.

165 2108 214 2147 10
240 2109 433 2144 IULIANUS
453 2109 544 2146 libro
570 2110 753 2156 triqesimo
778 2110 883 2145 tertio
908 2109 1127 2156 diqestorum
1172 2111 1209 2146 Si

116 2155 304 2190 damnatus
339 2155 441 2190 heres
472 2154 581 2190 fuerit
604 2165 627 2189 a
651 2154 860 2190 fideiussore
884 2155 1027 2200 quidem
1050 2167 1122 2191 non
1145 2167 1208 2202 pe-

115 2205 201 2243 tere,
232 2200 327 2245 quod
351 2204 470 2235 autem
492 2210 575 2235 reus
600 2200 716 2242 debet,
742 2200 838 2235 Titio
863 2200 960 2245 dare,
988 2201 1124 2246 pacisci
1148 2202 1208 2237 de-

116 2247 187 2288 bet,
212 2256 256 2281 ne
282 2256 303 2280 a
322 2245 530 2281 fideiussore
551 2249 661 2290 petat,
686 2249 723 2281 et
740 2245 910 2281 adversus
932 2257 1029 2281 reum
1049 2247 1208 2283 actiones

116 2302 200 2326 suas
235 2295 420 2336 praestare
456 2291 647 2335 legatario:
687 2291 983 2336 quemadmodum
1020 2292 1208 2328 damnatus

117 2338 238 2378 heres,
271 2347 316 2372 ne
340 2347 362 2371 a
385 2347 447 2371 reo
472 2340 587 2381 petat,
618 2341 655 2371 et
679 2336 868 2372 damnatus
893 2337 980 2372 dare
1003 2338 1099 2382 quod
1121 2337 1207 2373 fide-

115 2383 233 2417 iussor
257 2382 373 2424 debet,
399 2386 435 2416 et
458 2392 519 2417 reo
542 2384 729 2427 acceptum
749 2381 870 2417 facere
889 2387 925 2418 et
944 2384 1115 2428 legatario
1137 2384 1207 2419 litis

116 2427 398 2463 aestimationem
423 2427 571 2462 sufferre
595 2431 755 2471 cogatur.

166 2472 211 2509 11
240 2472 349 2508 IDEM
368 2473 458 2508 libro
483 2474 666 2519 triqesimo
691 2476 796 2508 sexto
820 2473 1040 2520 diqestorum
1085 2474 1122 2509 Si
1140 2474 1206 2510 de-

116 2518 212 2553 bitor
240 2517 485 2553 fideiussorem
515 2528 619 2553 suum
649 2518 694 2552 ab
725 2518 855 2554 herede
878 2529 943 2555 suo
966 2519 1111 2554 liberari
1133 2520 1207 2556 ius-

117 2563 221 2606 serit,
254 2574 301 2598 an
331 2563 520 2598 fideiussor
551 2564 696 2599 liberari
728 2563 883 2599 debeat?>
929 2565 1121 2609 respondi⁴
1146 2566 1206 2601 de-

117 2610 211 2644 bere.
260 2610 343 2643 item
367 2609 568 2654 quaesitum
592 2613 662 2650 est,
688 2619 750 2651 an,
776 2610 860 2653 quia
882 2610 1042 2645 mandati
1066 2611 1207 2646 actione

116 2654 264 2689 heredes
296 2658 519 2695 tenerentur,
552 2654 675 2689 inutile
707 2654 863 2698 legatum
895 2659 1004 2697 esset,
1038 2657 1206 2700 quemad-

116 2699 259 2734 modum
290 2700 416 2734 inutile
445 2700 623 2744 legatum5
654 2703 708 2734 est
739 2699 836 2744 quod
867 2700 1006 2735 debitor
1039 2701 1206 2737 creditori

116 2755 180 2780 suo
204 2745 309 2789 legat.
356 2745 541 2790 respondi,
578 2744 742 2789 quotiens
773 2744 913 2780 debitor
943 2746 1111 2781 creditori
1142 2757 1206 2782 suo

116 2791 268 2834 legaret,
299 2790 351 2825 ita
379 2790 505 2825 inutile
535 2800 613 2825 esse
642 2791 816 2834 legatum,
849 2790 881 2825 si
909 2790 997 2825 nihil
1020 2791 1208 2827 interesset

117 2835 302 2870 creditoris
332 2846 375 2870 ex
405 2839 618 2870 testamento
643 2835 763 2880 potius
788 2846 893 2880 agere
916 2846 1023 2881 quam
1048 2847 1092 2871 ex
1116 2837 1206 2882 pris-

116 2881 192 2916 tina
214 2881 440 2925 obligatione.
488 2891 571 2915 nam
602 2887 637 2916 et
666 2880 697 2916 si
721 2880 838 2916 Titius
861 2881 1083 2917 mandaverit
1105 2882 1206 2918 Mae-

116 2926 189 2969 vio,
230 2930 269 2960 ut
299 2926 488 2971 pecuniam
518 2926 759 2971 promitteret,
796 2925 923 2961 deinde
951 2927 1097 2962 liberari
1127 2938 1207 2963 eum

116 2971 260 3006 iusserit
278 2982 300 3006 a
321 2972 542 3016 stipulatore,
566 2971 795 3006 manifestum
814 2976 879 3016 est,
906 2976 1077 3017 quantum
1096 2972 1206 3008 inter-

116 3016 163 3050 sit
184 3017 297 3062 prom'
320 3017 411 3052 soris
434 3017 579 3052 liberari
602 3017 721 3062 potius
741 3027 849 3062 quam
871 3021 1055 3062 praestare
1079 3028 1123 3054 ex
1142 3019 1206 3054 sti—

117 3061 253 3105 pulatu,
305 3061 407 3097 einde
430 3062 588 3097 mandati
612 3072 728 3107 agere.

167 3105 216 3143 12
241 3107 347 3142 IDEM
367 3108 458 3142 libro
484 3108 666 3154 triqesz‘mo
690 3118 785 3142 nono
810 3107 1030 3154 diqestorum
1069 3108 1206 3144 Lucius

117 3151 233 3187 Titius
265 3163 346 3187 cum
377 3152 523 3188 Erotem
555 3156 714 3188 actorem
744 3152 913 3196 haberet,
951 3153 1124 3189 codicillis
1155 3154 1207 3190 ita

118 3197 228 3232 cavit:
267 3198 425 3233 ‘Erotem
464 3198 616 3233 liberum
656 3208 733 3233 esse
769 3198 869 3234 volo:
907 3209 1012 3244 quem
1048 3200 1205 3236 rationes

118 3241 277 3277 ‘reddere
300 3243 379 3277 volo
405 3243 478 3278 eius
502 3243 692 3288 temporis,
725 3243 821 3288 quod
854 3244 922 3279 erit
949 3247 1033 3289 post
1055 3245 1204 3280 novissi-

120 3293 224 3320 ⁴mam
252 3297 366 3322 meam
395 3288 715 3333 subscriptionem'.
768 3292 896 3333 postea
924 3290 1028 3325 vivus
1058 3290 1204 3326 Erotem

118 3332 344 3366 manumisit⁸
374 3333 412 3367 in
444 3333 567 3369 eodem
599 3337 683 3368 actu
711 3333 839 3369 habuit
867 3334 1095 3379 rationesque
1120 3336 1204 3370 sub-

118 3377 263 3421 scripsit
284 3387 397 3422 usque
419 3378 456 3413 in
475 3389 556 3413 eum
574 3378 676 3421 diem,
703 3378 764 3424 qui
781 3378 849 3413 fuit
867 3383 950 3414 ante
969 3380 1205 3424 paucissimos

118 3422 193 3457 dies
231 3431 338 3466 quam
374 3427 585 3459 moreretur.
638 3423 787 3459 heredes
824 3424 931 3460 Lucii
961 3425 1048 3460 Titii
1083 3426 1206 3461 dicunt

119 3537 159 3578 (1)
182 3536 354 3579 liberetur]
367 3535 486 3570 liberet
497 3538 592 3571 heres
602 3551 664 3572 scr.
760 3541 802 3581 (2)
826 3538 979 3582 liberare]
992 3539 1206 3582 interpellare

118 3594 180 3615 scr.
239 3583 283 3623 (3)
308 3583 484 3624 requiritur
496 3585 608 3626 erepta
620 3585 673 3617 vel
684 3585 749 3618 tale
760 3585 948 3618 vocabulum
1002 3587 1046 3627 (4)
1071 3595 1205 3628 respon—

119 3627 169 3659 dit
181 3628 215 3660 F
315 3631 358 3668 (5)
383 3629 464 3659 esset
476 3637 507 3669 q.
520 3628 543 3659 i.
555 3627 703 3670 legatum
716 3631 834 3663 habent
847 3630 884 3671 S,
902 3642 960 3662 om.
974 3630 1008 3662 F
1105 3633 1148 3671 ιο)
1173 3633 1206 3663 et

119 3673 178 3704 ins.
300 3672 344 3713 (7)
367 3671 533 3704 inutilisse
546 3674 609 3714 Fa,
628 3673 771 3707 intilisse
784 3673 836 3707 F⁶
958 3676 1002 3716 48)
1025 3675 1054 3707 si
1074 3677 1149 3717 quis
1167 3675 1204 3707 in

119 3718 316 3749 testamento
335 3716 509 3749 damnatus
528 3719 586 3758 est,
605 3728 648 3750 ne
660 3729 680 3750 a
690 3719 782 3751 Titio
794 3718 943 3752 debitore
955 3720 1077 3762 exigat,
1096 3730 1204 3761 neque

119 3760 273 3794 heredem
296 3761 368 3795 eius
390 3764 497 3805 potest
519 3763 695 3796 convenire
718 3774 827 3807 neque
843 3764 975 3797 heredis
992 3765 1088 3799 heres
1106 3775 1204 3806 agere

2109 124 2323 167 XXXIIII
2347 125 2370 165 3

1283 249 1455 294 quasdam
1481 259 1637 285 summas
1663 253 1698 283 et
1722 259 1860 284 servum
1885 250 2002 285 adhuc
2017 250 2164 285 Erotem
2189 253 2225 285 et
2247 254 2375 295 postea

1282 295 1433 330 liberum
1459 295 1641 339 accepisse
1667 305 1780 339 neque
1804 296 1839 329 in
1864 306 1925 330 eas
1949 296 2116 339 rationes,
2143 307 2234 340 quae
2258 307 2280 330 a
2299 297 2372 331 Lu-

1284 340 1337 374 cio
1371 341 1465 375 Titio
1499 341 1724 384 subscriptae
1758 345 1859 381 sunt,
1895 341 2097 376 intulisse⁷z
2137 352 2288 386 quaero,
2327 352 2373 376 an

1282 385 1431 421 heredes
1457 386 1501 420 ab
1526 385 1638 420 Erote
1663 385 1750 419 nihil
1774 385 1912 430 exigere
1937 386 2068 421 debent
2091 386 2166 422 eius
2190 388 2372 432 temporis,

1282 441 1352 474 quo
1377 431 1514 466 Lucius
1539 430 1655 465 Titius
1685 430 1908 474 subscripsit.
1958 432 2127 483 respondi
2150 432 2297 467 Erotem
2330 443 2373 467 ex

1283 486 1325 510 ea
1350 486 1462 510 causa
1486 486 1577 520 quae
1601 479 1865 520 proponeretur
1887 476 2132 512 liberationem
2156 482 2276 522 petere
2301 489 2372 512 non

1282 531 1398 565 posse,
1424 522 1493 556 nisi
1517 524 1553 556 et
1575 521 1644 556 hoc
1668 521 1870 565 specialiter
1894 521 1926 556 ei
1951 522 2135 556 remissum
2160 527 2223 557 est.

1330 563 1379 603 13
1413 566 1521 601 IDEM
1546 566 1638 601 libro
1670 567 1887 611 octaqesimo
1911 568 2033 612 primo
2064 568 2283 613 dz'qestorum
2335 568 2373 604 Si

1281 611 1436 646 creditor
1469 611 1639 655 debitori,
1672 612 1733 656 qui
1764 621 1803 646 se
1835 611 2045 655 exceptione
2077 618 2251 657 perpetua
2282 615 2373 649 tueri

1280 660 1434 700 poterat,
1458 657 1628 701 legaverit
1652 656 1747 701 quod
1772 656 1840 692 sibi
1864 656 2024 700 deberet,
2050 658 2181 693 nullius
2206 661 2372 694 momenti

1280 702 1434 746 legatum
1458 703 1536 737 erit.
1586 706 1624 736 at
1647 702 1679 737 si
1701 702 1795 736 idem
1824 702 1963 737 debitor
1995 702 2162 737 creditori
2194 704 2371 748 legaverit,

1280 747 1554 826 intlellegendum
1579 748 1646 782 erit
1669 747 1914 792 exceptionem
1947 757 2026 782 eum
2051 749 2181 783 remitti
2206 750 2372 785 creditori

1280 803 1322 827 vo
1339 803 1444 827 msse.

1329 836 1380 874 14
1412 838 1607 873 Urpfflws
1628 838 1720 873 libro
1738 839 1862 884 primo
1884 838 2241 883 fideicommissorum
2277 841 2372 875 Idem

1281 886 1336 917 est
1360 887 1395 917 et
1419 884 1449 918 si
1472 883 1510 917 in
1534 883 1627 918 diem
1651 882 1792 918 debitor
1816 883 1884 917 fuit
1908 883 1962 918 vel
1986 884 2052 918 sub
2078 884 2298 921 condicione.

1330 927 1378 964 15
1405 928 1511 963 IDEM
1532 929 1623 963 libro
1647 929 1876 974 sexaqesimo
1901 932 2033 974 quarto
2065 929 2114 964 ad
2137 930 2289 965 edictum
2336 932 2371 965 Si

1280 974 1360 1018 quis
1384 974 1421 1008 in
1445 977 1659 1009 testamento
1685 974 1874 1008 damnatus
1900 978 1964 1016 est,
1990 984 2035 1009 ne
2056 984 2079 1009 a
2097 975 2192 1010 Titio
2213 976 2374 1011 debitore

1280 1019 1409 1072 exigat,
1434 1030 1549 1064 neque
1573 1019 1692 1064 ipsum
1716 1029 1831 1064 neque
1855 1019 2022 1054 heredem
2047 1020 2124 1055 eius
2146 1024 2266 1065 potest
2288 1033 2373 1057 con-

1279 1075 1415 1100 vemre:
1441 1075 1523 1100 nam
1548 1075 1664 1109 neque
1687 1065 1826 1100 heredis
1851 1066 1955 1100 heres
1981 1075 2086 1109 agere
2109 1076 2225 1111 neque
2245 1068 2290 1101 ab
2310 1068 2372 1102 he-

1279 1110 1375 1145 redis
1399 1110 1529 1145 herede
1547 1114 1665 1154 potest
1685 1110 1760 1155 peti
1771 1111 1795 1145 ⁸.
1831 1110 1974 1146 heredis
1994 1114 2113 1146 autem
2134 1112 2236 1147 heres
2255 1117 2374 1158 potest

1280 1156 1451 1198 damnari,
1475 1166 1520 1191 ne
1544 1156 1664 1200 exigat
1687 1156 1894 1191 debitorem.

1329 1199 1379 1238 16
1405 1201 1565 1236 PAULUS
1586 1200 1677 1236 libro
1701 1212 1796 1236 nono
1821 1202 1871 1236 ad
1894 1201 2079 1236 Plautium
2134 1202 2180 1236 Ei
2210 1203 2268 1238 cui
2292 1203 2372 1238 fun-

1281 1246 1365 1282 dum
1388 1246 1426 1281 in
1451 1247 1731 1291 quinquennium
1749 1247 1949 1282 locaveram
1969 1247 2083 1292 legavi
2103 1248 2274 1292 quidquid
2295 1259 2371 1283 eum

1281 1292 1367 1327 mihi
1392 1292 1478 1327 dare
1501 1292 1620 1327 facere
1645 1295 1787 1337 oportet
1810 1292 2032 1345 oportebitve
2056 1296 2096 1327 ut
2116 1293 2248 1328 sineret
2271 1294 2372 1329 heres

1280 1338 1349 1373 sibi
1380 1338 1524 1373 habere.
1578 1337 1697 1372 Nerva
1726 1337 1939 1380 Atilicinus,
1972 1338 2003 1373 si
2032 1338 2136 1374 heres
2168 1339 2374 1383 prohiberet

1281 1394 1362 1418 eum
1384 1383 1475 1425 frui,
1508 1394 1553 1418 ex
1579 1383 1777 1425 conducto,
1810 1383 1841 1418 si
1864 1383 1942 1418 iure
1966 1383 2156 1419 locationis
2181 1384 2266 1429 quid
2289 1386 2373 1420 reti-

1280 1432 1391 1472 neret,
1417 1439 1460 1463 ex
1484 1432 1698 1463 testamento
1722 1428 1800 1464 fore
1825 1428 2020 1473 obligatum
2042 1430 2153 1473 aiunt,
2180 1430 2263 1474 quia
2287 1431 2372 1465 nihil

1278 1474 1483 1516 interesset,
1514 1478 1697 1519 peteretur
1720 1484 1767 1508 an
1790 1474 1978 1509 retineret:
2011 1478 2124 1510 totam
2154 1476 2247 1510 enim
2276 1476 2373 1511 loca-

1278 1520 1413 1555 tionem
1435 1521 1588 1564 legatam
1613 1519 1735 1563 videri,

1329 1562 1378 1602 17
1404 1565 1450 1600 ΙΑ
1459 1574 1631 1600 von-Nos
1652 1565 1743 1600 libro
1762 1565 1919 1601 secundo
1934 1564 2113 1601 Labeonis
2127 1567 2372 1612 posteriorum

1277 1611 1343 1646 reli
1368 1621 1416 1646 ua
1440 1620 1600 1655 quoque:
1627 1610 1687 1645 ⁹in
1711 1610 1843 1646 iudicio
1867 1610 2058 1646 locationis
2081 1611 2212 1647 venire.

1327 1655 1345 1693 1
1420 1656 1580 1692 PAULUs
1613 1656 1704 1692 libro
1743 1667 1839 1691 nono
1876 1656 1926 1691 ad
1959 1656 2145 1692 Plautium
2207 1657 2371 1693 Cassws.

1277 1702 1399 1737 Etiam
1428 1702 1461 1737 si
1487 1701 1663 1736 habitatio
1694 1711 1736 1737 eo
1764 1701 1871 1736 modo
1895 1702 2013 1746 legata
2037 1706 2147 1745 esset,
2179 1703 2371 1747 gratuitam

1277 1747 1536 1783 habitationem
1563 1746 1668 1782 heres
1696 1750 1883 1791 praestare
1915 1747 2071 1782 deberet.
2120 1751 2155 1782 et
2186 1753 2373 1792 praeterea

1277 1793 1415 1838 placuit
1444 1802 1550 1837 agere
1579 1802 1687 1836 posse
1718 1792 1884 1827 colonum
1917 1803 1999 1827 cum
2028 1793 2159 1828 herede
2188 1804 2231 1828 ex
2261 1797 2373 1829 testa-

1277 1842 1413 1919 ffiento,
1455 1842 1496 1872 ut
1536 1837 1710 1872 liberetur
1744 1837 1998 1873 conductione:
2044 1838 2140 1882 quod
2174 1839 2373 1874 rectissime

1304 1884 1420 1919 'eitun

1328 1927 1378 1967 19
1409 1929 1664 1964 MODESTJNUS
1689 1928 1781 1964 libro
1814 1938 1909 1963 mmo
1938 1929 2150 1974 reqularum
2204 1930 2293 1965 Cum
2322 1931 2372 1965 ita

1277 1978 1467 2011 testemur:
1507 1974 1623 2012 ‘heres
1653 1984 1753 2009 meus
1786 1972 1935 2009 damnas
1968 1978 2045 2009 esto
2076 1974 2231 2010 liberare
2259 1975 2371 2019 illum,

1279 2022 1287 2039 ‘
1313 2020 1386 2056 uod
1414 2020 1445 2055 is
1475 2019 1618 2064 negotia
1647 2029 1728 2054 mea
1758 2019 1885 2063 gessit,
1924 2022 1961 2054 et
1994 2019 2026 2054 si
2063 2020 2148 2064 quid
2177 2031 2258 2055 eum
2285 2022 2371 2056 mihi

1279 2031 1376 2101 ‘dare
1406 2065 1526 2101 facere
1556 2068 1713 2145 qplortet,
1746 2065 1792 2099 ab
1822 2075 1865 2099 eo
1889 2075 1962 2100 non
1985 2064 2148 2110 exigere',
2182 2065 2373 2101 damnatur

1277 2111 1383 2147 heres
1412 2121 1478 2146 nec
1509 2120 1568 2145 cre
1597 2110 1664 2145 'tas
1695 2110 1740 2144 ab
1771 2120 1813 2144 eo
1839 2119 1982 2154 quoque
2004 2110 2176 2154 pecunias
2201 2111 2319 2156 exiget
2333 2114 2369 2147 ¹⁰.

1277 2157 1315 2191 in
1339 2156 1444 2192 simili
1468 2159 1588 2191 autem
1611 2156 1728 2200 legato
1752 2154 1811 2190 vix
1835 2159 1906 2198 est,
1938 2159 1980 2190 ut
2008 2155 2052 2191 de
2082 2166 2124 2191 eo
2156 2167 2296 2201 quoque
2320 2157 2369 2193 le-

1277 2202 1394 2247 gando
1425 2205 1530 2246 pater
1557 2200 1712 2235 familias
1743 2200 1910 2244 senserit,
1942 2201 2038 2245 quod
2067 2201 2178 2237 servis
2208 2202 2285 2238 eius
2308 2213 2370 2247 pe-

1278 2248 1364 2282 culii
1387 2247 1529 2283 nomine
1553 2246 1714 2281 debetur.

1323 2291 1376 2330 20
1402 2293 1509 2328 IDEM
1529 2292 1620 2327 libro
1645 2292 1782 2327 decimo
1805 2301 2062 2337 responsorum
2101 2292 2258 2328 ‘Aurelio
2272 2293 2369 2328 Sem-

1278 2339 1415 2383 ‘pronio
1434 2337 1539 2372 fratri
1557 2347 1648 2372 meo.
1687 2336 1873 2372 Neminem
1890 2337 2111 2372 molestari¹¹
2130 2338 2210 2373 volo
2229 2339 2369 2374 nomine

1278 2383 1400 2419 ‘debiti
1422 2393 1537 2427 neque
1563 2382 1704 2427 exigere
1728 2382 1863 2426 aliquid
1886 2383 1932 2417 ab
1956 2392 2009 2426 eo,
2035 2383 2206 2427 quamdiu
2227 2384 2368 2428 viveret,

1278 2431 1404 2474 ‘neque
1429 2429 1473 2464 de
1496 2432 1594 2464 sorte
1617 2431 1682 2462 aut
1704 2438 1837 2462 usurae
1855 2427 1998 2462 nomine
2016 2427 2142 2463 debiti:
2169 2433 2205 2464 et
2222 2429 2368 2464 absolvo

1278 2476 1321 2510 ‘ei
1345 2479 1381 2510 et
1404 2475 1517 2509 libero
1542 2484 1587 2508 ex
1610 2473 1819 2518 pignoribus
1843 2472 1920 2508 eius
1945 2473 2088 2507 domuin
2111 2476 2147 2508 et
2170 2475 2369 2518 possessio-

1278 2523 1369 2555 ‘nem
1394 2519 1644 2564 Caperlatam'.
1691 2518 1917 2553 Modestinus
1947 2518 2132 2562 respondit
2160 2518 2278 2563 ipsum
2308 2520 2368 2555 de-

1277 2566 1438 2608 bitorem,
1465 2565 1495 2600 si
1510 2563 1751 2607 conveniatur,
1776 2563 1986 2607 exceptione
1999 2567 2116 2598 tutum
2130 2574 2227 2600 esse:
2253 2565 2368 2600 diver-

1282 2614 1295 2645 1
1346 2621 1424 2646 sum
1453 2610 1491 2644 in
1519 2620 1674 2655 persona
1703 2608 1844 2644 heredis
1874 2608 1963 2643 eius.
2011 2608 2123 2644 Gaius
2154 2609 2256 2645 Seius
2287 2621 2367 2646 cum

1276 2656 1505 2698 adolevisset,
1542 2654 1683 2698 accepit
1714 2658 1899 2689 curatores
1928 2653 2096 2688 Publium
2125 2654 2303 2690 Maevium
2333 2661 2369 2691 et

1275 2702 1429 2736 Lucium
1453 2700 1713 2745 Sempronium.
1761 2700 1824 2734 sed
1848 2699 1941 2734 enim
1953 2700 1981 2720 ¹²
2010 2699 2104 2734 idem
2128 2700 2240 2736 Gaius
2265 2701 2367 2736 Seius

1275 2747 1371 2781 intra
1399 2746 1592 2790 legitimam
1624 2748 1778 2780 aetatem
1816 2744 2032 2780 constitutus
2069 2756 2151 2779 cum
2185 2746 2222 2780 in
2253 2746 2367 2782 fatum

1277 2792 1506 2835 concederet,
1538 2794 1752 2825 testamento
1783 2800 1848 2825 suo
1881 2789 1924 2824 de
1954 2791 2181 2826 curatoribus
2213 2792 2287 2827 suis
2316 2793 2367 2826 ita

1277 2837 1386 2872 cavit:
1430 2836 1684 2881 ‘quaestionem
1720 2834 1948 2870 curatoribus
1983 2836 2071 2871 meis
2106 2846 2209 2872 nemo
2239 2837 2366 2872 faciat:

1277 2885 1362 2918 ‘rem
1385 2882 1480 2917 enim
1502 2881 1580 2926 ipse
1604 2880 1779 2915 tractavi’.
1818 2890 1964 2923 quaero,
1988 2890 2036 2915 an
2059 2881 2234 2916 rationem
2259 2893 2365 2917 curae

1275 2927 1425 2962 heredes
1461 2926 1575 2961 adulti
1612 2936 1633 2960 a
1669 2925 1896 2960 curatoribus
1932 2929 2054 2970 petere
2087 2927 2244 2971 possint,
2285 2939 2365 2963 cum

1276 2973 1478 3015 defunctus,
1503 2976 1544 3006 ut
1566 2981 1610 3006 ex
1634 2971 1751 3005 verbis
1768 2970 1972 3006 testamenti
1993 2976 2154 3016 apparet,
2181 2972 2365 3008 confessus

1275 3018 1323 3053 sit
1351 3028 1389 3053 se
1420 3027 1559 3052 omnem
1588 3026 1664 3050 rem
1687 3026 1790 3050 suam
1812 3016 2091 3052 administrasse.
2140 3017 2364 3053 Modestinus

1275 3062 1476 3107 respondit,
1513 3062 1545 3097 si
1582 3060 1667 3105 quid
1701 3061 1784 3096 dolo
1823 3065 2008 3097 curatores
2042 3062 2206 3097 fecerunt
2240 3068 2303 3097 aut
2334 3064 2364 3098 si

1276 3118 1367 3152 quae
1391 3118 1449 3142 res
1471 3106 1655 3142 testatoris
1678 3116 1789 3151 penes
1812 3116 1875 3142 eos
1903 3111 2004 3150 sunt,
2035 3118 2077 3143 eo
2107 3108 2248 3143 nomine
2279 3119 2362 3143 con—

1273 3153 1386 3188 veniri
1409 3162 1472 3187 eos
1495 3161 1615 3197 posse.

1321 3196 1369 3235 21
1401 3198 1627 3233 TERENrms
1645 3196 1825 3232 CLEMENS
1845 3197 1936 3232 libro
1955 3197 2165 3233 duodecimo
2184 3198 2233 3232 ad
2250 3198 2361 3244 leqem

1274 3244 1407 3279 Iuliam
1432 3246 1466 3278 et
1490 3241 1646 3289 Papiam
1695 3242 1734 3277 Si
1755 3242 1793 3277 id
1817 3242 1914 3286 quod
1937 3243 2023 3277 mihi
2048 3243 2194 3278 deberes
2219 3243 2274 3278 vel
2297 3243 2362 3278 tibi

1274 3290 1330 3324 vel
1362 3288 1422 3323 alii
1450 3288 1614 3332 legavero
1647 3286 1754 3332 idque
1783 3287 1870 3322 mihi
1881 3289 1907 3309 ¹³
1942 3288 2089 3323 solveris
2120 3288 2175 3322 vel
2205 3288 2362 3331 qualibet

1274 3335 1346 3369 alia
1369 3333 1507 3368 ratione
1531 3332 1703 3368 liberatus
1728 3343 1750 3367 a
1772 3343 1829 3368 me
1853 3333 1979 3376 fueris,
2007 3333 2243 3376 exstinguitur
2266 3333 2360 3377 lega-

1278 3384 1292 3414 1
1342 3383 1429 3413 tum.
1483 3377 1585 3413 Unde
1613 3378 1751 3413 Iuliano
1780 3378 1917 3422 placuit
1951 3381 1987 3412 et
2021 3378 2051 3412 si
2080 3377 2230 3412 debitori
2258 3378 2361 3413 heres

1275 3424 1452 3460 exstiterit
1475 3422 1631 3458 creditor
1652 3427 1849 3468 posteaque
1879 3423 1956 3467 ipse
1981 3422 2134 3457 creditor
2157 3422 2359 3466 decesserit,

1276 3539 1388 3572 deletis
1398 3538 1519 3582 ylossz's
1531 3550 1593 3570 scr.
1708 3539 1750 3578 (9)
1776 3547 1852 3568 nam
1866 3546 1903 3568 ea
1916 3546 2047 3577 quoque
2061 3537 2119 3568 ins.
2234 3538 2292 3578 (ιο)
2320 3548 2358 3571 uc

1274 3584 1315 3616 ab
1334 3594 1372 3616 eo
1392 3583 1534 3616 creditas
1553 3592 1686 3624 quoque
1704 3582 1862 3624 pecunias
1881 3581 1992 3622 exigat
2002 3593 2063 3613 scr.
2174 3584 2228 3620 (11)
2253 3584 2359 3616 Aure-

1272 3629 1357 3661 lium
1377 3628 1609 3670 Sempronium
1629 3628 1764 3660 fratrem
1785 3637 1894 3658 meum
1914 3626 2081 3658 neminem
2098 3624 2272 3659 molestare
2295 3641 2357 3661 scr.

1273 3678 1331 3714 (¹2)
1355 3673 1412 3706 sed
1424 3674 1525 3716 enim]
1539 3673 1616 3706 dein
1629 3685 1682 3706 scr
1805 3673 1863 3711 (1³)
1889 3670 2022 3703 deberes
2034 3668 2086 3703 vel
2098 3673 2122 3703 t.
2135 3681 2165 3703 v.
2178 3682 2206 3703 a.
2221 3671 2243 3703 1.
2258 3672 2356 3710 idoue

1272 3719 1406 3761 mihiS,
1421 3732 1478 3752 om.
1495 3719 1531 3753 F
