2528 3918
180 115 387 162 xxme

181 237 375 276 nomine¹‘?
406 245 489 272 nam
512 238 555 271 ut
582 235 742 282 corporis
775 234 832 271 vel
860 235 1035 282 pecuniae
1064 234 1273 278 ti-anslatae,

180 283 235 320 ita
269 280 494 327 obligationis
529 280 748 316 constitutae
788 281 912 318 mortis
947 290 1060 316 causa
1094 279 1272 316 condictio

182 331 248 365 est.
273 337 347 363 non
369 325 463 362 idem
493 324 683 361 dicendum
714 328 770 362 est
797 325 836 362 in
866 335 1020 372 persona
1049 324 1219 368 mulieris,
1241 324 1275 361 si

180 373 308 409 mulier
337 371 461 407 mortis
501 380 590 406 suae
623 380 736 407 causa
769 370 887 407 dotem
922 369 1141 416 promiserit,
1177 369 1272 416 quia,

181 418 250 455 nisi
272 415 489 452 matrimonii
511 415 680 452 oneribus
702 416 845 459 serviat,
869 416 935 452 dos
958 414 1058 451 nulla
1081 418 1146 451 est.

228 459 280 499 77
305 461 414 497 loru
443 461 535 497 libro
573 460 711 498 decimo
742 461 783 497 d·
852 461 1026 496 tatianum
1080 459 1119 496 Si
1148 459 1275 495 mulier

181 507 334 544 debitori
356 516 435 549 suo,
459 506 520 552 qui
543 505 611 542 sub
634 506 753 542 usuris
768 472 942 548 meabat,
974 508 1133 551 nuptura
1155 504 1274 541 dotem

180 552 404 600 promisisset
435 550 532 604 quod
568 551 601 587 is
640 551 709 588 sibi
747 551 911 593 deberet,
945 555 1029 595 post
1068 553 1274 586 conti-actas

179 594 1275 688 fflfttugsstntfflssffwffitzzdtffidffiflszffl

760 668 770 684 9

180 687 342 724 debitum
365 686 504 723 mulieri
526 686 566 722 in
589 686 707 723 dotem
731 687 777 722 ab
802 697 846 722 ea
869 686 994 722 datum
1017 688 1123 722 esset.

228 729 281 771 78
305 731 415 768 1021!
432 731 526 768 libro
555 732 744 768 undecimo
775 731 1060 778 disputationum
1117 729 1207 766 Cum
1236 729 1274 765 in

180 777 296 814 fundo
318 777 436 813 mariti
458 777 596 813 liabens
607 778 734 812 mulier
752 787 857 812 usum
879 776 1038 812 fructum
1050 775 1143 812 dotis
1163 785 1275 811 causa

182 833 263 859 eum
285 822 415 859 marito
447 821 563 865 dedit,
595 822 755 868 quamvis
787 822 833 857 ab
865 831 908 858 ea
930 831 1017 857 usus
1047 821 1189 857 fructus
1213 820 1274 856 de-

181 868 331 905 cesserit
342 868 368 911 ²‚
400 867 549 903 maritus
580 870 700 902 tamen
734 877 806 902 non
836 877 942 903 usum
970 866 1130 902 fructum
1152 866 1273 908 habet,

181 913 246 950 sed
268 923 335 949 suo
358 912 470 948 fundo
496 913 598 958 quasi
621 912 784 948 dominus
807 912 939 955 utitur,
971 915 1188 948 consecutus
1210 921 1276 956 per

181 958 302 996 dotem
340 958 484 1004 plenam
517 957 620 993 fundi
654 957 927 1003 proprietatem,
963 968 1036 993 non
1070 960 1275 1002 separatam

180 1014 251 1040 usu
269 1003 392 1039 fructu
399 1003 425 1046 ³,
444 1013 512 1038 nec
524 1007 590 1045 est,
604 1003 699 1048 quod
711 1013 784 1038 non
803 1002 937 1038 utendo
958 1002 1108 1038 maritus
1121 1002 1272 1037 amittat.

181 1049 333 1085 divortio
353 1051 472 1084 autem
495 1047 594 1084 facto
614 1047 810 1083 constituet
831 1048 869 1083 in
889 1047 1013 1083 eodem
1036 1046 1149 1082 fundo
1169 1057 1275 1082 usum

179 1093 339 1130 fructum
369 1093 518 1129 mulieri.
559 1092 656 1138 quod
686 1093 718 1129 si
747 1093 785 1128 in
816 1093 1040 1129 matrimonio
1081 1092 1275 1128 decesserit

180 1150 292 1182 uxor,
336 1138 425 1174 nihil
468 1138 697 1174 emolumenti
731 1138 777 1174 ob
814 1138 933 1174 dotem
967 1138 1102 1173 habere
1136 1137 1275 1173 videtur

179 1184 342 1227 maritus,
366 1183 450 1229 quia
474 1187 510 1219 et
532 1183 563 1218 si
596 1193 742 1219 uxorem
766 1193 845 1219 eam
867 1194 941 1219 non
964 1183 1142 1225 duxisset,
1175 1182 1274 1218 fruc-

181 1230 322 1265 tuariae
352 1233 466 1265 morte
496 1228 620 1264 finitus
650 1238 737 1264 usus
767 1228 908 1264 fructus
939 1228 988 1264 ad
1018 1228 1274 1274 proprietatem

179 1275 328 1311 rediret:
382 1274 533 1318 ideoque
575 1283 643 1309 nec
685 1273 723 1308 in
765 1273 875 1309 funus
918 1272 1061 1309 confert
1103 1272 1272 1308 mulieris.

183 1323 199 1356 1
248 1320 361 1355 Plane
385 1319 415 1354 si
438 1323 542 1364 pater
564 1318 660 1354 filiae
679 1319 833 1362 nomine,
858 1318 941 1364 qui⁴
962 1319 999 1354 in
1022 1318 1133 1354 fundo
1153 1317 1274 1364 generi

180 1375 286 1401 usum
324 1364 483 1400 fructum
521 1364 686 1406 habebit,
723 1364 816 1400 dotis
853 1364 1126 1400 constituendae
1158 1363 1275 1409 gratia

181 1420 262 1446 eum
286 1409 434 1452 dederit,
459 1412 496 1444 et
516 1409 554 1444 in
577 1409 802 1445 matrimonio
824 1412 966 1445 mortua
987 1408 1107 1451 fuerit,
1127 1408 1276 1444 habebit

180 1457 201 1491 2
249 1465 293 1490 ex
316 1465 383 1491 sua
405 1464 560 1500 persona
582 1464 669 1490 usus
692 1454 834 1490 fructus
857 1454 1074 1500 petitionem.
1117 1453 1220 1498 Quod
1244 1453 1275 1488 si

180 1500 307 1535 mulier
347 1500 386 1535 in
419 1499 531 1534 fundo
575 1509 640 1535 suo
674 1499 803 1535 marito
839 1510 945 1535 usum
987 1499 1146 1535 fructum
1181 1498 1275 1534 dotis

181 1555 292 1581 causa
315 1544 557 1585 constituerit,
589 1548 677 1580 tunc
702 1554 746 1580 ex
769 1544 887 1580 mariti
944 1555 1072 1580 ersona
1097 1544 1164 1580 erit
1186 1554 1274 1579 usus

178 1590 319 1626 fructus
355 1590 510 1636 proprie,
547 1590 606 1635 qui
642 1593 678 1625 et
712 1600 786 1625 non
820 1593 906 1625 uten
933 1601 954 1625 ο
985 1590 1098 1636 ipsius
1129 1592 1273 1635 pereat:

180 1635 277 1681 quod
300 1635 331 1671 si
354 1635 537 1676 acciderit,
561 1634 755 1677 videamus,
780 1645 828 1670 an
852 1635 1055 1671 etiamnunc
1080 1634 1206 1670 dotata
1229 1634 1276 1670 sit

179 1681 317 1716 mulier.
351 1683 387 1716 et
417 1680 448 1716 si
478 1679 622 1725 quidem
655 1680 848 1716 dominium
879 1691 902 1715 a
928 1680 977 1715 ud
1007 1680 1190 1716 mulierem
1221 1683 1276 1715 est

178 1725 294 1768 fundi,
318 1725 365 1760 ad
412 1735 492 1760 uem
516 1735 678 1761 reversus
703 1730 758 1761 est
781 1735 868 1761 usus
907 1729 1052 1768 ructus,
1085 1725 1173 1760 nihil
1203 1724 1275 1760 iam

178 1771 216 1806 in
240 1770 324 1806 dote
346 1770 394 1805 ha
421 1774 467 1813 et,
492 1770 589 1815 quod
613 1771 755 1806 actione
778 1771 871 1807 dotis
892 1774 1133 1817 consequatur
1152 1770 1199 1805 ab
1220 1780 1274 1812 eo,

180 1816 239 1852 cui
262 1815 359 1861 quod
381 1826 455 1851 non
478 1815 612 1851 utendo
633 1816 753 1851 amisit
772 1826 877 1852 usum
900 1815 1084 1852 fructum⁵
1105 1815 1275 1861 imputari

179 1872 253 1897 non
276 1864 406 1906 potest,
432 1871 477 1896 ex
500 1871 570 1906 quo
595 1861 676 1913 ipsa
705 1861 845 1897 lucrum
868 1862 995 1897 habet:
1035 1861 1188 1906 ideoque
1219 1861 1274 1896 in-

180 1906 306 1942 dotata
337 1906 414 1942 erit.
419 1905 553 1986 ul{luod
585 1916 616 1941 si
647 1906 852 1942 alienaverit
882 1917 974 1942 uxor
1006 1906 1274 1952 proprietatem,

180 1961 273 1997 quae
307 1951 385 1986 sine
471 1961 492 1986 o
528 1951 685 1987 mulieris
728 1952 966 1988 emolumento
1001 1951 1141 1997 plenior
1174 1950 1276 1986 facta

180 2000 252 2032 est:
286 1996 406 2032 adhuc
430 1995 556 2032 dotata
579 2000 645 2038 est,
665 1997 749 2042 quia
769 1997 862 2033 dotis
882 1997 1023 2033 actione
1041 1996 1156 2032 teneri
1169 1996 1276 2031 debet

179 2041 342 2084 maritus,
389 2041 427 2076 ui
450 2041 593 2087 quando
618 2042 720 2077 licuit
732 2053 800 2077 usu
822 2042 943 2078 fructu
962 2042 1027 2084 uti,
1052 2041 1171 2077 amisit
1193 2051 1275 2077 eum

178 2097 255 2167 ἷιὲιιιι1
276 2090 531 2167 ιὲιὲιιᾱιί).οξιεςιιι
554 2086 585 2122 si
606 2087 741 2122 habere
790 2090 1029 2167 ersevleirasset
1047 2085 1273 2167 ugumtfruc-

403 2142 425 2166 v
483 2142 577 2174 ium,
610 2142 747 2168 commo
774 2142 795 2168 o
827 2143 887 2167 mu
915 2143 984 2168 eris
1025 2142 1066 2167 ce
1091 2141 1150 2167 ere
1198 2141 1274 2167 eius

178 2176 372 2219 restitutio,
396 2176 481 2222 quia
505 2176 572 2212 etsi
595 2187 668 2212 non
691 2177 855 2222 protinus
878 2177 926 2213 ad
955 2177 1072 2223 ipsam
1093 2176 1274 2218 transiret,

178 2225 301 2257 tamen
330 2220 388 2257 vel
419 2221 450 2257 si
479 2221 596 2267 pretio
627 2221 683 2257 vel
713 2222 887 2258 beneficio
918 2222 996 2258 sine
1024 2221 1275 2258 incommodo⁶

178 2266 338 2302 mulieris
361 2265 409 2302 ad
430 2267 686 2312 proprietatem
708 2270 917 2303 revertetur.
957 2267 989 2303 si
1019 2270 1139 2303 autem
1169 2277 1275 2302 usum

178 2311 336 2348 fructum
367 2311 517 2347 maritus
548 2322 621 2347 non
652 2312 828 2355 amiserit,
860 2316 975 2349 morte
1013 2312 1169 2348 mulieris
1201 2322 1274 2347 non

178 2357 303 2393 finitur
334 2366 422 2393 usus
452 2355 594 2393 fructus
627 2357 725 2403 apud
755 2358 935 2394 maritum.
972 2357 1121 2394 divortio
1154 2360 1274 2392 autem

179 2402 278 2438 facto
297 2402 411 2448 primo
431 2401 614 2438 videamus
635 2406 671 2438 et
688 2403 726 2438 in
744 2403 814 2438 hac
834 2407 870 2438 et
887 2404 925 2438 in
937 2403 1121 2449 superiore
1143 2402 1274 2447 specie,

179 2458 226 2483 an
249 2457 316 2527 gro
339 2451 420 2483 rata
449 2448 620 2493 temporis
653 2448 729 2484 eius
761 2448 847 2483 anni
879 2448 1081 2484 dividantur
1113 2447 1273 2483 fructus:

180 2503 250 2538 quo
324 2492 526 2528 robandum
549 2496 614 2528 est.
646 2493 659 2528 i
686 2493 759 2529 sius
782 2497 902 2529 autem
924 2493 1103 2529 restitutio
1126 2492 1179 2528 ita
1200 2492 1274 2535 fiet,

179 2542 221 2573 ut
243 2538 291 2573 ha
318 2538 391 2573 enti
413 2537 552 2573 mulieri
582 2538 648 2573 fun
675 2549 735 2574 um
764 2549 852 2575 usus
884 2538 1025 2574 fructus
1057 2537 1208 2574 cedatur
1240 2542 1276 2573 et

178 2583 230 2618 ita
255 2594 336 2618 cum
358 2583 603 2628 proprietate⁷
628 2584 881 2620 consolidetur.
907 2583 971 2620 sed
1001 2587 1038 2619 et
1069 2583 1100 2619 si
1131 2593 1206 2619 non
1229 2583 1276 2618 sit

178 2627 281 2663 fundi
305 2627 460 2671 domina,
484 2628 594 2664 nihilo
619 2629 735 2664 minus
760 2630 929 2675 competit
961 2628 1055 2665 dotis
1086 2628 1201 2671 aetio,
1234 2632 1276 2663 ut

181 2672 337 2708 dimittat
367 2683 390 2708 a
420 2683 460 2709 se
491 2674 642 2710 maritus
672 2684 776 2710 usum
806 2674 984 2710 fructum:
1028 2684 1111 2709 nam
1144 2673 1200 2709 vel
1230 2683 1275 2709 ex

181 2727 236 2753 em
262 2722 300 2753 to
343 2718 486 2754 actione
519 2719 660 2762 adhuc,
696 2722 737 2755 ut
771 2730 877 2755 usum
910 2719 1068 2755 fructum
1104 2722 1273 2765 praestet,

180 2773 215 2798 ιιι
258 2763 326 2815 'er‘
340 2766 500 2806 tenetur,
533 2768 598 2799 aut
627 2765 781 2810 pretium
814 2765 890 2801 eius
929 2764 1101 2810 consequi
1140 2767 1273 2810 sperat,

180 2811 246 2843 aut
269 2808 380 2843 cuivis
404 2808 513 2853 magis
537 2809 690 2855 gratiam
713 2813 898 2855 praestare
930 2820 1038 2856 quam
1073 2809 1274 2855 relinquere

180 2852 481 2934 {Pusstffiffiussn
504 2854 561 2906 {¹¹⁸
585 2854 658 2890 ²⁶⁸
686 2855 1095 2936 ⁸ir1¹i¹²232¹2²3¹¹¹32¹³⁰⁶¹³
1118 2854 1275 2936 ῗὲἑῗιὶθ

306 2924 315 2932 .
484 2910 559 2935 viro
584 2910 689 2935 usum
772 2911 791 2936 c
912 2911 933 2936 ο
1000 2910 1120 2936 ιιοιιιιιι
1263 2926 1273 2943 ,

179 2946 347 2978 manente
377 2943 601 2980 matrimonio
634 2945 746 2981 eidem
773 2945 926 2982 funium
956 2944 1131 2981 vendiditz
1164 2954 1273 2991 quae-

180 2988 287 3024 situm
312 2987 553 3040 est-divortio
577 2989 675 3026 facto
700 2990 784 3036 quid
804 2990 898 3027 dotis
917 2990 1050 3026 iudicio
1073 2989 1275 3036 reciperare

181 3033 321 3069 debeat.
362 3032 436 3068 dixi
466 3033 618 3078 referre,
659 3036 783 3081 quanti
814 3035 948 3072 fuidus
978 3035 1150 3072 venisset:
1189 3045 1275 3071 nam

181 3078 213 3114 si
235 3077 607 3132 nudae-proprietatis
632 3080 831 3117 aestimatio
853 3081 955 3117 facta
983 3080 1124 3123 fuisset,
1147 3080 1275 3116 mulier

182 3122 277 3160 dotis
298 3122 431 3159 iudicio
455 3129 609 3177 pretium
632 3136 719 3161 usus
750 3125 891 3162 fructus
921 3126 1125 3172 reciperare
1155 3124 1272 3161 debet.

292 3178 375 3214 ergo
399 3171 465 3211 est,
490 3178 521 3204 si
544 3180 597 3204 vir
620 3175 703 3206 ante
726 3171 824 3207 litem
848 3175 1087 3207 contestatam
1110 3174 1273 3206 mortuus

197 3214 336 3250 uisset?
372 3213 521 3250 heredes
552 3215 629 3250 eius
664 3216 751 3251 nihil
788 3217 1044 3262 praestituros:
1087 3225 1171 3251 nam
1206 3215 1275 3251 etsi

182 3258 330 3311 quilibet
361 3259 452 3295 alius
485 3263 624 3304 emptor
658 3261 886 3306 proprietatis
918 3260 1132 3303 exstitisset,
1169 3260 1274 3296 heres

181 3304 245 3339 viri
265 3304 353 3340 nihil
372 3303 510 3340 mulieri
529 3308 730 3350 praestaret
748 3307 884 3342 scilicet
903 3317 972 3342 usu
990 3306 1113 3342 fructu
1131 3315 1273 3342 reverso

182 3349 229 3384 ad
251 3349 519 3395 proprietatem.
562 3353 717 3385 ceterum
750 3351 781 3386 si
810 3350 944 3388 fundus
976 3355 1075 3387 totus
1105 3351 1273 3393 venisset,

182 3394 309 3439 quanti
333 3394 440 3430 debet
457 3393 577 3431 venire
595 3395 693 3430 non⁹
716 3394 877 3432 detracto
898 3397 1098 3439 usufructu,
1118 3395 1274 3441 intellegi

206 3168 269 3204 uid

183 3508 223 3549 (l)
248 3510 350 3550 atque
368 3507 399 3540 si
418 3507 600 3551 stipulanti
620 3508 729 3542 cuivis
758 3508 818 3541 alii
842 3510 1053 3552 promisisset
1078 3511 1139 3543 aut
1158 3509 1270 3542 dotem

182 3552 270 3585 alius
283 3552 433 3586 cuiusvis
445 3553 580 3586 nomine
593 3556 653 3586 aut
664 3552 757 3586 eliud
771 3553 905 3596 quidvis
917 3567 979 3588 scr.
1133 3555 1177 3597 (2)
1201 3554 1271 3588 dis·

183 3597 321 3630 cesserit
341 3598 423 3631 Hal.
641 3599 683 3640 (³)
716 3599 898 3642 separatim
922 3610 1018 3632 usum
1038 3599 1186 3633 fructum
1206 3611 1269 3634 scr.

183 3646 225 3682 (4)
252 3643 324 3684 qui!
345 3641 404 3675 ubi
422 3655 487 3678 scr.

183 3688 229 3727 (o)
256 3693 365 3720 tamen
387 3687 439 3720 vel
460 3688 570 3730 pretio
591 3688 641 3722 vel
664 3687 827 3722 beneflcio
846 3699 914 3721 non
929 3688 1002 3722 sine
1024 3689 1195 3722 commodo
1206 3701 1271 3724 ser.

182 3735 228 3772 (¹1)
253 3732 494 3774 proprietatem
507 3733 542 3766 F'
627 3735 670 3770 (s)
695 3743 715 3767 a
728 3734 803 3767 dett.
872 3735 917 3775 (ο)
944 3744 1010 3766 ιιοιι
1024 3746 1085 3767 ηε.
1101 3735 1158 3775 Β,
1172 3746 1230 3768 om.
1243 3734 1278 3767 F

1265 110 1403 164 3⁰6.

692 3645 736 3685 (5)
760 3643 850 3686 quod
861 3654 895 3677 ιι.
909 3654 942 3677 ιι.
955 3654 985 3676 a.
998 3655 1033 3679 ιι.
1048 3644 1194 3678 fructum
1208 3645 1270 3679 del.
1341 3645 1400 3685 (ια)
1423 3643 1455 3676 is
1468 3644 1530 3677 ins.

2032 105 2433 160 nnmmno‘rmii

1342 237 1364 270 4
1410 234 1592 272 mulierem
1611 234 1730 271 dotem
1741 239 1907 272 manente
1925 236 2150 273 matrimonio
2168 237 2359 291 recepisse.
2395 238 2435 276 Si

1341 278 1476 316 fundus
1495 280 1692 334 communis
1710 280 1749 316 in
1764 280 1889 334 ‚do-tem
1908 280 2014 317 datiis
2034 281 2103 318 erit
2124 285 2161 318 et
2182 292 2302 320 socius
2325 284 2435 329 egerit

1343 335 1425 362 cum
1443 329 1574 362 marito
1593 335 1775 362 communi
1787 325 1978 363 dividundo
1991 326 2160 363 adiudica
2243 338 2290 364 ue
2299 327 2434 365 fundus

1342 369 1441 407 socio
1464 370 1583 413 fuerit,
1606 370 1645 407 in
1667 370 1753 407 dote
1775 371 1844 407 erit
1861 372 2056 417 quantitas,
2076 382 2149 425 qua
2167 382 2287 409 socius
2306 373 2435 410 marito

1343 414 1534 451 damnatus
1557 414 1667 452 fuerit
1697 419 1780 459 aut,
1810 415 1842 452 si
1876 416 2008 453 omissa
2045 417 2241 454 licitatione
2264 422 2435 455 extraneo

1342 460 1507 497 addictus
1518 460 1550 496 is
1567 460 1702 497 fundus
1713 460 1832 504 fuerit,
1851 462 1958 508 pretii
1968 462 2098 508 portio,
2135 472 2205 499 uae
2223 462 2397 500 distracta
2409 465 2437 485 ¹⁰

1343 508 1410 548 est,
1423 505 1499 558 ,sed
1521 506 1584 549 ita,
1608 509 1650 542 ut
1679 516 1754 542 non
1783 506 1861 560 vice
1891 507 2052 560 corporis
2083 473 2261 544 haqbeatur
2292 518 2359 545 nec
2383 507 2435 544 di-

1342 554 1455 587 vortio
1490 554 1615 587 secuto
1675 555 1832 588 raesenti
1873 551 1930 588 die
1971 552 2069 599 quod
2109 552 2148 588 in
2190 563 2338 590 numero
2382 558 2436 590 est

1342 596 1573 639 restituatur,
1606 606 1624 632 s
1700 599 1836 633 statuto
1867 600 1938 633 tem
1965 607 2027 633 ore
2050 598 2139 634 solvi
2163 597 2303 634 debeat.
2363 598 2436 634 uod

1343 640 1375 676 si
1397 641 1525 676 marito
1548 640 1683 677 fundus
1705 640 1815 677 fuerit
1838 641 1897 678 adi
1959 646 2074 686 catus,
2097 653 2182 689 pars
2207 643 2328 689 utique
2398 647 2438 679 ta

1342 685 1380 721 in
1403 685 1523 722 dotem
1546 685 1675 722 dotalis
1698 686 1875 723 manebit:
1915 687 2065 724 divortio
2096 692 2217 724 autem
2246 688 2346 724 facto
2380 699 2436 725 se-

1343 734 1473 776 quetur
1506 730 1767 767 restitutionem
1780 732 1826 775 ¹¹,
1861 736 2010 778 propter
2047 743 2154 779 quam
2190 733 2238 769 ad
2271 734 2438 769 maritum

1343 776 1514 821 pervenit,
1540 776 1647 812 etiam
1669 776 1784 813 altera
1804 777 1936 823 portio,
1960 777 2098 813 scilicet
2120 780 2162 813 ut
2183 778 2334 824 recipiat
2356 782 2436 814 tan-

1342 825 1421 857 tum
1444 821 1550 867 pretii
1573 821 1717 858 nomine
1739 832 1763 858 a
1784 822 1943 866 muliere,
1967 827 2141 868 quantum
2165 822 2262 859 dedit
2281 834 2326 859 ex
2350 834 2433 860 con-

1344 866 1570 903 demnatione
1593 866 1709 903 socio:
1742 878 1810 903 nec
1832 868 1948 903 audiri
1980 867 2124 904 debebit
2156 868 2329 904 alteruter
2358 879 2437 905 eam

1344 912 1562 958 aequitatem
1596 922 1788 956 recusans,
1823 917 1888 948 aut
1921 912 2048 949 mulier
2089 913 2127 949 in
2170 913 2438 959 suscipienda¹²

1343 960 1446 1002 parte
1477 956 1591 992 altera
1621 968 1763 1003 quoque
1795 962 1860 993 aut
1890 957 1943 993 vir
1972 958 2011 994 in
2033 958 2267 994 restituenda.
2304 958 2368 995 sed
2391 969 2438 994 an

1344 1005 1533 1038 constante
1555 1003 1779 1039 matrimonio
1804 1014 1877 1039 non
1900 1003 1978 1039 sola
2027 1013 2086 1039 ars
2110 1003 2240 1040 dotalis
2263 1004 2321 1048 sit,
2370 1014 2439 1040 uae

1344 1046 1431 1083 data
1451 1047 1522 1083 fuit
1543 1046 1582 1083 in
1605 1047 1735 1091 dotem,
1759 1048 1824 1084 sed
1848 1048 1955 1084 etiam
2015 1052 2094 1084 tera
2115 1049 2233 1094 portio
2248 1049 2287 1092 ¹³,
2317 1049 2353 1085 vi
2378 1059 2437 1085 ea-

1343 1102 1434 1129 mus.
1481 1092 1641 1128 Iulianus
1672 1093 1717 1129 de
1748 1097 1852 1139 parte
1881 1097 2023 1129 tantum
2054 1093 2164 1130 dotali
2194 1093 2369 1140 loquitur,
2403 1098 2439 1130 et

1344 1141 1364 1173 5
1414 1147 1478 1183 ego
1502 1137 1577 1173 dixi
1590 1148 1629 1173 in
1650 1138 1827 1174 auditorio
1847 1138 1944 1174 illam
1962 1139 2074 1175 solam
2097 1139 2253 1175 dotalem
2273 1149 2362 1176 esse.
2399 1139 2438 1175 Si

1343 1183 1472 1236 marito
1497 1183 1591 1219 dotis
1614 1184 1756 1236 nomine
1780 1183 1967 1229 stipulanti
1996 1184 2159 1230 promisit
2187 1194 2254 1230 per
2283 1194 2438 1238 errorem

1343 1239 1482 1309 3133.
1498 1238 1585 1309 ⁶52⁵,oe
1604 1231 1725 1309 ἓιξᾚι
1738 1232 2025 1310 ῐὲἓὲῗιιὲἔῑῖζέὲῖ
2052 1229 2438 1311 saffiram

1344 1322 1408 1355 aut
1429 1322 1581 1364 patrem,
1605 1322 1686 1354 uter
1709 1329 1832 1354 eorum
1856 1319 2046 1365 delegavit,
2079 1319 2126 1356 ob
2157 1319 2196 1356 id
2219 1320 2316 1366 quod
2338 1319 2438 1356 inde·

1342 1364 1458 1399 bitum
1480 1364 1608 1400 marito
1631 1364 1796 1409 promisit
1819 1369 1883 1400 aut
1906 1365 2020 1401 solvit.

1390 1406 1444 1447 79
1468 1408 1603 1444 Lauso
1644 1409 1737 1446 libro
1772 1414 1879 1446 seoeto
1915 1411 2164 1457 posteriorum
2206 1421 2230 1446 a
2264 1409 2438 1446 Iavoleno

1344 1465 1364 1490 e
1391 1455 1622 1490 icomatorum
1667 1455 1766 1490 Avus
1787 1455 1905 1500 neptis
1926 1455 2068 1491 nomine
2087 1455 2159 1492 filio
2181 1458 2289 1491 natae
2306 1465 2439 1501 genero

1345 1465 1464 1536 dsstem
1488 1498 1596 1552 dedit·
1609 1502 1645 1535 et
1667 1500 1827 1536 moritur.
1862 1504 1969 1546 negat
1992 1499 2136 1536 Servius
2161 1500 2278 1537 dotem
2302 1500 2350 1536 ad
2371 1510 2438 1546 pa-

1343 1548 1434 1580 trem
1468 1548 1598 1580 reverti
1632 1548 1668 1580 et
1704 1555 1767 1590 ego
1804 1556 1885 1580 cum
1922 1545 2042 1581 Servio
2079 1546 2215 1588 sentio,
2300 1545 2309 1553 '

1343 1593 1464 1636 potest
1486 1589 1597 1642 videri
1620 1590 1666 1625 ab
1692 1600 1733 1626 eo
1756 1590 1932 1636 profecta,
1958 1591 2042 1636 quia
2075 1591 2163 1626 nihil
2187 1601 2231 1626 ex
2288 1590 2295 1598 '
2340 1590 2438 1626 sui¹⁴

1347 1638 1360 1671 1
1412 1635 1609 1670 habuisset.
1664 1634 1774 1671 Pater
1803 1635 1898 1671 filiae
1930 1636 2073 1672 nomine
2106 1640 2248 1671 centum
2280 1635 2356 1672 doti
2386 1635 2438 1672 ita

1343 1680 1507 1726 promisit
1530 1683 1625 1715 ‘cum
1650 1680 1973 1716 commodissimum
1997 1682 2114 1717 esset’.
2170 1681 2298 1717 Ateius
2322 1681 2436 1726 scrip-

1344 1726 1391 1762 sit
1410 1725 1569 1761 Servium
1592 1725 1831 1771 respondisse,
1848 1736 1930 1762 cum
1948 1726 2101 1771 primum
2121 1726 2198 1762 sine
2216 1725 2438 1772 turpitudine

1345 1775 1380 1806 et
1402 1770 1551 1806 infamia
1574 1770 1652 1806 dari
1674 1771 1800 1816 possit,
1826 1770 1956 1807 deberi.

1390 1813 1444 1854 80
1469 1815 1516 1851 ΙΔ
1525 1825 1696 1851 voramus
1718 1816 1815 1860 ,libro
1847 1820 1953 1852 sexto
1987 1827 2037 1852 ex
2065 1815 2334 1863 posterioribus
2366 1815 2441 1851 La-

1344 1861 1507 1898 heom-⁹¹³
1575 1859 1614 1896 Si
1656 1860 1796 1896 debitor
1834 1861 1990 1897 mulieris
2029 1861 2149 1898 dotem
2187 1871 2319 1907 sponso
2354 1871 2436 1907 pro·

1344 1906 1492 1949 miserit,
1515 1916 1623 1951 posse
1646 1906 1828 1942 mulierem
1852 1911 1936 1942 ante
1959 1907 2103 1952 nuptias
2127 1917 2151 1942 a
2173 1906 2335 1942 debitore
2359 1916 2438 1942 eam

1343 1951 1680 2049 ffi⁰¹¹¹²ffi¹g21t³e²⁶ri
1703 1961 1819 2032 {¹533
1842 1962 1897 2032 Ἣ
1910 1952 2053 2032 Ptine
2083 1955 2211 2033 pf‘fflffi
2242 1951 2438 2032 ᾱθῖὶωῒέἓ

1397 2007 1419 2032 o
1443 2007 1464 2032 o
1578 2007 1639 2031 um
1678 2007 1702 2032 u
1787 2008 1823 2032 m
1846 2008 1882 2032 ai
1952 2007 1974 2032 a
2001 2007 2054 2033 eo.
2172 2008 2233 2032 um
2257 2007 2294 2032 es
2320 2022 2330 2038 ,

1345 2052 1389 2078 ea
1411 2041 1599 2087 promissio
1622 2041 1661 2077 in
1682 2042 1851 2087 pendenti
1875 2046 1979 2085 esset,
2004 2042 2118 2079 donec
2141 2042 2309 2088 obligatio
2333 2007 2377 2077 inl
2394 2051 2438 2078 ea

1346 2097 1458 2123 causa
1482 2090 1548 2123 est.

1391 2129 1442 2170 81
1472 2131 1719 2167 mmmmm
1747 2132 1838 2168 libro
1869 2135 1995 2169 octavo
2025 2133 2275 2179 quaestionum
2328 2131 2438 2167 Pater

1343 2177 1439 2213 filiae
1462 2177 1604 2213 nomine
1626 2187 1790 2213 nummos
1809 2177 1955 2221 alienos,
1977 2188 2067 2223 quos
2085 2182 2228 2214 mutuos
2248 2187 2335 2213 acce
2361 2180 2438 2213 erat

1344 2225 1408 2258 aut
1441 2222 1479 2258 iii
1515 2232 1662 2258 causam
1698 2222 1823 2258 crediti
1857 2227 2061 2275 receperat,
2095 2223 2133 2258 in
2172 2222 2291 2259 dotem
2352 2221 2436 2258 edit.

1345 2277 1493 2304 consum
1520 2267 1566 2303 tis
1589 2267 1646 2303 his
1671 2266 1736 2304 dos
1759 2267 1971 2313 profecticia
1995 2267 2162 2304 efficitur.

1390 2309 1444 2351 82
1504 2321 1680 2348 novatus
1699 2312 1790 2348 libro
1815 2314 1941 2358 quinto
1965 2313 2203 2359 epistularum
2237 2311 2325 2348 Cum
2346 2322 2439 2348 uxor

1343 2358 1457 2393 virum
1487 2368 1591 2393 suum
1622 2367 1729 2410 quain
1760 2357 1949 2403 pecuniam
1981 2358 2050 2394 sibi
2080 2358 2227 2394 deberet
2255 2357 2294 2393 in
2317 2357 2437 2392 dotem

1343 2402 1439 2438 filiae
1463 2412 1660 2439 communis
1683 2402 1770 2438 dare
1791 2403 1936 2438 iusserit
1959 2404 2035 2439 et¹⁸
2057 2402 2094 2439 id
2123 2402 2254 2439 fecisse
2285 2402 2435 2445 dicatur,

1343 2452 1432 2494 puto
1456 2447 1807 2483 animadvertendum
1839 2458 1935 2491 esse,
1967 2452 2088 2483 utrum
2123 2458 2203 2484 eam
2226 2447 2346 2484 dotem
2368 2457 2436 2483 suo

1344 2503 1391 2529 an
1414 2493 1538 2529 uxoris
1562 2492 1704 2528 nomine
1728 2492 1844 2529 dedit:
1877 2493 1908 2529 si
1939 2504 2024 2536 suo,
2058 2493 2168 2529 nihilo
2192 2492 2310 2529 minus
2333 2492 2436 2528 uxori

1344 2549 1426 2574 eum
1461 2538 1591 2574 debere
1625 2538 1834 2583 pecuniam:
1878 2538 1910 2574 si
1943 2538 2066 2575 uxoris
2100 2538 2243 2575 nomine
2286 2537 2436 2580 dederit,

1342 2583 1460 2630 ipsum
1484 2584 1530 2619 ab
1556 2594 1668 2619 uxore
1690 2584 1880 2619 liberatum
1904 2593 1993 2620 esse.

1389 2626 1442 2667 83
1468 2628 1515 2664 Li
1524 2638 1695 2664 vosrlvvs
1714 2629 1805 2665 libro
1825 2633 1930 2665 seoeto
1948 2629 2196 2676 posteriorum
2214 2627 2395 2664 Labeonis
2407 2628 2436 2649 ¹⁷

1343 2673 1382 2710 Si
1415 2674 1556 2710 debitor
1590 2674 1747 2710 mulieris
1782 2674 1902 2710 dotem
1937 2684 2070 2720 sponso
2105 2673 2328 2719 promiserit,
2362 2683 2436 2709 non

1342 2729 1451 2765 posse
1473 2719 1655 2755 mulierem
1678 2723 1763 2755 ante
1785 2719 1929 2765 nuptias
1950 2717 2435 2764 adebitoreeampecuniam

1343 2768 1488 2846 pgteret,
1514 2764 1599 2817 quia
1629 2774 1672 2800 ea
1702 2764 1890 2844 promissio
1921 2765 1960 2800 in
1990 2763 2160 2811 pendenti
2190 2766 2297 2807 esset,
2321 2762 2435 2799 donec

1343 2821 1364 2846 o
1439 2820 1512 2845 aio
1536 2820 1573 2845 ιιι
1598 2819 1642 2846 ea
1666 2819 1777 2845 causa
1800 2819 1838 2845 es

1389 2810 1444 2893 8¹5
1467 2853 1602 2890 Laeuo
1639 2854 1731 2891 libro
1762 2858 1868 2891 seoeto
1892 2853 2076 2902 pithanon
2107 2866 2132 2890 a
2162 2852 2281 2890 Paulo

1342 2904 1520 2936 matorum
1567 2899 1606 2935 Si
1639 2899 1684 2935 de
1715 2898 1798 2935 dote
1828 2900 2005 2945 promissa
2035 2900 2170 2945 agitur,
2195 2908 2269 2935 non
2291 2901 2434 2951 oportet

1342 2945 1379 2981 in
1410 2948 1582 2991 quantum
1605 2943 1725 2980 facere
1747 2948 1867 2990 potest
1890 2944 2117 2981 condemnari
2148 2954 2229 2981 eum
2259 2954 2320 2990 qui
2349 2953 2426 2996 pro-

1343 2990 1449 3026 misit.
1495 2990 1664 3026 mes:
1705 2989 1811 3026 immo
1846 2990 1943 3035 quod
1975 2989 2022 3026 ad
2053 2993 2261 3026 extraneum
2292 2991 2434 3030 attinet,

1343 3046 1483 3082 semper
1505 3035 1575 3070 hoc
1598 3044 1719 3070 verum
1744 3039 1808 3071 est.
1834 3039 1992 3071 ceterum
2010 3035 2042 3071 si
2061 3037 2226 3071 manente
2246 3033 2434 3069 adfinitate

1343 3080 1464 3116 dotem
1497 3079 1710 3126 promissam
1738 3090 1846 3125 gener
1877 3090 1900 3116 a
1933 3090 2058 3117 socero
2117 3080 2200 3122 etit,
2235 3078 2361 3124 utique
2393 3078 2432 3114 in

1343 3129 1515 3171 quantum
1526 3124 1647 3161 facere
1654 3129 1775 3177 potest
1784 3135 1888 3162 socer
1897 3092 2200 3161 condemnassitur.
2214 3124 2246 3160 si
2257 3123 2433 3169 dirempto

1342 3170 1566 3206 matrimonio
1589 3174 1734 3216 petitur,
1759 3181 1804 3206 ex
1828 3180 1939 3206 causa
1970 3175 2006 3206 et
2027 3180 2182 3217 persona
2211 3168 2250 3204 id
2272 3168 2431 3204 tribuen-

1342 3216 1428 3251 dum
1450 3219 1556 3261 puto:
1590 3215 1676 3260 quid
1699 3216 1793 3251 enim
1825 3215 1857 3251 si
1887 3225 1991 3251 socer
2019 3215 2140 3261 specie
2169 3214 2314 3250 futurae
2337 3212 2431 3249 dotis

1340 3260 1521 3297 induxerit
1541 3270 1710 3313 generum
1723 3261 1751 3313 ξ’
1774 3263 1811 3296 et
1829 3271 1909 3297 cum
1928 3260 2109 3328 “hiet-⁸⁰·
2136 3262 2297 3314 mestsre
2313 3257 2431 3294 dotem

1341 3304 1826 3389 ῃοέἔοὲἓῗειέοιθὲθῖῗνέι
1831 3315 1978 3387 οἷ’ῗὲιῗξο
1989 3351 2030 3387 de·
2042 3304 2431 3402 ιιξεειιονιιηἳιῖιῗζιιιιιίιιιιι

1340 3394 1436 3432 filiae
1466 3395 1608 3431 nomine
1637 3399 1740 3441 pater
1769 3396 1807 3431 in
1837 3395 1957 3432 dotem
1980 3397 2024 3432 de
2050 3400 2146 3433 erat:
2176 3395 2285 3431 liuius
2308 3392 2430 3429 heredi

2274 1556 2335 1581 uia
2365 1555 2438 1581 non

2320 2853 2433 2900 epito-

2065 3509 2120 3550 (u)
2145 3507 2217 3541 eius
2238 3506 2346 3550 partis
2366 3508 2427 3540 ins.

2152 3554 2210 3595 (1⁴)
2235 3552 2315 3595 quia
2339 3550 2429 3584 nihil

2125 3597 2427 3638 ml-Loeha

2154 3645 2214 3684 (18)
2238 3652 2364 3686 genero
2375 3641 2411 3675 F
2419 3642 2428 3662 ⁸

1340 3509 1401 3551 (lo)
1425 3507 1601 3550 disti-acts]
1627 3508 1659 3542 ei
1687 3508 1823 3542 redacta
1840 3520 1904 3543 scr.

1340 3554 1401 3597 (12)
1425 3553 1690 3597 suspiciendaF
1782 3555 1841 3595 (13)
1865 3552 2044 3596 portieaF

1340 3608 1381 3632 ex
1400 3598 1455 3631 liis
1468 3598 1535 3640 sui]
1549 3599 1607 3642 qui
1630 3598 1717 3632 nihil
1741 3599 1827 3632 iuris
1847 3599 1900 3631 sui
1922 3611 1984 3632 scr.

1678 3645 1737 3686 (ιτ)
1762 3660 1807 3674 ι-
1828 3643 1850 3678 l.
1875 3650 1913 3678 80
1937 3644 1967 3677 Ιι.
1982 3650 2003 3677 ι.

1341 3689 1402 3731 (1⁹)
1426 3698 1529 3731 gener
1540 3687 1593 3722 F*
