2528 3918
129 142 216 174 PRO
246 142 455 173 EMPTORE

132 255 305 297 mulieris,
345 266 451 300 quam
489 256 583 290 bona
620 254 690 289 fide
726 252 864 297 coepit¹
902 252 1103 297 possidere,
1142 261 1215 287 non

132 301 224 336 enim
253 301 332 336 ideo
366 301 482 335 minus
513 300 672 344 capietur
703 309 772 333 usu
795 307 902 343 puer,
935 298 1030 342 quod
1063 298 1216 332 alienam

131 350 287 389 matrem,
313 347 521 391 priusquam
545 345 748 385 eniteretur,
775 353 853 378 csse
878 344 1076 387 cognovit¹.
1122 343 1215 378 idem

132 397 150 426 3
197 391 234 426 111
259 402 360 427 servo
411 390 599 427 ostliminio
625 400 766 425 reverso
792 388 924 423 dictum
949 393 1014 423 cst.
1047 388 1215 424 Nondum

130 436 247 472 aditae
283 437 365 471 here
391 436 511 471 itatis²
551 439 690 480 tempus
735 434 947 479 usucapioni
986 434 1110 469 datum
1149 437 1215 475 est,

131 482 203 516 sive
235 492 357 517 servus
387 481 624 516 hereditarius
650 479 783 525 aliquid
813 484 1016 524 comparat,
1050 479 1123 515 sive
1154 478 1215 513 de-

131 527 275 562 functus
300 536 496 570 usucapere
521 529 704 570 coeperat:
740 524 805 560 sed
827 525 918 559 haec
942 525 1019 560 iure
1044 523 1216 569 singulari

131 576 150 606 4
197 576 343 617 recepta
366 575 459 607 sunt.
506 571 621 606 Filius
653 570 805 605 familias
830 574 968 615 emptor
992 570 1130 605 alienae
1152 569 1215 611 rei,

131 629 210 653 cum
239 622 375 662 patrem
403 617 557 651 familias
589 627 627 651 se
652 617 786 650 factum
816 615 970 660 ignoret,
1001 616 1120 660 coepit
1141 625 1216 650 rem

131 663 198 698 sibi
227 662 395 697 traditam
429 662 629 706 possidere:
667 672 730 696 cur
760 671 833 695 11011
866 661 986 705 capiat
1009 671 1096 702 usu,
1136 671 1215 695 cum

131 709 224 743 bona
246 707 334 742 fides
357 707 458 742 initio
483 707 719 753 possessionis
745 706 857 748 adsit,
890 706 1050 750 quamvis
1075 716 1156 741 eum
1178 715 1217 740 se

129 764 194 797 per
225 763 381 788 errorem
412 762 490 787 esse
522 753 734 793 arbitretur,
768 751 829 796 qui
852 762 926 785 rem
952 762 996 787 ex
1022 762 1131 786 causa
1154 761 1215 796 pe-

130 798 254 833 culiari
278 798 474 842 quaesitam
497 809 563 833 nec
594 797 777 843 possidere
807 797 944 841 possit?
978 797 1072 831 idem
1096 796 1215 831 dicen-

130 844 212 878 dum
237 844 304 878 erit
336 847 372 878 et
395 844 425 878 si
449 854 494 878 ex
516 844 629 888 patris
660 842 857 877 hereditate
881 842 926 877 ad
952 852 990 877 se
1014 841 1217 886 pervenisse

131 893 149 922 5
198 899 271 923 reni
291 893 444 932 emptam
468 899 540 923 non
558 888 628 923 levi
651 888 943 932 praesumptione
963 887 1097 922 credat.
1134 886 1217 922 Non

129 938 244 969 mutat
275 934 447 978 usucapio
481 934 734 978 superveniens
769 944 834 977 pro
873 936 1032 978 emptore
1062 933 1118 967 vel
1150 942 1216 976 pro

130 980 274 1021 herede,
308 990 378 1023 quo
403 979 520 1014 minus
544 978 700 1024 pignoris
730 979 932 1023 persecutio
958 979 1058 1013 salva
1081 978 1143 1013 sit:
1177 981 1218 1011 ut

128 1025 221 1060 enim
246 1035 332 1060 usus
356 1024 494 1059 fructus
520 1024 670 1068 usucapi
694 1035 767 1059 11011
791 1028 920 1069 potest,
946 1025 996 1058 ita
1013 1023 1216 1068 persecutio

130 1070 305 1115 pignoris,
339 1080 430 1114 quae
467 1070 566 1104 nulla
596 1070 767 1105 societate
800 1069 945 1104 dominii
978 1069 1216 1113 coniungitur,

130 1116 192 1151 sed
216 1116 293 1150 sola
317 1116 549 1150 conventione
573 1115 811 1158 constituitur,
837 1115 1057 1159 usucapione
1080 1115 1131 1149 rei
1146 1125 1217 1148 non

130 1166 149 1196 6
198 1161 401 1206 peremitur.
455 1161 566 1202 Eum,
605 1160 666 1205 qui
706 1164 832 1206 postea
871 1171 978 1204 quam
1018 1169 1218 1204 usucapere

130 1207 247 1251 coepit
265 1206 301 1240 in
321 1206 476 1241 furorem
494 1205 628 1248 incidit,
655 1206 808 1241 utilitate
833 1205 1005 1240 suadente
1029 1205 1217 1240 relictum³

129 1256 198 1294 est,
233 1263 277 1286 ne
306 1252 457 1297 languor
488 1251 595 1286 animi
627 1251 795 1286 damnum
825 1251 932 1286 etiam
962 1251 999 1285 in
1025 1250 1128 1286 bonis
1154 1250 1215 1284 ad-

131 1302 146 1331 7
197 1297 306 1340 ferat,
343 1307 387 1332 ex
416 1297 512 1332 omni
542 1307 652 1332 causa
680 1297 826 1341 implere
850 1296 1118 1340 usucapionem.
1136 1330 1145 1333 ,
1168 1295 1216 1338 Si,

131 1354 210 1377 cum
225 1342 321 1387 apud
343 1342 464 1377 hostes
490 1342 653 1377 dominus
679 1347 742 1377 aut
765 1346 868 1386 pater
891 1347 985 1386 agat,
1011 1352 1134 1377 servus
1156 1345 1218 1375 aut

129 1388 221 1422 filius
254 1391 365 1430 emat,
404 1398 450 1422 an
483 1391 519 1423 et
556 1391 678 1422 tenere
717 1387 892 1432 incipiat?
933 1387 964 1422 si
1001 1386 1143 1432 quidem
1174 1397 1218 1421 ex

130 1443 239 1468 causa
269 1433 399 1478 peculii
437 1433 614 1478 possedit,
656 1434 912 1478 usucapionem
950 1432 1114 1467 inchoari
1150 1442 1216 1466 nec

128 1478 377 1523 impedimento
404 1478 536 1513 domini
561 1478 803 1522 captivitatem
827 1488 916 1520 esse,
943 1478 1043 1512 cuius
1069 1477 1218 1512 scientia

128 1535 199 1559 non
228 1528 323 1559 esset
351 1524 390 1559 in
430 1524 570 1559 civitate
606 1524 820 1559 necessaria.
877 1524 907 1558 si
942 1533 1025 1558 vero
1064 1533 1137 1558 non
1175 1533 1218 1558 ex

129 1579 238 1605 causa
275 1569 405 1614 peculii
445 1572 687 1614 comparetur,
726 1580 793 1604 usu
826 1580 898 1603 non
930 1569 1010 1613 capi
1042 1578 1108 1603 nec
1140 1568 1217 1603 iure

129 1615 336 1659 postliminii
361 1614 560 1660 quaesitum
584 1615 757 1660 intellegi,
790 1626 871 1649 cum
895 1615 994 1659 prius
1020 1617 1131 1656 esset,
1165 1617 1216 1655 ut,

128 1660 223 1705 quod
257 1664 474 1706 usucaptum
515 1660 709 1704 diceretur,
756 1671 960 1704 possessum
1004 1659 1110 1694 foret.
1163 1659 1217 1694 sin

128 1710 247 1741 autem
271 1710 374 1751 pater
395 1706 445 1740 ibi
470 1705 679 1747 decesserit,
706 1707 789 1750 quia
812 1709 977 1750 tempora
1002 1704 1218 1749 captivitatis

128 1762 172 1786 ex
196 1751 251 1786 die
284 1762 354 1796 quo
389 1751 529 1796 capitur
552 1752 657 1786 morti
681 1752 930 1796 iungerentur,
965 1754 1085 1795 potest
1107 1750 1217 1784 filium

129 1797 197 1831 dici
223 1802 258 1832 et
281 1797 483 1844 possedisse
508 1796 577 1832 sibi
602 1801 637 1832 et
660 1796 868 1842 usucepisse
890 1796 1057 1840 intellegi.

173 1841 251 1879 45³
276 1843 383 1877 IDEM
402 1843 492 1878 libro
517 1842 654 1877 decimo
677 1852 934 1888 responsorum
977 1841 1218 1885 Praescriptio

128 1889 256 1933 longae
280 1887 517 1933 possessionis
551 1886 597 1922 ad
629 1887 822 1931 optinenda
844 1887 926 1922 loca
948 1886 1036 1921 iuris
1060 1887 1218 1931 gentium

126 1933 273 1978 publica
308 1933 456 1968 concedi
491 1943 563 1968 non
595 1933 697 1967 solet.
752 1932 847 1976 quod
882 1933 934 1966 ita
970 1931 1150 1976 procedit,
1188 1931 1218 1966 si

128 1979 216 2024 quis,
241 1978 402 2014 aedificio
422 1978 584 2013 funditus
610 1978 726 2013 diruto
745 1977 841 2022 quod
864 1977 900 2012 in
925 1977 1028 2012 litore
1046 1980 1219 2022 posuerat

128 2025 232 2067 (forte
264 2024 360 2069 quod
391 2027 455 2058 aut
485 2023 723 2068 deposuerat5
753 2027 817 2058 aut
849 2022 1089 2067 dereliquerat
1119 2022 1217 2058 aedi-

128 2071 279 2113 ficium),
318 2069 465 2104 alterius
490 2073 616 2114 postea
640 2069 763 2104 eodem
787 2069 867 2104 loco
891 2072 1074 2110 extructo,
1109 2078 1216 2103 occu-

127 2116 271 2162 pantis⁶
310 2115 430 2150 datam
470 2115 716 2160 exceptionem
747 2118 923 2159 opponat,
964 2114 1020 2148 vel
1059 2113 1090 2148 si
1127 2114 1216 2158 quis,

128 2161 224 2206 quod
253 2161 291 2196 in
323 2160 478 2195 fluminis
513 2160 650 2205 publici
680 2159 894 2195 deverticulo
921 2159 1018 2195 solus
1054 2159 1217 2204 pluribus

128 2207 229 2242 annis
259 2206 419 2251 piscatus
451 2206 516 2248 sit,
555 2205 707 2241 alterum
747 2205 870 2241 eodem
901 2205 979 2240 iure
1016 2204 1217 2249 prohibeat.

131 2259 144 2286 1
195 2252 283 2287 Post
307 2255 457 2287 mortem
481 2251 631 2293 domini,
658 2252 801 2286 '⁷servus
826 2250 1062 2286 hereditarius
1086 2250 1218 2295 peculii

127 2298 269 2332 nomine
300 2307 375 2332 rem
406 2297 524 2342 coepit
554 2300 692 2338 tenere,
726 2296 958 2341 usucapionis
982 2296 1216 2340 primordium

129 2343 195 2378 crit
218 2346 357 2387 tempus
381 2341 588 2377 hereditatis
613 2342 750 2377 aditae:
777 2342 1074 2386 quemadmodum
1087 2341 1218 2376 etenim

128 2389 376 2433 usucapietur,
402 2388 497 2432 quod
520 2392 604 2422 ante
628 2387 818 2423 defunctus
841 2398 913 2423 non
937 2387 1172 2432 possederat?

173 2431 226 2471 46
251 2433 595 2468 HERMooEMANUs
614 2433 705 2469 libro
729 2434 853 2478 quinto
870 2434 962 2468 iuris
979 2434 1218 2479 epitomarum

127 2479 198 2515 Pro
223 2479 341 2515 soluto
360 2479 537 2523 usucapit,
563 2479 623 2523 qui
647 2489 723 2514 rem
746 2478 859 2514 debiti
882 2488 992 2513 causa
1015 2478 1156 2522 recipit:
1182 2481 1219 2512 et

128 2536 200 2560 non
222 2528 362 2560 tantum
387 2525 483 2568 quod
506 2524 672 2566 debetur,
711 2524 775 2558 sed
798 2528 834 2558 et
858 2524 1042 2568 quodlibet
1064 2534 1130 2568 pro
1156 2522 1216 2558 de-

129 2570 202 2605 bito
227 2570 384 2606 solutum
407 2570 476 2605 hoc
499 2569 604 2604 titulo
629 2570 780 2614 usucapi
803 2573 934 2614 potest.

172 2613 225 2652 47
251 2615 411 2651 PAvws
439 2615 529 2650 libro
555 2616 660 2649 tertio
691 2615 740 2650 ad
763 2614 952 2650 Neratium
1001 2613 1038 2648 Si
1063 2617 1217 2658 emptam

127 2672 202 2696 rem
232 2661 319 2695 1111111
350 2663 564 2706 procurator
592 2660 781 2704 ignorante
804 2670 860 2695 me
883 2670 962 2695 meo
988 2659 1130 2694 nomine
1154 2659 1217 2694 ad-

126 2706 364 2751 prehenderit,
390 2705 549 2750 quamvis
567 2705 780 2749 possideam,
806 2715 884 2740 eam
904 2716 976 2740 non
994 2704 1216 2749 usucapiam,

129 2752 212 2796 quia
246 2755 287 2786 ut
321 2751 526 2795 ignorantes
569 2750 857 2795 usuceperimus‚
900 2750 938 2785 in
973 2750 1216 2794 peculiaribus

127 2801 266 2831 tantum
289 2797 396 2832 rebus
420 2799 603 2841 receptum
628 2799 693 2831 est.

174 2840 226 2880 48
252 2842 359 2877 IDEM
378 2842 468 2877 libro
492 2841 648 2876 secundo
672 2841 895 2876 manualium
949 2840 987 2875 Si
1011 2840 1217 2875 existimans

128 2888 258 2924 debere
281 2887 347 2922 tibi
370 2886 527 2928 tradam,
551 2886 603 2921 ita
627 2886 767 2922 demum
790 2886 963 2931 usucapio
990 2885 1161 2930 sequitur,
1187 2885 1218 2920 si

129 2937 163 2968 et
193 2938 234 2968 tu
264 2936 370 2978 putes
404 2932 562 2967 debitum
593 2942 681 2967 esse.
731 2931 846 2975 aliud,
881 2932 912 2967 si
947 2934 1070 2976 putem
1094 2941 1149 2966 me
1174 2941 1217 2966 ex

128 2989 239 3014 causa
268 2977 401 3013 venditi
429 2977 543 3012 teneri
574 2980 609 3012 et
638 2977 718 3013 ideo
743 2977 901 3012 tradam:
938 2977 996 3012 hic
1030 2976 1123 3011 enim
1148 2976 1217 3011 nisi

128 3024 284 3070 emptio⁸
306 3022 509 3068 praecedat,
534 3032 599 3066 pro
627 3026 787 3067 emptore
812 3023 984 3067 usucapio
1006 3023 1124 3057 locum
1144 3032 1216 3057 non

128 3070 247 3104 habet.
296 3068 510 3103 diversitatis
536 3078 645 3102 causa
667 3068 704 3102 in
728 3068 789 3103 illo
813 3071 880 3110 est,
907 3067 1002 3112 quod
1026 3067 1063 3101 in
1089 3067 1215 3102 ceteris

130 3115 247 3149 causis
283 3113 471 3149 solutionis
506 3116 647 3157 tempus
686 3113 875 3158 inspicitur
908 3123 1023 3158 neque
1055 3113 1214 3154 interest,

130 3170 210 3194 cum
246 3159 414 3204 stipulor,
451 3158 562 3193 sciam
599 3158 753 3193 alienum
785 3169 863 3194 esse
886 3169 952 3194 nec
983 3168 1045 3193 ne:
1083 3157 1218 3192 sufficit

131 3204 222 3239 enim
244 3214 301 3240 me
323 3208 451 3249 putare
474 3208 577 3238 tuum
602 3214 690 3246 esse,
716 3214 797 3238 cum
822 3204 943 3239 solvis:
976 3204 1014 3238 in
1038 3203 1217 3247 emptione

131 3253 250 3283 autem
274 3253 310 3284 et
334 3253 540 3284 contractus
564 3252 705 3294 tempus
729 3249 916 3293 inspicitur
948 3253 985 3284 et
1017 3250 1114 3294 111ιοῦ
1145 3248 1215 3283 801-

130 3295 239 3328 vitur:
277 3305 344 3329 nec
373 3298 493 3338 potest
527 3305 592 3339 pro
626 3297 784 3338 emptore
808 3305 1026 3340 usucapere,
1060 3293 1121 3339 qui
1144 3304 1216 3328 non

130 3339 224 3378 emit,
249 3349 315 3374 nec
338 3350 404 3384 pro
429 3340 556 3383 soluto,
583 3340 676 3374 sicut
698 3340 736 3374 in
760 3340 886 3375 ceteris
912 3340 1168 3375 contractibus.

175 3382 230 3421 49
254 3383 387 3418 LABEO
417 3384 507 3420 libro
539 3386 664 3430 quinto
689 3383 874 3430 pithanon
903 3397 925 3420 a
955 3385 1072 3420 Paulo
1106 3385 1216 3430 epito-

129 3434 308 3465 matorum
355 3429 392 3463 Si
424 3430 508 3473 quid
548 3433 603 3465 est
631 3430 858 3474 subreptum,
894 3430 932 3465 id
963 3430 1114 3475 usucapi
1144 3440 1217 3464 non

129 3477 267 3520 potest,
307 3478 497 3519 antequam
526 3475 565 3510 in
597 3475 729 3510 domini
760 3478 974 3520 potestatem
1004 3475 1215 3520 pervenerit.

131 3594 169 3630 (1)
196 3589 498 3631 coepi...cognovi
509 3589 591 3622 Hal.
1038 3591 1078 3631 (3)
1105 3599 1217 3631 recep-

130 3637 202 3666 tum
215 3635 295 3666 Hal.
381 3635 423 3675 (4)
449 3636 495 3667 ad
501 3647 556 3677 pr.
571 3637 612 3678 cs.
626 3635 674 3667 D.
688 3637 743 3677 44,
757 3642 787 3672 3,
802 3643 815 3668 ἵ
896 3635 939 3674 (5)
963 3636 1120 3676 posuerat
1131 3635 1217 3666 forte

131 3679 219 3720 quod
239 3681 298 3710 aut
317 3678 512 3721 deposuerat
529 3680 656 3723 scripsi,
684 3681 844 3722 posuerat
862 3680 927 3721 Fa,
953 3679 1149 3722 deposuerat
1165 3677 1217 3712 1Γρ

132 3726 175 3765 (6)
200 3725 378 3766 occupanti
398 3725 426 3757 S
536 3727 578 3766 (7)
604 3724 671 3757 nisi
688 3727 750 3758 ins.
858 3726 904 3767 (s)
929 3725 1064 3766 emptio]
1083 3725 1170 3757 actio
1190 3725 1223 3756 F

131 3773 176 3812 (9)
201 3768 290 3810 quod
301 3769 335 3801 F

670 3591 712 3631 (2)
738 3589 920 3622 hereditati
932 3589 965 3621 F

1186 125 1458 198 .-Q-,ffl

2064 132 2258 175 XXXXI
2281 135 2318 176 3.
2351 137 2377 175 4

1287 251 1341 286 ΡΑ
1351 260 1461 287 Utus:
1484 251 1590 286 immo
1616 250 1767 286 forsitan
1792 256 1827 287 et
1851 257 1996 288 contra:
2036 265 2117 290 nam
2142 255 2173 290 si
2197 256 2252 299 id,
2283 256 2377 300 quod

1285 297 1371 331 mihi
1394 295 1719 348 pignoridederis,
1746 298 1983 343 subripueris,
2009 301 2077 335 erit
2100 311 2143 336 ea
2167 311 2223 337 res
2247 301 2376 336 furtiva

1285 342 1400 377 facta:
1435 342 1497 377 sed
1521 341 1626 377 81111111
1663 345 1771 387 atque
1795 343 1831 377 in
1855 354 1968 379 meam
1994 349 2208 390 potestatem
2233 347 2378 390 venerit,

1285 387 1437 432 usucapi
1460 387 1603 432 poterit.

1762 526 1841 564 IIII
1854 526 1892 564 ¹⁰.

1661 591 1749 624 PRO
1773 592 2002 626 EMPTORE.

1335 657 1353 694 1
1385 658 1509 694 GAIUS
1530 659 1621 694 libro
1645 662 1750 693 sexto
1776 658 1826 693 ad
1848 658 2001 694 edictum
2020 663 2249 706 provinciale
2290 665 2379 701 Pos-

1286 714 1424 747 sessor,
1458 704 1520 748 qui
1542 704 1615 738 litis
1641 704 1926 739 aestimationem
1950 706 2095 749 optulit,
2128 719 2194 752 pro
2220 715 2379 754 emptore

1285 750 1411 794 incipit
1434 749 1631 794 possidere.

1333 792 1358 831 2
1383 793 1544 829 Panos
1574 794 1665 829 libro
1697 794 2024 840 quz'nquaqensimo
2058 801 2189 840 quarto
2214 800 2263 834 ad
2286 801 2379 836 edic-

1287 843 1361 874 tum
1407 839 1479 875 Pro
1512 843 1673 884 emptore
1704 840 1882 884 possidet,
1920 840 2043 883 quire
2069 852 2152 876 vera
2177 844 2278 886 emit,
2314 857 2380 880 nec

1287 884 1422 921 sufficit
1444 888 1587 919 tantum
1609 885 1648 919 in
1672 895 1714 919 ea
1739 885 1906 930 opinione
1931 895 2010 920 esse
2035 897 2125 930 cum,
2152 892 2191 922 ut
2215 893 2319 933 putet
2342 901 2380 926 se

1286 941 1351 976 pro
1372 934 1533 975 emptore
1553 930 1753 975 possidere,
1777 930 1841 965 sed
1861 930 1967 965 debet
1989 930 2095 965 etiam
2109 934 2255 969 subesse
2270 946 2380 970 causa

1287 976 1487 1020 emptionis.
1526 976 1557 1011 si
1581 979 1702 1010 tamen
1726 976 1934 1011 existimans
1959 987 2015 1010 me
2040 976 2170 1012 debere
2194 979 2257 1014 tibi
2281 980 2379 1025 igno-

1286 1022 1381 1056 ranti
1404 1021 1558 1063 tradam,
1584 1021 1789 1066 usucapies.
1827 1031 1938 1066 quare
1964 1032 2047 1066 ergo
2073 1026 2109 1056 et
2133 1024 2162 1058 si
2187 1029 2307 1067 putem
2325 1037 2381 1060 me

1286 1066 1487 1102 vendidisse
1512 1071 1547 1101 et
1570 1066 1723 1108 tradam,
1749 1078 1821 1102 non
1846 1066 1966 1111 capies
1986 1069 2115 1102 usust?
2139 1069 2275 1104 scilicet
2299 1071 2382 1115 quia

1286 1112 1323 1146 in
1362 1112 1490 1147 ceteris
1531 1112 1776 1147 contractibus
1815 1112 1951 1147 sufficit
1988 1112 2190 1149 traditionis
2230 1118 2381 1160 tempus,

1287 1158 1379 1192 sic¹2
1412 1157 1564 1202 denique
1596 1158 1627 1193 si
1658 1158 1777 1193 sciens
1807 1157 1959 1202 stipuler
1990 1168 2065 1192 rem
2095 1159 2263 1202 alienam,
2297 1172 2382 1196 usu-

1289 1203 1437 1247 capiam,
1464 1203 1504 1246 si,
1531 1214 1611 1238 cum
1635 1203 1791 1238 traditur
1813 1203 1919 1245 mihi,
1945 1202 2142 1238 existimem
2166 1204 2263 1241 illius
2286 1216 2380 1242 esse:

1287 1253 1325 1283 at
1354 1249 1391 1282 in
1424 1249 1604 1293 emptione
1638 1252 1674 1283 et
1697 1248 1787 1283 illud
1812 1252 1952 1293 tempus
1976 1247 2177 1293 inspicitur,
2203 1262 2272 1295 quo
2299 1262 2382 1287 con-

1287 1294 1458 1329 trahitur:
1491 1294 1600 1339 igitur
1624 1297 1660 1329 et
1684 1294 1780 1329 bona
1803 1293 1874 1329 fide
1899 1293 2027 1328 emisse
2052 1294 2159 1329 debet
2182 1299 2218 1330 et
2239 1307 2383 1341 posses-

1292 1344 1305 1374 1
1355 1339 1492 1375 sionem
1527 1340 1623 1375 bona
1661 1339 1732 1374 fide
1772 1339 1924 1383 adeptus
1968 1349 2057 1374 0880.
2116 1340 2291 1385 Separata
2328 1346 2382 1378 est

1289 1395 1400 1420 causa
1430 1385 1668 1429 possessionis
1693 1388 1730 1420 et
1753 1385 2002 1429 usucapionis:
2036 1395 2119 1420 nam
2147 1396 2230 1422 vere
2255 1387 2385 1423 dicitur

1288 1430 1366 1475 quis
1391 1430 1529 1474 emisse,
1555 1430 1619 1465 sed
1643 1430 1740 1465 mala
1759 1430 1850 1465 fide:
1877 1430 2175 1474 quemadmodum
2195 1432 2255 1476 qui
2267 1433 2383 1469 sciens

1288 1476 1440 1510 alienam
1463 1486 1538 1510 rem
1564 1476 1664 1517 emit,
1701 1486 1767 1520 pro
1801 1480 1962 1520 emptore
1986 1476 2167 1520 possidet,
2200 1478 2287 1513 licet
2315 1489 2383 1514 usu

1288 1526 1307 1555 2
1355 1532 1427 1556 non
1452 1522 1583 1567 capiat.
1633 1521 1670 1555 Si
1702 1521 1770 1556 sub
1797 1521 2006 1556 condicione
2038 1522 2170 1567 emptio
2206 1522 2304 1558 facta
2327 1524 2382 1565 sit,

1286 1567 1464 1612 pendente
1489 1566 1699 1602 condicione
1724 1570 1863 1611 emptor
1887 1577 1955 1601 usu
1978 1577 2052 1602 non
2077 1567 2186 1612 capit.
2222 1568 2383 1614 idemque

1287 1616 1343 1647 est
1372 1616 1407 1647 et
1440 1612 1471 1648 si
1502 1615 1607 1657 putet
1636 1611 1883 1647 condicionem
1908 1612 2086 1654 extitisse,
2113 1623 2204 1657 quae
2227 1615 2383 1649 nondum

1288 1657 1440 1693 exstitit:
1480 1658 1604 1692 similis
1643 1661 1698 1694 est
1733 1657 1827 1692 enim
1860 1657 1911 1699 ei,
1948 1658 2009 1702 qui
2037 1661 2144 1702 putat
2175 1669 2215 1694 se
2246 1660 2380 1696 emisse.

1288 1707 1414 1738 contra
1445 1703 1476 1738 si
1507 1703 1644 1738 exstitit
1675 1707 1712 1738 et
1743 1703 1899 1748 ignoret,
1936 1706 2057 1747 potest
2089 1703 2159 1739 dici
2190 1705 2383 1740 secundum

1288 1748 1478 1791 Sabinum,
1523 1749 1584 1793 qui
1627 1748 1748 1793 potius
1796 1748 2036 1783 substantiam
2080 1748 2241 1784 intuetur
2279 1761 2383 1795 quam

1288 1794 1509 1839 opinionem,
1550 1804 1751 1839 usucapere
1793 1805 1884 1828 eum.
1953 1798 2007 1828 est
2046 1798 2167 1829 tamen
2211 1797 2380 1831 nonnulla

1288 1839 1493 1882 diversitas,
1520 1840 1615 1883 quod
1638 1839 1706 1882 ibi,
1733 1850 1814 1874 cum
1846 1849 1923 1874 rem
1953 1843 2060 1884 putat
2091 1840 2260 1884 alienam,
2293 1852 2382 1886 quae

1289 1885 1336 1919 sit
1358 1884 1575 1926 venditoris,
1612 1884 1838 1920 affectionem
1862 1885 2032 1930 emptoris
2056 1885 2209 1928 habeat,
2242 1890 2280 1921 at
2304 1897 2382 1922 cum

1287 1930 1445 1966 nondum
1469 1934 1575 1975 putat
1599 1930 1846 1965 condicionem
1871 1930 2068 1974 exstitisse,
2100 1932 2202 1975 quasi
2227 1932 2381 1968 nondum

1287 1980 1392 2020 putat
1424 1976 1492 2011 sibi
1516 1976 1654 2011 emisse.
1704 1975 1801 2021 quod
1825 1976 1986 2021 apertius
2019 1977 2144 2021 quaeri
2167 1981 2305 2022 potest,
2342 1979 2382 2020 si,

1288 2032 1369 2057 eum
1401 2020 1592 2057 defunctus
1625 2021 1790 2063 emisset,
1827 2021 1953 2056 heredi
1994 2022 2069 2057 eius
2099 2023 2285 2065 tradatur,
2323 2024 2382 2068 qui

1287 2066 1426 2102 nesciat
1458 2067 1669 2102 defunctum
1706 2067 1851 2110 emisse,
1888 2067 1951 2102 sed
1981 2077 2024 2102 ex
2060 2067 2131 2102 alia
2171 2078 2282 2104 causa
2317 2070 2384 2105 sibi

1288 2115 1307 2147 3
1355 2112 1460 2155 tradi,
1492 2123 1539 2147 an
1563 2112 1738 2157 usucapio
1764 2115 1890 2148 cesset.
1940 2112 2106 2156 Sabinus,
2132 2113 2163 2149 si
2187 2114 2238 2149 sic
2263 2118 2381 2159 empta

1287 2158 1350 2200 sit,
1376 2162 1432 2200 ut,
1465 2158 1533 2193 nisi
1583 2159 1711 2193 ecunia
1734 2158 1829 2193 intra
1854 2158 1948 2193 diem
1972 2163 2108 2194 certum
2133 2159 2252 2194 soluta
2276 2164 2379 2201 esset,

1285 2203 1445 2248 inempta
1467 2214 1526 2239 res
1577 2208 1668 2246 eret,
1701 2214 1774 2239 non
1806 2207 2068 2248 usucapturum
2099 2204 2169 2240 nisi
2199 2205 2383 2250 persoluta

1287 2249 1453 2294 pecunia.
1503 2249 1567 2284 sed
1590 2249 1791 2291 videamus,
1824 2253 1946 2284 utrum
1979 2249 2142 2285 condicio
2176 2251 2221 2285 sit
2244 2251 2312 2286 hoc
2337 2261 2382 2285 an

1288 2295 1493 2330 conventio:
1520 2295 1552 2330 81
1576 2295 1764 2330 conventio
1789 2298 1854 2336 est,
1885 2295 2034 2339 ¹³magis
2053 2295 2254 2331 resolvetur
2277 2306 2382 2340 quam

1287 2343 1308 2374 4
1355 2340 1571 2384 implebitur.
1621 2340 1659 2375 Si
1686 2340 1725 2374 in
1750 2340 1842 2375 diem
1866 2340 2022 2375 addictio
2053 2340 2152 2376 facta
2175 2342 2238 2384 sit,
2269 2341 2306 2376 id
2331 2346 2383 2377 est

1287 2385 1357 2420 nisi
1386 2386 1418 2421 81
1448 2386 1526 2430 quis
1557 2385 1739 2421 meliorem
1772 2385 2018 2421 condicionem
2043 2386 2220 2429 attulerit,
2244 2386 2381 2431 perfec-

1286 2435 1360 2465 tam
1399 2441 1477 2466 esse
1512 2431 1727 2476 emptionem
1766 2435 1802 2466 et
1838 2431 1980 2466 fructus
2012 2431 2183 2476 emptoris
2224 2432 2318 2467 effici
2349 2436 2382 2467 et

1287 2477 1544 2521 usucapionem
1566 2476 1762 2521 procedere
1774 2476 1935 2512 Iulianus
1954 2477 2126 2521 putabat:
2153 2477 2214 2512 alii
2234 2480 2269 2512 et
2289 2478 2381 2512 hanc

1287 2523 1354 2557 sub
1388 2521 1599 2557 condicione
1630 2532 1710 2557 esse
1740 2525 1980 2565 contractam,
2012 2522 2073 2557 1110
2105 2533 2178 2558 11011
2208 2523 2380 2563 contrahi,

1287 2571 1305 2601 5
1355 2567 1419 2602 sed
1441 2568 1571 2603 resolvi
1596 2567 1750 2610 dicebat,
1776 2577 1867 2611 quae
1895 2568 2071 2603 sententia
2095 2578 2179 2603 vera
2203 2571 2268 2603 est.
2312 2567 2382 2603 Sed

1288 2616 1323 2647 et
1353 2612 1416 2647 illa
1449 2613 1580 2658 emptio
1611 2623 1705 2657 pura
1729 2616 1799 2655 est,
1826 2613 1890 2648 ubi
1914 2613 2097 2655 convenit,
2122 2616 2179 2655 ut,
2205 2613 2235 2647 si
2260 2613 2381 2657 displi-

1288 2662 1307 2693 6
1356 2658 1471 2693 cuerit
1493 2659 1591 2692 intra
1616 2658 1709 2693 diem
1734 2662 1881 2701 certum,
1906 2659 2065 2703 inempta
2090 2658 2147 2693 sit.
2197 2659 2285 2693 Cum
2310 2658 2380 2693 Sti-

1287 2704 1394 2739 chum
1417 2703 1599 2747 emissem,
1635 2703 1754 2738 Dama
1783 2714 1847 2748 per
1877 2703 2116 2748 ignorantiam
2140 2704 2225 2738 mihi
2248 2714 2314 2748 pro
2339 2713 2379 2738 eo

1287 2749 1439 2785 traditus
1465 2753 1531 2784 est.
1567 2749 1715 2784 Priscus
1741 2748 1792 2783 ait
1815 2759 1884 2784 usu
1908 2759 1964 2783 me
1989 2759 2069 2783 eum
2091 2759 2165 2783 non
2179 2753 2379 2793 capturum,

1287 2795 1371 2839 quia
1393 2795 1441 2837 id,
1467 2794 1563 2839 quod
1587 2798 1745 2839 emptum
1770 2805 1843 2829 non
1867 2794 1931 2836 sit,
1956 2805 2022 2838 pro
2048 2798 2207 2839 emptore
2231 2794 2380 2838 usucapi

1286 2851 1359 2875 non
1391 2843 1528 2885 potest:
1565 2840 1628 2874 sed
1658 2840 1688 2874 si
1720 2839 1854 2874 fundus
1886 2843 2028 2884 emptus
2061 2839 2107 2875 sit
2133 2842 2168 2874 et
2191 2839 2379 2883 ampliores

1285 2885 1374 2921 fines
1406 2885 1564 2930 possessi
1595 2886 1684 2926 sint,
1716 2888 1832 2920 totum
1855 2885 1961 2929 longo
1986 2888 2145 2929 tempore
2169 2885 2266 2928 capi,
2293 2894 2378 2927 quo-

1286 2932 1382 2965 niam
1407 2930 1619 2965 universitas
1646 2930 1721 2965 eius
1744 2930 1988 2974 possideatur,
2014 2940 2087 2964 non
2111 2930 2272 2973 singulae
2294 2939 2379 2973 par-

1287 2980 1304 3010 7
1354 2980 1420 3011 tes.
1469 2976 1559 3010 Eius
1583 2976 1680 3010 bona
1705 2975 1831 3019 emisti,
1867 2975 1964 3020 apud
1989 2985 2093 3020 quem
2116 2974 2293 3018 mancipia
2318 2973 2376 3007 de-

1285 3021 1405 3066 posita
1435 3024 1553 3056 erant:
1594 3020 1787 3055 Trebatius
1823 3020 1875 3055 ait
1906 3032 1975 3055 usu
2006 3025 2042 3055 te
2074 3030 2146 3054 non
2179 3023 2376 3063 capturum,

1287 3070 1306 3101 8
1355 3066 1439 3111 quia
1461 3069 1581 3111 empta
1604 3076 1678 3100 non
1701 3066 1782 3101 sint.
1830 3066 1946 3101 Tutor
1964 3076 2007 3100 ex
2027 3065 2152 3110 pupilli
2172 3063 2377 3098 011011011οΗ

1286 3122 1376 3155 rem,
1413 3122 1520 3156 quam
1555 3111 1631 3147 eius
1665 3112 1821 3155 putabat
1856 3121 1952 3153 esse,
1996 3110 2089 3145 emit.
2149 3108 2290 3143 Servius
2327 3108 2376 3142 ait

1286 3167 1392 3202 posse
1412 3167 1492 3191 eum
1509 3166 1728 3201 usucapere:
1753 3157 1791 3191 in
1809 3157 1911 3192 cuius
1925 3155 2126 3201 opinionem
2139 3155 2165 3174 ¹⁵
2190 3153 2374 3204 decursum

1288 3206 1343 3237 est
1367 3212 1427 3244 eo,
1461 3202 1558 3247 quod
1582 3201 1737 3237 deterior
1762 3211 1873 3237 causa
1896 3200 2024 3246 pupilli
2047 3210 2119 3234 non
2142 3198 2204 3240 fit,
2238 3209 2269 3232 81
2291 3208 2375 3242 pro-

1285 3248 1366 3292 pius
1397 3247 1529 3282 habeat
1559 3250 1771 3291 emptorem,
1805 3251 1858 3289 et,
1893 3247 1923 3282 si
1946 3244 2091 3280 minoris
2117 3242 2241 3294 emerit
2252 3243 2288 3294 Ἦ,
2318 3246 2375 3276 tu-

1286 3294 1380 3328 telae
1403 3293 1535 3327 iudicio
1560 3292 1741 3327 tenebitur
1777 3303 1820 3327 00
1853 3292 1884 3327 81
1909 3291 1969 3325 0111
1993 3288 2137 3324 minoris
2162 3287 2373 3322 addixisset:

1287 3341 1306 3372 9
1354 3338 1461 3382 idque
1487 3341 1522 3372 et
1545 3347 1567 3372 a
1591 3337 1670 3373 divo
1684 3337 1839 3372 Traiano
1863 3335 2095 3372 constitutum
2109 3332 2249 3367 dicitur.
2286 3332 2374 3367 Pro-

1288 3386 1489 3418 curatorem
1512 3393 1665 3428 quoque,
1691 3383 1752 3427 qui
1771 3393 1815 3417 ex
1833 3381 1996 3416 auctione
2011 3379 2048 3420 ¹4,
2074 3387 2181 3428 quam
2205 3376 2375 3428 mandatu

1287 3428 1420 3463 domini
1444 3428 1551 3470 facit,
1577 3428 1716 3472 emerit,
1740 3427 1900 3473 plerique
1949 3427 2053 3459 utant
2076 3422 2240 3457 utilltatlss
2265 3432 2376 3457 eausa

1286 3484 1351 3519 pro
1385 3477 1543 3519 emptore
1581 3476 1852 3519 usucapturum.
1900 3469 1912 3504 i
1938 3480 1992 3505 em
2027 3470 2148 3513 potest
2177 3466 2248 3501 dici
2278 3470 2314 3502 et
2345 3467 2375 3502 81

1334 3589 1395 3629 (10)
1419 3589 1585 3627 Ed.1...5;
1611 3588 1692 3621 Sab.
1708 3592 1808 3623 c...11;
1835 3584 2039 3625 Pap.12.13;
2064 3581 2153 3623 App.
2168 3587 2268 3630 14.—·
2289 3580 2373 3612 Bas.

1289 3635 1343 3675 50,
1357 3640 1383 3666 4.
1396 3651 1441 3656 —-
1463 3633 1512 3676 Cf
1531 3633 1608 3666 C'od.
1625 3634 1655 3673 7,
1671 3639 1706 3665 26
1824 3630 1877 3669 (11)
1903 3637 1999 3659 usum
2020 3627 2054 3658 F
2160 3625 2224 3675 (12).
2244 3634 2290 3675 810
2310 3625 2371 3657 del.

1289 3679 1346 3719 (13)
1372 3678 1495 3720 emptio
1516 3679 1574 3711 ins.
1692 3677 1749 3716 (14)
1775 3674 1904 3705 actione
1923 3671 1973 3704 F2
2089 3670 2147 3710 (15)
2172 3679 2330 3711 op1nione
2347 3670 2378 3701 F

1290 3725 1349 3764 (16)
1373 3725 1466 3755 tutor
1479 3724 1538 3756 ins.
