2528 3918
163 123 455 158 rossa-escam
605 159 607 161 .
1248 104 1317 147 XI

164 235 205 269 (18
225 236 440 279 possessorio
461 234 656 268 hereditatis
677 235 842 279 petitione
886 237 931 271 D.
954 241 987 281 5,
1011 240 1031 272 5

2045 104 2405 175 QUEMADMODUM

1316 247 1384 280 pro
1409 238 1555 279 emptore
1604 237 1646 271 D.
1670 239 1726 281 41,
1749 240 1771 273 4

164 280 204 314 (18
227 280 366 323 captivis
398 281 431 313 et
462 279 501 313 de
521 280 738 324 postliminio
771 283 805 315 et
826 282 1007 326 redemptis
1033 283 1076 317 ab
1098 283 1250 317 hostibus
1315 293 1384 325 pro
1408 282 1529 315 herede
1554 282 1606 315 vel
1629 293 1690 325 pro
1713 294 1896 326 possessore
1941 284 1985 318 D.
2009 285 2065 326 41,
2089 285 2109 317 5

163 370 204 404 de
220 350 439 414 postliminio
464 371 497 403 81
519 370 560 403 de
583 371 762 414 redemptis
784 372 825 405 ab
849 373 999 408 hostibus
1047 374 1081 409 G.
1107 375 1138 417 8,
1163 375 1206 407 50

162 415 203 448 (18
220 415 435 459 postulando
482 415 526 449 D.
551 417 583 459 3,
613 418 622 450 1
678 417 712 451 C.
737 418 769 459 2,
793 420 814 452 6

161 460 202 494 de
218 463 395 504 postumii·
416 461 594 494 heredibus
617 461 833 496 instituendis
857 463 910 496 vel
933 464 1173 498 exheredandis
1195 464 1248 497 vel

227 506 417 549 praeteritis
464 505 498 540 0.
524 508 555 549 6,
580 508 622 541 29

160 550 201 584 de
218 552 421 595 potioribus
442 551 485 584 ad
506 562 646 585 munera
669 553 881 587 nominandis

159 595 200 629 de
221 597 421 640 praebendo
444 596 566 630 salario
593 597 648 634 (0.
678 600 728 642 10,
752 600 792 632 37

159 640 200 675 (18
219 641 378 685 praediis
408 642 587 675 curialium
618 643 690 676 sine
719 643 851 677 decreto
884 656 951 678 non
977 645 1164 679 alienandis
1212 646 1246 680 C.

232 688 284 729 10,
309 689 351 722 34

159 730 200 764 (18
219 732 378 776 praediis
400 731 684 766 naviculariorum
732 733 766 768 C.
795 736 846 778 11,
870 737 890 769 3

159 776 199 810 de
216 777 377 820 praediis
398 777 547 810 tamiacis
578 780 611 811 et
634 779 674 812 de
698 780 751 812 his
774 778 833 822 qui
858 790 897 813 cx
920 780 1048 815 colonis
1071 782 1247 815 dominicis

223 821 365 865 aliisque
387 822 513 856 liberae
536 823 743 858 condicionis
765 828 985 868 procreantur
1033 826 1067 861 0.
1097 830 1147 870 11,
1172 829 1214 862 69

157 866 198 901 (18
215 868 378 911 praediis
406 867 460 901 vel
490 867 566 901 aliis
596 869 695 902 rebus
725 871 894 904 minorum
925 872 996 905 sine
1020 872 1152 907 decreto
1176 883 1244 907 non

224 912 410 947 alienandis
433 912 485 946 vel
509 913 698 956 obligandis
746 915 780 950 0.
805 918 837 958 5,
863 918 902 950 71

156 958 197 992 de
219 958 466 1002 apparitoribus
485 959 662 1002 praefecti
683 970 836 994 annonae
884 961 918 997 0.
945 964 998 1006 12,
1022 964 1065 997 58

158 1004 199 1037 de
222 1004 333 1037 officio
355 1002 530 1047 praefecti
549 1014 702 1038 annonae
750 1006 784 1040 0.
813 1008 841 1049 1,
866 1008 910 1042 44

156 1048 197 1082 de
219 1049 331 1082 officio
350 1048 527 1092 praefecti
549 1050 760 1092 Augustalis
805 1052 849 1086 D.
877 1054 906 1096 1,
934 1054 973 1087 17
1023 1053 1058 1088 0.
1086 1055 1116 1097 1,
1140 1055 1182 1088 37

156 1094 197 1128 de
220 1094 331 1127 officio
349 1093 528 1137 praefecti
550 1097 719 1138 praetorio
765 1097 808 1131 D.
838 1100 865 1140 1,
894 1100 931 1133 11

156 1139 196 1173 de
220 1139 331 1173 officio
349 1138 528 1183 praefecti
549 1142 717 1183 praetorio
741 1143 874 1176 Africae
922 1143 956 1178 G.
986 1146 1014 1187 1,
1039 1146 1079 1178 27

156 1185 197 1218 de
220 1184 331 1218 officio
350 1185 527 1228 praefecti
550 1186 692 1228 vigilum
738 1189 782 1222 D.
810 1190 841 1231 1,
869 1190 908 1223 15
959 1189 993 1224 0.
1023 1192 1050 1232 1,
1075 1191 1118 1224 45

156 1230 196 1263 de
219 1230 329 1263 officio
347 1229 528 1273 praefecti
549 1231 643 1264 urbis
687 1233 731 1267 D.
761 1236 790 1275 1,
819 1235 858 1268 12
908 1234 941 1268 C.
970 1235 998 1278 1,
1023 1236 1066 1268 28

155 1275 195 1308 (18
215 1274 408 1319 praefectis
435 1276 603 1318 praetorio
633 1277 702 1311 sive
733 1279 810 1312 urbi
842 1281 875 1312 et
903 1280 1071 1322 magistris
1092 1280 1239 1313 militum

221 1321 259 1354 in
283 1320 506 1363 dignitatibus
530 1323 753 1364 exaequandis
802 1324 837 1358 0.
864 1326 915 1368 12,
940 1327 962 1359 4
1155 1363 1157 1365 ,

155 1366 195 1399 de
201 1366 337 1446 0011118102
341 1365 619 1445 6praefectorum
657 1370 826 1411 praetorio
857 1370 1005 1403 Orientis
1044 1372 1078 1403 et
1110 1370 1240 1415 Illyrici

227 1437 235 1446 ·
283 1437 292 1455 5

154 1455 208 1534 Ede
226 1458 442 1500 praepositis
463 1458 637 1500 agentium
659 1459 696 1492 in
719 1459 819 1493 rebus
867 1460 902 1495 C.
930 1462 982 1504 12,
1007 1461 1062 1504 20,
1086 1460 1119 1503 5]

177 1513 194 1535 8
212 1503 428 1546 praepositis
450 1502 603 1536 labarum
652 1504 686 1539 0.
714 1506 766 1548 12,
793 1507 832 1540 18

154 1547 195 1581 (18
214 1549 427 1591 praepositis
454 1548 541 1582 sacri
572 1549 721 1582 cubiculi
752 1552 786 1583 et
817 1550 858 1585 de
881 1550 1037 1584 omnibus
1068 1551 1239 1585 cubicula-

220 1592 280 1626 riis
303 1594 337 1626 et
357 1593 545 1636 privilegiis
569 1605 683 1628 eorum
733 1595 766 1629 C.
798 1597 846 1639 12,
871 1598 890 1630 5

153 1637 193 1672 de
214 1639 496 1682 praescriptione
517 1639 609 1682 longi
635 1640 793 1683 temporis
817 1641 929 1675 decem
953 1641 1006 1675 vel
1031 1642 1155 1684 viginti
1178 1653 1238 1675 an-

220 1693 340 1716 norum
389 1683 424 1718 0.
450 1686 481 1727 7,
507 1686 548 1719 33

153 1728 193 1761 de
222 1730 506 1808 grae-scriptione
544 1730 685 1773 triginta
724 1731 777 1764 vel
813 1732 1038 1775 quadraginta
1073 1743 1238 1766 annorum

249 1800 256 1808 .
281 1776 314 1816 7,
339 1775 382 1807 39

153 1819 193 1852 de
217 1819 468 1862 exceptionibus
490 1821 562 1853 sive
579 1823 927 1864 praescriptionibus
975 1822 1008 1858 G.
1034 1825 1066 1866 8,
1092 1825 1134 1858 35

153 1865 193 1898 de
217 1865 465 1907 exceptionibus
493 1868 837 1910 praescriptionibus
871 1870 904 1901 et
931 1868 1148 1911 praeiudiciis
1193 1869 1237 1904 D.

219 1912 274 1953 44,
301 1912 316 1944 1

928 554 963 589 e.
992 557 1044 598 ιο,
1068 556 1108 589 67

131 1982 134 1984 .
153 1955 193 1989 de
216 1965 326 1988 rerum
349 1956 595 1998 permutatione
619 1958 652 1990 et
674 1957 714 1990 de
726 1960 959 2002 praescriptis
975 1958 1084 1992 verbis
1106 1959 1237 1993 actione

200 2001 234 2035 C.
259 2003 291 2044 4,
315 2003 358 2036 64

152 2046 193 2080 (18
212 2047 444 2090 praescriptis
467 2045 577 2079 verbis
601 2047 634 2080 et
656 2047 694 2080 in
717 2047 841 2081 factum
865 2049 1056 2082 actionibus
1087 2050 1131 2084 D.
1150 2051 1202 2093 19,
1216 2053 1236 2086 5

152 2092 192 2125 (18
215 2091 326 2124 officio
348 2091 509 2134 praesidis
554 2091 599 2125 D.
628 2094 656 2135 1,
683 2094 723 2126 18

152 2137 191 2171 (18
213 2136 468 2180 probationibus
491 2139 525 2170 81
541 2139 892 2181 praesumptionibus
938 2139 981 2174 D.
1008 2141 1062 2183 22,
1087 2142 1106 2174 3

151 2182 191 2215 de
209 2183 438 2226 praetoribus
461 2183 494 2215 et
516 2183 644 2216 honore
666 2185 842 2226 praeturae
866 2186 899 2217 et
921 2183 1018 2227 gleba
1048 2187 1082 2219 et
1104 2185 1179 2219 solli
1203 2188 1236 2220 et

218 2229 342 2270 septem
364 2227 548 2260 solidorum
571 2229 745 2262 functione
768 2228 900 2262 sublata
949 2230 982 2265 0.
1011 2232 1063 2274 12,
1087 2233 1107 2265 2

151 2273 192 2306 (18
209 2274 395 2317 praetorio
424 2273 566 2316 pignore
598 2275 632 2307 et
659 2275 699 2307 ut
728 2275 765 2307 in
797 2275 986 2308 actionibus
1018 2276 1118 2310 etiam
1142 2277 1234 2310 debi—

218 2320 328 2351 torum
351 2318 467 2351 missio
490 2319 651 2362 praetorii
673 2320 826 2362 pignoris
847 2321 1006 2364 procedat
1053 2321 1087 2356 0.
1114 2324 1146 2366 8,
1167 2324 1207 2357 21

151 2364 191 2397 (18
214 2363 324 2397 officio
344 2367 553 2407 praetorum
597 2365 641 2399 D.
670 2367 699 2408 1,
726 2368 766 2400 14
815 2365 849 2400 G.
878 2369 906 2410 1,
931 2367 973 2401 39

151 2409 191 2442 de
212 2411 522 2453 praevaricatione
565 2409 610 2445 D.
635 2412 690 2454 47,
717 2413 756 2444 15

151 2454 191 2488 de
215 2454 353 2488 diversis
385 2455 555 2498 rescriptis
589 2457 622 2489 et
654 2458 889 2499 pragmaticis
923 2458 1152 2492 sanctionibus
1200 2460 1234 2495 G.

221 2502 251 2543 1,
275 2501 318 2534 23

151 2545 190 2579 de
211 2548 377 2589 precario
423 2545 467 2580 D.
492 2547 548 2588 43,
572 2546 616 2579 26

150 2591 191 2624 de
208 2592 377 2634 precario
401 2591 435 2623 et
457 2590 497 2623 (18
521 2589 678 2624 Salviano·
701 2591 882 2626 interdicto
931 2593 965 2628 G.
990 2596 1022 2638 8,
1047 2596 1067 2628 9

151 2636 191 2670 de
220 2637 384 2680 precibus
412 2636 607 2679 imperatori
636 2637 812 2670 offerendis
846 2640 880 2671 et
910 2639 951 2671 (18
980 2640 1103 2682 quibus
1138 2641 1236 2674 rebus

217 2680 406 2724 supplicare
429 2680 530 2714 liceat
553 2681 605 2715 vel
629 2692 697 2715 non
745 2682 780 2717 C.
808 2685 836 2726 1,
864 2684 903 2717 19

150 2727 191 2761 (18
212 2728 419 2770 primicerio
443 2728 476 2759 et
497 2726 733 2761 secundocerio
758 2730 791 2761 et
813 2729 954 2762 notariis
1002 2729 1036 2764 0.
1064 2731 1116 2773 12,
1141 2732 1158 2764 7

151 2773 191 2806 de
211 2772 395 2816 primipilo
444 2772 479 2806 C.
507 2774 558 2815 12,
583 2774 625 2806 62
693 2804 695 2807 ,

151 2818 192 2851 de
213 2818 436 2861 principibus
458 2820 617 2860 agentum
641 2818 677 2850 in
701 2818 800 2851 rebus
848 2818 882 2853 0.
910 2820 963 2863 12,
987 2820 1027 2854 21

152 2863 192 2897 (18
212 2864 365 2906 privatis
387 2862 575 2896 carceribus
597 2863 790 2897 inhibendis
838 2863 873 2898 0.
897 2866 929 2908 9,
954 2866 973 2898 5

151 2908 192 2942 (18
211 2909 365 2952 privatis
386 2907 518 2941 delictis
562 2908 606 2943 D.
630 2911 686 2952 47,
713 2911 726 2942 1

152 2953 193 2987 de
212 2953 413 2997 privilegiis
436 2954 687 2996 corporatorum
710 2954 803 2988 urbis
825 2955 949 2988 Romae
997 2955 1031 2990 0.
1059 2958 1111 3000 11,
1139 2959 1179 2991 15

153 2998 193 3032 tle
212 2998 414 3042 privilegiis
436 2998 553 3032 domus
576 3001 746 3041 Augustae
769 2999 823 3033 vel
846 3001 896 3033 rei
919 3001 1070 3043 privatae
1098 3004 1132 3035 et
1155 3012 1235 3044 qua-

217 3054 294 3077 rum
317 3043 536 3077 collationum
559 3045 803 3079 excusationem
827 3045 953 3079 habent
1001 3046 1035 3080 G.
1063 3049 1114 3090 11,
1139 3049 1182 3082 75

151 3089 192 3123 (18
210 3088 415 3168 {rigilegiis
437 3100 551 3123 eorum
580 3090 640 3132 qui
668 3091 705 3123 in
734 3101 827 3124 sacro
850 3090 977 3133 palatio
1005 3092 1154 3126 militant
1202 3092 1236 3126 C.

199 3136 215 3168 1
244 3160 253 3177 ,
299 3136 319 3169 8

152 3179 194 3213 de
213 3179 414 3223 privilegiis
435 3179 623 3213 scholarum
673 3180 707 3215 G.
734 3182 786 3224 12,
811 3183 853 3215 29

148 3222 193 3258 ⁴de
209 3224 413 3268 privilegiis
435 3225 530 3258 urbis
553 3225 946 3269 Constantinopolitanae
994 3227 1029 3262 G.
1057 3229 1109 3271 11,
1134 3228 1173 3261 21

153 3269 193 3303 (18
214 3269 404 3313 privilegio
429 3269 516 3303 dotis
563 3270 597 3305 0.
623 3273 655 3314 7,
680 3273 721 3305 74

152 3314 193 3347 de
213 3315 403 3358 privilegio
426 3314 497 3348 fisci
545 3315 578 3350 0.
604 3318 636 3359 7,
661 3318 703 3351 73

153 3359 195 3392 de
213 3360 483 3403 probationibus
530 3360 565 3395 G.
588 3363 621 3403 4,
649 3362 689 3395 19

153 3404 193 3437 (18
213 3405 482 3447 probationibus
505 3406 539 3438 et
559 3406 885 3450 praesumptionibus
930 3407 974 3441 D.
1000 3409 1055 3450 22,
1079 3409 1099 3441 3

153 3449 193 3482 (18
216 3449 463 3492 apparitoribus
483 3451 708 3494 proconsulis
731 3453 765 3484 et
787 3451 891 3494 legati
939 3451 974 3486 0.
1001 3453 1054 3495 12,
1079 3454 1120 3487 55

153 3494 193 3527 (18
216 3495 327 3527 officio
347 3495 572 3538 proconsulis
595 3497 629 3529 et
651 3495 755 3538 legati
799 3496 842 3531 D.
872 3498 902 3539 1,
930 3498 970 3532 16
1019 3496 1053 3533 G.
1081 3499 1111 3540 1,
1136 3498 1177 3531 35

153 3539 194 3572 de
212 3541 509 3582 procuratoribus
556 3539 591 3575 C.
615 3542 648 3584 2,
674 3543 715 3575 12

153 3584 193 3617 de
214 3586 510 3627 procuratoribus
532 3586 566 3618 et
589 3585 818 3620 defensoribus
863 3585 907 3620 D.
932 3586 964 3628 3,
989 3586 1009 3620 3

150 3639 220 3672 pro
244 3628 404 3663 derelicto
449 3630 493 3665 D.
517 3632 573 3673 41,
598 3633 616 3664 7
654 3660 665 3667 ,
822 3637 826 3641 “

149 3684 217 3718 pro
242 3674 364 3708 donato
408 3675 452 3709 D.
477 3677 533 3719 41,
556 3677 577 3710 6

150 3729 218 3763 pro
242 3719 319 3753 (1018
363 3718 408 3754 D.
432 3722 488 3763 41,
512 3721 534 3754 9

520 3828 563 3863 ’ἱ

1312 338 1382 370 pro
1407 326 1518 370 legato
1565 328 1609 361 D.
1634 330 1689 370 41,
1713 330 1733 362 8

1312 383 1391 451 pr}
1406 373 1530 415 quibus
1553 373 1660 406 causis
1683 374 1769 407 servi
1798 375 1982 417 praemium
2015 374 2187 416 accipiunt
2217 373 2406 407 libertatem

1391 444 1399 452 .
1424 420 1456 460 7,
1484 420 1524 452 13

1314 474 1382 506 pro
1406 463 1496 496 socio
1542 464 1586 497 D.
1614 465 1666 505 17,
1691 465 1711 497 2
1744 463 1795 498 ’0.
1820 466 1852 507 4,
1877 467 1918 499 37

1315 511 1395 551 [pro
1420 508 1529 542 soluto
1574 509 1619 543 D.
1644 510 1699 551 41,
1724 510 1758 551 4]

1313 564 1380 597 pro
1405 564 1465 587 suo
1510 554 1554 587 D.
1579 555 1636 597 41,
1663 556 1703 588 10

1316 599 1356 632 (18
1377 598 1640 642 professoribus
1664 601 1697 633 et
1718 599 1856 632 medicis
1904 599 1938 633 C.
1968 601 2018 642 10,
2043 602 2085 634 53

1316 644 1356 678 (18
1376 643 1638 688 professoribus
1667 645 1726 687 qui
1755 645 1792 677 in
1827 644 1910 678 urbe
1941 644 2315 689 constantinopolitana
2346 645 2404 679 do-

1384 692 1495 724 centes
1518 700 1557 723 ex
1580 689 1654 732 lege
1676 690 1863 723 meruerint
1885 690 2076 723 comitivam
2124 691 2158 725 C.
2186 693 2238 734 12,
2268 693 2305 726 15

1315 735 1590 769 comminationes
1629 735 1788 779 epistulas
1824 739 2098 779 programmata
2143 736 2404 779 subscriptiones

1381 781 1615 815 auctoritatem
1638 781 1688 815 rei
1711 781 1879 814 iudicatae
1902 791 1971 814 non
1994 781 2116 814 habere
2164 782 2197 816 G.
2223 784 2255 825 7,
2279 783 2320 817 57

1314 826 1354 863 de
1374 827 1559 870 prohibita
1581 826 1843 868 sequestratione
1866 826 2028 868 pecuniae
2076 826 2111 860 G.
2137 828 2169 869 4,
2192 828 2214 861 4

1313 871 1353 904 (18
1377 872 1566 905 domesticis
1588 874 1622 905 81
1641 872 1904 916 protectoribus
1951 871 1986 906 G.
2015 873 2066 914 12,
2089 873 2126 906 17

1313 916 1353 950 de
1371 919 1617 960 pro-veneticis
1662 917 1708 952 D.
1733 919 1788 961 50,
1817 919 1855 951 14

1313 962 1352 996 (18
1373 964 1552 1006 proximis
1574 972 1746 996 sacrorum
1767 962 1969 996 scriniorum
1992 962 2176 1004 ceterisque
2206 964 2265 1004 qui
2289 964 2325 996 in
2349 975 2399 996 sa—

1380 1008 1445 1040 cris
1469 1008 1602 1041 scriniis
1624 1008 1774 1041 militant
1821 1007 1855 1043 C.
1883 1009 1934 1051 12,
1963 1008 2003 1041 19

1309 1053 1473 1096 publicae
1502 1052 1652 1086 laetitiae
1685 1052 1741 1087 vel
1775 1053 1951 1087 consulum
1985 1053 2196 1086 nuntiatores
2230 1052 2282 1085 vel
2319 1054 2400 1086 insi-

1378 1100 1537 1132 nuatores
1571 1098 1852 1132 constitutionum
1891 1100 1925 1132 81
1963 1097 2107 1131 aliarum
2140 1109 2309 1131 sacrarum
2347 1098 2400 1131 vel

1378 1143 1590 1177 iudicialium
1614 1143 1805 1178 litterarum
1828 1154 1868 1177 ex
1892 1143 2112 1187 descriptione
2142 1143 2195 1176 vel
2218 1144 2260 1177 ab
2283 1144 2400 1176 invitis

1379 1200 1422 1222 ne
1446 1189 1530 1231 quid
1553 1189 1721 1232 accipiant
1742 1189 1959 1222 immodicum
2007 1189 2040 1223 0.
2070 1190 2121 1231 12,
2147 1191 2190 1222 63

1310 1234 1351 1268 de
1371 1235 1574 1278 publicanis
1598 1237 1630 1268 et
1652 1234 1874 1278 vectigalibus
1898 1236 1931 1267 et
1954 1234 2135 1267 commissis
2180 1234 2224 1267 D.
2254 1235 2308 1277 39,
2333 1236 2352 1267 4

1309 1279 1350 1313 de
1373 1280 1583 1313 Publiciana
1606 1281 1643 1313 in
1667 1291 1738 1313 rem
1762 1281 1894 1313 actione
1939 1280 1986 1314 D.
2010 1281 2042 1322 6,
2067 1280 2087 1313 2

1310 1325 1350 1358 (18
1367 1325 1524 1369 publicis
1547 1325 1683 1358 iudiciis
1728 1325 1761 1360 J.
1785 1327 1818 1368 4,
1848 1327 1886 1360 18
1933 1325 1978 1359 D.
2003 1327 2059 1368 48,
2086 1326 2102 1359 1

1309 1370 1349 1403 de
1368 1370 1548 1414 pupillari
1569 1371 1810 1404 substitutione
1855 1371 1888 1405 J.
1913 1372 1945 1413 2,
1973 1372 2013 1405 16

1828 1472 1878 1524 Q.

1307 1551 1348 1584 de
1371 1550 1604 1593 quadriennii
1625 1550 1888 1594 praescriptione
1937 1550 1971 1586 0.
1996 1553 2029 1594 7,
2053 1553 2094 1586 37

1307 1596 1347 1629 de
1372 1596 1694 1639 quadrimcnstmtis
1717 1597 1786 1629 tam
1801 1595 1959 1629 civilibus
1982 1607 2082 1638 quam
2098 1595 2301 1630 militaribus
2322 1596 2394 1629 bre-

1376 1641 1472 1674 vibus
1520 1642 1554 1675 C.
1586 1644 1611 1685 1,
1635 1643 1680 1675 42

1307 1698 1397 1730 quae
1419 1687 1456 1719 111
1482 1687 1634 1720 fraudem
1656 1685 1863 1720 creditorum
1886 1686 1975 1719 facta
1997 1688 2087 1729 sunt,
2111 1688 2150 1719 ut
2173 1688 2395 1721 restituantur

1307 1788 1396 1820 quae
1418 1787 1471 1811 res
1491 1758 1664 1820 ’exportari
1687 1787 1754 1810 non
1780 1776 1921 1810 debeant
1969 1777 2003 1810 0.
2028 1778 2061 1819 4,
2084 1778 2126 1811 41

1306 1834 1396 1866 quac
1419 1833 1471 1855 res
1493 1823 1630 1866 pignori
1660 1821 1805 1864 obligari
1833 1823 1973 1865 possunt
2003 1821 2056 1855 vel
2086 1833 2154 1856 non
2188 1824 2222 1856 81
2251 1822 2394 1865 qualiter

1372 1868 1496 1911 pignus
1519 1868 1739 1902 contrahatur
1786 1867 1820 1902 0.
1847 1869 1880 1910 8,
1907 1869 1947 1901 16

1306 1924 1396 1957 quae
1430 1924 1482 1946 res
1516 1914 1654 1957 pignori
1687 1912 1741 1947 vel
1775 1913 1981 1956 hypothecae
2016 1912 2111 1946 datae
2147 1911 2292 1955 obligari
2327 1923 2393 1946 non

1372 1960 1512 2002 possunt
1556 1959 1601 1993 D.
1626 1959 1680 2002 20,
1704 1960 1723 1992 3

1306 2014 1396 2048 quae
1419 2014 1471 2038 res
1493 2005 1609 2038 venire
1631 2013 1703 2038 11011
1723 2005 1864 2047 possunt
1895 2005 1929 2037 et
1952 2003 2012 2046 qui
2035 2003 2178 2037 vendere
2206 2003 2260 2036 vel
2288 2014 2396 2037 emere

1373 2051 1530 2083 vetantur
1578 2050 1612 2084 C.
1637 2051 1670 2092 4,
1696 2051 1740 2083 40

1305 2105 1395 2138 quae
1417 2095 1602 2128 sententiae
1624 2094 1697 2128 sine
1720 2093 1946 2137 appellatione
1970 2093 2204 2127 rescindantur
2245 2094 2289 2128 D.
2301 2096 2357 2138 49,
2373 2096 2393 2129 8

1304 2151 1396 2183 quae
1418 2140 1462 2173 sit
1484 2140 1587 2182 longa
1610 2140 1817 2174 consuetudo
1866 2139 1900 2173 0.
1925 2140 1957 2181 8,
1982 2140 2025 2174 52

1304 2186 1344 2219 (18
1368 2187 1635 2229 quaestionibus
1679 2185 1723 2219 D.
1749 2187 1806 2228 48,
1836 2186 1874 2219 18
1923 2184 1957 2218 G.
1984 2186 2016 2227 9,
2040 2186 2080 2218 41

1303 2231 1343 2264 (18
1367 2232 1613 2274 quaestoribus
1635 2231 1805 2272 magistris
1820 2229 2007 2263 officiorum
2025 2229 2203 2263 comitibus
2225 2241 2394 2264 sacrarum

1303 2322 1344 2355 de
1367 2275 1718 2355 ὲαῖἷίᾒῗοῃιιιιέἑεῗὲνξὲὶ
1740 2276 1916 2355 &hastath
1938 2275 1972 2309 G·
2000 2276 2053 2318 ¹2,
2076 2277 2098 2310 6

1303 2368 1445 2410 quando
1470 2333 1707 2420 apqpellandum
1723 2367 1768 2399 sit
1783 2348 1825 2399 ⁸et
1839 2348 1939 2399 ’intra
1955 2375 2039 2407 quae
2054 2366 2203 2408 tempora
2241 2366 2284 2401 D.
2303 2368 2359 2409 49,
2373 2369 2394 2401 4

1304 2413 1444 2456 quando
1469 2412 1583 2446 civilis
1613 2413 1702 2445 actio
1734 2411 1903 2445 criminali
1931 2410 2141 2453 praeiudicet
2172 2413 2206 2444 et
2234 2422 2278 2444 an
2301 2414 2393 2445 utra-

1372 2468 1436 2500 que
1459 2457 1501 2491 ab
1525 2457 1640 2491 eodem
1665 2458 1810 2490 exerceri
1833 2459 1942 2500 potest
1990 2456 2025 2490 C.
2050 2458 2082 2499 9,
2107 2458 2148 2490 31

1304 2503 1446 2547 quando
1471 2505 1642 2536 curatores
1665 2502 1719 2536 vel
1741 2504 1870 2535 tutores
1894 2512 1960 2535 esse
1985 2501 2139 2534 desinant
2187 2500 2221 2536 0.
2247 2504 2279 2546 5,
2303 2504 2347 2537 60

1305 2548 1446 2591 quando
1472 2548 1512 2581 de
1534 2548 1668 2592 peculio
1691 2548 1780 2580 actio
1804 2546 1936 2580 annalis
1960 2548 2009 2579 881
2053 2546 2097 2581 D.
2126 2548 2178 2590 15,
2203 2548 2223 2580 2

1304 2594 1446 2637 quando
1472 2593 1604 2627 decreto
1628 2603 1712 2635 opus
1735 2603 1804 2625 non
1829 2594 1878 2625 881
1927 2591 1960 2626 0.
1987 2594 2018 2634 5,
2043 2592 2087 2625 72

1304 2639 1447 2682 quando
1471 2639 1541 2672 dies
1563 2638 1668 2680 legati
1690 2637 1744 2671 vel
1766 2637 2012 2671 fideicommissi
2035 2636 2124 2670 cedit
2172 2636 2206 2672 C.
2232 2639 2264 2681 6,
2289 2640 2331 2673 53

1304 2684 1446 2727 quando
1460 2684 1530 2717 dies
1540 2683 1727 2726 legatorum
1741 2682 1794 2716 vel
1805 2682 2133 2716 fideicommissorum
2145 2682 2241 2716 cedat
2257 2683 2301 2718 D.
2310 2685 2391 2727 36‚2

1304 2729 1446 2773 quando
1471 2729 1541 2762 dies
1564 2739 1644 2762 usus
1665 2729 1796 2762 fructus
1819 2727 1923 2770 legati
1947 2727 2043 2761 cedat
2088 2727 2132 2762 D.
2159 2730 2191 2771 7,
2215 2730 2235 2762 3

1305 2775 1446 2818 quando
1477 2776 1510 2807 et
1541 2774 1664 2816 quibus
1692 2773 1831 2807 debetur
1862 2775 1982 2815 quarta
2010 2783 2088 2816 pars
2111 2783 2151 2806 ex
2173 2773 2270 2807 bonis
2293 2774 2392 2808 decu—

1371 2821 1506 2853 rionum
1530 2822 1564 2853 et
1586 2819 1627 2853 de
1649 2819 1747 2852 modo
1771 2818 2019 2852 distributionis
2043 2829 2158 2851 eorum
2206 2817 2241 2853 G.
2273 2821 2324 2862 10,
2349 2822 2391 2855 35

1304 2865 1447 2908 quando
1484 2874 1523 2898 ex
1555 2864 1644 2898 facto
1678 2865 1802 2898 tutoris
1835 2863 1889 2897 vel
1923 2863 2087 2898 curatoris
2115 2864 2261 2897 minores
2294 2875 2392 2908 agere

1372 2909 1426 2943 vel
1449 2910 1623 2943 conveniri
1645 2911 1784 2952 possunt
1829 2909 1873 2944 D.
1899 2910 1955 2952 26,
1979 2911 2000 2943 9
2050 2907 2084 2943 C.
2110 2910 2142 2952 5,
2167 2910 2210 2944 39

1305 2955 1446 2998 quando
1469 2955 1567 2988 fiscus
1598 2953 1651 2988 vel
1681 2955 1833 2998 privatus
1864 2954 2024 2988 debitoris
2052 2955 2106 2987 sui
2135 2954 2310 2989 debitores
2323 2957 2392 2989 exi-

1371 3010 1451 3043 gere
1472 3001 1582 3043 potest
1630 2999 1665 3035 0.
1690 3003 1723 3043 4,
1750 3001 1790 3035 15

1305 3045 1446 3089 quando
1470 3046 1652 3088 imperator
1673 3045 1764 3079 inter
1786 3044 1934 3089 pupillos
1957 3044 2010 3078 vel
2033 3045 2150 3078 viduas
2180 3044 2233 3078 vel
2256 3046 2392 3080 misera-

1371 3090 1455 3123 biles
1476 3100 1633 3133 personas
1655 3092 1834 3133 cognoscat
1858 3092 1891 3123 et
1913 3101 1956 3123 ne
1980 3090 2202 3123 exhibeantur
2251 3089 2284 3125 C.
2299 3093 2330 3135 3,
2352 3094 2392 3126 14

1305 3135 1447 3179 quando
1477 3134 1614 3214 1101181188
1643 3136 1792 3179 principi
1815 3136 1912 3169 datus
1941 3134 2013 3168 litis
2044 3135 2320 3169 contestationem
2342 3137 2391 3169 fa-

1373 3181 1441 3214 ciat
1514 3207 1522 3215 .
1551 3182 1566 3216 1
1604 3182 1647 3215 20

1305 3226 1447 3269 quando
1471 3206 1581 3259 liceat,
1593 3226 1636 3259 ab
1659 3225 1826 3269 emptione
1850 3225 2018 3259 discedere
2068 3224 2101 3260 G.
2126 3228 2159 3265 4,
2182 3227 2226 3259 45

1305 3271 1447 3314 quando
1477 3270 1578 3304 liceat
1607 3271 1680 3304 sine
1710 3271 1823 3305 iudice
1851 3270 2036 3312 unicuique
2071 3270 2244 3304 vindicare
2274 3281 2308 3305 88
2339 3271 2392 3305 vel

1349 3315 1519 3359 publicam
1542 3316 1752 3351 devotionem
1801 3315 1836 3350 0.
1862 3318 1893 3359 3,
1917 3317 1959 3350 27

1305 3361 1447 3404 quando
1470 3360 1593 3395 mulier
1614 3361 1741 3395 tutelae
1764 3360 1874 3394 officio
1898 3360 1997 3402 fungi
2018 3361 2127 3403 potest
2175 3359 2210 3394 0.
2234 3363 2265 3404 5,
2291 3362 2332 3395 35

1305 3406 1448 3484 quagdo
1487 3417 1556 3440 11011
1594 3407 1782 3450 petentium
1822 3407 1934 3449 partes
1968 3405 2159 3448 petentibus
2196 3405 2392 3438 adcrescunt

1393 3470 1412 3485 ι.
1438 3453 1471 3494 6,
1496 3453 1538 3486 10

1306 3495 1448 3540 quando
1471 3506 1653 3539 provocare
1675 3505 1745 3529 non
1769 3497 1819 3529 est
1841 3505 1972 3529 necesse
2021 3494 2056 3529 0.
2080 3497 2112 3538 7,
2137 3496 2179 3529 64

1306 3541 1346 3574 de
1369 3540 1525 3575 aedilicio
1549 3541 1658 3575 edicto
1682 3543 1715 3574 et
1738 3540 1964 3574 redhibitione
1981 3542 2014 3574 et
2030 3541 2157 3583 quanti
2170 3538 2309 3572 minoris
2346 3539 2391 3574 D.

1307 3611 1460 3674 quaru’m
1482 3641 1595 3665 rerum
1618 3631 1706 3664 actio
1730 3640 1799 3664 non
1823 3630 1922 3663 datur
1967 3630 2010 3663 D.
2037 3630 2091 3671 44,
2116 3630 2135 3661 5

1307 3676 1600 3719 quemadmodum
1622 3676 1818 3719 aperiantur
1840 3675 2037 3708 testamenta
2061 3674 2094 3706 et
2113 3672 2337 3715 inspiciantur
2360 3673 2393 3707 et

1375 3721 1608 3755 describantur
1653 3721 1698 3755 D.
1723 3721 1777 3763 29,
1803 3722 1823 3754 3
1873 3719 1906 3753 C.
1933 3722 1964 3760 6,
1990 3720 2032 3752 32
2086 3762 2131 3796 B*
