2528 3918
30 87 42 95 ²
22 0 68 55 <532

104 113 237 143 EMPTI
266 113 354 142 VEN
358 112 451 142 D1'1'1

104 221 260 258 continet
289 224 447 264 tantum,
478 220 542 256 sed
573 229 675 255 omne
707 218 802 264 quod
836 218 984 253 interest
1019 219 1186 264 emptoris

103 277 240 303 servum
264 276 336 301 non
361 265 483 301 evinci.
519 265 625 310 plane
649 264 678 299 si
702 264 737 298 in
769 266 908 298 tantum
939 265 1091 308 pretium
1125 275 1185 299 ex-

103 312 237 348 cedisse
269 321 467 356 proponas,
500 314 540 344 ut
570 320 642 345 non
674 310 720 344 sit
744 309 935 353 cogitatum
960 319 982 344 a
1006 309 1187 345 venditore

103 357 146 392 de
176 360 278 391 tanta
310 365 446 392 summa
479 355 598 397 (veluti
628 355 658 390 si
689 364 803 399 ponas
828 354 1037 399 agitatorem
1061 359 1188 400 postea

101 402 234 437 factum
258 402 312 436 vel
335 401 590 446 pantomimum
613 400 764 435 evictum
789 409 866 434 esse
898 409 998 442 eum,
1031 400 1091 445 qui
1122 400 1185 434 mi-

102 447 192 482 nimo
214 446 320 481 veniit
339 445 479 490 pretio),
498 445 656 490 iniquum
675 444 814 481 videtur
832 443 870 479 in
889 455 1052 489 magnam
1073 455 1185 491 quan-

101 493 236 527 titatem
260 491 407 536 obligari
430 490 658 533 venditorem,

146 535 198 573 44
222 536 447 571 AFRICANUS
467 536 557 571 libro
582 539 706 571 octavo
731 536 979 588 quaestionum
1027 538 1122 578 (cum
1152 538 1188 570 et

100 582 190 618 forte
213 581 305 616 idem
328 581 557 616 mediocrium
582 580 806 616 facultatium
832 580 895 615 sit:
931 584 966 615 et
997 591 1070 616 non
1092 581 1187 616 ultra

101 627 244 671 duplum
268 626 463 671 periculum
488 626 607 661 subire
632 636 712 661 eum
736 629 890 671 oportet)

148 672 199 709 45
235 672 392 707 PAULUS
427 672 517 707 libro
553 672 677 716 quinto
714 672 963 717 quaestionum
1010 671 1117 716 idque
1152 674 1188 706 et

100 718 271 752 Iulianum
296 717 449 761 agitasse
471 716 664 752 Africanus
688 716 814 752 refert:
842 716 937 761 quod
961 716 1093 751 iustum
1114 719 1185 751 est:

100 763 191 798 sicut
221 762 390 797 minuitur
454 762 643 804 raestatio,
680 762 710 797 si
744 772 867 797 servus
901 762 1056 797 deterior
1091 761 1187 807 apud

102 811 116 843 1
167 811 360 852 emptorem
385 818 403 842 e
432 811 530 843 ectus
556 808 611 849 sit,
638 817 718 842 cum
738 807 919 842 evincitur.
968 807 1060 842 Illud
1080 817 1186 852 expe-

99 853 204 888 ditius
227 853 423 895 videbatur,
450 852 479 887 si
503 853 590 887 mihi
614 852 766 887 alienam
790 862 910 888 aream
931 852 1130 888 vendideris
1152 855 1187 887 et

98 899 133 933 in
156 909 233 934 eam
258 908 321 943 ego
346 897 578 933 aedificavero
603 904 710 942 atque
733 898 784 932 ita
805 908 882 932 eam
904 897 1067 933 dominus
1089 897 1185 933 evin-

101 944 165 979 cit:
199 954 282 978 nam
329 944 389 978 uia
412 943 567 989 possim¹
593 946 772 989 petentem
797 943 996 986 dominum,
1030 943 1098 978 nisi
1122 943 1185 977 im-

100 1000 243 1034 pensam
256 999 298 1024 ae
322 988 498 1024 isiciorum
519 988 643 1031 solvat,
666 988 737 1024 doli
756 989 839 1023 mali
859 989 1070 1034 exceptione
1091 999 1185 1024 sum-

99 1045 246 1077 movere,
271 1034 382 1079 magis
407 1038 472 1077 est,
497 1038 538 1068 ut
562 1044 604 1069 ea
627 1044 684 1069 res
710 1034 756 1068 ad
773 1034 971 1078 perieulum
992 1033 1185 1069 venditoris

99 1091 167 1115 non
191 1079 378 1124 pertineat.
416 1079 511 1132 quod
536 1083 571 1114 et
593 1079 630 1114 in
654 1089 754 1115 servo
780 1079 971 1114 dicendum
996 1083 1069 1122 est,
1095 1079 1126 1115 si
1149 1079 1186 1114 in

97 1126 312 1167 servitutem,
337 1135 410 1160 non
428 1136 466 1159 1n
484 1125 682 1160 libertatem
703 1125 933 1168 evinceretur,
958 1128 999 1160 ut
1023 1124 1186 1160 dominus

98 1170 275 1206 mercedes
301 1173 336 1206 et
354 1170 532 1215 impensas
577 1174 734 1205 raestare
755 1170 892 1206 debeat.
926 1170 1022 1215 quod
1041 1170 1070 1205 si
1088 1181 1185 1216 emp-

97 1220 153 1251 tor
175 1226 246 1251 non
270 1215 452 1261 possideat
475 1215 554 1251 aedi
582 1216 675 1251 cium
706 1216 762 1250 vel
793 1226 955 1259 servum,
989 1226 1033 1251 ex
1066 1220 1184 1261 empto

97 1261 242 1296 habebit
273 1261 461 1296 actionem.
497 1261 534 1296 in
558 1261 721 1296 omnibus
745 1264 865 1297 tamen
888 1261 944 1297 his
969 1261 1130 1304 casibus,
1156 1261 1186 1296 si

97 1306 210 1342 sciens
235 1306 313 1352 quis
338 1306 492 1341 alienum
515 1305 729 1349 vendiderit,
762 1307 963 1342 omnimodo
987 1307 1100 1342 teneri
1124 1306 1183 1342 de-

97 1355 115 1386 2
163 1352 233 1387 bet.
283 1351 452 1397 Superest
473 1352 580 1388 tertia
603 1351 820 1395 deliberatio,
847 1353 948 1387 cuius
974 1351 1080 1387 debet
1104 1362 1183 1388 esse

97 1397 222 1432 liberta
252 1397 452 1440 Arescusa,
486 1407 578 1443 quae
612 1401 756 1433 recusat
790 1401 997 1442 emptorem.
1044 1401 1080 1433 et
1113 1408 1185 1433 non

96 1442 170 1477 sine
194 1442 332 1478 ratione
356 1442 494 1478 dicetur
513 1443 587 1478 eius
609 1442 738 1478 debere
758 1442 852 1478 effici
872 1443 1048 1486 libertam,
1074 1453 1096 1478 a
1114 1454 1184 1488 quo

97 1487 236 1523 vendita
267 1491 338 1531 est,
375 1488 412 1523 id
445 1492 499 1524 est
528 1487 688 1531 heredis,
722 1488 807 1540 quia
837 1492 873 1524 et
896 1489 973 1534 ipse
997 1499 1042 1524 ex
1066 1492 1184 1533 empto

97 1533 235 1568 actione
259 1537 417 1569 tenetur:
443 1533 507 1570 sed
530 1534 598 1569 hoc
621 1534 691 1577 ita,
717 1544 747 1569 sl
771 1544 844 1569 non
866 1534 1048 1570 Arescusa
1073 1534 1184 1579 elege-

95 1579 141 1613 rit
164 1579 332 1624 emptoris
356 1582 604 1624 patronatum:
630 1582 717 1614 tunc
742 1579 870 1615 etenim
895 1583 930 1615 et
953 1579 1046 1615 illius
1070 1590 1183 1615 rema-

96 1627 155 1659 net
177 1624 305 1659 liberta
329 1628 364 1660 et
387 1625 446 1660 ille
466 1635 510 1660 ex
530 1627 647 1670 empto
670 1625 847 1660 actionem
863 1636 935 1660 non
956 1625 1075 1668 habet,
1102 1625 1185 1670 quia

96 1669 181 1704 nihil
206 1670 279 1705 eius
303 1670 462 1713 interest,
488 1681 568 1705 cum
591 1680 669 1705 eam
692 1670 855 1706 libertam
879 1671 1000 1706 habet.

140 1712 193 1752 46
226 1715 334 1750 IDEM
359 1715 450 1751 libro
486 1716 651 1752 vicesimo
687 1719 817 1761 quarto
851 1716 1100 1761 quaestionum
1148 1716 1185 1751 Si

118 1761 172 1795 uis
207 1760 358 1796 alienam
381 1771 456 1796 rem
478 1760 677 1796 vendiderit
700 1764 736 1795 et
759 1761 873 1796 medio
898 1765 1058 1813 tempore
1081 1761 1184 1796 heres

119 1805 234 1841 omino
259 1806 312 1841 rei
336 1806 521 1849 exstiterit,
547 1810 693 1851 cogetur
716 1806 862 1851 implere
886 1806 1135 1842 vendltionem.

141 1849 192 1888 47
218 1851 326 1887 IDEM
351 1852 441 1887 libro
471 1855 577 1887 seoeto
604 1862 861 1898 responsorum
907 1852 1043 1887 Lucius
1068 1852 1184 1888 Titius

95 1900 243 1943 accepta
273 1897 425 1942 pecunia
457 1897 503 1932 ad
533 1897 701 1932 materias
732 1896 937 1933 vendendas
968 1897 1035 1933 sub
1068 1908 1185 1943 poena

95 1946 212 1985 certa,
243 1942 295 1977 ita
317 1946 375 1985 ut,
409 1942 439 1978 si
469 1953 542 1978 non
571 1943 727 1987 integras
759 1943 1058 1988 repraestaverit2
1089 1943 1186 1978 intra

95 1991 231 2023 statuta
261 1991 439 2033 tempora,
473 1998 591 2033 poena
622 1988 896 2031 conveniatur³,
929 1988 1059 2034 partim
1091 1988 1184 2024 datis

95 2033 250 2069 materiis
271 2033 441 2069 decessit:
464 2044 544 2069 cum
565 2033 673 2079 igitur
693 2037 846 2070 testator
865 2034 902 2068 in
922 2044 1073 2079 poenam
1087 2044 1182 2069 com-

94 2078 228 2114 miserit
262 2089 376 2124 neque
410 2079 512 2114 heres
548 2079 623 2114 eius
657 2079 829 2124 reliquam
865 2079 1050 2115 materiam
1085 2080 1183 2114 exhi-

94 2124 229 2167 buerit,
254 2135 301 2159 an
326 2129 362 2159 et
384 2125 422 2160 in
444 2134 596 2170 poenam
621 2128 656 2159 et
679 2125 715 2159 in
740 2135 870 2160 usuras
895 2125 1075 2161 conveniri
1099 2136 1182 2170 pos-

95 2171 151 2212 sit,
171 2170 378 2215 praesertim
398 2181 479 2205 cum
501 2174 639 2215 emptor
658 2174 841 2206 mutuatus
881 2171 1043 2206 ecuniam
1056 2181 1184 2205 usuras

93 2216 317 2260 gravissimas
337 2215 528 2261 expendit?
560 2216 694 2251 Paulus
715 2226 844 2260 respon
871 2216 898 2250 it
918 2226 962 2251 ex
983 2220 1183 2259 contractu,

94 2261 138 2296 de
162 2271 231 2306 quo
265 2261 464 2306 quaeritur,
498 2261 603 2296 etiam
627 2261 793 2296 heredem
820 2261 1013 2297 venditoris
1037 2262 1074 2296 in
1097 2272 1183 2306 poe-

95 2317 176 2341 nam
207 2307 386 2341 conveniri
417 2317 534 2352 posse.
578 2307 615 2341 in
647 2307 788 2342 actione
821 2317 963 2352 quoque
996 2318 1040 2343 ex
1064 2311 1182 2352 empto

94 2351 211 2387 officio
242 2351 368 2387 iudicis
399 2355 482 2397 post
512 2362 647 2387 moram
677 2352 956 2388 intercedentem
991 2363 1184 2388 usurarum

94 2397 196 2442 pretii
221 2397 394 2432 rationem
417 2397 542 2432 haberi
566 2401 741 2443 oportere.

141 2440 192 2480 48
218 2441 421 2478 SCAEVOLA
454 2443 545 2478 libro
575 2443 732 2478 seeundo
764 2453 1019 2490 responsorum
1067 2443 1182 2479 Titius

96 2488 196 2523 heres
221 2487 419 2533 Sempronii
441 2487 591 2523 fundum
616 2488 771 2534 Septicio
796 2488 955 2523 vendidit
985 2489 1053 2524 ita:
1089 2488 1181 2524 ‘fun-

96 2533 172 2568 ‘dus
206 2533 501 2578 Sempronianus,
544 2533 713 2579 quidquid
748 2533 948 2579 Sempronii
982 2534 1067 2570 iuris
1101 2534 1181 2577 fuit,

95 2579 172 2613 ‘erit
202 2579 266 2613 tibi
298 2582 436 2624 emptus
468 2582 523 2614 tot
546 2580 709 2614 nummis'
734 2590 955 2624 vacuamque
985 2580 1181 2626 possessio-

95 2635 173 2660 nem
196 2624 343 2659 tradidit
367 2635 481 2670 neque
510 2624 598 2660 fines
631 2625 705 2660 eius
739 2625 1009 2660 demonstravit:
1043 2625 1181 2670 quaeri-

97 2671 171 2712 tur,
203 2680 249 2704 an
283 2670 391 2715 empti
422 2670 552 2705 iudicio
578 2670 756 2714 cogendus
781 2671 828 2705 sit
851 2670 1038 2705 ostendere
1062 2681 1104 2706 ex
1129 2671 1181 2705 in-

95 2715 298 2750 strumentis
321 2715 560 2758 hereditariis,
587 2716 671 2760 quid
694 2715 781 2750 iuris
806 2715 995 2751 defunctus
1018 2716 1184 2751 habuerit

95 2764 130 2795 et
152 2760 240 2796 fines
266 2761 464 2796 ostendere.
500 2761 666 2806 respondi
689 2761 725 2796 id
751 2771 793 2796 ex
815 2771 857 2796 ea
877 2761 1056 2806 scriptura
1079 2771 1182 2806 prae-

95 2806 281 2848 standum,
337 2806 408 2841 uod
439 2806 592 2842 sensisse
615 2806 887 2851 intelleguntur:
921 2806 1018 2851 quod
1049 2807 1079 2841 si
1111 2817 1183 2842 non

95 2855 283 2896 appareat,
340 2852 443 2887 ebere
466 2852 683 2887 venditorem
708 2855 744 2887 et
766 2853 1001 2886 instrumenta
1023 2851 1124 2886 fundi
1149 2856 1184 2887 et

95 2897 182 2931 fines
216 2896 420 2932 ostendere:
452 2897 520 2932 hoc
552 2896 680 2932 etenim
713 2897 914 2932 contractui
939 2897 1076 2932 bonae⁴
1100 2897 1182 2932 fidei

96 2946 280 2977 consonat.

140 2985 193 3024 49
219 2987 562 3022 ΗΕΕΜΟΟΕΝΙΑΝΠΒ
590 2987 680 3023 libro
712 2988 869 3023 secundo
894 2988 986 3023 iuris
1008 2988 1181 3034 epitoma-

95 3034 199 3067 rum⁵
245 3032 312 3076 Qui
331 3043 396 3077 per
416 3033 645 3068 collusionem
664 3033 908 3078 imaginarium
928 3033 1093 3068 colonum
1115 3033 1181 3068 eir-

96 3078 338 3113 cumveniendi
362 3089 415 3112 em
442 3078 528 3113 totle
554 3088 664 3113 causa
687 3079 894 3123 subposuit,
920 3089 962 3114 ex
988 3082 1104 3123 empto
1128 3082 1181 3113 te-

97 3127 200 3158 netur
223 3133 289 3158 nec
309 3122 414 3158 defen
442 3123 521 3164 ‘tur,
547 3123 588 3166 si,
614 3134 682 3168 quo
703 3123 843 3159 facilius
863 3124 1064 3169 excogitata
1081 3123 1182 3159 fraus

96 3169 305 3211 occultetur,
328 3168 493 3203 colonum
513 3173 548 3203 et
569 3169 799 3215 quinquennii
846 3169 1008 3205 ensiones
1028 3169 1065 3204 in
1077 3169 1182 3204 fidem

98 3217 110 3247 1
164 3224 264 3249 suam
295 3213 445 3258 recipiat
455 3214 479 3248 θ.
528 3214 656 3257 Pretii,
691 3218 787 3249 sorte
831 3214 900 3250 ieet
932 3218 1015 3259 post
1048 3225 1182 3250 moram

96 3259 231 3301 soluta,
256 3269 387 3294 usurae
410 3259 482 3304 peti
506 3270 577 3294 non
600 3263 770 3304 possunt,
805 3270 885 3295 eum
908 3260 977 3295 hae
1009 3271 1081 3296 non
1112 3260 1184 3295 sint

96 3306 131 3340 in
156 3304 381 3349 obligatione,
406 3304 469 3340 sed
492 3304 610 3340 officio
634 3304 760 3340 iudicis
784 3308 1023 3350 praestentur.

98 3420 137 3459 (1)
162 3417 294 3459 possint
306 3419 338 3451 F
402 3419 445 3460 (2)
471 3419 774 3460 repraesentaverit
791 3419 944 3452 C'uz'acius
1026 3420 1069 3461 (3)
1094 3430 1182 3452 com-

98 3462 253 3495 mittatur
264 3476 325 3495 ser.
419 3464 461 3504 (4)
486 3464 575 3496 bona
587 3464 621 3496 F
698 3465 741 3505 (5)
767 3465 809 3508 cf
828 3465 900 3497 Vat.
916 3471 948 3498 13
1031 3466 1074 3505 (6)
1100 3466 1180 3506 Pap.

98 3507 120 3539 l.
135 3508 187 3539 111
200 3518 286 3550 resp.
313 3507 479 3540 Venditor
491 3509 519 3541 si
532 3520 592 3551 per
604 3508 832 3541 conlusionem
846 3509 1085 3551 imaginarium
1095 3510 1184 3541 colo-

100 3563 177 3584 num
192 3553 351 3595 emptoris
365 3553 556 3594 decipiendi
571 3565 670 3586 causa
691 3553 879 3597 subposuit,
903 3565 942 3587 ex
960 3557 1072 3596 empto
1094 3558 1183 3586 tene-

98 3597 202 3639 bitur,
223 3608 283 3630 nec
295 3599 422 3630 idcirco
436 3602 524 3631 recte
538 3599 739 3640 defenditur,
762 3600 802 3640 si,
824 3610 889 3642 quo
904 3600 1038 3632 facilius
1052 3600 1184 3641 excogi-

100 3645 201 3674 tatam
219 3642 366 3675 fraudem
378 3643 547 3684 retineret,
560 3644 712 3676 colonum
725 3648 757 3677 et
768 3646 915 3686 quinque
926 3655 1088 3677 annorum
1099 3656 1184 3676 mer-

100 3688 195 3720 cedes
208 3688 244 3719 in
259 3690 354 3720 ndem
369 3698 461 3720 suam
475 3689 630 3731 recipiat.
657 3689 808 3732 alioquin
821 3691 850 3721 si
863 3690 950 3722 bona
965 3690 1027 3721 fide
1050 3690 1183 3727 locavit,

105 3741 273 3775 suspectus
289 3745 354 3765 non
369 3733 434 3766 erit
454 3735 526 3767 Vnt.
606 3735 648 3775 (7)
674 3735 895 3777 compellatur
909 3736 981 3768 dete.
1063 3738 1105 3776 (8)
1131 3745 1184 3767 ca-

1172 95 1254 141 249

2126 99 2292 143 XVIIII
2327 106 2342 142 1

1303 217 1355 256 50
1388 218 1520 254 LABEO
1551 219 1642 254 libro
1675 225 1806 265 quarto
1823 223 2081 268 posteriorum
2118 234 2141 258 a
2174 222 2346 258 Iauoleno

1256 266 1530 310 epz'tomatorum
1578 263 1680 299 Bona
1698 265 1786 300 fides
1810 278 1879 302 non
1901 268 2047 312 patitur,
2072 271 2123 310 ut,
2149 279 2229 303 cum
2250 278 2346 314 emp-

1255 313 1313 344 tor
1336 310 1485 345 alieuius
1509 309 1593 354 legis
1619 310 1791 346 beneficio
1816 313 2002 356 pecuniam
2026 313 2076 348 rei
2100 313 2264 349 venditae
2285 313 2345 348 de-

1255 355 1339 389 bere
1364 355 1513 390 desisset
1536 359 1727 399 antequam
1750 366 1806 390 res
1831 358 1863 391 ei
1886 358 2059 400 tradatur,
2084 358 2246 394 venditor
2268 361 2345 394 tra-

1256 399 1338 435 dere
1371 399 1625 445 eompelletur⁷
1661 403 1696 435 et
1727 410 1766 435 re
1801 411 1867 437 sua
1903 408 2040 438 careret
2052 405 2075 438 Β.
2146 404 2347 440 ossessione

1256 449 1375 480 autem
1399 445 1532 480 tradita
1554 444 1713 479 futurum
1748 450 1818 488 est,
1851 450 1892 481 ut
1922 449 2022 483 rem⁹
2044 459 2109 484 ven
2137 450 2207 485 itor
2230 460 2346 496 aeque

1256 490 1445 533 amitteret,
1470 493 1595 536 utpote
1620 501 1699 525 cum
1723 492 1857 535 petenti
1882 501 1959 527 eam
1982 504 2055 529 rem
2079 495 2211 539 petitor
2231 495 2263 531 ei
2283 505 2345 531 ne-

1256 546 1324 580 que
1347 536 1563 571 vendidisset
1586 545 1701 580 neque
1725 536 1931 571 tradidisset
1945 539 1981 572 ¹⁰.

1302 579 1352 617 51
1380 580 1488 616 IDEM
1507 581 1598 616 libro
1623 582 1748 627 quinto
1765 583 2012 627 posteriorum
2037 596 2057 616 α
2079 584 2250 621 Iavoleno
2271 585 2346 632 cpi-

1256 628 1471 661 tomatorum
1519 625 1556 661 Si
1581 629 1616 661 et
1638 636 1703 671 per
1727 630 1919 671 emptorem
1944 631 1978 662 et
2002 629 2217 665 venditorem
2246 640 2347 666 mora

1254 671 1400 714 fuisset,
1434 682 1504 716 quo
1537 671 1653 707 minus
1685 672 1803 706 vinum
1834 672 2102 724 praeberetur¹¹
2128 678 2165 710 et
2187 675 2345 711 tradere-

1255 721 1332 759 tur,
1365 717 1512 762 perinde
1536 727 1614 752 esse
1638 717 1708 760 ait,
1744 728 1847 762 quas¹
1871 718 1900 753 si
1924 728 1987 762 per
2012 723 2205 764 emptorem
2230 721 2345 756 solum

1256 762 1430 797 stetisset:
1465 773 1536 797 non
1569 762 1661 797 enim
1692 766 1812 808 potest
1843 762 1951 798 videri
1976 775 2075 799 mora
2098 775 2161 809 per
2184 766 2344 801 vendito-

1256 818 1329 842 rem
1355 818 1408 842 em
1435 807 1504 842 tori
1527 807 1626 843 facta
1650 818 1727 843 esse
1750 808 1828 853 ipso
1849 819 1984 843 moram
2003 808 2157 845 faciente
2177 815 2343 855 emptore.

1260 857 1272 887 1
1324 819 1432 897 Quod)
1451 852 1482 887 si
1505 852 1655 888 fundum
1681 853 1795 888 emisti
1819 864 1861 889 ea
1884 854 1970 899 lege,
1996 855 2048 888 uti
2073 855 2134 890 des
2159 856 2345 900 pecuniam

1256 898 1417 933 kalendis
1450 898 1568 940 Iuliis,
1603 902 1638 933 et
1669 899 1699 933 si
1730 898 1815 943 ipsis
1849 899 2005 934 calendis
2040 910 2105 944 per
2127 901 2344 936 venditorem

1257 947 1350 979 esset
1371 943 1518 986 factum,
1544 954 1614 989 quo
1635 944 1751 979 minus
1772 945 1924 989 pecunia
1944 945 1975 980 ei
1995 945 2199 987 solveretur,
2222 946 2347 981 deinde

1255 1000 1319 1034 per
1343 992 1379 1024 te
1403 991 1515 1023 staret
1539 999 1608 1034 quo
1633 989 1748 1025 minus
1773 989 1945 1032 solveres,
1971 990 2024 1024 uti
2047 1001 2154 1035 posse
2177 991 2346 1026 adversus

1256 1039 1291 1070 te
1314 1034 1391 1079 lege
1415 1044 1482 1069 sua
1504 1034 1722 1070 venditorem
1755 1034 1845 1078 dixi,
1879 1035 1962 1080 quia
1992 1035 2029 1070 in
2061 1035 2245 1071 vendendo
2277 1037 2347 1072 hoc

1255 1084 1438 1124 ageretur,
1472 1083 1531 1122 ut,
1566 1079 1779 1125 quandoque
1810 1091 1874 1125 per
1905 1084 2099 1126 emptorem
2130 1080 2266 1116 factum
2290 1082 2346 1124 sit,

1255 1136 1324 1171 quo
1350 1125 1466 1160 minus
1491 1125 1680 1170 pecuniam
1704 1125 1839 1169 solvat,
1872 1126 1957 1171 legis
1990 1137 2144 1179 poenam
2174 1126 2345 1172 patiatur.

1254 1172 1323 1252 isole
1356 1171 1407 1250 itta
1438 1181 1557 1205 verum
1588 1174 1697 1216 puto,
1730 1171 1797 1207 nisi
1827 1171 1858 1207 si
1890 1171 2034 1217 quidm
2059 1182 2101 1207 ea
2124 1182 2164 1208 re
2186 1172 2348 1207 venditor

1281 1227 1300 1252 o
1318 1227 1337 1250 0
1380 1216 1459 1251 ecit.

1301 1259 1354 1298 52
1380 1260 1584 1297 SCAEVOLA
1618 1261 1710 1298 libro
1741 1262 1892 1308 septimo
1917 1262 2138 1308 diqestorum
2187 1262 2349 1298 Creditor

1254 1307 1405 1342 fundum
1439 1306 1508 1342 sibi
1539 1307 1752 1352 obligatum,
1787 1307 1887 1342 cuius
1923 1307 2164 1354 chirographa
2194 1308 2346 1343 tributo-

1253 1363 1334 1388 rum
1369 1363 1391 1387 a
1426 1352 1587 1388 debitore
1619 1355 1714 1388 retro
1751 1353 1947 1388 solutorum
1982 1353 2078 1398 apud
2114 1363 2152 1389 se
2185 1353 2348 1398 deposita

1254 1398 1431 1440 habebat,
1456 1397 1614 1433 vendidit
1637 1398 1778 1434 Maevio
1804 1409 1847 1433 ea
1869 1398 1963 1444 lege,
1990 1402 2047 1442 ut,
2073 1399 2103 1434 si
2128 1398 2213 1444 quid
2236 1399 2347 1433 tribu-

1253 1447 1370 1480 torum
1394 1443 1536 1479 nomine
1561 1443 1720 1479 debitum
1744 1447 1856 1486 esset,
1889 1448 2027 1489 emptor
2051 1444 2222 1480 solveret:
2254 1444 2347 1479 idem

1252 1487 1387 1525 fundus
1413 1489 1458 1525 ob
1484 1499 1631 1524 causam
1655 1499 1777 1525 eorum
1801 1489 2035 1532 tributorum,
2070 1500 2161 1535 quae
2191 1489 2263 1525 iam
2287 1500 2346 1524 so-

1253 1535 1331 1570 luta
1362 1538 1483 1578 erant,
1516 1544 1538 1569 a
1571 1534 1790 1570 conductore
1822 1535 1954 1578 saltus,
1986 1535 2023 1570 in
2055 1546 2124 1581 quo
2148 1534 2242 1570 idem
2265 1534 2345 1569 fun-

1254 1581 1363 1616 dus¹²
1388 1583 1461 1623 est,
1495 1580 1592 1616 venit
1623 1591 1773 1626 eumque
1796 1580 1890 1616 idem
1913 1580 2074 1616 Maevius
2100 1580 2183 1616 emit
2208 1583 2243 1615 et
2265 1590 2347 1626 pre-

1252 1626 1341 1661 tium
1365 1625 1487 1661 solvit:
1523 1626 1723 1671 quaesitum
1749 1629 1820 1668 est,
1847 1637 1893 1661 an
1918 1626 2026 1671 empti
2049 1625 2179 1661 iudicio
2204 1626 2258 1661 vel
2282 1626 2346 1660 ali-

1254 1681 1325 1717 qua
1348 1671 1490 1707 actione
1515 1674 1654 1716 emptor
1677 1681 1700 1706 a
1722 1671 1906 1707 venditore
1938 1671 2108 1717 consequi
2140 1670 2273 1716 possit,
2305 1675 2347 1706 ut

1253 1717 1470 1752 solutionum
1502 1727 1612 1761 supra
1642 1716 1856 1762 scriptarum
1890 1717 1988 1752 chiro
2032 1716 2127 1762 apha
2151 1717 2183 1751 ei
2207 1716 2345 1751 dentur.

1252 1761 1439 1807 respondit
1462 1772 1568 1806 posse
1593 1766 1788 1807 emptorem
1813 1762 1921 1807 empti
1944 1762 1980 1797 iu
2006 1763 2074 1798 icio
2100 1761 2282 1807 consequi,
2307 1765 2347 1796 ut

1258 1811 1271 1842 1
1300 1809 1537 1843 instrumenta
1547 1807 1590 1842 de
1600 1807 1728 1852 quibus
1739 1811 1971 1852 quaereretur
1981 1807 2227 1843 exhibeantur.
2238 1806 2345 1842 Prae-

1254 1853 1350 1888 dium
1374 1853 1600 1888 aestimatum
1626 1852 1663 1887 in
1685 1852 1803 1888 dotem
1825 1863 1846 1887 a
1866 1856 1968 1898 patre
1987 1853 2080 1887 filiae
2099 1862 2185 1888 suae
2205 1852 2348 1887 nomine

1254 1899 1376 1934 datum
1401 1897 1595 1942 obligatum
1620 1897 1787 1933 creditori
1810 1897 2106 1943 deprehenditur:
2141 1897 2343 1943 quaesitum

1253 1947 1318 1986 est,
1344 1954 1390 1978 an
1415 1943 1520 1986 filius,
1546 1943 1606 1988 qui
1629 1942 1861 1978 hereditatem
1884 1943 1996 1988 patris
2020 1943 2170 1986 retinet,
2195 1953 2276 1978 eum
2301 1943 2346 1977 ab

1254 2000 1297 2025 ea
1331 1999 1370 2024 se
1405 1988 1478 2024 filia
1513 1988 1746 2024 abstinuisset
1781 1988 1863 2024 dote
1898 1992 2087 2031 contenta,
2124 1988 2266 2023 actione
2301 1997 2345 2022 ex

1253 2038 1370 2080 empto
1396 2037 1573 2076 teneatur,
1599 2038 1640 2069 ut
1663 2044 1686 2069 a
1710 2034 1885 2069 creditore
1909 2035 2023 2069 lueret
2047 2037 2082 2068 et
2105 2033 2233 2069 marito
2258 2033 2345 2068 libe-

1253 2084 1272 2115 2
1320 2091 1399 2114 rum
1422 2082 1634 2125 praestaret.
1671 2079 1857 2124 respondit
1881 2080 2002 2114 teneri.
2052 2079 2149 2114 Inter
2185 2078 2345 2114 vendito-

1252 2137 1326 2161 rem
1352 2129 1387 2160 et
1411 2128 1607 2170 emptorem
1630 2125 1776 2160 militiae
1800 2125 1850 2159 ita
1875 2125 2058 2167 convenit,
2091 2127 2133 2160 ut
2165 2124 2345 2165 salarium,

1253 2171 1348 2216 quod
1360 2170 1534 2206 debeatur
1547 2170 1592 2205 ab
1617 2170 1677 2205 illa
1696 2180 1862 2215 persona,
1884 2170 2035 2216 emptori
2055 2169 2214 2205 cederet:
2238 2180 2345 2214 quae-

1253 2217 1360 2252 situm
1394 2219 1467 2259 est,
1502 2219 1639 2261 emptor
1671 2215 1816 2251 militiae
1841 2226 1946 2268 qnam
1994 2215 2206 2250 uantitatem
2231 2225 2252 2250 a
2276 2225 2345 2260 quo

1253 2262 1392 2307 exigere
1427 2261 1533 2296 debet
1568 2265 1604 2296 et
1637 2261 1723 2306 quid
1759 2272 1801 2296 ex
1836 2271 1969 2296 elusmo
1996 2262 2009 2296 i
2043 2264 2149 2306 pacto
2185 2260 2347 2296 venditor

1254 2307 1404 2352 emptori
1416 2309 1600 2352 praestare
1621 2306 1765 2342 debeat.
1793 2306 1978 2352 respondit
1995 2305 2214 2341 venditorem
2233 2305 2346 2341 aetio-

1253 2364 1316 2389 nes
1348 2352 1649 2387 extraordinarias
1685 2362 1725 2388 eo
1759 2352 1900 2387 nomine
1931 2362 2021 2396 quas
2057 2351 2206 2387 haberet
2239 2361 2343 2396 prae-

1254 2403 1273 2434 3
1321 2401 1418 2433 stare
1451 2397 1592 2433 debere.
1639 2398 1735 2432 Ante
1766 2397 1910 2433 domum
1933 2396 2023 2431 mari
2046 2396 2204 2431 iunctam
2219 2397 2246 2417 ¹³
2270 2407 2344 2431 mo-

1251 2444 1346 2479 libus
1377 2443 1483 2478 iactis
1515 2444 1629 2488 ripam
1654 2442 1879 2478 constituit¹‘¹
1904 2446 1940 2477 et
1963 2442 2015 2477 uti
2039 2442 2084 2477 ab
2110 2452 2151 2477 eo
2176 2451 2346 2486 possessa

1253 2490 1378 2524 domus
1398 2488 1477 2531 fuit,
1499 2487 1589 2523 Gaio
1611 2487 1691 2523 Seio
1714 2488 1888 2523 vendidit:
1911 2498 2056 2532 quaero,
2077 2497 2124 2522 an
2143 2487 2233 2532 ripa,
2254 2497 2346 2531 quae

1254 2535 1298 2570 ab
1337 2537 1485 2569 auctore
1522 2534 1682 2568 domui¹⁵
1714 2533 1906 2569 coniuncta
1939 2535 2033 2575 erat,
2070 2532 2117 2567 ad
2152 2535 2345 2577 emptorem

1279 2590 1396 2625 uoque
1408 2580 1485 2614 iure
1498 2579 1685 2624 emptionis
1699 2578 1887 2623 pertineat.
1920 2577 2104 2623 respondit
2124 2577 2247 2612 eodem
2267 2577 2345 2612 iure

1254 2592 1332 2661 {lore
1356 2624 1533 2660 venditam
1558 2625 1710 2666 domum,
1736 2634 1805 2669 quo
1825 2623 1952 2659 fuisset
1971 2623 2177 2668 priusquam
2198 2622 2341 2657 veniret.

1298 2668 1349 2708 53
1376 2669 1510 2705 LABEO
1534 2670 1626 2705 libro
1643 2670 1767 2716 primo
1785 2668 1967 2715 pz'thanon
2014 2668 2051 2704 Si
2071 2668 2270 2703 mercedem
2290 2668 2343 2702 in—

1251 2717 1351 2752 sulae
1387 2725 1615 2751 accessuram
1650 2725 1728 2750 esse
1761 2714 1910 2759 emptori
1943 2713 2076 2748 dietum
2111 2717 2184 2755 est,
2220 2713 2345 2758 quanti

1251 2762 1368 2797 insula
1381 2762 1500 2796 locata
1514 2763 1578 2803 est,
1599 2763 1738 2795 tantum
1759 2759 1908 2804 emptori
1920 2762 2132 2804 praestetur.
2170 2758 2227 2794 ΡΑ
2235 2768 2278 2793 Ul.
2286 2767 2346 2793 us:

1251 2808 1357 2842 immo
1383 2806 1413 2841 si
1437 2806 1589 2841 insulam
1613 2809 1724 2840 totam
1748 2815 1819 2840 uno
1844 2805 1986 2840 nomine
2009 2804 2183 2839 locaveris
2208 2806 2243 2839 et
2267 2813 2340 2838 am-

1251 2852 1374 2897 plioris
1397 2851 1595 2886 conductor
1615 2850 1786 2886 locaverit
1806 2853 1842 2886 et
1859 2850 1896 2885 in
1916 2849 2100 2885 vendenda
2119 2849 2238 2884 insula
2251 2859 2341 2884 mer-

1253 2897 1374 2933 cedem
1410 2896 1559 2940 emptori
1595 2905 1776 2931 cessuram
1813 2906 1890 2931 esse
1926 2895 2075 2937 dixeris,
2111 2894 2148 2930 id
2184 2894 2342 2935 accedet,

1254 2946 1269 2977 1
1321 2941 1415 2987 quod
1450 2942 1515 2976 tibi
1550 2942 1659 2976 totius
1693 2940 1831 2976 insulae
1870 2940 2069 2976 conductor
2102 2939 2256 2975 debebit.
2306 2939 2343 2973 Si

1253 2999 1332 3024 eum
1355 2986 1506 3022 fundum
1530 2986 1734 3029 vendidisti,
1766 2985 1803 3020 in
1835 2997 1905 3031 quo
1938 2985 2141 3030 sepulcrum
2173 2984 2341 3020 habuisti.

1252 3044 1318 3068 nec
1354 3032 1562 3067 nominatim
1602 3031 1666 3066 tibi
1705 3031 1909 3076 sepulcrum
1951 3031 2181 3075 excepistiffi,
2214 3040 2340 3075 parurn

1251 3079 1362 3114 habes
1388 3088 1428 3113 eo
1454 3077 1594 3112 nomine
1620 3079 1774 3111 cautum.
1812 3075 1986 3111 PAULUs:
2008 3076 2160 3117 minime,
2186 3076 2215 3110 si
2236 3075 2339 3110 modo

1253 3127 1271 3159 2
1319 3123 1355 3158 in
1389 3122 1591 3167 sepulcrum
1631 3122 1698 3157 iter
1728 3121 1911 3167 publicum
1943 3121 2083 3156 transit.
2133 3121 2170 3156 Si
2201 3120 2339 3171 habita-

1252 3169 1388 3204 toribus
1413 3167 1586 3202 habitatio
1611 3167 1687 3212 lege
1709 3166 1920 3202 venditionis
1944 3170 2090 3212 recepta
2122 3169 2193 3207 est,
2229 3175 2339 3199 omm-

1252 3215 1320 3250 bus
1350 3214 1388 3248 in
1420 3223 1462 3248 ea
1492 3212 1738 3248 habitantibus
1769 3216 1913 3258 praeter
1944 3212 2124 3247 dominum
2154 3213 2252 3245 recte
2285 3219 2339 3244 re-

1253 3263 1358 3304 cepta
1381 3257 1555 3293 habitatio
1581 3261 1646 3292 est.
1693 3257 1870 3293 PAULos:
1892 3257 1995 3292 immo
2024 3256 2054 3291 si
2080 3255 2136 3290 eui
2159 3256 2195 3290 in
2220 3265 2262 3306 ea
2285 3254 2338 3288 in-

1253 3305 1342 3347 sula,
1368 3314 1473 3348 quam
1497 3302 1703 3345 vendideris,
1728 3303 1838 3348 gratis
1863 3302 2117 3337 habitationem
2141 3300 2278 3335 dederis
2304 3303 2338 3332 et

1254 3429 1324 3450 rere
1339 3419 1414 3451 dett.
1509 3418 1552 3458 (9)
1579 3419 1612 3449 et
1624 3417 1802 3459 pecuniam
1816 3418 1875 3450 ins.
1888 3417 2060 3449 secundum
2074 3414 2108 3447 B
2209 3413 2267 3453 (10)
2291 3413 2340 3463 sic

1245 3465 1322 3507 fere
1336 3463 1428 3506 exple
1439 3475 1451 3495 .·
1474 3464 1590 3504 utpote
1611 3472 1684 3495 cum
1705 3462 1835 3504 petenti
1850 3472 1919 3493 eam
1932 3472 2000 3493 rem
2015 3461 2157 3501 [emptor
2170 3459 2337 3508 exceptio—

1254 3519 1327 3540 nem
1341 3508 1390 3540 rei
1404 3507 1558 3540 venditae
1580 3510 1613 3540 et
1635 3507 1779 3539 traditae
1801 3517 1970 3549 opponere
1989 3505 2098 3547 possit
2118 3513 2177 3536 nee
2199 3501 2338 3544 perinde

1254 3554 1309 3592 sit,
1325 3553 1420 3595 quasi
1433 3563 1502 3585 eam
1518 3555 1599 3594 rem]
1614 3553 1740 3594 petitor
1753 3553 1784 3585 ei
1799 3562 1905 3594 neque
1920 3550 2123 3583 vendidisset
2144 3557 2250 3588 neque
2271 3549 2336 3577 tra-

1254 3599 1396 3630 didisset
1490 3600 1543 3639 (11)
1569 3597 1767 3639 probaretur
1779 3598 1857 3630 Ant.
1870 3597 1980 3629 Faber
2071 3594 2128 3634 (12)
2155 3592 2294 3623 fundum
2309 3590 2341 3623 F

1255 3645 1311 3684 (13)
1337 3643 1526 3675 iniunctam
1541 3643 1592 3676 F2
1697 3644 1753 3683 (14)
1778 3642 1885 3684 piram
1899 3638 2109 3673 eonstitutF
2195 3637 2252 3677 (15)
2279 3635 2340 3667 do-

1254 3688 1339 3720 mini
1352 3689 1386 3721 F
1473 3692 1532 3731 (16)
1558 3688 1733 3730 excepistii
1746 3687 1780 3720 F

2020 3787 2060 3818 32
