2528 3918
187 137 341 170 CONST.
371 138 523 171 TANTA
549 146 552 149 ’

181 249 310 285 morati
340 252 413 284 tres
445 246 642 292 singulares
672 245 755 281 libri
783 245 885 281 iuxta
913 245 1199 291 compositionem
1225 244 1270 281 de

182 295 289 332 rebus
313 293 421 340 positi
443 296 536 328 sunt.
610 294 667 327 ost
689 291 756 327 hos
779 290 811 327 si
842 292 937 337 qua¹
969 291 1013 326 de
1042 289 1269 335 sponsalibus

183 340 237 375 vel
266 339 399 384 nuptiis
430 337 485 373 vel
518 336 593 372 dot1
618 347 661 373 us
693 336 829 382 legibus
861 336 958 372 dicta
993 340 1077 371 sunt
1107 345 1147 370 re
1174 335 1270 371 osui·

182 395 279 427 mus,
311 384 426 419 tribus
456 382 630 418 librorum
660 381 898 418 voluminibus
929 391 973 417 ea
1004 380 1132 416 conclu
1157 384 1269 416 entes.

184 430 228 465 de
250 429 371 464 tutelis
395 431 515 464 autem
539 430 575 463 et
599 427 843 463 curationibus
867 426 1025 472 geminos
1048 425 1159 462 libros
1185 436 1269 461 con-

184 474 402 520 scripsimus.
450 476 487 509 et
516 475 748 508 memoratam
772 472 1031 508 ordinationem
1054 474 1135 507 octo
1160 471 1271 506 libro-

184 530 263 555 rum
282 519 433 554 mediam
451 518 562 554 totius
581 517 698 564 operis
718 518 953 563 reposuimus,
976 516 1094 552 omnia
1114 515 1270 561 undique

184 569 256 600 tam
288 564 475 599 utilissima
505 573 612 609 quam
643 562 884 617 pulcherrima
914 562 992 597 iura
1017 561 1268 597 continentem.

185 614 204 645 6
251 609 402 654 Quintus
419 613 541 645 autem
556 612 716 644 exoritur
731 608 834 644 nobis
851 607 1068 660 digestorum
1084 606 1270 659 articulus,

182 654 220 690 in
252 655 381 699 quem²
411 653 455 690 de
484 654 707 690 testamentis
738 654 797 689 et³
821 652 993 688 cod1cillis
1016 655 1091 687 tam
1115 655 1270 697 privato-

183 710 262 735 rum
285 709 390 752 quam
412 698 564 735 militum
588 709 711 741 omne,
735 697 907 744 quidquid
930 697 1113 742 antiquis⁴
1138 697 1271 732 dictum

185 748 259 787 est,
296 744 454 780 inveniat
484 744 563 790 quis
596 744 838 790 depositum⁵z
880 742 942 786 qui
972 741 1018 777 de
1047 742 1271 778 testamentis

182 789 386 835 appellatur
396 791 421 825 ⁶.
458 788 503 826 de
523 789 649 834 legatis
669 792 788 824 autem
807 792 842 823 et
864 787 1145 823 fideicommissis
1169 787 1271 833 quin-

187 839 233 870 6a
278 845 347 881 que
370 835 542 871 librorum
566 844 733 870 numerus
760 833 975 878 adgregatus
999 836 1065 869 est.
1114 832 1273 877 Cumque

183 879 271 916 nihil
293 884 367 916 tam
386 880 571 933 peculiare
593 879 726 922 fuerat,
762 889 868 924 quam
892 879 958 913 ut⁷
982 877 1107 923 legatis
1132 878 1274 923 quidem

183 925 270 971 legis
294 925 477 961 Falcidiae
499 925 677 968 narratio,
708 923 989 959 fideicommissis
1019 927 1139 959 autem
1168 933 1272 959 sena-

182 974 242 1007 tus
262 970 420 1007 consulti
438 970 666 1012 Trebelliani,
691 969 839 1014 singulis
862 968 965 1004 libris
987 968 1129 1014 utrique
1150 979 1273 1004 eorum

183 1015 372 1062 applicatis
390 1019 468 1052 tota
488 1026 572 1061 pars
593 1015 717 1060 quinta
735 1014 773 1049 in
792 1024 918 1049 novem
937 1013 1048 1050 libros
1070 1013 1273 1050 coadunata

184 1065 250 1097 est.
297 1062 414 1097 solum
446 1066 565 1097 autem
596 1063 742 1096 senatus
774 1059 977 1095 consultum
1009 1059 1274 1095 Trebellianum

184 1106 388 1158 ponendum
420 1116 499 1142 esse
532 1105 827 1142 existimavimus:
865 1104 1044 1150 captiosas
1076 1105 1206 1140 etenim
1237 1108 1274 1140 et

182 1151 269 1196 ipsis
300 1151 478 1187 veteribus
511 1151 653 1187 odiosas
666 1151 680 1172 ⁸
708 1150 898 1195 Pegasiani
932 1153 1079 1186 senatus
1119 1149 1273 1185 consulti

184 1197 352 1242 ambages
383 1201 420 1233 et
449 1196 637 1242 utriusque
669 1198 816 1232 senatus
849 1194 1005 1231 consulti
1043 1194 1090 1230 ad
1126 1205 1165 1230 se
1198 1198 1273 1230 tam

184 1252 423 1287 supervacuas
455 1252 562 1287 quam
594 1240 824 1286 scrupulosas
855 1240 1077 1276 diversitates
1100 1250 1273 1285 respuen-

183 1291 237 1323 tes
261 1291 376 1323 totum
398 1287 454 1322 ius
478 1297 586 1333 super
608 1287 664 1322 his
688 1285 845 1331 positum
869 1285 1096 1321 Trebelliano
1125 1288 1273 1321 senatus

184 1333 228 1368 fib
275 1332 438 1368 consulto
463 1331 757 1367 adiudicavimus.
798 1331 867 1367 Sed
889 1331 928 1366 in
949 1330 1007 1366 his
1031 1330 1120 1368 nihil
1143 1330 1187 1367 de
1211 1340 1272 1366 ca-

183 1377 285 1414 ducis
317 1388 340 1413 a
370 1377 473 1413 nobis
506 1381 741 1413 memoratum
772 1379 845 1420 est,
878 1386 923 1412 ne
955 1386 1083 1420 causa,
1114 1386 1208 1422 quae
1234 1376 1273 1411 in

183 1423 293 1459 rebus
324 1433 397 1458 non
427 1433 599 1468 prospere
627 1422 736 1467 gestis
767 1425 803 1458 et
832 1421 1023 1457 tristibus⁹
1052 1421 1272 1467 temporibus

183 1468 355 1504 Romanis
394 1468 573 1504 increbuit
612 1467 894 1509 calamitatibus,
933 1466 1028 1503 bello
1067 1467 1273 1503 coalescens

184 1513 294 1555 civili,
339 1514 367 1534 ¹⁰
375 1513 506 1549 nostris
545 1516 728 1549 remaneat
761 1511 1003 1558 temporibus,
1041 1522 1133 1557 quae
1171 1511 1273 1548 favor

184 1558 346 1594 caelestis
383 1562 419 1594 et
483 1558 558 1595 acis
594 1559 714 1611 vigore
748 1557 905 1593 firmavit
940 1561 978 1594 et
1011 1568 1120 1638 suqer
1150 1568 1272 1593 omnes

182 1606 306 1648 gentes
335 1603 373 1638 in
402 1603 448 1639 be
478 1604 540 1640 ‘cis
572 1603 740 1650 periculis
771 1602 944 1649 posuit¹¹,
983 1613 1028 1639 ne
1082 1606 1272 1639 uctuosum

182 1652 449 1685 monumentum
488 1650 584 1685 laeta
623 1649 768 1686 saecula
803 1648 1009 1685 inumbrare
1041 1648 1271 1685 concedatur.

184 1697 202 1728 7
250 1693 360 1730 Sexta
383 1694 510 1731 deinde
534 1705 620 1741 pars
645 1695 864 1747 digestorum
887 1694 1057 1738 exoritur,
1081 1694 1120 1730 in
1141 1694 1271 1740 quibus

183 1749 306 1777 omnes
338 1740 514 1776 bonorum
537 1750 783 1787 possesslones
807 1740 946 1786 positae
968 1743 1070 1783 sunt,
1101 1750 1193 1786 quae
1224 1739 1272 1776 ad

184 2349 226 2392 (1)
249 2359 335 2393 quae
353 2348 405 2383 ΡΒ
514 2350 560 2392 (2)
584 2358 652 2392 quo
671 2348 702 2383 S
786 2350 851 2399 '(3)
876 2351 911 2383 et
930 2349 994 2393 F2,
1011 2349 1065 2383 vel
1083 2350 1124 2393 S,
1142 2363 1202 2384 om.
1222 2351 1256 2384 F
1263 2351 1274 2371 ¹

183 2397 230 2439 (4)
251 2394 484 2438 antiquitusS
553 2394 599 2438 (⁵)
623 2394 805 2438 repositum
818 2395 848 2429 S
923 2397 968 2439 (6)
994 2395 1179 2439 depositum
1192 2395 1274 2430 duo·

185 2440 249 2475 bus
260 2440 357 2474 libris
368 2440 429 2484 qui
441 2440 482 2474 de
493 2440 699 2474 testamentis
710 2439 924 2485 appellantur
937 2442 1116 2485 requiri-tur
1170 2442 1213 2483 (¹1)
1237 2444 1277 2476 ut

185 2486 261 2527 del„
282 2487 351 2520 nisi
360 2486 480 2520 excidit
493 2485 735 2529 adiungeretur
804 2487 849 2529 (8)
873 2486 1048 2520 odiasasF'
1108 2487 1154 2529 (9)
1176 2488 1226 2521 sic
1236 2488 1276 2530 S,

185 2531 292 2566 tristis
310 2531 347 2565 F'
436 2531 497 2573 (ιο)
520 2531 559 2565 in
577 2532 639 2566 ine.
653 2531 705 2565 Ρ
723 2531 754 2565 S
843 2532 899 2574 (ιι)
924 2534 957 2566 et
973 2542 1086 2566 omnes
1103 2534 1221 2575 gentes
1237 2532 1277 2566 in

186 2576 315 2611 velliois
325 2575 487 2621 periculis
499 2576 713 2621 superposuit
728 2577 764 2610 F
770 2577 793 2619 ¹,
813 2578 847 2611 et
864 2587 965 2621 super
982 2588 1096 2611 omnes
1111 2578 1277 2621 gentesin

186 2621 317 2656 bellicis
327 2622 481 2656 victoriis
491 2622 605 2666 posuit
617 2622 656 2666 S,
677 2624 712 2656 et
729 2633 830 2666 super
849 2633 962 2656 omnes
971 2625 1089 2666 gentes
1098 2623 1137 2657 in
1147 2622 1278 2657 bellicis

185 2667 309 2702 victori
323 2667 484 2712 perieulis
504 2668 620 2710 (voluit
637 2669 756 2712 opinor
775 2668 938 2712 victoriis)
952 2668 1067 2713 posuit
1084 2669 1137 2704 Γ*

184 2799 392 2849 sinqulares
415 2803 506 2848 post
534 2803 728 2838 tractatum
758 2800 804 2837 de
825 2802 934 2838 rebus
956 2803 1065 2839 iuxta
1087 2802 1275 2840 collocavi-

186 2857 276 2883 mus.
323 2849 359 2883 et
387 2856 517 2882 rursus
547 2847 755 2894 compositis
785 2847 831 2883 iis
860 2858 956 2894 quae
979 2847 1024 2884 de
1044 2848 1276 2896 sponsalibus

187 2895 223 2928 et
251 2891 390 2946 nuptiis
417 2894 454 2927 et
480 2891 563 2928 dote
591 2893 785 2928 constituta
814 2895 900 2928 sunt
926 2892 1011 2930 huic
1041 2904 1187 2941 quoque
1209 2904 1275 2930 ex-

181 2937 362 2984 positioni
383 2939 457 2973 tres
479 2936 591 2974 libros
621 2937 901 2984 adsiqnavimus.
948 2939 1032 2974 item
1060 2939 1105 2975 de
1135 2940 1181 2975 iis
1212 2939 1278 2986 qui

186 2993 312 3019 curam
341 2985 475 3029 qemnt
503 2982 633 3018 aetatis
663 2982 755 3018 duos
786 2982 899 3020 libros
927 2983 1105 3020 edidimus
1126 2995 1188 3020 eos
1211 2985 1278 3031 qui

188 3028 296 3075 vulqo
319 3027 556 3075 appellantur
578 3027 624 3063 de
647 3027 777 3063 tutelis.
823 3029 877 3064 ita
909 3031 990 3065 octo
1013 3029 1142 3065 horum
1166 3030 1274 3067 libro-

190 3084 272 3108 rum
304 3075 496 3109 tractatum
527 3072 744 3110 absolvimus
773 3084 944 3120 ewnque,
974 3077 1017 3110 ut
1044 3074 1178 3111 dictum
1209 3078 1273 3119 est,

188 3118 341 3154 mediam
373 3119 485 3155 totius
514 3119 637 3166 operis
662 3120 932 3166 compositionis
948 3123 1096 3167 partem
1117 3121 1274 3167 fecimus

181 3162 431 3211 pulcherrima
470 3174 636 3210 quaeque
673 3167 710 3199 et
747 3164 939 3201 utilissima
977 3166 1061 3202 iura
1100 3177 1142 3202 eo
1180 3177 1274 3202 com-

187 3210 210 3244 6
248 3208 368 3255 plexi.
415 3207 516 3252 Quae
547 3211 667 3245 autem
697 3208 742 3244 de
777 3211 997 3246 testamentis
1030 3214 1117 3246 sunt
1157 3214 1194 3247 et
1228 3211 1274 3247 de

187 3253 317 3301 leqatis
339 3256 375 3289 et
394 3253 696 3299 fideicommissis,
726 3255 848 3290 omnia
877 3266 920 3291 co
982 3256 1142 3292 osuimus
1171 3257 1273 3293 libris

188 3309 336 3335 numero
374 3309 519 3343 novem,
554 3309 710 3346 quorum
747 3299 908 3336 ordinem
969 3304 1083 3338 ucunt
1113 3301 1185 3338 duo
1218 3303 1273 3338 in-

188 3344 265 3389 seri
290 3345 320 3380 ti
339 3343 385 3380 de
408 3346 635 3388 testamentis,
660 3345 727 3391 qui
747 3347 906 3381 tractant
927 3346 973 3382 de
995 3347 1214 3383 testamentis
1236 3350 1273 3383 et

187 3400 230 3426 co
256 3389 364 3426 nciliis
386 3391 459 3426 tam
482 3390 521 3425 in
543 3391 749 3426 universum
776 3389 915 3427 scilicet
944 3402 1053 3438 quam
1084 3402 1179 3439 quae
1207 3393 1271 3428 mi-

187 3434 267 3471 lites
296 3434 594 3481 quemadmodum
624 3434 748 3471 volunt
776 3435 944 3481 faciunt,
976 3437 1272 3483 subsequentibus

187 3479 570 3571 ammissit}
583 3479 1270 3573 ffssffztsszfflffluzssssffiffl

189 3573 235 3605 6a
280 3569 330 3606 Et
352 3570 522 3617 quoniam
542 3569 727 3606 Falcidiae
750 3570 841 3618 leqis
859 3571 1058 3619 explicatio
1078 3573 1271 3609 coniuncta

188 3625 266 3651 esse
294 3616 371 3651 visa
401 3617 454 3651 est
485 3617 521 3651 et
550 3616 763 3651 conveniens
797 3615 998 3662 leqatorum
1027 3620 1062 3652 et
1088 3617 1270 3663 fideicom-

189 3660 378 3701 missorum
395 3659 635 3707 proprietati,
660 3659 740 3696 ideo
762 3671 842 3697 eam
865 3671 915 3707 qu
962 3672 1008 3697 ue
1031 3663 1205 3699 tractatui
1225 3662 1271 3700 dc

190 3704 318 3751 leqatis
338 3706 508 3752 proxime
529 3704 800 3749 subiunoeimus,
829 3709 903 3742 toto
948 3706 1026 3743 ibro
1049 3707 1086 3742 ei
1105 3706 1269 3744 dedicato

189 3760 269 3785 cum
292 3750 392 3787 brevi
411 3749 569 3796 quodam
591 3749 844 3788 additantento.
889 3754 927 3788 et
946 3762 1076 3788 rursus
1097 3753 1268 3799 quoniam

1263 122 1382 166 XX'

1336 242 1558 300 povbsscpla,
1581 242 1686 289 μετὰ
1713 243 1780 289 τὴν
1819 247 1896 282 τῶν
1937 247 1981 285 de
2023 249 2133 286 rebus
2174 253 2424 297 πραγματείαν

1339 302 1500 346 ουνεγγυς
1536 288 1699 334 αλλήλων
1729 292 1984 337 καταθέμενοι.
2031 297 2092 328 καὶ
2125 290 2232 331 αὖθις
2260 293 2309 329 τὰ
2337 297 2421 340 περὶ

1338 348 1533 383 μνηστρων
1570 338 1631 370 καὶ
1666 334 1796 382 γάμων
1833 340 1894 372 καὶ
1929 339 2077 384 προικὸς
2108 340 2423 385 νενομοθετημένα

1341 380 1600 428 συναγαγόντες
1633 384 1717 427 ’τρία
1758 379 1968 428 δεδώκαμεν
2005 387 2099 427 ἔχειν
2135 387 2196 419 καὶ
2230 383 2342 432 ταύτῃ
2380 386 2424 432 τῇ

1341 424 1506 465 συντάξει
1527 424 1662 470 βιβλία.
1710 429 1771 461 καὶ
1799 427 1872 473 μὴν
1902 432 1963 462 καὶ
1993 441 2040 464 πε
2063 433 2076 463 ὶ
2107 432 2184 464 τῶν
2214 427 2425 475 κηδεμόνων

1337 472 1400 513 τῆς
1423 473 1504 524 νέαζς
1527 469 1664 514 ἡλικίας
1687 468 1767 514 δύο,
1800 475 1914 507 ταῦτα
1946 472 1991 518 δὴ
2021 489 2068 510 τα
2099 475 2143 511 de
2174 475 2296 512 tutelis
2324 474 2424 521 παρὰ

1339 516 1451 551 πᾶσιν
1474 514 1736 562 ονομαζόμενα.
1785 513 1976 553 κάνταῦθα
2006 519 2421 566 συνεκεφαλαιωσάμεθα

1338 559 1406 605 τὴν
1443 562 1523 595 τῶν
1562 556 1657 616 ὀκτὼ
1699 561 1842 597 τούτων
1881 562 2038 608 βιβλίων
2077 568 2328 621 πραγματείαν
2366 567 2426 600 καὶ

1339 609 1562 651 μεσαίτατον
1593 619 1642 642 ως
1674 607 1813 654 εἴρηται
1842 610 1950 643 τοῦτο
1980 614 2085 655 μέρος
2116 623 2179 654 της
2200 610 2318 653 πάσης
2341 623 2423 646 συν-

1342 649 1478 690 τάξεως
1499 653 1564 686 τοῦ
1585 650 1728 697 βιβλίου
1751 652 2005 698 πεποιήμεθα,
2032 654 2078 689 τὰ
2102 654 2272 690 κάλλιστα
2297 653 2342 699 δὴ
2365 658 2425 690 καὶ

1339 695 1598 743 χρησιμώτατα
1627 699 1704 732 τῶν
1732 696 1859 742 νόμων
1889 701 1928 733 έν
1949 698 2090 736 τούτοις
2114 695 2423 748 άναγραψάμενοι.

1342 745 1362 777 ὃ
1415 740 1467 776 Τὰ
1497 739 1538 776 δὲ
1568 739 1613 786 δὴ
1641 745 1725 788 περὶ
1757 741 1950 786 διαθηκῶν
1979 748 2041 778 καὶ
2072 744 2163 801 πρός
2190 759 2232 793 γε
2259 744 2426 793 ληγάτων

1343 789 1404 821 καὶ
1432 784 1602 833 φιδεϊκομ
1644 800 1755 843 acam?
1773 784 1919 841 ἅπαντα
1959 802 2204 844 συνηγάγομεν
2242 792 2289 827 εἰς
2324 792 2425 826 ἐννέα
2514 791 2523 826 s

1340 829 1497 877 βιβλίων
1519 827 1542 866 ἆ
1568 846 1580 866 ι
1611 831 1691 878 μόν,
1726 847 1780 868 ων
1805 837 1945 881 ηγεῖται
2003 837 2036 869 ’ν
2056 849 2104 870 τα
2125 838 2208 881 περὶ
2233 834 2426 879 διαθηκῶν

1343 879 1404 911 καὶ
1427 875 1569 931 κοδικί(
1587 891 1649 920 ων,
1682 879 1759 912 τῶν
1787 892 1828 913 τε
1857 848 2029 920 καθὸλόῖ),
2064 883 2191 927 φαμὲν,
2224 883 2301 915 τῶν
2322 894 2363 915 τε
2386 878 2426 916 ἃς

1341 924 1512 958 ποιοῦσιν
1542 935 1590 959 ως
1619 922 1814 967 βούλονται
1845 926 2080 971 στρατιῶται,
2116 923 2180 960 δύο
2209 926 2427 960 καθεστῶτα

1342 970 1404 1001 καὶ
1435 967 1480 1003 de
1501 969 1724 1005 testamentis
1755 971 2059 1017 ἐπιγεγραμμένα·
2090 973 2197 1006 πέντε
2228 969 2269 1006 δὲ
2298 969 2427 1017 ἑφεξῆς
2496 1006 2497 1010 ,

1341 1011 1388 1048 τὰ
1416 1015 1499 1059 περὶ
1528 1012 1697 1067 ληγάτων
1727 1017 1787 1048 καὶ
1811 1014 2122 1071 φιδεϊκομμίσσων
2144 1018 2205 1050 καὶ
2227 1014 2344 1059 πάσης
2364 1017 2426 1059 τῆς

1717 1057 1726 1070 Ι

1342 1061 1388 1094 θα
1432 1061 1473 1092 ἐν
1497 1062 1617 1094 αυτοῖς
1641 1059 1820 1103 ζητησεως
1844 1058 2089 1116 διαλεγομενα.
2135 1064 2207 1095 Καὶ
2234 1059 2427 1127 ἐπειδήπερ
2496 1099 2498 1101 ,

1343 1100 1362 1138 ὁ
1385 1105 1450 1138 τοῦ
1474 1103 1639 1140 Falcidiu
1662 1102 1763 1150 λόγος
1789 1117 1965 1152 προσεχης
1994 1119 2036 1141 τε
2066 1109 2127 1141 καὶ
2157 1103 2331 1152 ἁρμόδιος
2360 1119 2406 1150 ην

1340 1149 1418 1182 τῶν
1439 1146 1610 1195 ληγάτων
1631 1152 1692 1184 καὶ
1715 1147 2025 1197 φιδεϊκομμίσσων
2047 1149 2212 1207 ἰδιότητι)
2240 1149 2302 1186 διὰ
2320 1153 2426 1186 ’τοῦτο

1342 1191 1387 1237 δὴ
1427 1196 1488 1228 καὶ
1529 1189 1641 1229 αὐτὸν
1676 1189 1782 1230 εὐθὺς
1810 1197 1856 1243 τῇ
1887 1198 1964 1231 τῶν
1994 1195 2163 1245 ληγάτων
2191 1195 2428 1253 υπεθήκαμεν

1345 1242 1583 1286 πραγματεία,
1608 1238 1753 1294 βιβλίον
1775 1235 1861 1275 ὅλον
1884 1237 2082 1296 ἀναθέντες
2101 1237 2200 1286 αὐτῷ
2219 1255 2311 1287 μετα
2330 1253 2428 1278 τινος·

1340 1287 1509 1366 ἓέῗέἶᾶῗιῗ
1529 1285 1762 1375 ἷῖἰῖἐῗῖκέιῖὶ
1785 1290 1866 1366 τ’ἑῑῗ
1884 1285 2268 1379 ζῖἕῖἰοῖἶῗὶἶῖωῗρὲηὶ
2277 1286 2346 1368 '23'
2361 1291 2427 1366 ,ἶὲῗ

1341 1375 1517 1412 λούμενοι)
1537 1375 1792 1412 Trebellianon
1816 1374 1943 1424 δόγμα,
1970 1379 2056 1412 καὶ,2
2076 1377 2195 1423 τούτῳ
2218 1376 2287 1434 τὴν
2307 1375 2427 1412 τελευ-

1340 1423 1450 1455 ταίαν
1470 1422 1532 1464 τῆς
1556 1418 1755 1461 συντάξεως
1785 1420 1916 1465 ταύτης
1946 1418 2072 1457 ἀπενεί
2148 1436 2187 1457 εν
2211 1436 2352 1469 χωραν,
2385 1420 2430 1458 τὸ

1341 1467 1417 1501 πᾶν
1438 1467 1500 1509 τῆς
1522 1466 1745 1511 νομοθεσίας
1767 1466 1898 1511 ταύτης
1920 1468 1966 1503 εἰς
1984 1466 2027 1503 τὸ
2048 1437 2300 1505 ffessefflanon
2319 1481 2428 1503 συνα-

1341 1509 1511 1558 γαγόντες
1529 1514 1591 1545 καὶ
1610 1511 1784 1558 περιττὴν
1799 1512 1892 1547 εἶναι
1906 1512 1974 1557 τὴν
1987 1514 2052 1548 τοῦ
2067 1512 2182 1549 πάλαι
2196 1514 2430 1561 Πηγασιανσῖι

1342 1556 1571 1601 νομοθεσίαν
1601 1554 1763 1604 εὑρόντες
1793 1560 1854 1592 καὶ
1876 1557 1939 1594 τὰς
1963 1553 2111 1605 ἀλόγους
2132 1560 2209 1594 τῶν
2232 1557 2427 1606 δογμάτων

1341 1600 1485 1636 τούτων
1515 1599 1694 1648 διαφοράς
1723 1616 1765 1637 τε
1796 1606 1857 1637 καὶ
1888 1608 2095 1646 κοινωνίας,
2138 1602 2178 1641 ἃς
2218 1603 2264 1648 δὴ
2299 1606 2360 1638 καὶ
2395 1603 2429 1638 σι’

1341 1645 1457 1682 πάλαι
1487 1646 1704 1692 μισήσαντες
1735 1652 2032 1696 περινενοημὲνας
2061 1663 2103 1684 τε
2134 1652 2195 1684 καὶ
2224 1650 2428 1694 ἐπιζημίους

1342 1691 1509 1734 ἐκάλουν,
1551 1695 1612 1727 καὶ
1644 1690 1874 1739 ἁπλουστέρα)
1909 1697 1982 1728 τινὶ
2012 1692 2110 1742 λόγῳ
2142 1694 2186 1729 τὸ
2216 1696 2293 1731 πᾶν
2321 1696 2428 1729 τοῦτο

1343 1739 1405 1781 σχῆ
1433 1751 1457 1772 α
1487 1738 1792 1785 συναθροίσαντες
1824 1742 1884 1773 καὶ
1909 1740 1958 1776 εἰς
1979 1738 2048 1783 τὴν
2068 1741 2133 1775 τοῦ
2162 1739 2428 1788 Τρεβελλιανίου

1340 1751 1666 1837 μεῶρμοσάμενοι
1698 1782 1823 1824 τάξιν·
1861 1787 1922 1819 καὶ
1960 1786 2067 1820 τοῦτο
2107 1783 2151 1829 δὴ
2191 1785 2235 1821 τὸ
2265 1788 2428 1840 πεζμπτον

1340 1831 1447 1875 μέρος
1474 1830 1537 1865 τ”ς
1567 1827 1648 1872 ολης
1680 1828 1879 1869 συντάξεως
1901 1833 1977 1866 τοῖς
2000 1832 2102 1865 ἐννέα
2124 1829 2266 1867 τούτοις
2289 1833 2428 1865 ανεῒται

1342 1874 1386 1911 fib
1430 1877 1498 1918 βιβ
1533 1886 1594 1909 οις.
1639 1870 1701 1908 Ἐν
1732 1874 1785 1910 οἷς
1817 1870 1923 1909 οὐδὲν
1945 1872 2033 1924 ὑπὲρ
2054 1876 2132 1910 τῶν
2153 1875 2269 1912 πάλαι
2291 1874 2427 1910 καδού-

1342 1932 1420 1953 κων
1442 1915 1529 1974 ἡμῖν
1551 1919 1707 1966 εἴρηται,
1743 1917 1840 1954 διότι
1863 1923 1924 1955 καὶ
1946 1921 2062 1955 ταῦτα
2085 1920 2179 1956 κατά
2202 1935 2285 1956 τινα
2306 1924 2430 1968 χρείαν

1343 1958 1407 1999 οὗκ
1439 1965 1560 2008 ευτυχῆ
1588 1965 1634 2012 τῇ
1656 1962 1838 2010 Ῥωμαίων
1867 1964 2141 2001 ἐπιπολάσαντα
2173 1965 2339 2010 πολιτείᾳ
2370 1970 2431 2000 καὶ

1341 2006 1536 2055 ὑπόμνημα
1567 2007 1689 2045 δεινὸν
1716 2011 1794 2045 τῶν
1815 2009 1999 2057 ἐμφυλίων
2021 2011 2240 2047 καθεστῶτα
2261 2011 2430 2058 πολέμων

1343 2050 1408 2089 mix
1429 2055 1535 2102 ἐχρῆν
1556 2057 1597 2089 ἐν
1619 2059 1758 2102 καιροῖς
1779 2055 2055 2098 πολιτεύεσθαι,
2091 2052 2186 2091 καθ’
2217 2055 2275 2094 οὓς
2299 2055 2319 2092 ὅ
2342 2057 2429 2093 θεὸς

1343 2098 1491 2147 εἰρήνην
1519 2113 1561 2135 τε
1591 2098 1750 2136 δέδωκεν
1779 2098 1865 2147 ἡμῖν
1895 2100 1997 2147 ἄγειν
2026 2104 2068 2136 ἔκ
2097 2115 2139 2137 τε
2158 2103 2237 2138 τῶν
2258 2103 2367 2138 ἔνδον
2390 2105 2430 2137 ἔκ

1341 2158 1383 2180 τε
1403 2147 1482 2180 τῶν
1503 2143 1649 2186 ἔξωθεν
1670 2149 1742 2190 καὶ,
1767 2143 1858 2182 ὅταν
1877 2144 1977 2182 δέοιθ’
2000 2145 2177 2194 πολεμεῖν,
2203 2148 2322 2195 ῥᾷστα
2338 2146 2429 2193 μετὰ

1343 2194 1362 2226 ’1
1408 2192 1472 2235 τῆς
1503 2185 1613 2226 αὖτοῦ
1642 2192 1757 2239 ῥοπῆς
1785 2193 1863 2227 τῶν
1884 2195 2062 2227 ἐναντίων
2083 2197 2238 2240 κρατεῖν.
2276 2189 2430 2229 “Eunai

1344 2234 1384 2271 δὲ
1413 2233 1501 2281 ἡμῖν
1530 2239 1591 2271 καὶ
1621 2239 1706 2280 ἕκτη
1736 2250 1791 2274 τις
1819 2241 1931 2285 μοῖρα
1963 2236 2094 2273 τοῦτου
2125 2236 2170 2283 δὴ
2199 2239 2266 2274 τοῦ
2294 2238 2430 2275 παντὸς

1344 2280 1573 2326 συστήματος,
1602 2276 1698 2317 tima>
1721 2281 2008 2328 περικεκλειμένη
2027 2281 2190 2328 βιβλίοις.
2226 2283 2372 2332 ἄρχεται
2389 2282 2429 2319 δὲ

1344 2325 1460 2363 καλῶς
1490 2329 1529 2361 ἐκ
1559 2328 1636 2362 ’τῶν
1665 2323 1947 2374 σ’νομαζομενων
1978 2326 2220 2372 διακατοχῶν,
2260 2327 2301 2366 ἃς
2331 2326 2429 2375 ἡμεῖς

1344 2441 1386 2486 (1)
1409 2442 1454 2489 τῇ
1477 2444 1538 2478 ins.
1554 2443 1704 2478 Hercber
1813 2442 1858 2486 (2)
1882 2443 1943 2477 καὶ
1967 2443 2029 2478 del.
2046 2443 2195 2479 Hercher

1345 2488 1495 2523 Hercher
2297 2443 2341 2487 (3)
2366 2440 2427 2490 ὃεῃ

1342 2802 1394 2839 ad
1430 2803 1699 2840 similitudinem
1731 2802 1917 2839 Falcidiae
1954 2802 1999 2838 de
2031 2802 2318 2848 fideicommissis
2347 2807 2427 2841 erat

1344 2847 1606 2885 Debellianum
1637 2849 1736 2896 quod
1763 2848 1896 2884 dicitur
1923 2852 2071 2884 senatus
2093 2848 2313 2892 consultum,
2341 2847 2427 2903 huie
2497 2870 2500 2874 -

1342 2896 1543 2930 extremum
1567 2897 1744 2931 tractatus
1765 2892 1874 2929 huius
1896 2892 2013 2929 locum
2035 2893 2118 2930 adsi
2142 2895 2316 2938 novimus,
2347 2905 2426 2931 um-

1341 2949 1443 2975 verso
1475 2939 1544 2976 boc
1574 2941 1654 2976 iure
1683 2939 1733 2975 ad
1764 2938 2025 2975 Trebellianum
2058 2950 2100 2975 re
2170 2942 2206 2975 to
2234 2942 2272 2975 et
2298 2950 2426 2994 super-

1341 2995 1499 3021 vacaneo
1523 2985 1681 3022 iudicato
1705 2985 1796 3026 iure,
1819 2983 1919 3029 quad
1939 2984 2024 3020 olim
2046 2988 2127 3021 erat
2143 2984 2188 3020 de
2204 2983 2424 3032 Pegasiano,

1341 3033 1383 3065 ut
1409 3033 1444 3066 et
1472 3031 1662 3077 utriusque
1688 3029 1992 3073 senatusconsulti
2019 3029 2187 3066 absurdis
2209 3029 2426 3067 diversitati-

1342 3075 1409 3112 bus
1426 3078 1463 3111 et
1475 3074 1779 3117 similitudinibus,
1799 3084 1893 3121 quas
1907 3074 1966 3110 vel
1978 3075 2128 3127 antiquo
2145 3077 2304 3122 tempore
2319 3075 2428 3112 emo-si
2487 3078 2490 3090 ⁸

1341 3119 1547 3168 implicatas
1568 3123 1604 3156 et
1625 3119 1807 3166 captiosas
1829 3119 2006 3163 dicebant,
2032 3130 2199 3156 universo
2222 3119 2292 3156 Ιιοσ
2313 3132 2358 3157 ar
2383 3131 2424 3156 u-

1340 3168 1458 3201 mento
1489 3164 1707 3212 simpliciore
1735 3165 1878 3200 ratione
1905 3165 2072 3202 ordinato
2103 3168 2139 3200 et
2168 3167 2243 3201 toto
2274 3166 2314 3201 in
2388 3176 2423 3201 e-

1341 3210 1489 3247 belliani
1507 3211 1666 3257 formam
1689 3210 1877 3246 translato.
1923 3214 1959 3246 et
2013 3210 2116 3246 uinta
2172 3209 2290 3246 uidem
2314 3211 2424 3247 totius

1340 3255 1383 3292 eb
1430 3257 1550 3302 operis
1560 3266 1657 3303 pars
1675 3255 1726 3292 ad
1742 3254 1808 3291 hos
1825 3266 1949 3291 novem
2017 3265 2080 3291 ros
2097 3265 2138 3290 re
2163 3258 2246 3291 acta
2264 3258 2327 3291 est.
2365 3255 2424 3291 De

1339 3300 1488 3337 caducis
1517 3304 1635 3337 autem
1665 3311 1759 3347 quae
1782 3300 1866 3337 olim
1890 3301 2045 3348 fuerunt
2066 3300 2104 3335 in
2127 3299 2184 3336 his
2207 3300 2310 3337 libris
2331 3299 2427 3337 nihil

1339 3357 1363 3382 a
1385 3346 1488 3382 nobis
1509 3346 1643 3383 dictum
1665 3349 1729 3388 est,
1753 3345 1840 3392 quia
1862 3343 1952 3382 haec
1971 3355 2125 3392 quoque,
2149 3355 2244 3391 quae
2259 3349 2420 3393 propter

1339 3392 1583 3444 necessitatem
1607 3390 1811 3472 ‘quandam-
1840 3390 2021 3437 infelicem
2059 3390 2116 3426 rei
2145 3390 2319 3437 publicae
2347 3390 2421 3427 Ro-

1339 3447 1468 3472 manae
1510 3440 1605 3472 mtro
1631 3439 1716 3473 ueta
1759 3439 1861 3472 triste
1901 3438 2166 3472 monumentum
2205 3438 2422 3483 supererant

1339 3481 1512 3518 bellorum
1530 3481 1699 3524 civilium,
1719 3492 1792 3517 non
1813 3480 2043 3517 conveniebat
2052 3491 2272 3526 permanere
2288 3485 2422 3528 tempo·
2491 3467 2508 3509 ἐς

1337 3527 1439 3563 ribus
1455 3527 1512 3570 iis,
1531 3527 1661 3573 quibus
1678 3526 1768 3562 deus
1786 3526 1888 3563 nobis
1904 3524 2014 3568 dedit,
2031 3528 2072 3560 ut
2085 3536 2214 3572 pacem
2231 3536 2422 3573 afferemus

1338 3575 1410 3607 tam
1436 3571 1535 3608 domi
1580 3582 1664 3607 uam
1685 3572 1794 3618 foris,
1823 3571 1888 3624 ubi
1915 3573 2034 3606 autem
2066 3570 2195 3624 bellum
2219 3570 2420 3624 pet-endum

1336 3620 1440 3660 esset,
1458 3617 1555 3663 facil
1566 3618 1635 3653 ime
1654 3617 1670 3653 i
1693 3617 1769 3652 sius
1785 3626 1930 3652 numine
1945 3614 2174 3652 adversarios
2189 3625 2420 3653 vinceremus.

1337 3665 1357 3697 ’1
1405 3661 1579 3708 Sequitur
1601 3672 1648 3698 no
1672 3662 1704 3697 is
1725 3661 1833 3697 ettam
1854 3665 1962 3697 sexta
1983 3671 2080 3707 pars
2101 3661 2290 3697 universae
2311 3659 2420 3697 huius
2484 3699 2485 3702 Ἴ

1336 3707 1603 3754 compositionis
1642 3709 1723 3743 octo
1763 3706 1866 3743 libris
1905 3706 2086 3743 conclusa.
2131 3706 2278 3760 incipit
2298 3709 2418 3742 autem

1330 3751 1488 3799 pulchre
1520 3763 1544 3788 a
1578 3752 1752 3789 bonorum
1785 3751 1881 3799 quae
1913 3750 2084 3788 dicuntur
2111 3751 2418 3800 possessionibus,
2486 3787 2495 3803 ὲ

2003 137 2156 170 consr.
2188 137 2425 172 ΔΕΔΩΚΕΝ
