2528 3918
126 3422 130 3425 ’
182 3405 278 3451 quod
300 3406 338 3441 in
360 3416 435 3441 rem
458 3416 532 3451 pup

175 104 343 149 XXVII
360 107 399 148 3.
417 108 442 146 4

1250 98 1338 146 364

1846 114 1905 145 DE
1934 114 2191 146 CONTRARIA
2217 115 2418 147 ‘mmm

1098 158 1551 191 ——ssx

221 224 275 265 20
300 226 545 262 &nmmos
572 223 663 260 libro
685 223 842 260 secundo
864 234 1119 271 responsorum
1163 222 1262 258 Alte-

174 271 249 308 rius
274 270 447 307 curatoris
481 268 648 304 heredem
677 268 848 304 minorem
877 273 919 304 ut
947 269 1081 304 maiore
1111 268 1265 313 pecunia

177 316 450 354 condemnatum
483 314 522 349 in
554 313 591 348 in
762 314 902 349 restitui
940 313 1085 358 placuit.
1130 322 1173 348 ea
1205 322 1263 348 res

176 360 361 397 materiam
383 359 454 395 litis
478 358 648 394 adversus
671 357 821 393 alterum
836 363 1036 394 curatorem
1059 358 1262 393 instauran-

177 406 244 442 dae
267 415 339 440 non
363 404 464 439 dabit
493 403 597 448 quasi
626 402 762 438 minore
791 403 943 448 pecunia
978 402 1263 443 condemnatum,

177 451 207 486 si
237 460 310 486 non
344 449 391 484 sit
421 448 496 484 eius
530 447 659 483 aetatis
691 451 811 489 actor,
836 447 893 483 cui
916 447 1094 483 subveniri
1117 446 1262 482 debeat:

176 494 241 531 sed
263 493 452 540 aequitatis
482 492 621 529 ratione
654 492 827 528 suadente
883 502 920 527 er
942 492 1064 527 utilem
1087 491 1265 527 actionem

177 540 210 575 ei
233 538 421 580 subveniri,
445 538 483 573 in
506 541 679 583 quantum
703 537 793 572 alter
822 547 840 571 r
874 540 997 572 evatus
1021 539 1086 578 est,
1110 539 1262 581 oportet.

179 588 195 620 1
243 583 327 620 Non
348 582 482 618 idcirco
507 582 612 625 actio,
636 592 728 627 quae
745 586 827 626 post
842 581 964 627 viginti
978 581 1133 627 quinque
1151 590 1265 616 annos

177 629 306 665 aetatis
335 628 431 663 intra
467 627 700 663 restitutionis
734 631 873 671 tempus
907 625 1077 661 adversus
1112 629 1265 661 tutorem

175 674 312 754 iffi
333 671 788 763 ἓξὲᾛοῗᾟῖἳέᾓῗέἒῗ
807 670 1080 751 ἓῗέἓῗοᾞὲἒῗΐ
1088 670 1264 750 3ἓῶἒᾶ

176 773 260 809 pam
295 762 521 798 condemnati
554 764 653 797 sunt:
699 761 750 795 ita
774 770 819 795 ue
854 760 885 795 si
915 770 987 796 non
1018 760 1213 795 iudicatum
1244 769 1267 794 a

177 807 403 844 curatoribus
426 806 564 843 factum
587 809 652 848 est,
675 815 738 850 per
786 805 834 841 oli
856 805 1099 850 exceptionem
1123 808 1265 840 curato-

176 862 233 889 res
257 851 428 898 consequi
475 853 618 887 oteri’int
641 861 719 885 eam
742 850 919 885 actionem
940 850 1118 895 praestari
1140 850 1219 885 sibi.

222 895 273 935 21
301 897 409 933 lium
426 862 518 933 agro
534 896 658 942 primo
689 894 936 939 definitionum
990 894 1079 930 Cum
1110 894 1265 947 pupillus

177 942 309 978 tutelae
331 942 474 978 actione
504 944 630 976 contra
659 942 813 975 tutorem
836 939 987 975 alterum
1010 942 1139 982 tutori,
1163 949 1267 984 quem

176 987 285 1023 iudex
306 987 344 1023 in
366 986 517 1022 solidum
541 984 799 1027 condemnavit,
822 984 940 1027 cessit,
958 984 1117 1037 quamvis
1140 988 1268 1029 postea

175 1032 372 1068 iudicatum
395 1031 469 1071 fiat,
493 1034 614 1065 tamen
636 1029 730 1065 actio
755 1028 841 1064 data
872 1039 945 1065 non
967 1028 1159 1071 intercidit,
1183 1029 1267 1074 quia

175 1087 241 1123 pro
262 1080 369 1130 parte
393 1074 618 1112 condemnati
640 1074 791 1109 tutoris¹
815 1084 889 1110 non
904 1074 1019 1109 tutela
1037 1073 1187 1116 reddita,
1204 1073 1267 1109 sed

176 1122 328 1158 nominis
351 1121 504 1167 pretium
527 1119 682 1155 solutum
704 1118 851 1154 videtur.

222 1164 277 1204 22
300 1165 460 1202 Panos
479 1165 570 1200 libro
602 1164 707 1199 tertio
739 1163 875 1199 decimo
899 1165 1148 1209 quaestionum
1194 1162 1267 1198 De-

175 1212 297 1248 fensor
326 1210 456 1246 tutoris
488 1208 743 1245 condemnatus
774 1218 847 1244 non
879 1208 1018 1244 auferet
1048 1207 1267 1253 privilegium

176 1256 318 1309 pupilli:
358 1264 473 1299 neque
507 1254 600 1289 enim
634 1256 762 1299 sponte
797 1263 879 1288 cum
913 1263 955 1289 eo
991 1253 1146 1298 pupillus
1181 1263 1267 1289 con-

222 1343 275 1383 23
300 1344 408 1380 low
425 1343 517 1379 libro
535 1353 631 1379 nono
648 1353 903 1390 responsorum
939 1341 1120 1378 convento
1137 1342 1268 1378 herede

175 1390 305 1427 tutoris
328 1389 458 1424 iudicio
482 1388 616 1424 tutelae
639 1391 840 1423 curatorem
863 1387 1020 1423 eiusdem
1043 1398 1159 1433 neque
1188 1388 1266 1433 ipso

175 1437 253 1471 iure
274 1435 464 1470 liberatum
486 1433 598 1468 videri
620 1443 735 1478 neque
758 1432 1003 1478 exceptionem
1021 1433 1074 1468 rei
1089 1433 1268 1468 iudicatae

177 1481 208 1516 ei
224 1479 396 1560 dgndam:
420 1478 583 1524 idemque
599 1477 637 1513 in
652 1477 842 1514 heredibus
857 1477 1129 1523 magistratuum
1145 1478 1266 1514 obser-

175 1535 244 1560 van
270 1534 341 1559 um.

222 1567 276 1607 24
312 1568 420 1604 IDEM
449 1566 541 1604 libro
575 1567 734 1603 secundo
769 1567 1026 1602 sententiarum
1094 1566 1267 1603 Postumo

175 1618 275 1650 tutor
298 1613 403 1649 datus
437 1623 511 1648 non
540 1615 626 1648 nato
657 1615 822 1658 postumo
854 1621 969 1657 neque
999 1612 1151 1654 tutelae,
1185 1612 1269 1657 quia

175 1660 294 1695 nullus
317 1657 474 1704 pupillus
498 1660 554 1692 est
566 1658 591 1700 2,
627 1667 743 1709 neque
766 1657 988 1702 negotiorum
1010 1660 1189 1702 gestorum
1212 1657 1266 1692 iu-

176 1704 269 1740 dicio
293 1707 446 1745 tenetur,
479 1702 564 1748 quia
593 1702 859 1738 administrasse
889 1701 1032 1746 negotia
1063 1702 1138 1737 eius
1162 1702 1269 1747 quia³

175 1752 283 1784 natus
306 1758 379 1784 non
403 1752 498 1783 esset
528 1757 600 1782 non
631 1746 787 1782 videtur:
819 1750 855 1782 et
882 1746 962 1782 ideo
993 1747 1089 1782 utilis
1120 1747 1158 1782 in
1189 1757 1269 1783 eum

177 1794 272 1830 actio
297 1793 450 1828 dabitur.

222 1836 275 1876 25
300 1837 644 1873 Hruoossmws
660 1836 751 1872 libro
775 1837 901 1882 quinto
921 1836 1014 1872 iuris
1031 1837 1268 1883 epitomarum

176 1883 261 1919 Non
283 1883 399 1918 solum
421 1882 555 1917 tutelae
578 1881 795 1927 privilegium
812 1881 919 1916 datur
940 1881 978 1916 in
1000 1881 1103 1917 bonis
1127 1882 1268 1923 tutoris,

176 1928 241 1965 sed
264 1928 371 1964 etiam
395 1927 482 1969 eius,
507 1927 568 1972 qui
590 1936 656 1972 pro
680 1926 816 1961 tutela⁴
840 1926 1018 1978 negotium
1052 1926 1178 1971 gessit:
1215 1926 1270 1962 vel

176 1983 223 2009 ex
245 1972 429 2009 curatione
451 1971 576 2017 pupilli
598 1971 797 2017 pupillaeve
825 1970 952 2007 furiosi
984 1970 1184 2007 furiosaeve
1208 1971 1269 2006 de-

176 2018 320 2054 bebitur
329 2019 354 2060 ⁶,
378 2017 409 2052 si
433 2026 474 2053 eo
499 2016 641 2052 nomine
665 2019 810 2052 cautum
833 2026 906 2052 non
930 2015 986 2051 sit.

665 2152 782 2192 1111⁶.

178 2221 239 2254 DE
272 2218 529 2255 CONTRARIA
563 2218 775 2251 TUTELAE
807 2218 868 2251 ΕΤ
900 2218 1027 2251 UTILI
1059 2217 1268 2251 ACTIONE.

227 2284 249 2323 1*
280 2283 476 2321 Uzpuivvs
495 2284 587 2320 libro
611 2284 794 2330 moes-imo
810 2286 916 2320 sexto
932 2284 983 2319 ad
997 2283 1150 2319 edictum
1176 2283 1269 2319 Con-

179 2330 325 2367 trariam
348 2330 483 2365 tutelae
512 2329 690 2364 actionem
722 2332 867 2375 praetor
922 2339 962 2364 ro
990 2329 1084 2364 osuit
1113 2329 1269 2364 induxit-

181 2385 250 2422 que
271 2375 309 2410 in
331 2385 446 2418 usum,
470 2377 511 2410 ut
532 2373 674 2410 facilius
696 2377 834 2410 tutores
858 2383 880 2408 a
928 2383 950 2409 a
1010 2373 1270 2409 inistrationem

177 2420 391 2456 accederent
421 2419 573 2455 scientes
603 2418 779 2464 pupillum
809 2428 950 2464 quoque
985 2419 1052 2454 sibi
1075 2418 1270 2464 obligatum

176 2466 255 2501 fore
288 2475 332 2500 ex
365 2475 432 2500 sua
464 2463 779 2500 administratione.
819 2473 1033 2508 quamquam
1069 2463 1162 2499 enim
1195 2463 1271 2499 sine

177 2509 307 2546 tutoris
331 2509 546 2545 auctoritate
577 2508 704 2554 pupilli
727 2519 800 2545 non
823 2508 1023 2554 obligentur
1045 2519 1112 2544 nec
1135 2509 1173 2544 in
1195 2519 1270 2544 rem

178 2565 280 2590 suam
302 2558 402 2590 tutor
424 2554 581 2599 obligare
604 2553 778 2599 pupillum
802 2553 933 2599 possit,
966 2557 1124 2589 attamen
1146 2563 1269 2599 recep-

177 2604 255 2635 tum
280 2603 346 2641 est,
370 2602 412 2634 ut
433 2598 543 2634 tutori
566 2609 631 2634 suo
672 2598 804 2651 upillus
821 2598 898 2634 sine
911 2599 1040 2634 tutoris
1056 2598 1271 2634 auctoritate

179 2644 327 2680 civiliter
350 2643 422 2679 obli
446 2648 525 2679 etur
547 2653 591 2679 ex
623 2653 645 2678 a
670 2643 930 2679 ministratione
961 2643 1107 2679 scilicet.
1141 2644 1270 2679 etenim

177 2688 397 2735 provocandi
435 2692 563 2724 nerant
584 2691 733 2731 tutores,
757 2691 799 2723 ut
845 2687 1019 2733 romptius
1043 2688 1089 2724 de
1111 2699 1178 2724 suo
1203 2688 1268 2723 ali-

179 2733 264 2779 quid
292 2744 357 2778 pro
384 2734 533 2813 (pupillis
563 2733 789 2778 impendant,
821 2699 906 2768 gum
937 2733 1056 2769 sciunt
1087 2743 1126 2769 se
1147 2743 1270 2779 recep—

182 2784 196 2813 i
246 2781 347 2814 turos
370 2778 383 2813 i
431 2778 526 2824 quod
549 2778 792 2824 impenderint.
839 2778 940 2814 Haec
955 2778 1049 2814 actio
1066 2788 1140 2814 non
1157 2778 1271 2814 solum

178 2822 300 2865 tutori,
323 2832 443 2858 verum
468 2824 573 2859 etiam
598 2823 641 2866 ei,
665 2823 726 2868 qui
749 2834 814 2868 pro
838 2826 957 2859 tutore
988 2823 1130 2868 negotia
1151 2824 1270 2868 gessit,

179 2871 199 2904 2
248 2877 326 2903 com
353 2871 448 2903 etere
471 2868 587 2904 debet.
635 2867 706 2904 Sed
730 2872 766 2903 et
788 2868 819 2903 si
842 2871 987 2904 curator
1002 2868 1050 2903 sit
1073 2868 1128 2903 vel
1146 2868 1272 2914 pupilli

178 2912 234 2949 vel
257 2912 304 2948 ad
343 2913 495 2948 escentis
518 2914 573 2949 vel
595 2912 721 2949 furiosi
743 2913 797 2948 vel
821 2912 972 2965 prodigi,
1004 2912 1194 2948 dicendum
1218 2917 1272 2949 est

180 2957 287 2994 etiam
309 2957 365 2992 his
389 2958 608 2993 contrarium
631 2957 797 2993 dandum.
829 2957 922 2993 idem
944 2958 981 2993 in
1000 2962 1165 2994 curatore
1206 2968 1270 2994 uo-

178 3012 250 3083 gili‘e
277 3002 410 3038 ventris
444 3002 667 3047 probandum
707 3007 771 3038 est.
811 3013 903 3048 quae
937 3003 1114 3038 sententia
1149 3002 1197 3038 Sa
1222 3003 1272 3038 ini

221 3047 250 3082 't
271 3046 505 3082 existimantis
530 3048 656 3083 ceteris
681 3057 822 3093 quoque
845 3048 1069 3084 curatoribus
1093 3058 1138 3083 ex
1159 3047 1272 3084 isdem

180 3095 201 3128 3
248 3091 367 3128 causis
383 3091 539 3126 dandum
556 3093 773 3128 contrarium
788 3091 970 3128 iudicium.
1017 3093 1136 3128 Finito
1152 3096 1271 3129 autem

180 3135 300 3173 officio
343 3137 438 3172 hanc
478 3137 655 3172 actionem
701 3140 903 3182 competere
945 3137 1102 3173 dicemus
1141 3138 1269 3173 tutori:

180 3185 339 3218 ceterum
373 3180 541 3227 quamdiu
577 3181 700 3224 durat,
736 3183 894 3218 nondum
929 3182 1108 3228 competit.
1143 3182 1206 3218 sed
1241 3183 1272 3218 si

179 3237 246 3273 pro
270 3229 389 3262 tutore
411 3226 555 3272 negotia
576 3227 686 3278 gessit
707 3227 762 3262 vel
786 3227 891 3262 etiam
908 3237 1029 3263 curam
1046 3227 1270 3263 administra-

179 3271 241 3314 vit,
263 3271 365 3307 locus
389 3271 457 3307 erit
477 3270 608 3306 iudicio
633 3271 739 3307 etiam
763 3272 900 3314 statim,
924 3272 1008 3317 quia
1030 3272 1100 3308 hoc
1124 3282 1211 3308 casu
1234 3273 1271 3307 in

180 3319 202 3351 4
248 3315 364 3361 ipsum
396 3325 538 3368 quoque
568 3316 687 3351 statim
720 3317 813 3352 actio
846 3317 1026 3362 competit.
1082 3316 1272 3353 Praeterea

181 3360 212 3396 si
234 3361 368 3397 tutelae
390 3360 520 3396 iudicio
533 3360 623 3440 ἰἣιιιίει
647 3362 886 3403 convenietur,
910 3365 1079 3414 reputare
1094 3365 1213 3406 potest
1234 3362 1270 3397 id

573 3405 580 3413 ‘
612 3405 801 3450 impendit:
835 3406 887 3441 sic
919 3411 986 3441 erit
1016 3406 1152 3441 arbitrii
1184 3406 1270 3449 eius,

180 3454 301 3486 utrum
326 3459 557 3496 compensare
573 3460 621 3486 an
637 3453 759 3496 petere
777 3451 860 3485 velit
876 3455 1050 3496 sumptus.
1076 3450 1162 3496 quid
1176 3461 1270 3496 ergo,

182 3563 222 3604 (1)
247 3562 459 3596 condemnati
473 3563 609 3604 tutoris]
622 3562 809 3596 oontutoris
823 3575 883 3596 scr.

182 3610 304 3650 tutore,
317 3608 398 3650 quia
406 3607 501 3640 nulla
513 3607 716 3651 significatio
728 3610 780 3640 est
792 3609 852 3641 ins.
866 3608 901 3640 F
905 3607 919 3627 ²
931 3620 999 3641 cum
1018 3609 1186 3652 Anonymo
1200 3609 1272 3652 By·

182 3654 288 3686 :antio
336 3654 377 3694 (³)
392 3653 450 3695 qui
464 3653 537 3687 dett.
609 3654 652 3695 (4)
664 3662 728 3695 pro
742 3655 852 3685 tutore
865 3653 937 3686 edd.
1006 3656 1048 3693 (5)
1061 3653 1196 3686 dabitur
1207 3665 1271 3687 scr.

229 3700 272 3736 (s)
299 3697 378 3730 Sab.
391 3705 476 3737 ¹···⁵3
518 3697 585 3731 Ed.
600 3705 626 3732 e.
663 3716 706 3723 —-
732 3697 816 3731 Bas.
831 3698 883 3736 38,
899 3704 924 3730 4,
950 3715 993 3722 -
1026 3698 1076 3740 Cs.
1095 3697 1171 3731 (ἶσα.
1186 3699 1219 3738 5,
1235 3704 1271 3732 58

1000 3564 1043 3605 (2)
1090 3573 1197 3606 neque
1210 3573 1270 3606 pro
1342 3565 1384 3604 (7)
1409 3573 1488 3605 ergo
1501 3564 1575 3596 dete.

1332 222 1363 259 si
1392 222 1501 258 iudex
1532 215 1832 275 compensationis
1864 222 1938 258 eius
1970 223 2143 258 rationem
2179 233 2252 258 non
2282 223 2418 267 habuit,

1332 277 1379 303 an
1403 267 1594 303 contrario*
1604 267 1738 304 iudicio
1757 267 1909 312 experiri
1924 267 2063 312 possit?
2094 271 2131 304 et
2145 268 2266 313 utique
2281 272 2418 319 potest:

1331 311 1396 348 sed
1418 311 1449 347 si
1471 311 1666 363 reprobata
1688 315 1743 347 est
1764 312 1854 347 haec
1877 312 2054 357 reputatio
2079 316 2115 348 et
2137 312 2324 364 adquievit,
2349 323 2420 349 uon

1331 360 1350 391 5
1401 355 1506 391 debet
1536 355 1646 392 iudex
1676 357 1854 393 contrario
1885 356 2015 392 iudicio
2046 356 2084 392 id
2114 366 2258 392 sarcire.
2302 358 2360 392 An
2383 357 2420 393 in

1331 401 1402 436 hoc
1424 400 1555 436 iudicio
1582 411 1654 436 non
1675 405 1815 437 tantum
1838 411 1930 446 quae
1953 411 2017 446 pro
2042 401 2177 453 pupillo
2201 402 2256 437 vel
2285 402 2322 437 in
2345 413 2421 438 rem

1333 446 1408 481 eius
1431 445 1478 480 im
1506 455 1595 481 ensa
1617 449 1698 481 sunt
1721 446 1881 488 veniant,
1910 455 2031 481 verum
2065 449 2172 481 etiam
2201 456 2245 482 ea
2267 457 2420 492 quoque,

1333 500 1425 543 quae
1449 490 1493 525 de
1518 490 1673 526 ebantur
1695 490 1784 526 alias
1807 490 1928 532 tutori,
1952 494 1994 525 ut
2015 494 2104 535 puta
2126 501 2148 526 a
2166 496 2273 543 patre
2294 491 2421 536 pupilli

1333 546 1364 571 si
1394 534 1478 580 quid
1509 534 1668 570 debitum
1697 535 1783 577 fuit,
1807 535 2000 580 quaeritur.
2025 539 2062 570 et
2083 545 2194 580 magis
2218 539 2315 581 puto,
2340 546 2421 571 cum

1333 580 1471 625 integra
1494 579 1543 615 sit
1565 580 1659 616 actio
1682 580 1803 623 tutori,
1827 590 1899 615 non
1922 590 2000 615 esse
2030 580 2067 614 in
2091 581 2307 616 contrarium
2329 581 2421 617 iudi-

1334 628 1355 660 6
1402 624 1496 660 cium
1519 624 1765 660 deducendum
1822 624 1915 669 Quid
1937 628 2056 660 tamen
2078 625 2109 660 si
2131 625 2211 661 ideo
2236 629 2421 671 exspecta-

1333 669 1394 712 vit,
1427 668 1513 714 quia
1543 672 1642 705 tutor
1672 674 1749 705 erat
1779 673 1815 704 et
1843 669 1923 704 ideo
1955 680 2027 704 non
2058 670 2197 714 exegit?
2227 670 2421 713 videamus,

1334 724 1382 750 aii
1415 714 1596 750 contrario
1619 714 1749 750 iudicio
1774 714 1907 749 tutelae
1937 714 2202 750 indemnitatem
2226 725 2420 760 consequa-

1334 763 1404 794 tur.
1436 759 1532 804 quod
1555 759 1667 804 magis
1696 759 1919 804 probandum
1951 763 2023 794 est:
2058 769 2141 794 nani
2173 759 2279 795 sicuti
2309 759 2421 804 quod-

1335 813 1487 856 cumque
1510 803 1607 838 aliud
1630 804 1738 849 gessit
1759 815 1825 849 pro
1849 804 2002 839 utilitate
2023 804 2159 849 pupilli,
2182 804 2219 839 id
2243 804 2421 840 contrario

1334 849 1464 884 iudicio
1490 858 1598 884 conse
1624 852 1737 891 uetur,
1768 849 1819 883 ita
1850 849 1956 884 etiam
1985 848 2022 883 id
2051 848 2148 893 quod
2177 848 2245 884 sibi
2275 849 2423 884 debetur

1335 897 1354 928 7
1403 893 1573 939 consequi
1621 894 1702 929 ebet
1732 893 1786 928 vel
1817 893 1893 928 eius
1925 893 2160 928 securitatem.
2208 893 2309 939 Ego⁷
2334 898 2370 928 et
2392 893 2423 929 si

1335 948 1380 975 ex
1404 949 1525 980 causa,
1550 948 1641 983 quae
1664 942 1823 983 tempore
1846 938 1978 980 finitur,
2002 938 2168 983 obligatio
2192 938 2312 984 aliqua
2342 938 2421 981 fuit,

1336 986 1356 1019 8
1403 984 1536 1019 tutelae
1561 984 1775 1019 contrarium
1798 983 1968 1019 iudicium
1987 993 2065 1018 esse
2088 983 2119 1018 ei
2135 983 2271 1028 opinor.
2319 983 2422 1018 Hanc

1336 1028 1513 1064 actionem
1537 1027 1714 1063 dandam⁸
1747 1028 1866 1073 placet
1901 1032 1937 1063 et
1969 1028 2000 1063 si
2033 1028 2167 1063 tutelae
2197 1027 2327 1064 iudicio
2351 1038 2424 1064 non

1336 1077 1480 1118 agatur:
1515 1073 1643 1108 etenim
1674 1083 1831 1108 nonnum
1857 1083 1945 1124 uam·
1970 1072 2124 1152 pugillus
2154 1072 2288 1109 idcirco
2320 1082 2424 1118 agere

1335 1118 1470 1154 tutelae
1493 1128 1566 1153 non
1589 1118 1675 1160 vult,
1699 1118 1783 1163 quia
1832 1118 1839 1125 '
1915 1127 1946 1152 ei
1995 1127 2014 1152 e
2039 1122 2129 1160 etur,
2152 1117 2258 1153 immo
2282 1117 2364 1163 plus
2386 1117 2423 1153 in

1336 1174 1417 1199 eum
1440 1163 1639 1208 impensum
1668 1167 1741 1205 est,
1774 1173 1881 1207 quam
1914 1162 2009 1207 quod
2033 1162 2065 1198 ei
2087 1162 2200 1206 abest,
2224 1172 2291 1198 nec
2313 1162 2423 1208 impe-

1337 1207 1486 1244 diendus
1510 1210 1565 1243 est
1587 1211 1685 1243 tutor
1709 1207 1886 1243 contrario
1910 1217 2023 1252 agere.

1382 1250 1407 1290 2
1432 1252 1625 1288 IULIANUS
1637 1253 1727 1288 libro
1747 1253 1911 1288 vicesimo
1920 1253 2044 1298 primo
2060 1252 2279 1304 diqestorum
2302 1252 2426 1304 Longe

1337 1298 1457 1378 magisi
1471 1297 1626 1333 dandum
1651 1301 1704 1333 est
1729 1302 1764 1333 et
1786 1297 1817 1333 si
1847 1296 2044 1332 rationibus
2069 1297 2305 1333 distrahendis
2329 1301 2425 1333 actio

1336 1343 1433 1378 inten
1458 1346 1550 1378 atur.

1381 1386 1406 1426 3
1439 1387 1633 1423 ULPIANUS
1653 1386 1743 1422 libro
1763 1387 1945 1432 triqesimo
1961 1390 2066 1422 sexto
2085 1386 2135 1422 ad
2148 1386 2302 1422 edictum
2334 1386 2426 1431 Quid

1336 1443 1431 1478 ergo,
1456 1432 1487 1468 si
1535 1432 1591 1467 lus
1614 1431 1651 1467 in
1675 1442 1755 1467 eum
1776 1432 1958 1477 impendit,
1983 1441 2089 1477 quam
2113 1436 2167 1467 est
2188 1431 2226 1466 in
2244 1431 2425 1466 facultati-

1335 1478 1429 1513 bus?
1467 1477 1502 1512 vi
1526 1486 1647 1513 eamus
1683 1487 1729 1511 an
1763 1477 1878 1522 possit
1910 1477 1980 1512 hoc
2015 1477 2193 1521 consequi.
2238 1480 2273 1511 et
2302 1476 2425 1512 Labeo

1337 1522 1480 1575 scripsit
1502 1531 1618 1567 posse.
1651 1522 1702 1557 sic
1726 1526 1845 1556 tamen
1868 1521 2111 1566 accipiendum
2134 1525 2207 1563 est,
2232 1521 2263 1556 si
2286 1521 2427 1566 expedit

1336 1567 1470 1647 ριιὲιιΠο
1494 1567 1546 1602 ita
1567 1567 1716 1602 tutelam
1739 1566 1889 1602 adminis'
1860 1566 1868 1574 ‘
1890 1567 1995 1601 trari:
2029 1571 2186 1601 ceterum
2217 1566 2248 1601 si
2270 1576 2343 1602 non
2366 1576 2426 1601 ex·

1336 1623 1382 1658 pe
1409 1612 1446 1655 ·t,
1472 1611 1660 1647 dicendum
1684 1615 1738 1647 est
1761 1612 1896 1646 absolvi
1918 1611 2092 1656 pupillum
2107 1615 2287 1656 oportere:
2313 1621 2428 1656 neque

1338 1658 1430 1693 enim
1454 1657 1490 1692 in
1513 1657 1583 1692 hoc
1607 1656 1900 1692 administrantur
1922 1656 2065 1698 tutelae,
2082 1660 2123 1691 ut
2141 1660 2345 1700 mergantur
2359 1666 2426 1701 pu-

1336 1702 1422 1748 pilli.
1454 1701 1563 1737 iudex
1593 1702 1718 1746 igitur,
1752 1701 1811 1746 qui
1843 1702 2022 1737 contrario
2062 1701 2193 1736 iudicio
2233 1701 2426 1746 cognoscit,

1337 1747 1527 1782 utilitatem
1569 1746 1695 1792 pupilli
1729 1746 1907 1791 spectabit
1941 1750 1978 1781 et
2011 1756 2058 1781 an
2092 1750 2191 1781 tutor
2229 1755 2273 1780 ex
2307 1745 2426 1781 officio

1341 1796 1357 1827 1
1406 1795 1569 1836 sumptus
1592 1791 1726 1826 fecerit.
1774 1790 1997 1826 Contrarium
2021 1790 2191 1826 iudicium
2213 1801 2261 1826 an
2288 1790 2335 1825 ad
2357 1790 2427 1826 hoc

1338 1847 1480 1882 quoque
1504 1840 1695 1881 competat,
1719 1840 1760 1871 ut
1783 1836 1862 1881 quis
1886 1846 1909 1870 a
1930 1836 2065 1889 pupillo
2101 1835 2218 1881 exigat
2247 1835 2427 1871 liberatio-

1338 1892 1429 1924 nem,
1453 1881 1643 1917 videndum
1667 1885 1730 1916 est.
1764 1885 1800 1916 et
1822 1891 1926 1916 nemo
1951 1881 2040 1915 dixit
2060 1881 2099 1915 in
2118 1881 2188 1916 hoc
2204 1890 2307 1925 agere
2323 1891 2428 1926 quem

1339 1927 1518 1962 contrario
1542 1936 1659 1971 posse,
1683 1930 1723 1961 ut
1745 1926 1878 1961 tutelae
1900 1926 2031 1961 iudicio
2054 1926 2235 1967 liberetur,
2261 1925 2324 1961 sed
2347 1930 2426 1960 tan-

1337 1976 1414 2007 tum
1438 1971 1482 2006 de
1505 1971 1572 2014 his,
1597 1981 1688 2016 quae
1718 1971 1750 2005 ei
1772 1974 1919 2016 propter
1941 1971 2089 2006 tutelam
2112 1970 2254 2005 absunt.
2303 1980 2427 2006 conse-

1338 2017 1460 2062 quitur
1490 2020 1610 2052 autem
1633 2016 1831 2061 pecuniam,
1857 2016 1887 2050 si
1910 2026 2017 2060 quam
2041 2015 2084 2050 de
2106 2026 2171 2051 suo
2196 2015 2427 2060 consumpsit,

1339 2061 1445 2097 etiam
1469 2072 1550 2097 cum
1574 2061 1704 2103 usuris,
1729 2060 1793 2096 sed
1815 2061 1870 2096 vel
1893 2060 2095 2103 trientibus,
2118 2060 2174 2096 vel
2196 2060 2253 2095 his
2277 2070 2368 2105 quae
2390 2060 2428 2094 in

1337 2107 1481 2152 regione
1504 2107 1756 2148 observantur,
1789 2105 1844 2141 vel
1866 2106 1922 2141 his
1945 2105 2074 2151 quibus
2097 2109 2279 2141 mutuatus
2302 2109 2374 2147 est,
2399 2104 2429 2140 si

1338 2161 1486 2187 necesse
1507 2151 1635 2186 habuit
1664 2151 1836 2193 mutuari,
1868 2155 1909 2185 ut
1939 2150 2076 2196 pupillo
2108 2160 2153 2185 ex
2181 2150 2277 2185 iusta
2318 2159 2430 2185 causa

1337 2199 1565 2242 prorogaret,
1596 2196 1652 2231 vel
1682 2196 1739 2231 his
1770 2206 1794 2230 a
1824 2196 1951 2247 quibus
1975 2195 2148 2240 pupillum
2170 2195 2350 2237 liberavit,
2373 2195 2429 2230 vel

1339 2241 1467 2286 quibus
1491 2241 1607 2277 caruit
1629 2245 1738 2283 tutor,
1763 2241 1794 2276 si
1816 2241 1962 2276 nimium
1975 2241 1990 2262 ⁹
2011 2239 2146 2285 profuit
2168 2240 2304 2285 pupillo
2345 2249 2427 2274 ecu-

1339 2289 1358 2320 2
1406 2286 1503 2338 niam
1527 2296 1605 2321 esse
1629 2285 1836 2337 exsolutam.
1884 2285 1995 2337 Plane
2019 2285 2049 2336 si
2071 2284 2164 2337 forte
2182 2289 2280 2320 tutor
2333 2284 2429 2336 ‘quid

1338 2329 2427 2420 {Siviffassecdiess‘usf‘uffserffifi’sfflnussd..Zimini'ffffii‘ssfflss‘l

1339 2423 1359 2459 3
1407 2420 1527 2456 stabit.
1606 2429 1693 2455 uare
1716 2423 1752 2455 et
1774 2420 1805 2455 si
1826 2420 1864 2455 in
1887 2430 1974 2454 usus
1998 2429 2082 2454 suos
2101 2419 2284 2461 convertit,
2301 2418 2429 2454 deinde

1339 2464 1473 2518 aliquid
1496 2465 1669 2510 impendit
1690 2465 1728 2499 in
1750 2475 1825 2500 rem
1859 2464 2088 2509 pupillarem,
2121 2474 2228 2509 quam
2258 2463 2429 2509 impendit

1339 2510 1470 2546 desinit
1499 2511 1647 2545 vertisse
1678 2513 1714 2545 et
1745 2509 1871 2545 exinde
1900 2519 2030 2544 usuras
2054 2519 2127 2544 non
2148 2509 2356 2554 praestabit.
2393 2512 2430 2544 et

1339 2555 1370 2590 si
1404 2558 1489 2590 ante
1521 2554 1692 2600 impendit
1724 2555 1761 2589 in
1795 2565 1870 2590 rem
1903 2554 2131 2599 pupillarem,
2162 2564 2246 2589 mox
2274 2553 2312 2588 in
2343 2563 2428 2589 usus

1340 2610 1425 2635 suos
1447 2599 1564 2642 vertit,
1595 2610 1669 2635 non
1691 2599 1868 2635 videbitur
1898 2599 2045 2634 vertisse
2068 2599 2312 2644 quantitatem,
2337 2608 2429 2643 quae

1341 2645 1522 2680 concurrit
1545 2655 1627 2680 cum
1650 2645 1848 2690 quantitate
1871 2644 1940 2679 sibi
1963 2643 2093 2686 debita,
2116 2648 2158 2678 ut
2174 2643 2248 2679 eius
2272 2652 2428 2678 summae

1340 2693 1362 2725 4
1407 2700 1480 2725 non
1502 2693 1660 2734 praestet
1682 2699 1821 2725 usuras.
1869 2688 2004 2725 Usuras
2034 2692 2153 2724 utrum
2182 2687 2319 2723 tamdiu
2342 2698 2427 2723 con-

1340 2738 1509 2780 sequetur
1531 2738 1630 2770 tutor
1678 2734 1820 2769 uamdiu
1834 2738 1933 2769 tutor
1956 2738 2020 2776 est,
2045 2743 2092 2768 an
2116 2733 2220 2768 etiam
2243 2737 2326 2779 post
2347 2733 2426 2767 fini-

1339 2782 1414 2815 tam
1435 2779 1595 2822 tutelam,
1619 2780 1653 2815 vi
1679 2789 1810 2821 eamus,
1835 2789 1882 2813 an
1905 2789 1949 2814 ex
1971 2788 2071 2813 mora
2084 2782 2234 2813 tantum.
2260 2782 2296 2812 et
2318 2777 2427 2822 magis

1341 2828 1405 2867 est,
1430 2828 1480 2867 ut,
1504 2824 1623 2870 quoad
1645 2825 1676 2859 ei
1699 2823 1870 2859 reddatur
1891 2823 2055 2868 pecunia,
2080 2827 2336 2874 consequatur:
2362 2833 2426 2857 nec

1341 2873 1359 2904 5
1408 2869 1501 2905 enim
1525 2868 1631 2904 debet
1654 2869 1686 2904 ei
1708 2869 1836 2904 sterilis
1861 2878 1939 2904 esse
1961 2868 2124 2913 pecunia.
2174 2868 2210 2902 Si
2226 2873 2345 2902 tamen
2360 2867 2428 2902 fuit

1339 2915 1377 2949 in
1400 2914 1604 2950 substantia
1632 2913 1756 2959 pupilli
1786 2913 1881 2949 unde
1912 2917 2149 2958 consequetur
2162 2913 2208 2953 ¹⁰,
2242 2911 2428 2948 dicendum

1341 2963 1396 2995 est
1441 2969 1515 2995 non
1557 2962 1720 3004 oportere
1763 2969 1843 2994 eum
1885 2968 2012 2994 usuras
2046 2968 2068 2992 a
2108 2957 2242 3002 pupillo
2278 2957 2426 3002 exigere.

1341 3007 1361 3040 6
1409 3003 1502 3049 Quid
1527 3013 1629 3050 ergo,
1660 3003 1691 3038 si
1714 3002 1759 3038 de
1782 3014 1820 3039 re
1843 3002 2009 3048 pupillari
2030 3013 2103 3038 non
2125 3002 2242 3047 potuit
2264 3001 2333 3037 sibi
2356 3001 2426 3037 sol-

1339 3058 1440 3092 vere,
1499 3048 1560 3084 uia
1593 3051 1671 3084 erat
1702 3048 1863 3093 deposita
1900 3048 1947 3083 ad
1977 3046 2203 3092 praediorum
2244 3056 2427 3091 compara-

1340 3094 1472 3129 tionem
1533 3093 1564 3129 si
1587 3092 1727 3145 quidem
1751 3103 1822 3128 non
1845 3092 2037 3145 postulavit
2060 3102 2082 3127 a
2098 3096 2273 3137 praetore,
2289 3095 2331 3126 ut
2345 3101 2427 3136 pro·

1340 3142 1459 3174 matur
1481 3148 1634 3184 pecunia
1657 3138 1710 3173 vel
1734 3138 1802 3173 hoc
1818 3148 1934 3173 minus
1950 3137 2159 3182 deponatur,
2178 3136 2245 3171 sibi
2259 3136 2427 3181 imputet:

1341 3183 1372 3219 si
1394 3193 1477 3219 vero
1500 3183 1570 3218 hoc
1595 3182 1805 3218 desideravit
1827 3193 1892 3218 nec
1915 3181 2126 3227 impetravit,
2162 3180 2351 3216 dicendum
2375 3184 2429 3215 est

1342 3231 1360 3261 7
1408 3238 1481 3264 non
1516 3227 1676 3273 deperire
1693 3227 1725 3263 ei
1747 3237 1885 3263 usuras.
1932 3227 1974 3261 In
1998 3225 2175 3262 contrario
2199 3225 2328 3261 iudicio
2353 3223 2428 3261 suf-

1340 3272 1418 3308 ficit
1445 3272 1556 3308 tutori
1587 3272 1677 3308 bene
1708 3276 1744 3308 et
1774 3272 1959 3317 diligenter
1992 3271 2134 3315 negotia
2162 3270 2329 3314 gessisse,
2362 3269 2429 3305 etsi

1341 3320 1361 3352 8
1409 3320 1573 3353 eventum
1604 3317 1791 3352 adversum
1821 3316 1947 3352 habuit
1976 3315 2073 3361 quod
2095 3319 2233 3367 gestum
2257 3319 2321 3350 est.
2367 3314 2427 3348 Iu-

1341 3361 1434 3398 dicio
1459 3361 1636 3398 contrario
1660 3362 1793 3397 tutelae
1815 3363 2018 3407 praestatur
2041 3364 2077 3395 ct
2098 3360 2155 3402 id,
2178 3359 2273 3405 quod
2295 3360 2332 3394 in
2354 3369 2428 3394 rem

1340 3406 1466 3452 pupilli
1499 3416 1638 3442 versum
1671 3411 1755 3442 ante
1784 3406 1930 3441 tutelam
1962 3405 2055 3440 vel¹¹
2092 3409 2175 3449 post
2205 3404 2374 3446 tutelam,
2398 3403 2428 3438 si

1340 3451 1491 3497 negotiis
1522 3452 1655 3487 tutelae
1684 3457 1842 3496 tempore
1870 3450 1977 3495 gestis
2009 3460 2138 3485 nexum
2169 3449 2361 3494 probatur,
2393 3451 2425 3483 et

2110 3565 2155 3602 (9)
2180 3561 2337 3593 nimirum
2351 3561 2425 3593 dect.

2118 3609 2173 3647 (ιι)
2197 3609 2275 3638 ante
2289 3604 2426 3637 tutelam

1704 3565 1749 3605 (S)
1774 3562 1920 3595 dandum
1933 3562 1985 3595 F¹

1341 3608 1473 3651 quidam
1588 3609 1647 3650 (io)
1672 3611 1929 3650 consequeretur
1940 3620 2002 3640 scr.

1341 3652 1406 3694 vel]
1420 3655 1471 3685 est
1481 3664 1544 3687 scr.
1559 3654 1718 3693 (similiter
1728 3653 1822 3693 Hal.)
