2528 3918
59 3656 66 3660 ’·
116 3651 214 3672 mann

123 148 178 185 ΕΤ
206 153 534 187 ΒΕΒΔΤῙΟΝῙΒῸΒ

123 277 205 304 vero
235 266 410 304 scinditur
439 267 477 304 in
534 277 680 304 ersonas
710 266 901 311 sententia,
933 270 1126 312 quaeritur.
1175 271 1211 302 et

122 312 341 359 Papinianus
372 323 504 359 respon
530 314 559 349 it
587 312 701 348 scindi
731 312 942 347 sententiam
970 312 1007 348 111
1036 322 1209 358 personas

121 362 229 404 atque
265 358 345 395 ideo
386 369 448 395 eos
477 358 538 404 qui
569 357 795 394 condemnati
826 362 910 393 sunt
939 358 1056 393 viriles
1088 361 1209 403 partes

122 407 142 438 4
189 403 329 440 debere.
377 403 480 449 Quod
512 406 565 438 est
588 403 800 448 rescriptum
823 403 860 438 in
885 402 1063 439 communi
1087 413 1209 445 causa,

122 449 285 493 quotiens
309 449 401 484 alter
420 448 586 494 appellat,
612 448 703 483 alter
723 459 806 491 non,
833 448 979 484 alterius
1001 448 1206 484 victoriam¹

123 493 154 529 ei
173 494 347 538 proficere
366 494 427 540 qui
449 504 522 529 non
541 493 756 539 provocavit,
781 494 875 529 11οοῖ
898 494 950 528 116
967 493 1105 529 demum
1126 503 1209 539 pro-

122 539 278 574 bandum
303 542 366 583 est,
392 539 423 575 si
446 548 518 574 una
541 538 735 583 eademque
756 549 866 574 causa
886 538 954 574 fuit
973 538 1208 574 defensionis:

122 587 279 619 ceterum
302 584 335 620 si
363 583 539 627 diversae,
573 583 645 618 alia
675 594 786 619 causa
814 587 879 620 est.
928 587 969 619 ut
998 584 1035 619 in
1067 583 1209 619 duobus

121 629 299 665 tutoribus
323 629 500 674 procedit,
533 629 564 665 si
593 630 708 664 alter³
739 629 887 664 tutelam
908 633 1086 674 gesserat,
1119 629 1210 664 alter

122 684 194 709 non
218 674 386 719 attigerat
409 678 445 710 et
467 674 499 710 is
523 674 585 719 qui
607 685 678 710 non
703 678 862 719 gesserat
884 674 1108 720 provocavit:
1142 673 1208 709 ini-

121 730 230 765 quum
254 723 310 755 est
333 719 443 763 enim,
476 719 537 764 qui
567 719 701 755 idcirco
734 719 952 764 adgnoverat
983 719 1208 762 sententiam,

121 765 287 809 quoniam
310 764 462 810 gessisse
487 775 526 800 se
549 765 632 807 scit,
663 768 811 810 propter
834 765 1109 811 appellationem
1133 765 1209 801 eius

122 809 184 854 qui
205 820 278 846 non
300 813 460 855 gesserat
484 810 657 855 optinere.

170 854 216 892 11
251 854 360 891 IDEM
398 855 489 891 libro
530 856 634 891 tertio
677 855 722 890 de
764 855 927 892 omnibus
969 855 1210 891 tribunalibus

122 900 210 936 Cum
239 910 283 936 ex
315 910 426 935 causa
455 900 606 936 iudicati
636 900 755 936 soluta
783 904 879 936 esset
902 901 1055 946 pecunia
1078 911 1121 936 ex
1144 911 1205 935 ne-

121 945 287 981 cessitate
317 946 445 981 iudicis
476 946 522 981 ab
554 955 614 987 eo,
647 945 707 990 qui
730 946 972 991 appellatione
995 945 1209 991 interposita

120 991 289 1026 meruerit
318 991 499 1026 meliorem
530 991 758 1033 sententiam,
797 991 955 1037 recipere
986 1001 1067 1027 eum
1098 1001 1206 1037 pecu-

120 1036 214 1071 niam
238 1046 345 1081 quam
368 1036 473 1072 solvit
497 1039 649 1081 oportet.
728 1037 730 1039 ’

168 1078 219 1118 12
250 1081 355 1116 loru
396 1081 487 1116 libro
523 1081 681 1117 secundo
722 1082 933 1128 opinionum
993 1081 1030 1117 Si
1070 1084 1209 1117 constet

120 1126 217 1161 nullo
247 1130 332 1162 actu
361 1137 406 1162 ex
436 1126 512 1171 lege
534 1125 658 1162 habito
684 1126 908 1162 duumvirum
933 1130 1110 1169 creatum,
1145 1126 1207 1162 sed

120 1175 259 1206 tantum
291 1172 438 1208 vocibus
468 1171 696 1216 popularium
725 1172 945 1218 postulatum
975 1172 1098 1217 eisque
1121 1175 1207 1207 tunc

119 1217 387 1263 proconsulem,
421 1217 517 1261 quod
546 1216 667 1253 facere
691 1228 764 1252 non
789 1217 929 1261 debuit,
963 1217 1206 1254 consensisse:

119 1273 165 1308 ap
191 1262 310 1298 ellatio
334 1262 372 1297 in
395 1272 434 1298 re
459 1266 584 1308 aperta
607 1272 832 1308 supervacua
855 1262 935 1299 fuit.

166 1273 218 1346 13
249 1306 357 1343 IDEM
384 1307 475 1343 libro
504 1308 661 1343 secundo
691 1319 946 1354 responsorum
999 1307 1208 1354 Appellanti

119 1353 207 1389 nihil
230 1353 375 1396 obesse,
408 1352 504 1398 quod
531 1352 567 1388 in
590 1353 719 1389 libellis
743 1363 765 1388 a
789 1363 861 1398 qua
883 1357 987 1398 parte
1010 1352 1208 1389 sententiae

122 1402 136 1433 1
187 1408 209 1434 a
234 1398 386 1443 pellaret
408 1409 481 1434 non
504 1398 727 1443 significavit.
767 1398 850 1434 Non
873 1399 988 1435 solere
1012 1398 1207 1444 improbari

118 1453 211 1489 appe
239 1443 417 1479 ationem⁴
441 1453 583 1486 eorum,
618 1443 678 1489 qui
701 1444 756 1479 vel
781 1454 888 1479 unam
912 1454 1060 1480 causam
1083 1444 1207 1490 appel-

117 1487 216 1523 landi
238 1488 460 1534 probabilem
483 1489 699 1524 habuerunt.

168 1532 219 1570 14
242 1532 351 1570 IDEM
370 1533 462 1570 libro
482 1539 614 1579 quarto
634 1534 770 1570 decimo
795 1534 845 1569 ad
862 1534 1015 1570 edictum
1064 1534 1102 1570 Si
1125 1545 1207 1580 per-

117 1578 253 1615 lusorio
276 1579 431 1615 iudicio⁵
455 1583 576 1614 actum
600 1579 646 1615 sit
669 1578 841 1615 adversus
866 1582 1134 1623 testamentum,
1161 1590 1207 1615 an

117 1625 173 1660 ius
197 1624 310 1660 faciat
331 1624 450 1668 iudex,
474 1624 676 1661 videndum.
715 1629 750 1661 et
771 1625 872 1660 divus
886 1625 983 1670 Pius,
1010 1636 1091 1661 cum
1114 1626 1208 1661 inter

119 1670 329 1706 coniunctas
365 1680 539 1715 personas
577 1669 756 1706 diceretur
791 1681 857 1716 per
894 1671 1125 1707 collusionem
1170 1671 1207 1706 in

118 1725 242 1751 necem
264 1715 517 1760 legatariorum
542 1719 578 1751 et
600 1715 821 1751 libertatium
851 1720 990 1760 actum,
1023 1716 1207 1763 appellare

119 1761 170 1796 eis
193 1760 363 1806 permisit.
411 1764 446 1796 et
474 1760 581 1796 hodie
611 1761 681 1796 hoc
712 1761 790 1797 iure
813 1761 964 1806 utimur,
997 1766 1038 1798 ut
1068 1762 1208 1808 possint

53 1820 62 1826 ·
118 1806 318 1859 appellare:
343 1805 407 1842 sed
430 1807 466 1842 et
490 1816 594 1851 agere
619 1816 765 1842 causam
789 1807 886 1851 apud
904 1807 1021 1853 ipsum
1040 1807 1205 1850 iudicem,

118 1862 180 1896 qui
203 1850 246 1887 de
270 1854 484 1887 testamento
509 1851 708 1896 cognoscit,
739 1852 770 1888 si
799 1853 1030 1897 suspicantur
1060 1864 1132 1888 non
1163 1863 1207 1888 ex

123 1900 136 1931 1
186 1896 256 1932 fide
279 1896 445 1932 heredem
470 1907 615 1932 causam
640 1907 755 1942 agere.
795 1897 965 1942 Quotiens
986 1898 1116 1935 herede
1135 1909 1207 1934 non

118 1941 355 1987 respondente
386 1942 583 1978 secundum
614 1942 854 1978 adversarium
886 1945 1063 1979 sententia
1087 1944 1205 1986 datur,

117 1986 330 2032 rescriptum
355 1991 410 2023 est
432 1987 520 2022 nihil
539 1997 669 2023 nocere
687 1999 802 2032 neque
819 1989 944 2033 legatis
962 2000 1078 2034 neque
1097 1990 1205 2025 liber-

117 2032 265 2068 tatibus.
313 2036 349 2068 et
370 2032 440 2068 hoc
465 2032 625 2068 divorum
649 2033 801 2069 fratrum
824 2044 843 2069 e
870 2034 978 2070 istula
1005 2035 1207 2071 continetur

117 2077 165 2113 ad
186 2076 383 2113 Domitium
405 2077 444 2112 in
468 2078 557 2113 haec
581 2079 707 2114 verba:
742 2079 831 2123 ‘Quo
886 2080 1033 2116 absente
1064 2091 1205 2126 posses-

119 2125 211 2159 ‘sore
240 2124 330 2158 nec⁰
364 2127 551 2169 quoquam'
574 2124 716 2160 nomine
746 2125 821 2160 eius
852 2125 1091 2170 respondente
1121 2136 1205 2171 pro-

118 2167 332 2203 ·nuntiatum
366 2172 434 2212 est,
474 2179 548 2204 non
579 2169 689 2204 habet
718 2170 769 2205 rei
800 2169 978 2206 iudicatae
1010 2172 1205 2207 auctorita-

118 2216 201 2249 ‘tem
225 2212 295 2249 nisi
317 2212 488 2249 adversus
513 2224 594 2249 eum
618 2214 732 2250 solum
757 2215 818 2259 qui
846 2215 972 2252 adesse
1000 2217 1204 2262 neglexerit.

118 2261 242 2304 ‘quare
272 2258 345 2302 his,
380 2259 442 2304 qui
471 2263 685 2295 testamento
716 2259 901 2297 libertates
932 2261 988 2297 vel
1011 2262 1129 2308 legata
1151 2262 1207 2298 vel

118 2303 403 2339 ‘fideicommissa
431 2308 667 2350 acceperunt,
698 2306 817 2341 salvae
849 2309 934 2342 sunt
965 2307 1142 2350 actiones,
1175 2307 1206 2343 si

118 2352 219 2395 ‘quas
243 2349 456 2392 habuerunt,
479 2350 626 2395 perinde
650 2360 693 2386 ac
718 2351 748 2387 si
771 2351 859 2386 nihil
878 2356 972 2387 esset
989 2353 1204 2389 iudicatum:

116 2396 166 2458 :et
205 2393 285 2455 ideo
325 2394 495 2431 adversus
536 2405 617 2431 eum
659 2396 720 2441 qui
758 2396 844 2432 vicit
880 2398 1117 2442 permittimus
1155 2399 1204 2434 eis

128 2450 149 2475 a
175 2449 235 2475 ere
249 2465 258 2474 .

151 2449 216 2522 g15
242 2483 481 2521 MARCELLUS
501 2485 591 2522 libro
604 2487 728 2532 primo
749 2486 968 2539 digestorum
1016 2487 1117 2524 Servi
1141 2499 1204 2534 ap-

116 2530 251 2576 pellare
281 2541 355 2566 non
384 2534 556 2576 possunt:
599 2531 663 2567 sed
700 2532 831 2567 domini
868 2543 990 2569 eorum
1022 2534 1069 2569 ad
1100 2544 1204 2580 opem

117 2585 218 2611 servo
249 2575 431 2611 ferendam
455 2579 607 2621 possunt
630 2577 684 2612 uti
708 2577 840 2613 auxilio
866 2579 1136 2624 appellationis,
1169 2584 1205 2616 et

115 2621 209 2656 alius
233 2619 367 2656 domini
390 2621 532 2656 nomine
555 2621 593 2656 id
615 2621 735 2658 facere
765 2626 894 2668 potest.
942 2623 998 2660 sin
1028 2634 1111 2661 vero
1141 2636 1203 2661 ne-

116 2675 186 2710 que
221 2665 383 2702 dominus
420 2676 535 2711 neque
567 2667 659 2702 alius
690 2678 756 2712 pro
787 2668 928 2704 domino
961 2669 1203 2715 appellaverit,

115 2710 186 2764 ipsi
209 2721 327 2754 servo,
360 2711 422 2756 qui
445 2712 657 2747 sententiam
679 2713 818 2748 tristem
841 2724 971 2759 passus
995 2718 1068 2758 est,
1101 2716 1204 2752 auxi-

116 2756 203 2791 hum
226 2755 296 2792 sibi
317 2756 509 2802 implorare
532 2767 606 2793 non
629 2757 856 2804 denegamus.

165 2798 216 2838 16
241 2800 496 2837 Moorsrlivvs
522 2802 613 2839 libro
637 2808 743 2839 seoeto
772 2804 1060 2850 differentiarum
1109 2806 1202 2842 Con-

116 2845 339 2890 stitutiones,
371 2856 463 2891 quae
492 2846 536 2883 de
567 2848 641 2884 reci
667 2848 781 2885 iendis
806 2859 872 2885 nec
895 2860 968 2885 non
992 2851 1203 2896 appellatio-

116 2891 475 2945 nibusloquunturu
507 2895 548 2927 ut
570 2893 605 2928 n'
636 2893 644 2901 ⁶
683 2893 766 2930 novi
786 2894 867 2937 fiat,
899 2895 1019 2931 locum
1042 2907 1115 2932 non
1137 2897 1203 2932 ha-

115 2936 203 2972 bent
225 2947 263 2972 in
286 2947 409 2972 eorum
432 2947 597 2982 persona,
622 2949 711 2984 quos
735 2939 922 2976 damnatos
942 2941 1064 2977 statim
1084 2943 1203 2988 puniri

115 2981 260 3062 aas
277 2981 522 3063 {aazias
538 2983 1005 3066 v2i¹¹3010¹2⁸s¹gff⁸121¹m⁰¹¹²⁸
1028 2987 1084 3023 *⁹¹
1108 2987 1202 3024 sedi-

789 3041 807 3066 0
838 3041 957 3068 onum.

166 3069 216 3109 17
246 3071 354 3108 low
383 3073 474 3108 libro
512 3077 638 3110 octavo
673 3075 884 3121 reyularum
940 3076 1029 3112 Cum
1059 3076 1098 3113 in
1130 3088 1203 3113 una

118 3127 229 3153 causa
251 3118 443 3170 separatim
468 3117 601 3163 duplex
623 3120 799 3156 sententia
819 3121 931 3157 divisa
950 3122 1067 3165 datur,
1092 3123 1202 3158 veluti

115 3172 190 3197 una
211 3166 337 3206 sortis,
369 3163 442 3198 alia
465 3173 673 3208 usurarum,
706 3165 836 3211 duplex
859 3167 1053 3212 appellatio
1075 3178 1201 3204 neces-

116 3207 213 3242 saria
239 3210 311 3252 est,
342 3218 388 3244 ne
416 3208 567 3244 alteram
595 3209 822 3255 adgnovisse,
854 3211 898 3248 de
927 3212 1041 3248 altera
1071 3223 1200 3266 provo-

120 3256 133 3286 1
185 3262 288 3288 06666
317 3253 556 3298 intellegatur.
605 3254 720 3290 Tutor
774 3256 885 3301 upillo
918 3257 1024 3293 datus
1056 3268 1087 3294 si
1117 3269 1201 3303 pro-

116 3301 230 3339 vocet,
253 3297 395 3333 interim
417 3298 554 3344 pupillo
576 3303 722 3335 curator
766 3301 896 3337 abitur.
931 3302 996 3339 sed
1019 3303 1050 3338 si
1072 3303 1202 3340 tutoris

115 3341 312 3378 auctoritas
350 3342 483 3379 fuerit⁸
518 3345 739 3388 necessaria,
774 3346 884 3382 veluti
918 3347 965 3383 ad
1001 3347 1202 3384 adeundam

115 3387 367 3431 hereditatem,
401 3391 502 3425 tutor
535 3389 569 3425 ei
603 3400 805 3426 necessario
838 3391 998 3438 dabitur,
1035 3394 1200 3438 quoniam

116 3432 291 3468 curatoris
314 3434 511 3471 auctoritas
539 3434 587 3470 ad
609 3435 680 3471 hoc
703 3435 838 3472 inutilis
861 3441 927 3474 est.

568 3550 614 3593 (2)
638 3550 701 3583 hoe
723 3551 784 3584 dee.
805 3551 860 3583 F2

114 3548 158 3589 (1)
182 3547 282 3582 etiam
302 3549 361 3582 ins.
385 3548 437 3582 F²

115 3594 159 3636 (4)
183 3593 423 3637 appellationes
435 3593 486 3628 F²

312 3639 357 3683 (6)
381 3649 423 3672 116
435 3641 470 3673 F

114 3683 247 3726 piendis
257 3683 445 3726 loquuntur
456 3697 518 3718 scr.

583 3597 628 3638 (5)
650 3605 711 3638 per
721 3594 885 3629 lusorium
897 3596 1061 3631 iudicium
1075 3600 1201 3632 Brenc-

564 3641 607 3683 (Ἰ)
633 3640 672 3674 de
685 3640 965 3683 appellationibus
976 3643 1024 3676 sic
1036 3654 1105 3677 non
1117 3644 1201 3677 reci—

617 3686 662 3727 (8)
687 3685 791 3719 fuerit
802 3688 850 3720 bis
864 3688 900 3720 F
986 3689 1033 3732 (9)
1057 3699 1126 3722 non
1140 3690 1199 3722 ins.

115 3729 177 3770 (ιο)
202 3727 327 3762 tutelae
338 3729 550 3763 excusatione
564 3730 737 3775 Schultiny
801 3733 854 3774 (11)
878 3732 1002 3775 pupilli
1013 3747 1073 3767 sec.
1088 3735 1125 3767 B
1137 3747 1199 3766 scr.

115 3774 175 3816 (12)
200 3773 395 3808 circumdici
418 3775 452 3808 F

1198 122 1292 189 823'

987 3553 1032 3596 (3)
1056 3552 1155 3587 aliter
1175 3554 1212 3587 F
1272 3553 1330 3595 (14)
1354 3552 1579 3596 sugebaturF

2007 152 2301 198 XXXXVIIII
2336 161 2352 197 1

1302 313 1308 320 ι
1330 264 1378 305 18
1406 266 1512 320 (oen
1535 267 1626 304 libro
1649 271 1799 316 septimo
1823 272 1958 309 decimo
1987 285 2240 322 responsorum
2287 278 2359 314 Lu·

1279 323 1355 349 cius
1380 312 1496 365 Titius
1521 323 1593 365 pro·
1611 324 1711 350 servo
1736 327 1819 360 suo,
1853 319 1913 362 qui
1939 319 1986 355 ad
2010 320 2141 358 bestias
2166 323 2270 359 datus
2295 327 2360 367 est,

1278 361 1566 404 provocationem
1583 362 1805 405 interposuit.
1838 374 1981 407 quaero,
2007 376 2052 401 an
2072 367 2272 404 huiusmodi
2296 379 2359 422 ap-

1304 403 1480 456 ellationis
1511 413 1639 439 causas
1658 416 1735 484 (per
1764 413 2032 451 procuratorem
2063 412 2211 448 reddere
2234 418 2359 459 poseit.

1318 448 1502 485 odestmus
1526 459 1656 494 respon
1681 454 1709 484 it
1732 462 1847 496 posse.

1328 492 1378 531 19
1403 493 1508 529 IDEM
1535 494 1626 530 libro
1639 496 1832 546 ‚sinqulari
1853 498 1896 533 de
1920 500 2115 536 enucleatis
2137 503 2279 538 casibus
2325 504 2359 539 Si

1278 539 1472 618 expressim
1496 542 1672 575 sententia
1696 545 1822 576 contra
1845 542 1931 579 iuris
1960 545 2111 589 rigorem
2135 546 2219 582 data
2243 548 2359 590 fuerit,

1279 594 1323 618 va
1339 595 1398 620 ere
1423 595 1494 620 non
1519 584 1642 620 debet:
1669 587 1704 620 et
1727 586 1806 622 ideo
1831 592 1867 623 et
1891 589 1966 624 sine
1990 600 2034 635 ap
2063 592 2227 628 ellatione
2252 604 2360 629 causa

1278 629 1395 665 denuo
1427 629 1550 665 induci
1578 633 1709 675 potest.
1758 642 1830 667 non
1859 633 1936 668 iure
1966 645 2030 679 pro
2050 640 2147 671 ertur
2174 640 2359 681 sententia,

1281 675 1311 710 si
1336 674 1538 720 specialiter
1562 678 1688 711 contra
1711 676 1804 721 leges
1835 679 1890 713 vel
1913 683 2058 715 senatus
2084 683 2283 718 consultum
2307 685 2360 719 vel

1279 720 1570 756 constitutionem
1592 720 1703 756 fuerit
1725 722 1876 774 prolata.
1924 724 2018 760 unde
2049 726 2080 760 si
2111 727 2189 772 quis
2220 738 2262 763 ex
2293 729 2360 764 hac

1278 765 1483 801 sententia⁹
1522 766 1755 811 appellaverit
1789 773 1825 803 et
1857 770 2136 814 praescriptione
2167 778 2361 809 summotus

1277 810 1340 852 sit,
1373 811 1515 846 minime
1548 811 1780 848 confirmatur
1809 823 1853 849 ex
1882 813 1951 849 hac
1980 816 2257 867 praescriptione
2281 829 2359 854 sen-

1276 855 1400 891 tentia.
1448 856 1542 893 unde
1566 861 1686 903 potest
1710 868 1820 898 causa
1844 859 1890 894 ab
1913 859 2012 895 initio
2037 861 2173 905 agitari.

1324 899 1376 939 20
1401 901 1510 937 IDEM
1528 902 1619 939 libro
1643 903 1827 949 sinquc'ari
1848 905 1892 939 de
1904 907 2256 952 praescriptionibus
2295 909 2363 953 Qui

1278 950 1484 992 suspectum
1516 951 1671 983 tutorem
1704 948 1793 984 facit
1825 952 1861 984 et
1891 950 1951 994 qui
1983 950 2026 986 de
2059 962 2130 986 non
2161 953 2363 999 recipienda

1276 992 1390 1027 tutela
1426 993 1694 1029 excusationem
1707 995 1735 1015 ¹⁰
1770 994 1898 1038 agitat,
1939 995 2053 1031 alieno
2090 998 2229 1032 nomine
2259 1009 2363 1043 agere

1282 1040 1294 1071 1
1345 1036 1601 1083 intellegendus
1632 1042 1697 1074 661.
1746 1039 1780 1074 16
1804 1050 1888 1075 vero
1913 1041 1974 1085 qui
1996 1040 2034 1075 in
2058 1052 2131 1076 rem
2155 1053 2256 1078 suam
2279 1054 2361 1088 pro-

1277 1086 1422 1118 curator
1442 1083 1548 1119 datus
1567 1087 1633 1126 661,
1657 1084 1753 1119 intra
1773 1085 1918 1120 biduum
1938 1086 2118 1131 appellare
2138 1086 2254 1130 debet,
2279 1089 2363 1134 quia

1278 1131 1296 1162 2
1346 1138 1449 1163 suam
1474 1139 1620 1164 causam
1644 1130 1727 1174 agit.
1775 1130 1951 1166 Militibus
1976 1132 2180 1176 appellandi
2203 1137 2364 1179 tempora

1276 1184 1349 1209 non
1380 1173 1629 1219 remittuntur,
1666 1178 1702 1210 et
1736 1175 1820 1211 victi
1858 1176 1888 1211 si
1926 1187 1998 1212 non
2029 1179 2299 1222 provocaverint
2330 1182 2365 1214 et

1276 1218 1464 1255 sollemnia
1487 1219 1648 1262 fecerint,
1673 1224 1801 1266 postea
1823 1232 1897 1256 non
1920 1221 2125 1257 audiuntur.

1323 1262 1372 1301 21
1401 1265 1597 1301 Psemws
1622 1265 1767 1301 lvsws
1795 1266 1885 1302 libro
1909 1268 2032 1313 primo
2063 1267 2107 1302 de
2139 1269 2364 1304 constitutio-

1275 1310 1382 1346 nibus
1427 1310 1667 1355 Imperatores
1686 1311 1889 1348 Antoninus
1914 1315 1951 1347 et
1965 1312 2081 1348 Verus
2105 1313 2366 1358 rescripserunt

1276 1355 1552 1401 appellationes,
1586 1366 1678 1401 quae
1709 1360 1807 1392 16010
1836 1357 1883 1393 ad
1911 1357 2107 1403 principem
2138 1358 2258 1394 factae
2281 1363 2366 1395 sunt

1277 1400 1415 1437 omissis
1439 1401 1511 1445 his,
1545 1401 1592 1437 ad
1622 1412 1711 1447 quos
1742 1402 1945 1438 debuerunt
1966 1403 2045 1438 fieri
2069 1414 2112 1439 ex
2135 1403 2205 1439 imo
2231 1404 2363 1449 ordine,

1279 1449 1292 1481 1
1344 1446 1391 1482 ad
1405 1446 1589 1492 praesides
1604 1447 1746 1482 remitti.
1781 1447 1879 1484 Idem
1895 1449 2156 1493 rescripserunt
2175 1449 2220 1484 ab
2236 1449 2364 1492 iudice,

1276 1501 1381 1536 quem
1405 1502 1427 1527 a
1443 1492 1609 1537 praeside
1630 1493 1833 1538 provinciae
1852 1493 1931 1539 quis
1953 1497 2151 1540 acceperat,
2176 1505 2248 1530 non
2267 1499 2365 1531 recte

1274 1537 1527 1582 imperatorem
1551 1548 1572 1573 a
1599 1538 1771 1583 pellatum
1794 1549 1872 1574 esse
1895 1538 2046 1584 ideoque
2068 1540 2196 1576 reverti
2217 1548 2298 1576 eum
2319 1540 2365 1575 ad

1276 1586 1295 1617 2
1342 1583 1543 1627 praesidem
1586 1584 1701 1619 ebere.
1741 1583 1778 1618 Si
1798 1584 2026 1629 magistratus
2047 1589 2189 1621 creatus
2206 1585 2364 1631 appella-

1275 1629 1374 1672 verit,
1401 1628 1574 1673 collegam
1598 1629 1675 1664 eius
1699 1629 1843 1665 interim
1866 1630 2051 1674 utriusque
2076 1630 2232 1666 officium
2257 1631 2363 1666 susti-

1276 1683 1360 1709 nere
1386 1673 1535 1710 debere:
1568 1674 1600 1710 si
1629 1678 1780 1720 uterque
1811 1675 2062 1721 appellaverit,
2094 1676 2202 1711 alium
2225 1677 2366 1712 interim

1274 1718 1312 1754 in
1341 1719 1461 1755 locum
1491 1729 1613 1755 eorum
1644 1720 1854 1755 creandum:
1887 1724 1924 1756 et
1954 1731 2048 1764 eum,
2081 1721 2141 1766 qui
2170 1732 2242 1757 non
2272 1722 2365 1757 iuste

1275 1764 1518 1810 appellaverit,
1541 1764 1707 1801 damnum
1726 1765 1966 1810 adgniturum,
1983 1767 2014 1802 si
2032 1766 2127 1812 quod
2145 1777 2200 1802 res
2221 1767 2365 1811 publiea

1276 1820 1384 1855 passa
1408 1810 1472 1845 sit:
1499 1809 1531 1845 si
1553 1821 1636 1847 vero
1660 1811 1756 1846 iusta
1779 1811 1827 1847 sit
1849 1812 2041 1857 appellatio
2068 1815 2104 1847 et
2120 1812 2189 1848 hoc
2231 1823 2364 1848 1011011-

1275 1855 1402 1899 116101,
1433 1866 1494 1891 606
1525 1856 1794 1899 aestimaturos,
1827 1857 1885 1892 cui
1914 1856 1983 1892 hoc
2009 1857 2197 1893 adscriben
2224 1868 2283 1892 um
2307 1857 2360 1893 sit.

1276 1900 1313 1935 in
1336 1901 1456 1936 locum
1480 1905 1600 1937 autem
1625 1902 1819 1945 curatoris,
1852 1902 1912 1947 qui
1937 1912 2115 1937 annonam
2139 1902 2363 1937 administra-

1275 1950 1379 1982 turus
1404 1950 1475 1989 est,
1508 1946 1617 1982 alium
1641 1947 1782 1982 interim
1806 1947 2078 1990 adsumendum,
2111 1947 2229 1992 quoad
2252 1958 2365 1992 usque

1276 1995 1295 2026 3
1345 1991 1541 2036 appellatio
1565 1992 1730 2037 pendeat.
1778 1992 1876 2028 Idem
1899 1993 2176 2038 rescripserunt,
2206 1993 2363 2038 quamvis

1275 2037 1447 2072 usitatum
1470 2048 1543 2073 non
1567 2038 1614 2073 sit
1637 2041 1720 2083 post
1743 2038 2019 2084 appellationem
2042 2038 2181 2074 fruetus
2206 2037 2364 2083 agri,vde

1276 2093 1345 2128 quo
1369 2082 1581 2127 disceptatio
1602 2083 1659 2127 sit,
1685 2082 1826 2128 deponi,
1850 2087 1982 2126 tamen,
2004 2094 2085 2119 cum
2102 2083 2265 2129 populi¹¹
2291 2086 2363 2118 116-

1274 2128 1446 2163 herentur
1478 2128 1524 2164 ab
1556 2128 1777 2173 adversario,
1811 2139 1964 2174 aequum
1995 2129 2064 2165 sibi
2092 2128 2202 2165 videri
2224 2128 2363 2164 fructus

1274 2173 1371 2219 apud
1397 2177 1598 2218 sequestres
1623 2173 1764 2220 deponi.

1321 2216 1374 2256 22
1408 2218 1656 2255 Papmmws
1690 2219 1780 2255 libro
1811 2219 1970 2255 secundo
1999 2229 2254 2265 responsorum
2306 2219 2363 2254 Ad

1273 2264 1473 2309 principem
1502 2264 1652 2300 remissa
1682 2264 1837 2310 cognitio
1866 2265 1912 2301 ab
1943 2275 1985 2301 eo
2010 2264 2227 2300 circumduci
2241 2265 2268 2286 ¹2
2297 2275 2363 2310 po-

1273 2313 1355 2352 test,
1382 2309 1443 2355 qui
1466 2309 1614 2345 remisit.

1321 2352 1373 2392 23
1406 2354 1514 2390 IDEM
1547 2355 1639 2391 libro
1679 2366 1775 2391 nono
1814 2354 1950 2391 decimo
1987 2365 2243 2402 responsorum
2304 2354 2362 2390 Ex

1275 2410 1452 2436 consensu
1475 2400 1691 2445 litigantium
1721 2400 1812 2436 citra
1826 2402 1852 2422 ¹³
1883 2400 2175 2445 compromissum
2207 2410 2229 2435 a
2256 2410 2360 2445 prae-

1274 2445 1349 2481 side
1380 2445 1587 2491 provinciae
1617 2446 1734 2482 iudice
1766 2445 1850 2482 dato
1874 2446 1989 2481 victus
2013 2449 2132 2491 potest
2154 2455 2359 2490 provocare.

1278 2494 1289 2525 1
1344 2490 1433 2527 Cum
1456 2494 1673 2536 procurator
1697 2491 1877 2534 Caesaris,
1911 2491 1971 2536 qui
2000 2490 2162 2535 partibus
2187 2489 2360 2535 praesidis

1273 2547 1345 2571 non
1367 2535 1586 2580 fungebatur
1600 2537 1640 2581 ¹⁴,
1671 2537 1707 2571 in
1730 2536 1793 2572 lite
1816 2537 2037 2581 privatorum
2060 2536 2115 2571 ius
2140 2535 2247 2570 dandi
2269 2534 2359 2570 iudi-

1273 2581 1324 2617 cis
1348 2592 1422 2617 non
1444 2581 1642 2624 habuisset,
1666 2581 1802 2618 frustra
1824 2585 2056 2627 provocatum
2080 2581 2125 2615 ab
2152 2591 2195 2616 ea
2218 2584 2359 2616 senten-

1273 2630 1292 2662 2
1340 2626 1391 2662 tia
1416 2627 1595 2670 constitit,
1629 2637 1720 2672 quae
1743 2638 1816 2662 non
1840 2627 1986 2662 tenebat
2044 2626 2174 2660 Filium
2197 2625 2359 2667 familias,

1274 2682 1355 2708 cum
1381 2672 1552 2708 adversus
1574 2676 1714 2717 patrem
1738 2673 1813 2708 eius
1838 2672 1881 2707 de
1904 2671 2019 2713 bonis,
2045 2681 2136 2716 quae
2158 2681 2222 2716 per
2243 2670 2360 2723 ipsum

1271 2721 1442 2763 poterant
1465 2717 1624 2763 adquiri,
1656 2718 1926 2771 pronuntiatum
1953 2720 2064 2758 esset,
2098 2715 2267 2761 respondi
2289 2726 2360 2766 non

1273 2766 1292 2799 3
1340 2762 1410 2799 nisi
1432 2764 1546 2809 patris
1570 2773 1713 2799 nomine
1736 2762 1897 2808 potuisse
1920 2772 2125 2807 provocare.
2169 2761 2274 2802 Eum,
2300 2771 2360 2805 qui

1272 2808 1436 2853 cognovit
1470 2808 1623 2844 edictum
1657 2808 1954 2861 peremptorium,
1992 2806 2188 2843 secundum
2226 2805 2359 2858 ordinis

1272 2863 1420 2889 causam
1451 2853 1526 2889 dati
1555 2854 1692 2899 placuit
1723 2864 1795 2888 non
1824 2856 1921 2888 recte
1944 2861 2176 2898 provocasse,
2211 2861 2290 2886 cum
2322 2860 2359 2901 in

1271 2899 1347 2934 eius
1397 2902 1550 2935 otestate
1573 2899 1680 2934 fuerit
1704 2902 1786 2934 ante
1810 2898 1902 2933 diem
1925 2897 2175 2943 praestitutum
2207 2906 2272 2940 pro
2296 2899 2358 2947 tri-

1270 2910 1395 2980 bunaii
1423 2943 1697 2989 respondentem
1728 2946 1790 2979 aut
1819 2942 2004 2979 defensum
2033 2941 2141 2977 edicti
2170 2940 2357 2976 denuntia-

1270 2989 1404 3025 tionem
1427 2999 1604 3034 rumpere.
1738 3013 1740 3015 -

1316 3031 1372 3071 24
1386 3036 1413 3056 ¹⁵
1437 3033 1641 3070 Scaevoia
1675 3033 1765 3069 libro
1791 3033 1917 3079 quinto
1941 3041 2193 3079 responsorum
2240 3028 2356 3072 Nego-

1270 3078 1401 3115 tiorum
1423 3083 1544 3123 gestor
1559 3080 1586 3100 ¹⁸
1613 3079 1669 3114 vel
1691 3082 1792 3114 tutor
1813 3078 1869 3114 vel
1893 3081 2039 3113 curator
2060 3076 2155 3111 bona
2177 3074 2247 3108 fide
2272 3083 2355 3108 con-

1271 3124 1427 3160 demnati
1457 3124 1728 3169 appellaverunt
1757 3127 1793 3158 et
1817 3123 1877 3158 diu
1900 3122 2079 3167 negotium
2103 3122 2258 3154 tractum
2282 3121 2355 3170 est:

1270 3169 1472 3215 quaesitum
1496 3172 1553 3204 est
1575 3168 1816 3214 appellatione
1840 3178 1961 3203 eorum
1979 3166 2110 3201 iniusta
2125 3166 2356 3215 pronuntiata

1270 3225 1334 3258 an,
1374 3214 1458 3267 quia
1488 3213 1627 3250 tardius
1655 3213 1853 3249 iudicatum
1885 3213 1947 3255 sit,
1989 3220 2118 3246 usurae
2148 3207 2355 3259 principalis

1269 3269 1445 3305 pecuniae
1457 3259 1484 3280 ¹⁷
1507 3258 1615 3294 medii
1637 3259 1807 3303 temporis
1833 3258 2040 3292 debeantur.
2088 3252 2273 3306 respondit
2299 3261 2352 3303 66-

1271 3304 1428 3340 cundum
1452 3314 1496 3340 ea
1515 3313 1606 3348 quae
1625 3306 1912 3349 proponerentur
1932 3300 2085 3336 dandam
2103 3298 2224 3350 utilem
2243 3300 2353 3331 actio-

1273 3353 1288 3384 1
1339 3359 1431 3384 116111.
1486 3349 1642 3384 Curator
1674 3348 1811 3383 iuvenis
1849 3346 2016 3382 adversus
2047 3346 2175 3378 tutoris
2206 3340 2355 3392 heredes

1269 3394 1402 3430 iudicio
1427 3398 1595 3439 expertus
1620 3393 1894 3438 appellationem
1916 3388 2148 3434 interposuit:
2180 3396 2261 3422 cum
2289 3396 2353 3437 ini-

1269 3439 1404 3485 plesset
1442 3442 1563 3475 autem
1600 3438 1830 3475 vicensimum
1865 3435 2026 3481 quintum
2063 3442 2196 3468 annum
2226 3432 2354 3466 aetatis

1668 3553 1725 3592 (15)
1748 3563 1800 3593 pr.
1814 3565 1858 3578 =
1870 3549 1915 3581 D.
1930 3550 1983 3587 442,
1997 3564 2021 3588 1,
2036 3554 2070 3580 04
2162 3547 2221 3586 (16)
2245 3548 2353 3587 gesto·

1271 3608 1346 3631 rum
1367 3598 1420 3632 ΙΝ
1511 3599 1568 3639 (17)
1594 3594 1750 3631 Scaevola
1767 3593 1855 3627 libro
1875 3592 1975 3626 XXV
1995 3592 2207 3642 digestorum.
2243 3589 2352 3640 Nego—

1270 3643 1395 3676 tiorum
1412 3645 1581 3685 gestorum
1599 3641 1836 3674 condemnatus
1855 3636 2036 3680 appellavit
2055 3638 2092 3669 et
2106 3635 2164 3668 diu
2182 3636 2353 3676 negotium

1271 3690 1414 3721 tractum
1433 3690 1497 3721 est:
1530 3687 1716 3730 quaesitum
1736 3687 1784 3716 est
1804 3682 2026 3726 appellatione
2044 3681 2115 3714 eius
2131 3680 2258 3712 iniusta
2275 3689 2352 3730 pro-

1270 3733 1435 3775 nuntiata,
1454 3743 1509 3775 an,
1530 3743 1596 3774 quo
1608 3730 1736 3763 tardius
1747 3728 1932 3762 iudicatum
1944 3727 1999 3769 sit,
2013 3736 2133 3759 usurae
2143 3724 2303 3768 pecuniae
2315 3734 2351 3756 in

597 3778 655 3818 (13)
679 3777 727 3809 sic
751 3777 792 3810 R.
820 3777 1024 3822 Stephanus,
1060 3779 1148 3812 circa
1171 3778 1206 3811 F
1269 3778 1524 3812 condemnatum
1537 3777 1696 3810 deductae
1708 3775 1755 3808 D.
1769 3774 1789 3809 l.
1800 3785 1881 3819 qem-
