2528 3918
31 3751 35 3759 Ἴ
80 3712 175 3744 niani

78 110 231 141 GES'rls

487 192 497 209 k

76 219 228 261 venerit,
262 219 430 271 quoniam
455 210 686 254 conveniendi
711 228 771 253 eos
795 217 927 253 iudicio
954 218 1165 253 facultatem

76 275 147 300 non
171 264 318 307 habmt,
351 264 413 309 qui
444 263 577 298 nullam
610 263 787 298 actionem
819 262 1004 298 intendere
1027 264 1165 308 potuit:

75 313 195 345 tamen
219 319 241 343 a
262 313 372 344 semet
390 309 402 343 i
430 318 469 343 so
490 319 556 343 cur
574 318 646 342 non
668 308 832 353 exegerit,
860 308 891 342 ei
910 308 1165 353 imputabitur:

76 359 112 390 et
135 354 166 389 si
188 353 282 389 forte
304 364 377 389 non
413 352 505 388 uerit
524 352 727 388 usurarium
748 352 917 395 debitum,
942 353 1068 399 incipit
1089 363 1168 388 esse

74 398 296 441 usurarium,
328 401 370 433 ut
393 398 492 433 divus
516 397 603 432 Pius
627 397 751 433 Flavio
776 397 938 443 Longino
964 398 1165 444 rescripsit:

74 444 143 480 nisi
167 444 272 486 forte,
296 443 420 488 inquit,
445 453 573 478 usuras
599 443 631 477 ei
653 443 858 478 remiserat:

120 487 144 526 6
171 487 223 532 (7)
247 489 408 524 Paetus
435 488 525 524 libro
552 497 649 522 nono
685 488 735 523 ad
769 488 923 524 edictum
972 488 1056 533 quia
1086 491 1166 523 tan-

73 534 218 569 tundem
248 534 286 569 in
318 533 436 568 bonae
459 532 542 568 fidei
565 533 704 568 iudiciis
728 532 887 568 officium
910 533 1037 568 iudicis
1061 533 1166 575 valet,

73 582 246 624 quantum
268 579 306 614 in
330 578 559 623 stipulatione
583 578 792 613 nominatim
817 578 891 613 eius
915 579 968 614 rei
990 578 1090 614 facta
1112 579 1166 613 in-

73 625 277 669 terrogatio.

121 668 143 706 7
171 667 223 712 (8)
256 668 451 704 ULPIANUS
479 668 570 703 libro
595 668 731 703 decimo
757 668 808 703 ad
829 668 984 704 edictum
1032 668 1070 703 Si
1102 678 1165 703 au-

73 719 144 750 tem
167 715 198 750 is
217 713 287 749 fuit
306 714 367 759 qui
385 713 526 758 negotia
546 713 806 748 administravit
826 717 848 748 a
867 724 937 758 quo
958 713 1167 748 mandatum

71 771 144 796 non
165 760 382 805 exigebatur,
406 768 513 804 posse
537 758 569 793 ei
591 758 771 803 imputari,
797 769 862 794 cur
882 758 1002 794 oblata
1024 759 1068 794 de
1086 762 1165 794 rato

72 805 238 840 cautione
263 814 343 840 eum
366 815 439 839 non
464 803 646 839 convenit:
680 803 711 838 si
742 803 847 838 modo
871 803 979 839 facile
1003 804 1035 839 ei
1058 804 1167 839 fuerit

72 850 257 886 satisdare.
295 852 391 885 certe
414 849 451 884 in
475 859 541 884 sua
565 858 720 894 persona
749 848 991 884 indubitatum
1025 853 1096 884 est:
1131 852 1166 884 et

5 907 9 926 2
71 896 150 931 ideo
176 895 206 930 si
231 905 275 930 ex
300 904 411 930 causa
432 893 502 929 fuit
524 893 721 939 obligatus,
754 904 848 939 quae
882 898 979 929 certo
1004 898 1166 940 tempore

71 940 272 983 finiebatur,
298 943 334 975 et
356 943 516 984 tempore
538 939 710 974 liberatus
734 942 800 981 est,
826 939 935 974 nihilo
960 939 1078 975 minus
1102 950 1164 974 ne-

94 986 246 1021 otiorum
269 988 449 1030 gestorum
473 984 614 1020 actione
647 983 714 1019 erit
745 984 934 1029 obligatus.
970 984 1064 1020 idem
1099 985 1166 1020 erit

70 997 262 1066 dicendum
287 1034 323 1065 et
344 1030 382 1064 in
407 1040 450 1065 ea
474 1039 604 1072 causa,
638 1039 683 1065 ex
706 1039 777 1074 qua
800 1029 904 1065 heres
928 1040 1001 1065 non
1025 1034 1163 1065 tenere-

73 1079 88 1110 1
138 1079 198 1111 tur
211 1077 233 1118 ¹,
258 1079 300 1110 ut
321 1075 515 1110 Marcellus
540 1074 674 1110 scribit.
723 1075 812 1109 Item
837 1075 867 1110 si
890 1074 1043 1110 fundum
1062 1078 1164 1110 tuum

71 1121 126 1156 vel
158 1120 311 1156 civitatis
341 1130 406 1166 per
429 1120 674 1165 obreptionem
697 1120 834 1165 petiero
859 1120 1040 1165 negotium
1063 1124 1165 1155 tuum

71 1166 125 1201 vel
151 1166 304 1201 civitatis
327 1175 453 1210 gerens
478 1168 514 1200 et
537 1175 593 1200 am
620 1164 726 1200 liores
751 1175 858 1210 quam
882 1166 1042 1210 oportuit
1065 1165 1163 1200 fruc-

54 1214 133 1253 ‚tus
157 1210 259 1247 fuero
285 1214 520 1253 consecutus,
553 1210 597 1245 de
625 1210 689 1245 ebo
714 1211 785 1245 hoc
808 1211 925 1255 ipsum
948 1210 1012 1245 tibi
1035 1210 1091 1245 vel
1114 1210 1165 1245 rei

71 1259 90 1291 2
138 1256 304 1301 publicae
322 1259 516 1301 praestare,
541 1255 625 1290 licet
648 1258 770 1300 petere
794 1266 866 1291 non
890 1256 1078 1300 potuerim.
1127 1255 1165 1290 Si

71 1311 295 1346 quocumque
329 1300 433 1336 modo
472 1300 563 1335 ratio
601 1300 900 1345 compensationis
935 1301 1061 1335 habita
1092 1311 1165 1336 non

71 1350 126 1382 est
150 1357 172 1382 a
203 1346 337 1389 iudice,
368 1349 489 1398 potest
521 1346 699 1381 contrario
730 1345 862 1381 iudicio
894 1346 970 1391 agi:
1008 1346 1104 1390 quod
1135 1346 1165 1382 si

72 1395 154 1437 post
186 1391 483 1427 examinationem
512 1391 728 1435 reprobatae
758 1390 893 1426 fuerint
924 1391 1164 1436 pensationes‚

71 1437 187 1472 verius
212 1440 266 1472 est
289 1436 391 1482 quasi
414 1446 453 1471 re
476 1436 634 1471 iudicata
658 1436 810 1481 amplius
831 1436 887 1481 agi
908 1436 1088 1471 contrario
1109 1436 1164 1471 iu-

71 1482 165 1517 dicio
198 1492 271 1517 non
302 1492 429 1527 posse,
463 1481 547 1526 quia
578 1482 740 1526 exceptio
772 1481 824 1516 rei
847 1481 1027 1517 iudicatae
1051 1492 1164 1534 oppo-

72 1529 92 1562 3
139 1526 258 1562 nenda
291 1531 356 1562 est.
403 1526 588 1562 Iulianus²
610 1526 702 1562 libro
734 1527 840 1562 tertio
873 1529 1026 1569 tractat,
1061 1537 1091 1561 sl
1122 1536 1166 1561 ex

71 1572 211 1607 duobus
236 1572 341 1608 sociis
366 1572 455 1607 alter
474 1581 530 1607 me
549 1571 771 1617 prohibuerit
791 1571 1051 1614 administrare,
1077 1571 1166 1607 alter

71 1628 162 1652 non:
201 1627 248 1652 an
279 1617 449 1652 adversus
485 1627 566 1652 eum
598 1617 659 1662 qui
690 1628 763 1653 non
794 1617 980 1662 prohibuit
1012 1617 1164 1652 habeam

70 1662 291 1707 negotiorum
310 1666 491 1708 gestorum
512 1662 716 1697 actionem?
746 1665 908 1697 movetur
928 1672 982 1704 eo,
1007 1662 1113 1707 quod,
1136 1662 1165 1697 si

70 1707 154 1743 data
177 1707 286 1743 fuerit
308 1707 477 1743 adversus
502 1717 583 1742 eum
607 1708 721 1750 actio,
755 1717 901 1743 necesse
934 1707 1001 1742 erit
1026 1711 1061 1742 et
1084 1717 1165 1742 eum

69 1752 222 1798 pertingi
254 1753 315 1798 qui
346 1752 475 1788 vetuit:
509 1752 572 1787 sed
603 1756 639 1787 et
670 1752 758 1787 illud
790 1763 868 1788 esse
899 1752 1059 1797 iniquum
1084 1762 1165 1788 eum

72 1797 130 1843 qui
154 1808 228 1833 non
250 1797 434 1843 prohibuit
457 1798 572 1832 alieno
605 1797 703 1833 facto
735 1797 897 1839 liberari,
931 1808 1012 1832 cum
1044 1798 1103 1833 et³
1135 1798 1166 1832 si

69 1846 229 1878 mutuam
252 1842 442 1888 pecuniam
473 1842 577 1878 alteri
608 1853 652 1878 ex
684 1843 790 1878 sociis
822 1842 1035 1887 prohibente
1066 1843 1163 1878 socio

70 1887 264 1931 dedissem,
288 1888 412 1933 utique
436 1898 516 1922 eum
540 1887 743 1932 obligarem.
780 1891 816 1923 et
848 1891 936 1933 puto
970 1888 1165 1923 secundum

70 1932 246 1968 Iulianum
271 1933 401 1968 debere
425 1933 495 1968 dici
519 1943 705 1978 superesse
730 1937 856 1968 contra
889 1943 969 1968 eum
1001 1933 1062 1978 qui
1094 1943 1165 1968 non

70 1978 254 2024 prohibuit
276 1978 498 2023 negot-lorum
521 1982 703 2023 gestorum
737 1978 932 2020 actionem,
963 1978 1015 2013 ita
1045 1982 1165 2013 tamen

71 2028 112 2059 ut
134 2023 166 2059 is
190 2023 251 2069 qui
274 2023 457 2069 prohibuit
480 2033 524 2058 ex
546 2023 645 2058 nulla
668 2027 771 2068 parte
802 2033 917 2068 neque
941 2033 1005 2068 per
1028 2023 1165 2058 socium

70 2079 116 2105 ne
143 2079 190 2104 ue
213 2079 277 2114 per
300 2069 418 2113 ipsum
442 2068 577 2113 aliquid
601 2068 722 2103 damni
746 2068 888 2103 sentiat.

117 2079 142 2151 ἒ
169 2111 220 2156 (9)
247 2113 453 2149 δσΑΕνοιΑ
486 2114 576 2149 libro
604 2114 729 2160 primo
761 2114 1012 2159 quaestionum
1058 2114 1164 2149 Pom·

73 2159 203 2204 ponius
237 2158 380 2201 scribit,
414 2158 445 2194 si
476 2158 656 2204 negotium
681 2168 703 2193 a
725 2163 762 2194 te
786 2159 946 2203 quamvis
970 2159 1063 2194 male
1085 2169 1164 2204 ges-

70 2209 146 2241 tum
170 2204 379 2251 probavero,
403 2204 625 2249 negotiorum
648 2205 793 2239 tamen⁴
816 2207 997 2248 gestorum
1020 2207 1057 2239 te
1079 2204 1166 2239 mihi

72 2263 145 2287 non
168 2251 291 2286 teneri.
328 2250 518 2286 videndum
542 2260 624 2294 ergo
649 2259 694 2284 ne
716 2249 754 2284 in
779 2249 886 2284 dubio
911 2249 999 2291 hoc,
1033 2260 1080 2284 an
1102 2259 1160 2284 ra-

70 2301 147 2332 tum
176 2296 347 2338 habeam,
384 2295 478 2330 actio
515 2294 738 2339 negotiorum
771 2298 954 2346 gestorum
989 2294 1164 2339 pendeat:

4 2382 5 2385 Ἰ
71 2352 154 2377 nam
177 2340 374 2386 quomodo,
410 2351 491 2375 cum
514 2340 622 2375 semel
646 2342 822 2384 coepent,
854 2339 952 2374 nuda
983 2340 1166 2375 voluntate

70 2387 241 2423 tolletur?
276 2386 340 2421 sed
363 2385 528 2431 superius
551 2385 604 2420 ita
626 2395 748 2420 verum
772 2395 810 2420 se
833 2388 980 2429 putare,
1006 2385 1037 2419 si
1061 2384 1164 2420 dolus

71 2432 186 2468 malus
211 2441 233 2466 a
256 2434 293 2466 te
317 2431 421 2466 absit.
470 2430 660 2465 Scaevola:
692 2430 798 2465 immo
830 2433 918 2474 puto
953 2433 988 2465 et
1011 2430 1042 2465 si
1067 2440 1163 2465 com-

10 2511 17 2530 n
71 2477 237 2523 probem,
269 2476 386 2511 adhuc
418 2475 640 2520 negotiorum
670 2479 851 2519 gestorum
875 2475 1051 2510 actionem
1075 2485 1162 2517 esse,

71 2522 135 2558 sed
158 2532 199 2557 eo
225 2521 382 2557 dictum⁵
405 2524 442 2556 te
465 2520 551 2555 mihi
574 2530 647 2555 non
670 2520 802 2563 teneri,
827 2520 923 2565 quod
946 2520 1165 2565 reprobare⁶

12 2568 18 2594 ἕ
71 2578 145 2603 11011
167 2566 302 2612 possim
326 2566 434 2601 semel
456 2566 666 2610 probatum:
693 2568 729 2600 et
749 2564 1047 2610 quemadmodum
1068 2565 1163 2610 quod

8 2606 18 2638 ’ῗ
71 2612 205 2648 utiliter
226 2615 366 2657 gestum
389 2613 443 2646 est
465 2620 611 2646 necesse
636 2613 690 2645 est
710 2609 806 2655 apud
824 2610 978 2645 iudicem
998 2620 1063 2655 pro
1082 2614 1163 2645 rato

13 2654 18 2668 '¹
71 2657 216 2699 haberi,
248 2657 301 2691 ita
333 2666 437 2691 omne
461 2655 556 2701 quod
580 2655 625 2690 ab
648 2655 727 2700 ipso
752 2655 943 2700 probatum
967 2659 1031 2690 est.
1069 2660 1162 2691 cete-

15 2699 20 2745 ἷ
71 2713 151 2738 rum
175 2702 292 2754 si·ubi
340 2701 483 2744 robavi,
507 2711 580 2735 non
605 2704 660 2735 est
683 2700 906 2745 negotiorum
929 2701 1043 2735 actio:
1079 2700 1164 2752 quid

72 2747 371 2872 {gzinafcllmzdum
405 2790 600 2836 recipiam?
643 2791 728 2825 item
763 2789 794 2825 si
827 2789 1051 2825 vendiderit?
1086 2790 1164 2834 ipse

337 2746 496 2782 ebitore⁷
530 2756 607 2780 meo
640 2744 820 2790 exegerit⁸
844 2749 880 2779 et
910 2745 1134 2789 probaverim
1147 2746 1163 2779 ‘?

98 2838 223 2882 enique
257 2837 287 2872 si
318 2836 403 2882 quid
435 2836 627 2880 impendit,
661 2834 960 2880 quemadmodum
990 2835 1163 2879 recipiet?

18 2873 21 2879 ⁴
74 2893 156 2917 nam
179 2882 302 2927 utique
332 2880 540 2916 mandatum
572 2891 645 2916 non
679 2883 743 2916 est.
782 2880 848 2915 erit
877 2880 985 2924 igitur
1015 2883 1051 2914 et
1081 2883 1164 2925 post

73 2927 361 2962 ratihabitionem
385 2926 606 2970 negotiorum
628 2929 808 2971 gestorum
833 2926 938 2960 actio.

120 2970 145 3010 9
172 2971 251 3015 (10)
284 2971 478 3007 ULpJANUs
509 2971 600 3006 libro
636 2971 772 3006 decimo
809 2971 858 3005 ad
893 2970 1046 3006 edictum
1093 2969 1164 3004 Sed

20 3033 21 3038 ¹
75 3026 121 3096 a?
143 3017 238 3096 1111ἑ10
269 3016 356 3051 1111111
384 3016 553 3051 tribuitur
584 3016 678 3051 actio
709 3019 915 3060 sumptuum
947 3025 1037 3060 quos
1068 3014 1163 3050 feci?

18 3093 23 3102 ,
78 3071 96 3096 e
135 3074 185 3107 pu
203 3072 223 3097 0
249 3072 290 3097 00

355 3065 467 3104 01010,
502 3060 571 3095 nisi
595 3061 798 3106 specialiter
821 3060 857 3095 id
882 3063 1002 3095 actum
1027 3064 1099 3102 est,
1123 3063 1164 3094 ut

78 3110 93 3141 1
143 3110 268 3142 neuter
292 3116 313 3141 a
339 3116 462 3141 versus
486 3106 638 3140 alterum
661 3106 795 3140 habeat
818 3105 1004 3140 actionem.
1041 3105 1076 3140 Is
1098 3115 1162 3139 au-

75 3155 147 3186 tem
170 3152 230 3197 qui
249 3151 470 3197 negotiorum
488 3154 669 3196 gestorum
689 3151 761 3195 agit
780 3161 853 3185 non
872 3151 987 3186 solum
1007 3150 1038 3185 si
1059 3150 1162 3185 effec-

76 3199 151 3231 tum
173 3197 300 3231 habuit
322 3196 501 3241 negotium
522 3195 618 3240 quod
636 3196 755 3240 gessit,
781 3195 923 3231 actione
941 3196 1011 3230 ista
1030 3198 1163 3237 utetur,

76 3241 137 3277 sed
162 3241 307 3284 sufficit,
331 3241 362 3276 si
380 3241 513 3276 utiliter
531 3241 650 3286 gessit,
676 3241 743 3275 etsi
762 3240 925 3275 effectum
945 3251 1018 3275 non
1037 3240 1165 3275 habuit

76 3286 266 3330 negotium.
305 3289 340 3321 et
352 3286 431 3321 ideo
445 3286 475 3321 si
495 3286 648 3321 insulam
666 3285 767 3321 fulsit
786 3286 842 3320 vel
861 3295 1001 3320 servum
1021 3296 1164 3330 aegrum

77 3329 232 3373 curavit,
267 3331 404 3366 etiamsi
434 3331 551 3366 insula
582 3334 709 3365 exusta
740 3334 793 3365 est
824 3331 880 3365 vel
910 3340 1032 3366 servus
1065 3330 1164 3372 obiit,

77 3378 162 3422 aget
180 3376 399 3420 negotiorum
430 3379 628 3421 gestorum:
660 3375 767 3420 idque
798 3379 834 3410 et
866 3375 988 3411 Labeo
1021 3376 1162 3420 probat.

81 3492 117 3530 11)
142 3493 277 3522 101101111·
289 3490 326 3523 F
333 3489 343 3508 ¹
493 3490 536 3530 (2)
562 3490 637 3522 hinc
651 3489 749 3532 leyem
763 3489 922 3531 incipiunt
932 3489 991 3522 FS
1005 3495 1117 3521 contra
1130 3488 1166 3520 B

78 3536 120 3575 (3)
146 3538 180 3566 et
193 3535 222 3568 S
234 3547 303 3568 cum
316 3533 363 3573 Β,
378 3544 436 3566 om.
449 3533 485 3566 F
547 3534 590 3575 (4)
610 3534 794 3576 probavero
808 3536 939 3566 tamen:
952 3533 1164 3576 negotiorum

78 3578 229 3622 Krueqer
297 3580 339 3621 (5)
365 3577 495 3610 dictum
506 3578 544 3617 F,
558 3578 649 3611 dicto
662 3578 700 3619 S,
715 3578 889 3611 dumtaxat
899 3591 963 3611 scr.
1045 3579 1088 3619 (6)
1113 3587 1164 3609 re-

79 3622 217 3664 probari
228 3624 263 3656 F
326 3624 368 3665 (7)
398 3621 533 3654 deutoro
544 3623 577 3655 F
664 3623 708 3665 (8)
735 3623 903 3665 exegerim
914 3623 949 3655 F
952 3621 966 3643 ³
1037 3624 1081 3664 (9)
1107 3632 1163 3654 ne·

79 3667 301 3708 gotiabsentis
314 3667 348 3699 F
487 3668 547 3708 (10)
571 3667 668 3699 cuius
679 3667 817 3700 fuerunt
829 3667 966 3709 negotia
976 3668 1052 3700 add.
1066 3667 1165 3700 Iusti-

265 3712 321 3752 (11)
348 3713 389 3744 ab
402 3711 553 3744 iulianus
567 3712 586 3744 l.
601 3713 662 3745 inc.
678 3713 712 3744 F
798 3713 855 3751 (12)
880 3711 1013 3743 milium
1027 3713 1086 3744 ins.
1101 3711 1162 3750 F¹‚

1177 93 1234 141 45

2215 99 2334 141 1115

1238 218 1301 253 sed
1325 222 1365 253 ut
1390 218 1514 254 Celsus
1538 218 1666 261 refert,
1699 219 1876 255 Proculus
1909 218 2007 264 apud
2031 230 2112 255 eum
2136 223 2239 255 notat
2262 232 2334 256 non

1238 273 1376 308 semper
1389 263 1518 298 debere
1539 263 1627 298 dari.
1662 264 1747 308 quid
1771 265 1864 299 enim
1888 265 1918 300 si
1943 275 2021 299 eam
2044 264 2199 300 insulam
2222 265 2335 307 fulsit,

1238 318 1343 353 quam
1368 308 1531 344 dominus
1555 308 1659 353 quasi
1681 309 1797 353 impar
1829 310 1987 355 sumptui
2021 309 2248 362 dereliquerit
2279 321 2321 346 ve

1238 364 1345 432 guam
1370 354 1438 389 sibi
1461 353 1702 389 necessariam
1725 364 1798 388 non
1819 355 1985 406 putavit?
2010 359 2182 398 oneravit,
2207 356 2333 400 inquit,

1265 398 1422 433 ominum
1446 398 1644 434 secundum
1666 398 1847 434 Labeonis
1880 400 2110 443 sententiam,
2144 411 2225 436 cum
2255 401 2332 436 uni-

1238 443 1366 488 cuique
1398 443 1505 479 liceat
1537 447 1573 479 et
1605 443 1727 479 damni
1758 443 1882 479 infecti
1914 446 2056 480 nomine
2079 456 2155 481 rem
2179 446 2332 481 derelin-

1237 499 1356 534 quere.
1382 489 1445 524 sed
1464 489 1570 524 istam
1594 489 1807 524 sententiam
1821 489 1945 525 Celsus
1975 491 2154 536 eleganter
2179 491 2331 527 deridet:

1236 534 1266 568 is
1292 534 1385 568 enim
1409 534 1632 579 negotiorum
1654 537 1847 579 gestorum,
1872 535 1998 579 inquit,
2022 537 2133 571 habet
2145 537 2330 580 actionem,

1237 579 1297 624 qui
1321 579 1456 614 utiliter
1479 579 1623 624 negotia
1644 579 1773 625 gessit:
1799 590 1872 615 non
1896 584 2015 615 autem
2036 581 2171 616 utiliter
2192 583 2335 626 negotia

1235 623 1344 668 gerit,
1380 625 1441 669 qui
1476 634 1552 660 rem
1584 635 1657 660 non
1680 625 1921 660 necessariam
1944 626 2000 660 vel
2024 636 2115 670 quae
2141 631 2335 662 oneratura

1237 672 1292 704 est
1311 673 1467 749 dpatrem
1501 669 1656 705 familias
1693 670 1909 715 adgreditur.
1956 670 2058 705 iuxta
2092 672 2160 706 1100
2197 676 2252 707 est
2287 677 2333 713 et,

1237 724 1306 760 quo
1354 714 1515 750 Iulianus
1539 715 1675 757 scribit,
1701 725 1782 750 eum
1806 715 1867 760 qui
1890 715 2043 750 insulam
2063 715 2164 751 fulsit
2184 717 2238 752 vel
2259 727 2333 752 ser-

1235 770 1320 795 vum
1344 763 1528 804 aegrotum
1553 760 1707 803 curavit,
1740 760 1874 795 habere
1905 761 2129 806 negotiorum
2152 766 2334 806 gestorum

1236 804 1433 848 actionem,
1464 805 1495 840 si
1518 805 1653 840 utiliter
1675 806 1746 841 hoc
1777 805 1933 848 faceret,
1966 806 2050 841 licet
2082 811 2228 842 eventus
2262 819 2334 843 non

1236 850 1282 885 sit
1304 850 1460 885 Secutus.
1496 861 1560 895 ego
1617 861 1745 886 uaero:
1780 850 1865 895 quid
1897 851 1927 886 si
1957 851 2098 896 putavit
2129 862 2167 886 se
2199 852 2335 887 utiliter

1234 894 1366 937 facere,
1393 895 1456 930 sed
1479 895 1575 940 patri
1614 896 1750 931 amilias
1774 907 1847 931 non
1872 896 2109 941 expediebat?
2134 897 2212 932 dico
2237 898 2333 933 hunc

1235 950 1308 975 non
1342 940 1550 975 habiturum
1585 941 1809 986 negotiorum
1841 945 2024 986 gestorum
2059 942 2254 977 actionem:
2292 947 2333 977 ut

1237 985 1330 1020 enim
1366 989 1530 1021 eventum
1566 997 1640 1022 non
1675 990 1901 1031 spectamus,
1946 987 2052 1022 debet
2086 987 2221 1023 utiliter
2256 998 2334 1023 esse

1235 1041 1300 1066 coe
1327 1034 1415 1065 tum.

1284 1041 1334 1113 113)
1362 1075 1396 1115 (1
1406 1074 1442 1119 1)
1468 1075 1700 1111 POMPONIUS
1717 1076 1809 1112 libro
1822 1077 2016 1112 vicensimo
2022 1078 2147 1123 primo
2161 1077 2212 1113 ad
2223 1076 2333 1120 Qum-

1237 1125 1312 1156 tum
1336 1119 1500 1157 Mucium
1547 1120 1586 1156 Si
1610 1121 1752 1166 negotia
1776 1121 1962 1157 absentis⁹
1986 1125 2021 1157 et
2051 1122 2249 1167 ignorantis
2273 1133 2332 1167 ge-

1234 1177 1315 1208 ras,
1349 1170 1384 1201 et
1417 1167 1560 1212 culpam
1585 1169 1620 1201 et
1643 1167 1764 1202 dolum
1788 1170 1973 1212 praestare
1998 1167 2118 1202 debes.
2156 1167 2220 1203 sed
2244 1167 2332 1203 Pro-

1236 1212 1339 1247 culus
1363 1212 1543 1247 interdum
1567 1211 1674 1247 etiam
1699 1222 1824 1247 casum
1847 1215 2034 1257 praestare
2059 1212 2199 1255 debere,
2224 1213 2332 1248 veluti

1234 1257 1265 1292 si
1288 1267 1420 1292 novum
1443 1256 1642 1301 negotium,
1676 1257 1772 1302 quod
1803 1268 1877 1292 non
1901 1257 1948 1292 sit
1972 1257 2098 1293 solitus
2123 1258 2253 1293 absens
2277 1258 2331 1292 fa-

1236 1312 1334 1344 cere,
1371 1306 1411 1337 tu
1434 1302 1577 1337 nomine
1602 1302 1677 1338 eius
1701 1312 1823 1347 geras:
1856 1302 1966 1337 veluti
1997 1303 2140 1338 venales
2173 1303 2333 1338 novicios

1236 1347 1429 1382 coemendo
1461 1347 1518 1382 vel
1549 1347 1705 1392 aliquam
1738 1347 2012 1392 negotiationem
2044 1347 2213 1383 ineundo.
2251 1358 2333 1382 nam

1235 1393 1265 1427 si
1290 1392 1374 1437 quid
1399 1393 1568 1428 damnum
1592 1403 1636 1427 ex
1661 1403 1703 1428 ea
1726 1403 1765 1428 re
1790 1397 1953 1428 secutum
1976 1393 2104 1436 fuerit,
2138 1397 2174 1428 te
2207 1403 2244 1428 se
2270 1404 2332 1428 ue-

1234 1441 1312 1480 tur,
1337 1438 1478 1472 lucrum
1501 1448 1585 1473 vero
1619 1438 1820 1473 absentem:
1859 1437 1955 1483 quod
1986 1438 2017 1473 si
2048 1439 2086 1473 in
2118 1438 2248 1483 quibus
2276 1449 2333 1473 am

1234 1483 1373 1518 lucrum
1396 1482 1533 1518 factum
1556 1483 1676 1525 fuerit,
1700 1483 1737 1518 in
1762 1482 1975 1528 quibusdam
1997 1483 2176 1526 damnum,
2202 1484 2332 1519 absens

1234 1538 1387 1572 pensare
1409 1528 1550 1563 lucrum
1575 1539 1656 1563 cum
1681 1528 1809 1563 damno
1835 1528 1952 1563 debet.

1284 1571 1330 1609 11
1362 1570 1442 1616 (12)
1476 1573 1671 1609 ULPIANUS
1692 1574 1783 1609 libro
1808 1573 1945 1609 decimo
1970 1573 2020 1608 ad
2042 1573 2198 1609 edictum
2242 1573 2330 1608 Suc-

1235 1618 1369 1653 cessori
1393 1619 1480 1660 eius,
1507 1618 1608 1654 cuius
1631 1618 1780 1654 fuerunt
1802 1618 1946 1663 negotia
1959 1619 1997 1660 ¹⁰,
2023 1619 2084 1663 qui
2097 1619 2194 1664 apud
2208 1619 2331 1654 hostes

1238 1667 1251 1697 1
1303 1663 1466 1705 decessit,
1491 1663 1581 1698 haec
1605 1664 1699 1698 actio
1725 1663 1844 1698 danda
1868 1664 1943 1698 erit.
1991 1663 2062 1698 Sed
2085 1664 2115 1698 si
2139 1664 2203 1698 filii
2226 1663 2328 1698 fami-

1233 1708 1300 1743 lias
1324 1708 1445 1744 militis
1470 1708 1631 1743 defuncti
1654 1712 1868 1744 testamento
1892 1708 1990 1743 facto
2023 1709 2136 1753 gessi,
2169 1709 2331 1744 similiter

1235 1756 1255 1788 2
1304 1753 1370 1788 erit
1382 1753 1503 1788 danda
1515 1754 1621 1789 actio.
1672 1753 1773 1789 Sicut
1797 1757 1916 1788 autem
1939 1754 1975 1788 in
2001 1754 2150 1798 negotiis
2172 1754 2331 1789 vivorum

1234 1798 1342 1842 gestis
1363 1798 1498 1834 sufficit
1517 1799 1652 1833 utiliter
1671 1799 1852 1843 negotium
1872 1802 2022 1843 gestum,
2042 1799 2094 1833 ita
2116 1803 2151 1833 et
2169 1799 2206 1833 in
2227 1799 2331 1834 bonis

1234 1848 1467 1886 mortuorum,
1492 1844 1577 1879 licet
1600 1843 1761 1879 diversus
1787 1844 1903 1879 exitus
1928 1844 1975 1878 sit
1999 1847 2156 1878 secutus.

1284 1886 1335 1926 12
1362 1886 1442 1931 (13)
1467 1888 1629 1924 PAULUS
1656 1889 1746 1924 libro
1778 1900 1873 1924 nono
1906 1888 1956 1923 ad
1978 1889 2132 1924 edictum
2179 1889 2331 1925 Debitor

1235 1944 1346 1976 meus,
1371 1934 1433 1979 qui
1453 1934 1539 1968 mihi
1559 1934 1817 1979 quinquaginta
1837 1933 2002 1976 debebat,
2028 1934 2199 1969 decessit:
2224 1934 2330 1970 huius

1235 1978 1442 2014 hereditatis
1479 1979 1700 2014 curationem
1737 1979 1879 2024 suscepi
1915 1982 1950 2013 et
1984 1978 2143 2030 impendi
2187 1979 2329 2014 decem:

1236 2023 1362 2059 deinde
1384 2023 1534 2059 redacta
1558 2034 1602 2059 ex
1625 2024 1828 2060 venditione
1851 2024 1903 2059 rei
1926 2024 2163 2059 hereditariae
2188 2028 2331 2060 centum

1235 2070 1270 2103 in
1307 2079 1394 2104 arca
1428 2069 1592 2114 reposui:
1638 2069 1728 2104 haec
1764 2069 1841 2104 sine
1877 2069 1984 2114 culpa
2019 2080 2099 2104 mea
2133 2070 2328 2114 perierunt.

1235 2114 1436 2159 quaesitum
1460 2118 1524 2156 est,
1551 2125 1598 2149 an
1622 2115 1668 2149 ab
1693 2114 1842 2156 herede,
1868 2114 1928 2159 qui
1953 2114 2169 2159 quandoque
2193 2115 2329 2150 extitis-

1235 2163 1300 2201 set,
1325 2159 1380 2194 vel
1406 2159 1578 2194 creditam
1601 2159 1791 2204 pecuniam
1839 2159 1901 2194 uin
1927 2159 2075 2204 uaginta
2098 2163 2222 2204 petere
2245 2170 2330 2205 pos·

1236 2204 1302 2239 sim
1334 2205 1390 2239 vel
1424 2204 1547 2240 decem
1579 2215 1671 2250 quae
1695 2170 1861 2250 impendi.
1904 2171 2112 2239 <1111100110Η
2138 2205 2263 2240 scribit
2293 2205 2330 2240 in

1235 2260 1276 2285 eo
1301 2250 1389 2284 verti
1413 2250 1670 2295 quaestionem,
1695 2253 1736 2284 ut
1759 2249 2102 2292 animadvertamus,
2129 2260 2176 2285 an
2199 2250 2330 2285 iustam

1235 2305 1382 2330 causam
1405 2295 1593 2330 habuerim
1617 2295 1903 2341 seponendorum
1929 2298 2089 2330 centum:
2114 2305 2198 2330 nam
2218 2295 2248 2330 si
2269 2295 2328 2330 de-

1234 2340 1372 2375 buerim
1408 2343 1443 2375 et
1478 2340 1564 2375 mihi
1599 2343 1635 2376 et
1670 2340 1798 2375 ceteris
1833 2340 2058 2375 hereditariis
2094 2340 2328 2375 creditoribus

1234 2385 1390 2427 solvere,
1415 2385 1613 2430 periculum
1637 2396 1710 2420 non
1734 2385 1850 2421 solum
1873 2385 2075 2430 sexaginta,
2102 2385 2164 2420 sed
2189 2388 2224 2420 et
2247 2385 2328 2419 reli-

1234 2440 1386 2475 quorum
1406 2430 1643 2475 quadraginta
1657 2431 1685 2451 ¹²
1706 2441 1762 2465 me
1781 2433 2057 2475 praestaturum,
2073 2429 2196 2465 decem
2208 2433 2328 2464 tamen

1234 2485 1325 2521 quae
1343 2476 1576 2520 impenderim
1594 2476 1869 2517 retenturum¹³‚
1893 2475 1931 2509 id
1955 2478 2009 2509 est
2033 2475 2110 2509 sola
2133 2475 2329 2519 nonaginta

1233 2520 1456 2555 restituenda
1468 2521 1507 2555 ¹⁴.
1556 2521 1587 2556 si
1620 2531 1705 2556 vero
1739 2521 1836 2555 iusta
1872 2530 1982 2554 causa
2016 2520 2144 2562 fuerit,
2180 2523 2328 2572 propter

1234 2575 1342 2610 quam
1365 2565 1503 2610 integra
1527 2568 1671 2600 centum
1696 2565 1972 2606 custodirentur,
1998 2564 2106 2599 veluti
2130 2565 2161 2600 si
2183 2575 2326 2610 pericu-

1232 2611 1306 2646 lum
1339 2614 1435 2653 erat,
1468 2621 1513 2646 ne
1543 2611 1691 2655 praedia
1722 2610 1761 2645 in
1792 2610 1976 2655 publicum
2009 2610 2326 2651 committerentur,

1233 2666 1278 2690 ne
1312 2666 1429 2700 poena
1463 2655 1683 2690 traiecticiae
1717 2655 1891 2700 pecuniae
1927 2665 1973 2689 au
1997 2657 2116 2689 eretur
2142 2655 2208 2689 aut
2220 2653 2247 2674 ²⁵
2284 2665 2329 2690 ex

1234 2701 1490 2745 compromisso
1516 2701 1814 2736 committeretur:
1840 2710 1912 2735 non
1937 2710 1976 2735 so
1993 2710 2052 2734 um
2076 2699 2210 2743 decem,
2236 2710 2328 2745 quae

1232 2746 1269 2780 in
1301 2745 1519 2780 hereditaria
1542 2746 1684 2790 negotia
1706 2744 1955 2790 impenderim,
1989 2744 2053 2779 sed
2085 2745 2192 2780 etiam
2224 2746 2326 2790 quin-

1234 2791 1404 2842 quaginta
1427 2801 1519 2836 quae
1542 2791 1627 2825 mihi
1652 2790 1771 2825 debita
1795 2793 1879 2825 sunt
1902 2790 1947 2824 ab
1971 2789 2101 2825 herede
2124 2801 2181 2825 me
2201 2801 2325 2826 conse-

1257 2846 1294 2870 111
1346 2845 1437 2870 osse.

1233 2847 1255 2880 q
1283 2879 1301 2916 1
1360 2878 1439 2922 (14)
1473 2879 1668 2916 ULPIANUS
1705 2880 1797 2916 libro
1829 2880 1966 2916 decimo
2002 2880 2052 2915 ad
2087 2880 2241 2916 edictum
2289 2880 2326 2915 Si

1232 2925 1326 2959 filius
1349 2924 1504 2960 familias
1528 2925 1670 2970 negotia
1692 2925 1845 2971 gessisse
1877 2929 2120 2971 proponatur,
2153 2925 2325 2970 aequissi-

1234 2981 1330 3004 mum
1355 2971 1422 3005 erit
1444 2970 1482 3004 in
1504 2973 1644 3015 patrem
1668 2981 1810 3016 quoque
1833 2971 2011 3006 actionem
2036 2970 2133 3013 dari,
2166 2970 2240 3005 sive
2263 2981 2325 3015 pe·

1234 3015 1366 3050 culium
1390 3015 1501 3050 habet
1524 3015 1597 3051 sive
1619 3015 1658 3050 in
1680 3025 1757 3051 rem
1771 3016 1892 3061 patris
1917 3016 1972 3051 sui
1997 3016 2119 3051 vertit:
2146 3019 2182 3051 et
2205 3016 2236 3050 si
2260 3026 2324 3050 an-

1234 3060 1325 3101 cilla,
1351 3060 1455 3095 simili
1477 3060 1595 3096 modo.

1283 3104 1333 3141 14
1360 3103 1440 3148 (15)
1465 3104 1626 3141 Pavum
1654 3105 1744 3141 libro
1774 3116 1871 3141 nono
1896 3106 1946 3141 ad
1969 3106 2123 3141 edictum
2169 3106 2324 3158 Pompo-

1234 3150 1315 3185 nius
1350 3150 1441 3185 libro
1476 3150 1667 3186 vicensimo
1702 3154 1803 3186 sexto
1834 3151 1873 3185 in
1903 3151 2052 3196 negotiis
2084 3151 2193 3196 gestis
2225 3151 2324 3185 imtio

1235 3195 1407 3240 cuiusque
1418 3196 1588 3240 temporis
1601 3196 1630 3217 ¹⁶
1650 3195 1896 3231 condicionem
1909 3195 2141 3241 spectandam
2153 3196 2213 3230 ait.
2240 3195 2324 3240 quid

1235 3241 1346 3283 enim,
1379 3240 1513 3285 inquit,
1548 3241 1579 3276 si
1610 3241 1738 3286 pupilli
1768 3241 1911 3286 negotia
1943 3241 2121 3285 coeperim
2143 3251 2265 3286 gerere
2291 3244 2325 3274 et

1234 3286 1325 3320 inter
1348 3295 1466 3320 moras
1490 3286 1603 3330 pubes
1626 3285 1747 3321 factus
1772 3286 1845 3321 sit?
1879 3286 1934 3321 vel
1958 3286 2049 3321 servi
2081 3289 2145 3321 aut
2175 3285 2238 3320 filii
2268 3284 2322 3318 fa-

1234 3330 1348 3365 milias
1374 3334 1410 3365 et
1431 3330 1567 3366 interea
1589 3331 1679 3366 liber
1701 3334 1765 3366 aut
1788 3334 1892 3376 pater
1909 3330 2062 3366 familias
2084 3330 2231 3365 effectus
2253 3329 2323 3364 sit?

1234 3376 1303 3410 hoc
1328 3378 1363 3410 et
1387 3385 1450 3419 ego
1474 3376 1591 3411 verius
1616 3386 1695 3411 esse
1718 3376 1844 3418 didici,
1878 3376 1947 3411 nisi
1971 3375 2001 3411 si
2025 3376 2070 3410 ab
2094 3375 2194 3410 initio
2220 3373 2323 3418 quasi

1236 3487 1298 3520 del.
1311 3486 1364 3520 F2
1486 3489 1545 3530 (13)
1570 3490 1618 3522 sic
1628 3488 1718 3531 F³S,
1733 3491 1946 3531 petentorum
1959 3489 1994 3521 F
2006 3489 2026 3527 ¹,
2043 3489 2256 3529 petenturum
2269 3485 2321 3518 F2

1236 3533 1293 3573 (14)
1319 3532 1507 3574 periculum
1521 3544 1589 3566 non
1602 3534 1709 3566 solum
1723 3534 1983 3576 quinquaginta,
2000 3532 2056 3564 sed
2069 3534 2102 3564 et
2113 3530 2319 3572 reliquorum

1235 3576 1461 3619 quadraginta
1472 3589 1524 3611 me
1537 3582 1797 3621 praestaturum,
1821 3579 1932 3610 decem
1946 3581 2068 3615 tamen,
2092 3585 2177 3617 quae
2189 3576 2318 3618 impen-

1235 3621 1341 3654 derim
1353 3624 1563 3656 retenturum
1584 3624 1710 3664 (deletis
1721 3624 1926 3665 sequentibus
1937 3622 1972 3653 id
1986 3623 2036 3652 est
2048 3620 2118 3652 sola
2131 3620 2319 3662 nonaginta

1231 3667 1448 3710 restituenda)
1461 3669 1490 3702 I.
1506 3669 1552 3702 B.
1567 3669 1713 3702 Kochler
1781 3668 1841 3709 (15)
1867 3677 1909 3699 ne
1921 3666 2018 3698 fenus
2031 3667 2073 3697 tr.
2087 3675 2158 3707 pec.
2174 3674 2250 3705 aug.
2265 3663 2321 3696 aut

1231 3722 1338 3754 poena
1350 3725 1413 3745 scr.
1484 3714 1545 3749 (18)
1569 3713 1727 3751 temporis
1743 3714 1805 3746 del.
