<?xml version="1.0" encoding="UTF-8"?>
<!DOCTYPE html PUBLIC "-//W3C//DTD XHTML 1.0 Transitional//EN"
    "http://www.w3.org/TR/xhtml1/DTD/xhtml1-transitional.dtd">
<html xmlns="http://www.w3.org/1999/xhtml" xml:lang="en" lang="en">
 <head>
  <title>
</title>
<meta http-equiv="Content-Type" content="text/html;charset=utf-8" />
  <meta name='ocr-system' content='tesseract 3.04.00' />
  <meta name='ocr-capabilities' content='ocr_page ocr_carea ocr_par ocr_line ocrx_word'/>
</head>
<body>
  <div class='ocr_page' id='page_1' title='image "./corpusjuriscivil01krueuoft_0473.png"; bbox 0 0 2528 3918; ppageno 0'>
   <div class='ocr_carea' id='block_1_1' title="bbox 84 175 556 210">
    <p class='ocr_par' dir='ltr' id='par_1_1' title="bbox 84 175 556 210">
     <span class='ocr_line' id='line_1_1' title="bbox 84 175 556 210; baseline -0.008 0"><span class='ocrx_word' id='word_1_1' title='bbox 84 179 146 210; x_wconf 76' lang='lat' dir='ltr'>DE</span> <span class='ocrx_word' id='word_1_2' title='bbox 175 175 556 209; x_wconf 77' lang='lat' dir='ltr'>EXCUSATIONIBUS</span> 
     </span>
    </p>
   </div>
   <div class='ocr_carea' id='block_1_2' title="bbox 79 283 1179 1453">
    <p class='ocr_par' dir='ltr' id='par_1_2' title="bbox 79 283 1179 1453">
     <span class='ocr_line' id='line_1_2' title="bbox 85 283 1173 330; baseline -0.007 -8"><span class='ocrx_word' id='word_1_3' title='bbox 85 286 126 322; x_wconf 75' lang='grc' dir='ltr'>δι’</span> <span class='ocrx_word' id='word_1_4' title='bbox 155 288 232 321; x_wconf 87' lang='grc' dir='ltr'>τῶν</span> <span class='ocrx_word' id='word_1_5' title='bbox 260 284 308 330; x_wconf 86' lang='grc' dir='ltr'><strong><em>μὴ</em></strong></span> <span class='ocrx_word' id='word_1_6' title='bbox 338 283 582 327; x_wconf 72' lang='grc' dir='ltr'><strong><em>ὑποκειμένων</em></strong></span> <span class='ocrx_word' id='word_1_7' title='bbox 613 285 692 317; x_wconf 88' lang='grc' dir='ltr'><strong><em>ταῖς</em></strong></span> <span class='ocrx_word' id='word_1_8' title='bbox 721 284 960 327; x_wconf 71' lang='grc' dir='ltr'><strong><em>προθεσμίαις</em></strong></span> <span class='ocrx_word' id='word_1_9' title='bbox 982 284 1067 327; x_wconf 80' lang='grc' dir='ltr'><strong><em>φέρε</em></strong></span> <span class='ocrx_word' id='word_1_10' title='bbox 1091 294 1173 316; x_wconf 81' lang='grc' dir='ltr'><strong><em>σκε-</em></strong></span> 
     </span>
     <span class='ocr_line' id='line_1_3' title="bbox 88 324 1171 378; baseline -0.005 -13"><span class='ocrx_word' id='word_1_11' title='bbox 88 334 129 368; x_wconf 84' lang='grc'>12</span> <span class='ocrx_word' id='word_1_12' title='bbox 175 329 349 378; x_wconf 72' lang='grc' dir='ltr'><strong><em>ψῶμεθα.</em></strong></span> <span class='ocrx_word' id='word_1_13' title='bbox 399 326 444 362; x_wconf 82' lang='grc' dir='ltr'>Οἱ</span> <span class='ocrx_word' id='word_1_14' title='bbox 462 327 531 373; x_wconf 83' lang='grc' dir='ltr'><strong><em>γὰρ</em></strong></span> <span class='ocrx_word' id='word_1_15' title='bbox 543 324 765 372; x_wconf 77' lang='grc' dir='ltr'><strong><em>παρανόμως</em></strong></span> <span class='ocrx_word' id='word_1_16' title='bbox 786 324 957 362; x_wconf 69' lang='grc' dir='ltr'><strong><em>δοθέντες</em></strong></span> <span class='ocrx_word' id='word_1_17' title='bbox 968 329 1171 373; x_wconf 72' lang='grc' dir='ltr'><strong><em>ἐπίτροποι,</em></strong></span> 
     </span>
     <span class='ocr_line' id='line_1_4' title="bbox 84 364 1171 427; baseline -0.006 -16"><span class='ocrx_word' id='word_1_18' title='bbox 84 371 179 411; x_wconf 74' lang='grc' dir='ltr'><strong><em>τοῦτ’</em></strong></span> <span class='ocrx_word' id='word_1_19' title='bbox 204 377 303 410; x_wconf 62' lang='grc' dir='ltr'><strong><em>ἔστιν</em></strong></span> <span class='ocrx_word' id='word_1_20' title='bbox 325 371 347 415; x_wconf 79' lang='grc' dir='ltr'><em>ἢ</em></span> <span class='ocrx_word' id='word_1_21' title='bbox 369 367 437 418; x_wconf 70' lang='grc' dir='ltr'>ὑφ’</span> <span class='ocrx_word' id='word_1_22' title='bbox 462 364 516 406; x_wconf 72' lang='grc' dir='ltr'><strong><em>ὦν</em></strong></span> <span class='ocrx_word' id='word_1_23' title='bbox 536 371 586 425; x_wconf 76' lang='grc' dir='ltr'><strong><em>μὴ</em></strong></span> <span class='ocrx_word' id='word_1_24' title='bbox 608 372 719 417; x_wconf 72' lang='grc' dir='ltr'><strong><em>ἐχρῆν,</em></strong></span> <span class='ocrx_word' id='word_1_25' title='bbox 748 369 769 414; x_wconf 89' lang='grc' dir='ltr'><em>ἢ</em></span> <span class='ocrx_word' id='word_1_26' title='bbox 793 364 894 405; x_wconf 70' lang='grc' dir='ltr'><strong><em>οὗτοι</em></strong></span> <span class='ocrx_word' id='word_1_27' title='bbox 917 369 975 407; x_wconf 73' lang='grc' dir='ltr'><strong><em>οὓς</em></strong></span> <span class='ocrx_word' id='word_1_28' title='bbox 983 370 1035 427; x_wconf 82' lang='grc' dir='ltr'><strong><em>μὴ</em></strong></span> <span class='ocrx_word' id='word_1_29' title='bbox 1058 372 1171 417; x_wconf 73' lang='grc' dir='ltr'><strong><em>ἐχρῆν.</em></strong></span> 
     </span>
     <span class='ocr_line' id='line_1_5' title="bbox 85 414 1174 499; baseline -0.005 0"><span class='ocrx_word' id='word_1_30' title='bbox 85 420 108 464; x_wconf 69' lang='grc' dir='ltr'>ἢ</span> <span class='ocrx_word' id='word_1_31' title='bbox 121 420 184 499; x_wconf 66' lang='lat'>3²2·</span> <span class='ocrx_word' id='word_1_32' title='bbox 197 418 245 463; x_wconf 57' lang='grc' dir='ltr'>μὴ</span> <span class='ocrx_word' id='word_1_33' title='bbox 269 414 1174 496; x_wconf 48' lang='grc' dir='ltr'><strong><em>ἐιεῖνιῆάὸιεαίχεῑςτεῗτεπέὰῖῑειῑῑὲῑέςεῑ</em></strong></span> 
     </span>
     <span class='ocr_line' id='line_1_6' title="bbox 85 472 1175 561; baseline -0.004 -18"><span class='ocrx_word' id='word_1_34' title='bbox 85 472 473 561; x_wconf 46' lang='grc' dir='ltr'><strong><em>ἴοεωδιῗδὶμσῖροοίῖείὶυ</em></strong></span> <span class='ocrx_word' id='word_1_35' title='bbox 473 519 527 541; x_wconf 88' lang='grc' dir='ltr'>τις</span> <span class='ocrx_word' id='word_1_36' title='bbox 550 502 669 545; x_wconf 81' lang='grc' dir='ltr'><strong><em>αὐτοῖς</em></strong></span> <span class='ocrx_word' id='word_1_37' title='bbox 694 474 837 541; x_wconf 55' lang='grc' dir='ltr'><strong><em>ἔτιρτὰτ</em></strong></span> <span class='ocrx_word' id='word_1_38' title='bbox 858 487 1087 551; x_wconf 51' lang='grc' dir='ltr'><strong><em>προθεσμίας</em></strong></span> <span class='ocrx_word' id='word_1_39' title='bbox 1112 500 1175 539; x_wconf 75' lang='grc' dir='ltr'>οὐκ</span> 
     </span>
     <span class='ocr_line' id='line_1_7' title="bbox 84 547 1174 599; baseline -0.004 -12"><span class='ocrx_word' id='word_1_40' title='bbox 84 551 263 599; x_wconf 72' lang='grc' dir='ltr'><strong><em>ἐτήρησαν</em></strong></span> <span class='ocrx_word' id='word_1_41' title='bbox 284 564 361 585; x_wconf 84' lang='grc' dir='ltr'>των</span> <span class='ocrx_word' id='word_1_42' title='bbox 382 550 658 596; x_wconf 85' lang='grc' dir='ltr'><strong><em>παραιτήσεων·</em></strong></span> <span class='ocrx_word' id='word_1_43' title='bbox 683 547 767 584; x_wconf 76' lang='grc' dir='ltr'><strong><em>οὐδὲ</em></strong></span> <span class='ocrx_word' id='word_1_44' title='bbox 787 549 855 598; x_wconf 84' lang='grc' dir='ltr'><strong><em>γὰρ</em></strong></span> <span class='ocrx_word' id='word_1_45' title='bbox 880 553 1022 593; x_wconf 79' lang='grc' dir='ltr'><strong><em>ἔχουσιν</em></strong></span> <span class='ocrx_word' id='word_1_46' title='bbox 1043 563 1174 596; x_wconf 87' lang='grc' dir='ltr'><strong><em>παραι-</em></strong></span> 
     </span>
     <span class='ocr_line' id='line_1_8' title="bbox 83 592 1176 643; baseline -0.005 -10"><span class='ocrx_word' id='word_1_47' title='bbox 83 597 219 641; x_wconf 87' lang='grc' dir='ltr'><strong><em>τήσεως</em></strong></span> <span class='ocrx_word' id='word_1_48' title='bbox 242 592 409 643; x_wconf 78' lang='grc' dir='ltr'><strong><em>ἀνάγκην,</em></strong></span> <span class='ocrx_word' id='word_1_49' title='bbox 437 592 485 631; x_wconf 77' lang='grc' dir='ltr'><strong><em>ὡς</em></strong></span> <span class='ocrx_word' id='word_1_50' title='bbox 510 593 691 630; x_wconf 77' lang='grc' dir='ltr'><strong><em>δείκνυται</em></strong></span> <span class='ocrx_word' id='word_1_51' title='bbox 714 597 753 629; x_wconf 65' lang='grc' dir='ltr'>ἐκ</span> <span class='ocrx_word' id='word_1_52' title='bbox 775 596 852 630; x_wconf 83' lang='grc' dir='ltr'>τῶν</span> <span class='ocrx_word' id='word_1_53' title='bbox 879 593 1176 642; x_wconf 69' lang='grc' dir='ltr'><strong><em>ὑποτεταγμένων</em></strong></span> 
     </span>
     <span class='ocr_line' id='line_1_9' title="bbox 84 637 1174 693; baseline -0.003 -17"><span class='ocrx_word' id='word_1_54' title='bbox 84 640 296 681; x_wconf 77' lang='grc' dir='ltr'><strong><em>διατάξεων,</em></strong></span> <span class='ocrx_word' id='word_1_55' title='bbox 324 638 363 676; x_wconf 78' lang='grc' dir='ltr'><strong><em>ἃς</em></strong></span> <span class='ocrx_word' id='word_1_56' title='bbox 385 638 680 693; x_wconf 72' lang='grc' dir='ltr'><strong><em>παραδείγματος</em></strong></span> <span class='ocrx_word' id='word_1_57' title='bbox 700 641 807 686; x_wconf 77' lang='grc' dir='ltr'><strong><em>χάριν</em></strong></span> <span class='ocrx_word' id='word_1_58' title='bbox 824 637 990 680; x_wconf 79' lang='grc' dir='ltr'><strong><em>ὑπέταξα,</em></strong></span> <span class='ocrx_word' id='word_1_59' title='bbox 1017 643 1035 674; x_wconf 80' lang='grc' dir='ltr'><em>ἐ</em></span> <span class='ocrx_word' id='word_1_60' title='bbox 1065 638 1174 686; x_wconf 86' lang='grc' dir='ltr'><strong><em>αρμό-</em></strong></span> 
     </span>
     <span class='ocr_line' id='line_1_10' title="bbox 86 653 1176 730; baseline -0.003 -8"><span class='ocrx_word' id='word_1_61' title='bbox 86 689 206 728; x_wconf 59' lang='lat' dir='ltr'>§omo</span> <span class='ocrx_word' id='word_1_62' title='bbox 222 683 262 719; x_wconf 74' lang='grc' dir='ltr'>δὲ</span> <span class='ocrx_word' id='word_1_63' title='bbox 274 683 320 719; x_wconf 81' lang='grc' dir='ltr'>ἂν</span> <span class='ocrx_word' id='word_1_64' title='bbox 330 687 453 720; x_wconf 83' lang='grc' dir='ltr'><strong><em>πᾶσιν.</em></strong></span> <span class='ocrx_word' id='word_1_65' title='bbox 477 683 571 720; x_wconf 87' lang='lat' dir='ltr'>‘Div1</span> <span class='ocrx_word' id='word_1_66' title='bbox 585 685 737 721; x_wconf 87' lang='lat' dir='ltr'>Severus</span> <span class='ocrx_word' id='word_1_67' title='bbox 751 688 786 720; x_wconf 90' lang='lat' dir='ltr'>et</span> <span class='ocrx_word' id='word_1_68' title='bbox 798 685 1007 721; x_wconf 83' lang='lat' dir='ltr'>Antoninus</span> <span class='ocrx_word' id='word_1_69' title='bbox 1024 653 1176 730; x_wconf 60' lang='lat' dir='ltr'>Kugusti</span> 
     </span>
     <span class='ocr_line' id='line_1_11' title="bbox 80 729 1175 767; baseline -0.003 0"><span class='ocrx_word' id='word_1_70' title='bbox 80 729 278 767; x_wconf 86' lang='lat' dir='ltr'>‘Narcisso.</span> <span class='ocrx_word' id='word_1_71' title='bbox 326 730 383 765; x_wconf 88' lang='lat' dir='ltr'>Ab</span> <span class='ocrx_word' id='word_1_72' title='bbox 407 740 474 766; x_wconf 89' lang='lat' dir='ltr'>avo</span> <span class='ocrx_word' id='word_1_73' title='bbox 499 734 660 766; x_wconf 87' lang='lat' dir='ltr'>materno</span> <span class='ocrx_word' id='word_1_74' title='bbox 684 734 783 765; x_wconf 90' lang='lat' dir='ltr'>tutor</span> <span class='ocrx_word' id='word_1_75' title='bbox 807 730 912 765; x_wconf 90' lang='lat' dir='ltr'>datus</span> <span class='ocrx_word' id='word_1_76' title='bbox 936 740 1081 766; x_wconf 89' lang='lat' dir='ltr'>necesse</span> <span class='ocrx_word' id='word_1_77' title='bbox 1103 739 1175 765; x_wconf 93' lang='lat' dir='ltr'>non</span> 
     </span>
     <span class='ocr_line' id='line_1_12' title="bbox 81 774 1176 820; baseline -0.002 -8"><span class='ocrx_word' id='word_1_78' title='bbox 81 775 253 812; x_wconf 78' lang='lat' dir='ltr'>‘habuisti</span> <span class='ocrx_word' id='word_1_79' title='bbox 278 775 452 818; x_wconf 89' lang='lat' dir='ltr'>excusari,</span> <span class='ocrx_word' id='word_1_80' title='bbox 479 785 560 810; x_wconf 89' lang='lat' dir='ltr'>cum</span> <span class='ocrx_word' id='word_1_81' title='bbox 583 776 662 820; x_wconf 90' lang='lat' dir='ltr'>ipso</span> <span class='ocrx_word' id='word_1_82' title='bbox 687 775 764 810; x_wconf 89' lang='lat' dir='ltr'>iure</span> <span class='ocrx_word' id='word_1_83' title='bbox 787 785 859 810; x_wconf 90' lang='lat' dir='ltr'>non</span> <span class='ocrx_word' id='word_1_84' title='bbox 883 775 1034 810; x_wconf 87' lang='lat' dir='ltr'>teneris:</span> <span class='ocrx_word' id='word_1_85' title='bbox 1060 775 1090 810; x_wconf 92' lang='lat' dir='ltr'>si</span> <span class='ocrx_word' id='word_1_86' title='bbox 1112 774 1176 820; x_wconf 84' lang='lat' dir='ltr'>igi-</span> 
     </span>
     <span class='ocr_line' id='line_1_13' title="bbox 79 820 1176 865; baseline -0.003 -8"><span class='ocrx_word' id='word_1_87' title='bbox 79 820 154 857; x_wconf 75' lang='lat' dir='ltr'>‘tur</span> <span class='ocrx_word' id='word_1_88' title='bbox 176 820 475 856; x_wconf 79' lang='lat' dir='ltr'>administrationi</span> <span class='ocrx_word' id='word_1_89' title='bbox 499 825 534 855; x_wconf 93' lang='lat' dir='ltr'>te</span> <span class='ocrx_word' id='word_1_90' title='bbox 564 831 637 855; x_wconf 92' lang='lat' dir='ltr'>non</span> <span class='ocrx_word' id='word_1_91' title='bbox 660 820 844 862; x_wconf 87' lang='lat' dir='ltr'>miscuisti,</span> <span class='ocrx_word' id='word_1_92' title='bbox 875 823 979 865; x_wconf 91' lang='lat' dir='ltr'>potes</span> <span class='ocrx_word' id='word_1_93' title='bbox 1011 830 1089 855; x_wconf 87' lang='lat' dir='ltr'>esse</span> <span class='ocrx_word' id='word_1_94' title='bbox 1122 829 1176 855; x_wconf 90' lang='lat' dir='ltr'>se-</span> 
     </span>
     <span class='ocr_line' id='line_1_14' title="bbox 80 861 1176 911; baseline -0.005 -9"><span class='ocrx_word' id='word_1_95' title='bbox 80 861 228 902; x_wconf 77' lang='lat' dir='ltr'>‘curus.&#39;</span> <span class='ocrx_word' id='word_1_96' title='bbox 263 861 398 910; x_wconf 78' lang='grc' dir='ltr'><strong><em>ὁμοίως</em></strong></span> <span class='ocrx_word' id='word_1_97' title='bbox 421 865 461 899; x_wconf 79' lang='grc' dir='ltr'>δὲ</span> <span class='ocrx_word' id='word_1_98' title='bbox 484 867 545 899; x_wconf 85' lang='grc' dir='ltr'>καὶ</span> <span class='ocrx_word' id='word_1_99' title='bbox 567 862 634 899; x_wconf 74' lang='grc' dir='ltr'>ἐὰν</span> <span class='ocrx_word' id='word_1_100' title='bbox 653 865 719 899; x_wconf 87' lang='grc' dir='ltr'>τὸν</span> <span class='ocrx_word' id='word_1_101' title='bbox 736 864 786 909; x_wconf 85' lang='grc' dir='ltr'><strong><em>μὴ</em></strong></span> <span class='ocrx_word' id='word_1_102' title='bbox 808 862 1045 909; x_wconf 83' lang='grc' dir='ltr'><strong><em>ὑποκείμενον</em></strong></span> <span class='ocrx_word' id='word_1_103' title='bbox 1062 865 1106 911; x_wconf 87' lang='grc' dir='ltr'><strong><em>τῇ</em></strong></span> <span class='ocrx_word' id='word_1_104' title='bbox 1125 862 1176 898; x_wconf 87' lang='grc' dir='ltr'>δι-</span> 
     </span>
     <span class='ocr_line' id='line_1_15' title="bbox 84 907 1176 955; baseline -0.001 -10"><span class='ocrx_word' id='word_1_105' title='bbox 84 909 277 953; x_wconf 74' lang='grc' dir='ltr'><strong><em>καιοδοοίᾳ</em></strong></span> <span class='ocrx_word' id='word_1_106' title='bbox 307 923 361 952; x_wconf 89' lang='grc' dir='ltr'>χει</span> <span class='ocrx_word' id='word_1_107' title='bbox 386 909 634 953; x_wconf 80' lang='grc' dir='ltr'>οτονήσωσινι</span> <span class='ocrx_word' id='word_1_108' title='bbox 669 909 706 944; x_wconf 85' lang='grc' dir='ltr'>οἱ</span> <span class='ocrx_word' id='word_1_109' title='bbox 737 908 902 953; x_wconf 80' lang='grc' dir='ltr'><strong><em>ἄρχοντες</em></strong></span> <span class='ocrx_word' id='word_1_110' title='bbox 933 912 1132 955; x_wconf 78' lang='grc' dir='ltr'><strong><em>ἐπίτροπον</em></strong></span> <span class='ocrx_word' id='word_1_111' title='bbox 1154 907 1176 952; x_wconf 86' lang='grc' dir='ltr'>ἢ</span> 
     </span>
     <span class='ocr_line' id='line_1_16' title="bbox 83 948 1177 1002; baseline -0.002 -12"><span class='ocrx_word' id='word_1_112' title='bbox 83 954 296 1002; x_wconf 85' lang='grc' dir='ltr'><strong><em>κουράτορα,</em></strong></span> <span class='ocrx_word' id='word_1_113' title='bbox 314 950 354 989; x_wconf 76' lang='grc' dir='ltr'>οὗ</span> <span class='ocrx_word' id='word_1_114' title='bbox 380 957 397 988; x_wconf 79' lang='grc' dir='ltr'><em>ἑ</em></span> <span class='ocrx_word' id='word_1_115' title='bbox 412 948 514 990; x_wconf 73' lang='grc' dir='ltr'><strong><em>οὗτος</em></strong></span> <span class='ocrx_word' id='word_1_116' title='bbox 532 950 693 1001; x_wconf 82' lang='grc' dir='ltr'><strong><em>ἀνάγκην</em></strong></span> <span class='ocrx_word' id='word_1_117' title='bbox 708 956 779 996; x_wconf 79' lang='grc' dir='ltr'><strong><em>ἔχει</em></strong></span> <span class='ocrx_word' id='word_1_118' title='bbox 796 953 1099 999; x_wconf 76' lang='grc' dir='ltr'><strong><em>παραφυλάσσειν</em></strong></span> <span class='ocrx_word' id='word_1_119' title='bbox 1113 953 1177 989; x_wconf 83' lang='grc' dir='ltr'>τὰς</span> 
     </span>
     <span class='ocr_line' id='line_1_17' title="bbox 82 997 1119 1047; baseline -0.003 -11"><span class='ocrx_word' id='word_1_120' title='bbox 82 1001 229 1047; x_wconf 74' lang='grc' dir='ltr'><strong><em>προθεσ</em></strong></span> <span class='ocrx_word' id='word_1_121' title='bbox 255 1003 318 1040; x_wconf 88' lang='grc' dir='ltr'><strong><em>ίας,</em></strong></span> <span class='ocrx_word' id='word_1_122' title='bbox 347 999 428 1034; x_wconf 89' lang='grc' dir='ltr'><strong><em>οἷον</em></strong></span> <span class='ocrx_word' id='word_1_123' title='bbox 449 998 515 1034; x_wconf 86' lang='grc' dir='ltr'>τὸν</span> <span class='ocrx_word' id='word_1_124' title='bbox 536 997 628 1044; x_wconf 84' lang='grc' dir='ltr'><strong><em>μήτε</em></strong></span> <span class='ocrx_word' id='word_1_125' title='bbox 649 998 802 1042; x_wconf 84' lang='grc' dir='ltr'><strong><em>πολίτην</em></strong></span> <span class='ocrx_word' id='word_1_126' title='bbox 822 999 913 1044; x_wconf 84' lang='grc' dir='ltr'><strong><em>μήτε</em></strong></span> <span class='ocrx_word' id='word_1_127' title='bbox 939 997 1086 1033; x_wconf 85' lang='grc' dir='ltr'><strong><em>ἰνκόλαν</em></strong></span> <span class='ocrx_word' id='word_1_128' title='bbox 1095 1000 1119 1033; x_wconf 81' lang='lat'>².</span> 
     </span>
     <span class='ocr_line' id='line_1_18' title="bbox 133 1038 1178 1092; baseline -0.004 -10"><span class='ocrx_word' id='word_1_129' title='bbox 133 1044 183 1083; x_wconf 89' lang='grc'>14</span> <span class='ocrx_word' id='word_1_130' title='bbox 231 1054 315 1080; x_wconf 67' lang='lat' dir='ltr'>osu</span> <span class='ocrx_word' id='word_1_131' title='bbox 334 1044 426 1080; x_wconf 81' lang='lat' dir='ltr'>libro</span> <span class='ocrx_word' id='word_1_132' title='bbox 450 1045 576 1091; x_wconf 81' lang='lat' dir='ltr'>quinto</span> <span class='ocrx_word' id='word_1_133' title='bbox 599 1045 875 1080; x_wconf 76' lang='lat' dir='ltr'>excusationum</span> <span class='ocrx_word' id='word_1_134' title='bbox 915 1038 1178 1092; x_wconf 75' lang='grc' dir='ltr'><strong><em>Άπελεύθερον</em></strong></span> 
     </span>
     <span class='ocr_line' id='line_1_19' title="bbox 83 1085 1175 1144; baseline -0.001 -20"><span class='ocrx_word' id='word_1_135' title='bbox 83 1093 124 1124; x_wconf 69' lang='grc' dir='ltr'>ἐν</span> <span class='ocrx_word' id='word_1_136' title='bbox 146 1092 201 1133; x_wconf 75' lang='grc' dir='ltr'><strong><em>τῷ</em></strong></span> <span class='ocrx_word' id='word_1_137' title='bbox 224 1088 266 1124; x_wconf 87' lang='grc' dir='ltr'><strong><em>λό</em></strong></span> <span class='ocrx_word' id='word_1_138' title='bbox 292 1103 321 1133; x_wconf 85' lang='grc' dir='ltr'>ῳ</span> <span class='ocrx_word' id='word_1_139' title='bbox 346 1091 401 1133; x_wconf 75' lang='grc' dir='ltr'><strong><em>τῷ</em></strong></span> <span class='ocrx_word' id='word_1_140' title='bbox 425 1091 508 1144; x_wconf 86' lang='grc' dir='ltr'><strong><em>περὶ</em></strong></span> <span class='ocrx_word' id='word_1_141' title='bbox 532 1085 699 1135; x_wconf 79' lang='grc' dir='ltr'><strong><em>ἀφέσεως</em></strong></span> <span class='ocrx_word' id='word_1_142' title='bbox 721 1088 935 1134; x_wconf 74' lang='grc' dir='ltr'><strong><em>ἐπιτρόπων</em></strong></span> <span class='ocrx_word' id='word_1_143' title='bbox 958 1092 1018 1123; x_wconf 90' lang='grc' dir='ltr'>καὶ</span> <span class='ocrx_word' id='word_1_144' title='bbox 1042 1102 1175 1134; x_wconf 89' lang='grc' dir='ltr'><strong><em>κουρα-</em></strong></span> 
     </span>
     <span class='ocr_line' id='line_1_20' title="bbox 83 1104 1176 1180; baseline -0.001 -10"><span class='ocrx_word' id='word_1_145' title='bbox 83 1133 205 1180; x_wconf 87' lang='grc' dir='ltr'><strong><em>τόρων</em></strong></span> <span class='ocrx_word' id='word_1_146' title='bbox 228 1104 361 1169; x_wconf 63' lang='grc' dir='ltr'><strong><em>εἰδέναι</em></strong></span> <span class='ocrx_word' id='word_1_147' title='bbox 386 1132 440 1168; x_wconf 89' lang='grc' dir='ltr'>δεῖ</span> <span class='ocrx_word' id='word_1_148' title='bbox 463 1132 521 1169; x_wconf 78' lang='grc' dir='ltr'>ὃτι</span> <span class='ocrx_word' id='word_1_149' title='bbox 551 1129 593 1169; x_wconf 78' lang='grc' dir='ltr'>οὗ</span> <span class='ocrx_word' id='word_1_150' title='bbox 623 1133 741 1179; x_wconf 83' lang='grc' dir='ltr'><strong><em>μόνον</em></strong></span> <span class='ocrx_word' id='word_1_151' title='bbox 769 1135 834 1168; x_wconf 80' lang='grc' dir='ltr'><strong><em>τοῦ</em></strong></span> <span class='ocrx_word' id='word_1_152' title='bbox 864 1133 1001 1180; x_wconf 87' lang='grc' dir='ltr'><strong><em>πατρὸς</em></strong></span> <span class='ocrx_word' id='word_1_153' title='bbox 1023 1136 1087 1169; x_wconf 86' lang='grc' dir='ltr'><strong><em>τοῦ</em></strong></span> <span class='ocrx_word' id='word_1_154' title='bbox 1111 1129 1132 1169; x_wconf 78' lang='grc' dir='ltr'><strong><em>ὖ</em></strong></span> <span class='ocrx_word' id='word_1_155' title='bbox 1158 1154 1176 1161; x_wconf 90' lang='grc'>-</span> 
     </span>
     <span class='ocr_line' id='line_1_21' title="bbox 88 1175 1177 1226; baseline -0.003 -10"><span class='ocrx_word' id='word_1_156' title='bbox 88 1184 103 1216; x_wconf 82' lang='lat'>1</span> <span class='ocrx_word' id='word_1_157' title='bbox 152 1181 285 1226; x_wconf 80' lang='grc' dir='ltr'><strong><em>φανοῦ,</em></strong></span> <span class='ocrx_word' id='word_1_158' title='bbox 325 1175 413 1214; x_wconf 75' lang='grc' dir='ltr'><strong><em>ἀλλὰ</em></strong></span> <span class='ocrx_word' id='word_1_159' title='bbox 447 1180 532 1213; x_wconf 61' lang='grc' dir='ltr'><strong><em>καῖ’</em></strong></span> <span class='ocrx_word' id='word_1_160' title='bbox 565 1178 697 1226; x_wconf 86' lang='grc' dir='ltr'><strong><em>μητρὸς</em></strong></span> <span class='ocrx_word' id='word_1_161' title='bbox 731 1179 902 1214; x_wconf 72' lang='grc' dir='ltr'><strong><em>νοεῖσθαι</em></strong></span> <span class='ocrx_word' id='word_1_162' title='bbox 932 1177 1011 1225; x_wconf 85' lang='grc' dir='ltr'><strong><em>χρή.</em></strong></span> <span class='ocrx_word' id='word_1_163' title='bbox 1081 1182 1138 1213; x_wconf 87' lang='grc' dir='ltr'>Κα</span> <span class='ocrx_word' id='word_1_164' title='bbox 1163 1179 1177 1200; x_wconf 86' lang='lat'><strong>⁴</strong></span> 
     </span>
     <span class='ocr_line' id='line_1_22' title="bbox 82 1222 1179 1278; baseline -0.001 -19"><span class='ocrx_word' id='word_1_165' title='bbox 82 1223 226 1260; x_wconf 82' lang='grc' dir='ltr'><strong><em>ὁπόταν</em></strong></span> <span class='ocrx_word' id='word_1_166' title='bbox 258 1223 297 1259; x_wconf 76' lang='grc' dir='ltr'>δὲ</span> <span class='ocrx_word' id='word_1_167' title='bbox 322 1224 485 1269; x_wconf 78' lang='grc' dir='ltr'><strong><em>ζητῶμεν</em></strong></span> <span class='ocrx_word' id='word_1_168' title='bbox 514 1227 596 1270; x_wconf 82' lang='grc' dir='ltr'><strong><em>περὶ</em></strong></span> <span class='ocrx_word' id='word_1_169' title='bbox 626 1222 774 1259; x_wconf 78' lang='grc' dir='ltr'><strong><em>παίδων</em></strong></span> <span class='ocrx_word' id='word_1_170' title='bbox 802 1223 1010 1278; x_wconf 66' lang='grc' dir='ltr'><strong><em>πᾴτρωνος,</em></strong></span> <span class='ocrx_word' id='word_1_171' title='bbox 1045 1222 1179 1258; x_wconf 78' lang='grc' dir='ltr'><strong><em>εἰδέναι</em></strong></span> 
     </span>
     <span class='ocr_line' id='line_1_23' title="bbox 81 1267 1176 1316; baseline 0 -12"><span class='ocrx_word' id='word_1_172' title='bbox 81 1269 148 1316; x_wconf 85' lang='grc' dir='ltr'><strong><em>χρὴ</em></strong></span> <span class='ocrx_word' id='word_1_173' title='bbox 180 1267 237 1304; x_wconf 74' lang='grc' dir='ltr'>ὅτι</span> <span class='ocrx_word' id='word_1_174' title='bbox 266 1268 334 1313; x_wconf 84' lang='grc' dir='ltr'>τὴν</span> <span class='ocrx_word' id='word_1_175' title='bbox 362 1273 611 1316; x_wconf 79' lang='grc' dir='ltr'><strong><em>προσηγορίαν</em></strong></span> <span class='ocrx_word' id='word_1_176' title='bbox 638 1268 775 1312; x_wconf 78' lang='grc' dir='ltr'><strong><em>ταύτην</em></strong></span> <span class='ocrx_word' id='word_1_177' title='bbox 804 1283 868 1304; x_wconf 87' lang='grc' dir='ltr'><strong><em>ουκ</em></strong></span> <span class='ocrx_word' id='word_1_178' title='bbox 899 1271 939 1303; x_wconf 81' lang='grc' dir='ltr'>ἐν</span> <span class='ocrx_word' id='word_1_179' title='bbox 959 1270 1015 1313; x_wconf 77' lang='grc' dir='ltr'><strong><em>τῷ</em></strong></span> <span class='ocrx_word' id='word_1_180' title='bbox 1037 1268 1176 1315; x_wconf 79' lang='grc' dir='ltr'><strong><em>πρώτῳ</em></strong></span> 
     </span>
     <span class='ocr_line' id='line_1_24' title="bbox 80 1310 1178 1361; baseline -0.001 -12"><span class='ocrx_word' id='word_1_181' title='bbox 80 1316 224 1360; x_wconf 74' lang='grc' dir='ltr'><strong><em>βαθμῷ</em></strong></span> <span class='ocrx_word' id='word_1_182' title='bbox 250 1313 436 1359; x_wconf 78' lang='grc' dir='ltr'><strong><em>στήσομεν,</em></strong></span> <span class='ocrx_word' id='word_1_183' title='bbox 461 1310 557 1348; x_wconf 65' lang='grc' dir='ltr'>τοῦτ&gt;</span> <span class='ocrx_word' id='word_1_184' title='bbox 583 1317 683 1349; x_wconf 78' lang='grc' dir='ltr'><strong><em>ἔστιν</em></strong></span> <span class='ocrx_word' id='word_1_185' title='bbox 696 1313 777 1350; x_wconf 82' lang='grc' dir='ltr'><strong><em>υἱὸν</em></strong></span> <span class='ocrx_word' id='word_1_186' title='bbox 795 1317 856 1348; x_wconf 84' lang='grc' dir='ltr'>καὶ</span> <span class='ocrx_word' id='word_1_187' title='bbox 875 1314 1068 1361; x_wconf 65' lang='grc' dir='ltr'><strong><em>θυγατέρα,</em></strong></span> <span class='ocrx_word' id='word_1_188' title='bbox 1090 1311 1178 1348; x_wconf 74' lang='grc' dir='ltr'><strong><em>ἀλλὰ</em></strong></span> 
     </span>
     <span class='ocr_line' id='line_1_25' title="bbox 84 1354 1178 1406; baseline 0 -13"><span class='ocrx_word' id='word_1_189' title='bbox 84 1362 106 1396; x_wconf 80' lang='grc'>2</span> <span class='ocrx_word' id='word_1_190' title='bbox 153 1363 213 1393; x_wconf 83' lang='grc' dir='ltr'>καὶ</span> <span class='ocrx_word' id='word_1_191' title='bbox 236 1363 275 1406; x_wconf 72' lang='grc' dir='ltr'>ἐγ</span> <span class='ocrx_word' id='word_1_192' title='bbox 299 1358 401 1395; x_wconf 88' lang='grc' dir='ltr'><strong><em>όνους</em></strong></span> <span class='ocrx_word' id='word_1_193' title='bbox 431 1358 471 1398; x_wconf 71' lang='grc' dir='ltr'>ἐξ</span> <span class='ocrx_word' id='word_1_194' title='bbox 501 1360 668 1406; x_wconf 81' lang='grc' dir='ltr'><strong><em>ἑκατέρου</em></strong></span> <span class='ocrx_word' id='word_1_195' title='bbox 699 1362 760 1394; x_wconf 80' lang='grc' dir='ltr'>καὶ</span> <span class='ocrx_word' id='word_1_196' title='bbox 789 1359 871 1395; x_wconf 84' lang='grc' dir='ltr'><strong><em>τοὺς</em></strong></span> <span class='ocrx_word' id='word_1_197' title='bbox 901 1357 1035 1405; x_wconf 69' lang='grc' dir='ltr'><strong><em>ἐφεξῆς.</em></strong></span> <span class='ocrx_word' id='word_1_198' title='bbox 1073 1354 1178 1393; x_wconf 68' lang='grc' dir='ltr'><strong><em>Ἀλλὰ</em></strong></span> 
     </span>
     <span class='ocr_line' id='line_1_26' title="bbox 84 1402 1178 1453; baseline 0 -15"><span class='ocrx_word' id='word_1_199' title='bbox 84 1407 146 1439; x_wconf 83' lang='grc' dir='ltr'>καὶ</span> <span class='ocrx_word' id='word_1_200' title='bbox 169 1404 233 1439; x_wconf 72' lang='grc' dir='ltr'>ἐὰν</span> <span class='ocrx_word' id='word_1_201' title='bbox 279 1408 401 1438; x_wconf 88' lang='grc' dir='ltr'><strong><em>ίκαιον</em></strong></span> <span class='ocrx_word' id='word_1_202' title='bbox 420 1406 563 1450; x_wconf 81' lang='grc' dir='ltr'><strong><em>χρυσῶν</em></strong></span> <span class='ocrx_word' id='word_1_203' title='bbox 580 1402 782 1439; x_wconf 82' lang='grc' dir='ltr'><strong><em>δακτυλίων</em></strong></span> <span class='ocrx_word' id='word_1_204' title='bbox 803 1403 906 1453; x_wconf 72' lang='grc' dir='ltr'><strong><em>λάβῃ,</em></strong></span> <span class='ocrx_word' id='word_1_205' title='bbox 933 1406 989 1438; x_wconf 76' lang='grc' dir='ltr'>ἔτι</span> <span class='ocrx_word' id='word_1_206' title='bbox 1006 1402 1178 1445; x_wconf 79' lang='grc' dir='ltr'><strong><em>διασώζει</em></strong></span> 
     </span>
    </p>
   </div>
   <div class='ocr_carea' id='block_1_3' title="bbox 38 1518 1186 3812">
    <p class='ocr_par' dir='ltr' id='par_1_3' title="bbox 38 1518 1186 3812">
     <span class='ocr_line' id='line_1_27' title="bbox 83 1518 1178 1560; baseline -0.002 -7"><span class='ocrx_word' id='word_1_207' title='bbox 83 1521 124 1559; x_wconf 82' lang='grc'>(1)</span> <span class='ocrx_word' id='word_1_208' title='bbox 162 1529 455 1560; x_wconf 82' lang='grc' dir='ltr'><strong><em>χειροτονησουσι</em></strong></span> <span class='ocrx_word' id='word_1_209' title='bbox 480 1518 515 1551; x_wconf 82' lang='lat' dir='ltr'><em>F</em></span> <span class='ocrx_word' id='word_1_210' title='bbox 601 1520 644 1559; x_wconf 83' lang='lat'>(2)</span> <span class='ocrx_word' id='word_1_211' title='bbox 669 1519 707 1551; x_wconf 81' lang='lat' dir='ltr'>id</span> <span class='ocrx_word' id='word_1_212' title='bbox 717 1525 784 1552; x_wconf 78' lang='lat' dir='ltr'>est.-</span> <span class='ocrx_word' id='word_1_213' title='bbox 809 1518 987 1552; x_wconf 83' lang='lat' dir='ltr'>Sciendum</span> <span class='ocrx_word' id='word_1_214' title='bbox 1000 1521 1051 1551; x_wconf 89' lang='lat' dir='ltr'>est</span> <span class='ocrx_word' id='word_1_215' title='bbox 1069 1528 1178 1560; x_wconf 86' lang='lat' dir='ltr'>neque</span> 
     </span>
     <span class='ocr_line' id='line_1_28' title="bbox 81 1563 1178 1606; baseline 0 -11"><span class='ocrx_word' id='word_1_216' title='bbox 81 1564 316 1605; x_wconf 84' lang='lat' dir='ltr'>amagistratu</span> <span class='ocrx_word' id='word_1_217' title='bbox 336 1563 431 1595; x_wconf 88' lang='lat' dir='ltr'>datos</span> <span class='ocrx_word' id='word_1_218' title='bbox 452 1566 580 1595; x_wconf 86' lang='lat' dir='ltr'>tutores</span> <span class='ocrx_word' id='word_1_219' title='bbox 599 1573 707 1606; x_wconf 89' lang='lat' dir='ltr'>neque</span> <span class='ocrx_word' id='word_1_220' title='bbox 733 1566 934 1596; x_wconf 87' lang='lat' dir='ltr'>testamento</span> <span class='ocrx_word' id='word_1_221' title='bbox 947 1563 1043 1596; x_wconf 87' lang='lat' dir='ltr'>datos</span> <span class='ocrx_word' id='word_1_222' title='bbox 1063 1573 1178 1596; x_wconf 88' lang='lat' dir='ltr'>neces-</span> 
     </span>
     <span class='ocr_line' id='line_1_29' title="bbox 83 1606 1180 1651; baseline 0 -10"><span class='ocrx_word' id='word_1_223' title='bbox 83 1609 219 1641; x_wconf 85' lang='lat' dir='ltr'>sitatem</span> <span class='ocrx_word' id='word_1_224' title='bbox 240 1606 361 1641; x_wconf 88' lang='lat' dir='ltr'>habere</span> <span class='ocrx_word' id='word_1_225' title='bbox 374 1608 580 1651; x_wconf 88' lang='lat' dir='ltr'>appellandi,</span> <span class='ocrx_word' id='word_1_226' title='bbox 594 1611 634 1640; x_wconf 97' lang='grc' dir='ltr'>ιιι</span> <span class='ocrx_word' id='word_1_227' title='bbox 652 1607 802 1641; x_wconf 80' lang='lat' dir='ltr'>declarat</span> <span class='ocrx_word' id='word_1_228' title='bbox 813 1608 1014 1641; x_wconf 88' lang='lat' dir='ltr'>constitutio</span> <span class='ocrx_word' id='word_1_229' title='bbox 1026 1608 1180 1641; x_wconf 86' lang='lat' dir='ltr'>divorum</span> 
     </span>
     <span class='ocr_line' id='line_1_30' title="bbox 84 1652 1179 1686; baseline 0.001 -1"><span class='ocrx_word' id='word_1_230' title='bbox 84 1653 199 1686; x_wconf 86' lang='lat' dir='ltr'>Severi</span> <span class='ocrx_word' id='word_1_231' title='bbox 220 1657 254 1686; x_wconf 88' lang='lat' dir='ltr'>et</span> <span class='ocrx_word' id='word_1_232' title='bbox 272 1654 449 1686; x_wconf 83' lang='lat' dir='ltr'>Antonini.</span> <span class='ocrx_word' id='word_1_233' title='bbox 474 1653 510 1685; x_wconf 89' lang='lat' dir='ltr'>id</span> <span class='ocrx_word' id='word_1_234' title='bbox 531 1652 774 1686; x_wconf 84' lang='lat' dir='ltr'>observandum</span> <span class='ocrx_word' id='word_1_235' title='bbox 787 1657 838 1686; x_wconf 87' lang='lat' dir='ltr'>est</span> <span class='ocrx_word' id='word_1_236' title='bbox 850 1653 952 1686; x_wconf 89' lang='lat' dir='ltr'>etiam</span> <span class='ocrx_word' id='word_1_237' title='bbox 964 1653 1001 1686; x_wconf 92' lang='lat' dir='ltr'>in</span> <span class='ocrx_word' id='word_1_238' title='bbox 1014 1653 1179 1686; x_wconf 87' lang='lat' dir='ltr'>curatori-</span> 
     </span>
     <span class='ocr_line' id='line_1_31' title="bbox 83 1697 1179 1740; baseline 0 -9"><span class='ocrx_word' id='word_1_239' title='bbox 83 1697 147 1731; x_wconf 88' lang='lat' dir='ltr'>bus</span> <span class='ocrx_word' id='word_1_240' title='bbox 165 1709 186 1731; x_wconf 86' lang='lat' dir='ltr'>a</span> <span class='ocrx_word' id='word_1_241' title='bbox 204 1699 406 1740; x_wconf 86' lang='lat' dir='ltr'>magistratu</span> <span class='ocrx_word' id='word_1_242' title='bbox 431 1698 530 1739; x_wconf 87' lang='lat' dir='ltr'>datis,</span> <span class='ocrx_word' id='word_1_243' title='bbox 554 1709 632 1731; x_wconf 89' lang='lat' dir='ltr'>nam</span> <span class='ocrx_word' id='word_1_244' title='bbox 656 1699 794 1731; x_wconf 85' lang='lat' dir='ltr'>omnino</span> <span class='ocrx_word' id='word_1_245' title='bbox 816 1698 873 1731; x_wconf 87' lang='lat' dir='ltr'>vix</span> <span class='ocrx_word' id='word_1_246' title='bbox 896 1698 1058 1732; x_wconf 85' lang='lat' dir='ltr'>differunt</span> <span class='ocrx_word' id='word_1_247' title='bbox 1083 1709 1179 1731; x_wconf 89' lang='lat' dir='ltr'>cura·</span> 
     </span>
     <span class='ocr_line' id='line_1_32' title="bbox 84 1742 1180 1786; baseline 0 -10"><span class='ocrx_word' id='word_1_248' title='bbox 84 1747 173 1776; x_wconf 83' lang='lat' dir='ltr'>tores</span> <span class='ocrx_word' id='word_1_249' title='bbox 194 1754 214 1776; x_wconf 86' lang='lat' dir='ltr'>a</span> <span class='ocrx_word' id='word_1_250' title='bbox 234 1742 415 1776; x_wconf 85' lang='lat' dir='ltr'>tutoribus.</span> <span class='ocrx_word' id='word_1_251' title='bbox 457 1744 616 1776; x_wconf 85' lang='lat' dir='ltr'>adversus</span> <span class='ocrx_word' id='word_1_252' title='bbox 643 1744 829 1776; x_wconf 87' lang='lat' dir='ltr'>sententias</span> <span class='ocrx_word' id='word_1_253' title='bbox 856 1747 986 1784; x_wconf 87' lang='lat' dir='ltr'>autem,</span> <span class='ocrx_word' id='word_1_254' title='bbox 1018 1754 1103 1786; x_wconf 86' lang='lat' dir='ltr'>quae</span> <span class='ocrx_word' id='word_1_255' title='bbox 1124 1754 1180 1776; x_wconf 90' lang='lat' dir='ltr'>ex-</span> 
     </span>
     <span class='ocr_line' id='line_1_33' title="bbox 86 1787 1181 1832; baseline 0 -10"><span class='ocrx_word' id='word_1_256' title='bbox 86 1790 103 1823; x_wconf 89' lang='lat'>1</span> <span class='ocrx_word' id='word_1_257' title='bbox 130 1787 318 1821; x_wconf 87' lang='lat' dir='ltr'>cusationes</span> <span class='ocrx_word' id='word_1_258' title='bbox 340 1788 385 1820; x_wconf 87' lang='lat' dir='ltr'>iis</span> <span class='ocrx_word' id='word_1_259' title='bbox 415 1789 576 1832; x_wconf 86' lang='lat' dir='ltr'>eripiunt,</span> <span class='ocrx_word' id='word_1_260' title='bbox 597 1789 651 1821; x_wconf 91' lang='lat' dir='ltr'>ius</span> <span class='ocrx_word' id='word_1_261' title='bbox 675 1788 849 1821; x_wconf 87' lang='lat' dir='ltr'>habebunt</span> <span class='ocrx_word' id='word_1_262' title='bbox 868 1789 1076 1832; x_wconf 85' lang='lat' dir='ltr'>appellandi.</span> <span class='ocrx_word' id='word_1_263' title='bbox 1114 1788 1181 1822; x_wconf 85' lang='lat' dir='ltr'>Sed</span> 
     </span>
     <span class='ocr_line' id='line_1_34' title="bbox 84 1832 1181 1874; baseline -0.001 -7"><span class='ocrx_word' id='word_1_264' title='bbox 84 1833 192 1867; x_wconf 87' lang='lat' dir='ltr'>multa</span> <span class='ocrx_word' id='word_1_265' title='bbox 218 1832 426 1866; x_wconf 87' lang='lat' dir='ltr'>observanda</span> <span class='ocrx_word' id='word_1_266' title='bbox 447 1838 536 1874; x_wconf 90' lang='lat' dir='ltr'>sunt,</span> <span class='ocrx_word' id='word_1_267' title='bbox 557 1837 597 1866; x_wconf 89' lang='lat' dir='ltr'>ut</span> <span class='ocrx_word' id='word_1_268' title='bbox 615 1834 719 1866; x_wconf 89' lang='lat' dir='ltr'>liceat</span> <span class='ocrx_word' id='word_1_269' title='bbox 737 1834 908 1867; x_wconf 84' lang='lat' dir='ltr'>tutoribus</span> <span class='ocrx_word' id='word_1_270' title='bbox 928 1833 1181 1867; x_wconf 88' lang='lat' dir='ltr'>curatoribusve</span> 
     </span>
     <span class='ocr_line' id='line_1_35' title="bbox 38 1878 1181 1922; baseline 0.001 -11"><span class='ocrx_word' id='word_1_271' title='bbox 38 1895 40 1897; x_wconf 91' lang='lat'>·</span> <span class='ocrx_word' id='word_1_272' title='bbox 86 1889 205 1911; x_wconf 86' lang='lat' dir='ltr'>causas</span> <span class='ocrx_word' id='word_1_273' title='bbox 218 1879 446 1911; x_wconf 80' lang='lat' dir='ltr'>excusationis</span> <span class='ocrx_word' id='word_1_274' title='bbox 470 1878 630 1921; x_wconf 80' lang='lat' dir='ltr'>proferre.</span> <span class='ocrx_word' id='word_1_275' title='bbox 655 1889 733 1911; x_wconf 90' lang='lat' dir='ltr'>nam</span> <span class='ocrx_word' id='word_1_276' title='bbox 751 1880 844 1911; x_wconf 89' lang='lat' dir='ltr'>intra</span> <span class='ocrx_word' id='word_1_277' title='bbox 864 1882 1015 1922; x_wconf 86' lang='lat' dir='ltr'>tempora</span> <span class='ocrx_word' id='word_1_278' title='bbox 1035 1879 1181 1912; x_wconf 87' lang='lat' dir='ltr'>iudicem</span> 
     </span>
     <span class='ocr_line' id='line_1_36' title="bbox 83 1924 1180 1968; baseline 0.001 -12"><span class='ocrx_word' id='word_1_279' title='bbox 83 1924 177 1956; x_wconf 88' lang='lat' dir='ltr'>adire</span> <span class='ocrx_word' id='word_1_280' title='bbox 198 1927 351 1966; x_wconf 84' lang='lat' dir='ltr'>oportet:</span> <span class='ocrx_word' id='word_1_281' title='bbox 375 1927 527 1967; x_wconf 88' lang='lat' dir='ltr'>tempora</span> <span class='ocrx_word' id='word_1_282' title='bbox 547 1927 659 1956; x_wconf 90' lang='lat' dir='ltr'>autem</span> <span class='ocrx_word' id='word_1_283' title='bbox 672 1925 754 1956; x_wconf 87' lang='lat' dir='ltr'>haec</span> <span class='ocrx_word' id='word_1_284' title='bbox 766 1927 854 1957; x_wconf 91' lang='lat' dir='ltr'>sunt.</span> <span class='ocrx_word' id='word_1_285' title='bbox 884 1925 943 1968; x_wconf 91' lang='lat' dir='ltr'>qui</span> <span class='ocrx_word' id='word_1_286' title='bbox 955 1928 1007 1957; x_wconf 90' lang='lat' dir='ltr'>est</span> <span class='ocrx_word' id='word_1_287' title='bbox 1018 1925 1055 1957; x_wconf 88' lang='lat' dir='ltr'>in</span> <span class='ocrx_word' id='word_1_288' title='bbox 1067 1924 1180 1957; x_wconf 89' lang='lat' dir='ltr'>eadem</span> 
     </span>
     <span class='ocr_line' id='line_1_37' title="bbox 82 1968 1180 2011; baseline 0.001 -10"><span class='ocrx_word' id='word_1_289' title='bbox 82 1969 236 2010; x_wconf 86' lang='lat' dir='ltr'>civitate,</span> <span class='ocrx_word' id='word_1_290' title='bbox 250 1969 307 2001; x_wconf 91' lang='lat' dir='ltr'>ubi</span> <span class='ocrx_word' id='word_1_291' title='bbox 325 1969 434 2009; x_wconf 81' lang='lat' dir='ltr'>datur,</span> <span class='ocrx_word' id='word_1_292' title='bbox 452 1969 504 2002; x_wconf 89' lang='lat' dir='ltr'>vel</span> <span class='ocrx_word' id='word_1_293' title='bbox 525 1969 616 2002; x_wconf 91' lang='lat' dir='ltr'>intra</span> <span class='ocrx_word' id='word_1_294' title='bbox 636 1970 854 2002; x_wconf 87' lang='lat' dir='ltr'>centesimum</span> <span class='ocrx_word' id='word_1_295' title='bbox 866 1969 1051 2002; x_wconf 89' lang='lat' dir='ltr'>miliarium</span> <span class='ocrx_word' id='word_1_296' title='bbox 1066 1968 1108 2002; x_wconf 89' lang='lat' dir='ltr'>ab</span> <span class='ocrx_word' id='word_1_297' title='bbox 1130 1979 1180 2011; x_wconf 88' lang='lat' dir='ltr'>ea,</span> 
     </span>
     <span class='ocr_line' id='line_1_38' title="bbox 84 2014 1180 2057; baseline 0.001 -11"><span class='ocrx_word' id='word_1_298' title='bbox 84 2015 176 2046; x_wconf 88' lang='lat' dir='ltr'>intra</span> <span class='ocrx_word' id='word_1_299' title='bbox 185 2014 435 2057; x_wconf 82' lang='lat' dir='ltr'>quinquaginta</span> <span class='ocrx_word' id='word_1_300' title='bbox 444 2014 515 2047; x_wconf 88' lang='lat' dir='ltr'>dies</span> <span class='ocrx_word' id='word_1_301' title='bbox 525 2025 559 2047; x_wconf 91' lang='lat' dir='ltr'>se</span> <span class='ocrx_word' id='word_1_302' title='bbox 569 2014 744 2047; x_wconf 84' lang='lat' dir='ltr'>excusabit</span> <span class='ocrx_word' id='word_1_303' title='bbox 751 2018 811 2047; x_wconf 88' lang='lat' dir='ltr'>aut</span> <span class='ocrx_word' id='word_1_304' title='bbox 818 2018 897 2057; x_wconf 89' lang='lat' dir='ltr'>post</span> <span class='ocrx_word' id='word_1_305' title='bbox 908 2015 971 2048; x_wconf 89' lang='lat' dir='ltr'>hoc</span> <span class='ocrx_word' id='word_1_306' title='bbox 981 2025 1049 2047; x_wconf 92' lang='lat' dir='ltr'>non</span> <span class='ocrx_word' id='word_1_307' title='bbox 1057 2014 1180 2048; x_wconf 88' lang='lat' dir='ltr'>libera·</span> 
     </span>
     <span class='ocr_line' id='line_1_39' title="bbox 84 2058 1181 2102; baseline 0.001 -11"><span class='ocrx_word' id='word_1_308' title='bbox 84 2058 195 2098; x_wconf 85' lang='lat' dir='ltr'>bitur,</span> <span class='ocrx_word' id='word_1_309' title='bbox 214 2059 271 2092; x_wconf 90' lang='lat' dir='ltr'>sed</span> <span class='ocrx_word' id='word_1_310' title='bbox 291 2069 391 2092; x_wconf 85' lang='lat' dir='ltr'>onere</span> <span class='ocrx_word' id='word_1_311' title='bbox 411 2060 592 2093; x_wconf 80' lang='lat' dir='ltr'>tenebitur.</span> <span class='ocrx_word' id='word_1_312' title='bbox 629 2070 769 2102; x_wconf 89' lang='lat' dir='ltr'>quorum</span> <span class='ocrx_word' id='word_1_313' title='bbox 791 2060 822 2092; x_wconf 87' lang='lat' dir='ltr'>si</span> <span class='ocrx_word' id='word_1_314' title='bbox 833 2063 990 2092; x_wconf 89' lang='lat' dir='ltr'>neutrum</span> <span class='ocrx_word' id='word_1_315' title='bbox 1002 2060 1131 2100; x_wconf 84' lang='lat' dir='ltr'>fecerit,</span> <span class='ocrx_word' id='word_1_316' title='bbox 1144 2060 1181 2092; x_wconf 88' lang='lat' dir='ltr'>in</span> 
     </span>
     <span class='ocr_line' id='line_1_40' title="bbox 83 2104 1181 2148; baseline 0.002 -12"><span class='ocrx_word' id='word_1_317' title='bbox 83 2104 199 2136; x_wconf 88' lang='lat' dir='ltr'>eadem</span> <span class='ocrx_word' id='word_1_318' title='bbox 212 2114 314 2137; x_wconf 86' lang='lat' dir='ltr'>causa</span> <span class='ocrx_word' id='word_1_319' title='bbox 323 2104 400 2146; x_wconf 89' lang='lat' dir='ltr'>erit,</span> <span class='ocrx_word' id='word_1_320' title='bbox 413 2104 450 2137; x_wconf 90' lang='lat' dir='ltr'>in</span> <span class='ocrx_word' id='word_1_321' title='bbox 460 2115 527 2146; x_wconf 87' lang='lat' dir='ltr'>qua</span> <span class='ocrx_word' id='word_1_322' title='bbox 538 2105 670 2146; x_wconf 86' lang='lat' dir='ltr'>fuisset,</span> <span class='ocrx_word' id='word_1_323' title='bbox 680 2105 709 2137; x_wconf 88' lang='lat' dir='ltr'>si</span> <span class='ocrx_word' id='word_1_324' title='bbox 721 2104 909 2137; x_wconf 89' lang='lat' dir='ltr'>iudicatum</span> <span class='ocrx_word' id='word_1_325' title='bbox 919 2108 1006 2138; x_wconf 88' lang='lat' dir='ltr'>esset</span> <span class='ocrx_word' id='word_1_326' title='bbox 1018 2115 1079 2138; x_wconf 90' lang='lat' dir='ltr'>suo</span> <span class='ocrx_word' id='word_1_327' title='bbox 1091 2105 1181 2148; x_wconf 87' lang='lat' dir='ltr'>peri-</span> 
     </span>
     <span class='ocr_line' id='line_1_41' title="bbox 82 2149 1181 2192; baseline 0.002 -11"><span class='ocrx_word' id='word_1_328' title='bbox 82 2149 162 2181; x_wconf 84' lang='lat' dir='ltr'>culo</span> <span class='ocrx_word' id='word_1_329' title='bbox 175 2160 250 2182; x_wconf 91' lang='lat' dir='ltr'>eum</span> <span class='ocrx_word' id='word_1_330' title='bbox 262 2160 402 2189; x_wconf 85' lang='lat' dir='ltr'>cessare,</span> <span class='ocrx_word' id='word_1_331' title='bbox 413 2160 489 2182; x_wconf 90' lang='lat' dir='ltr'>cum</span> <span class='ocrx_word' id='word_1_332' title='bbox 501 2153 675 2192; x_wconf 88' lang='lat' dir='ltr'>praeterea</span> <span class='ocrx_word' id='word_1_333' title='bbox 686 2149 815 2182; x_wconf 89' lang='lat' dir='ltr'>nullam</span> <span class='ocrx_word' id='word_1_334' title='bbox 834 2151 923 2183; x_wconf 89' lang='lat' dir='ltr'>viam</span> <span class='ocrx_word' id='word_1_335' title='bbox 943 2150 1126 2183; x_wconf 88' lang='lat' dir='ltr'>excusandi</span> <span class='ocrx_word' id='word_1_336' title='bbox 1147 2160 1181 2182; x_wconf 85' lang='lat' dir='ltr'>se</span> 
     </span>
     <span class='ocr_line' id='line_1_42' title="bbox 84 2193 1182 2237; baseline 0.002 -11"><span class='ocrx_word' id='word_1_337' title='bbox 84 2193 248 2236; x_wconf 89' lang='lat' dir='ltr'>reliquam</span> <span class='ocrx_word' id='word_1_338' title='bbox 268 2193 402 2228; x_wconf 86' lang='lat' dir='ltr'>habeat.</span> <span class='ocrx_word' id='word_1_339' title='bbox 428 2195 488 2237; x_wconf 90' lang='lat' dir='ltr'>qui</span> <span class='ocrx_word' id='word_1_340' title='bbox 507 2198 620 2227; x_wconf 90' lang='lat' dir='ltr'>autem</span> <span class='ocrx_word' id='word_1_341' title='bbox 639 2194 716 2237; x_wconf 90' lang='lat' dir='ltr'>plus</span> <span class='ocrx_word' id='word_1_342' title='bbox 741 2199 877 2228; x_wconf 89' lang='lat' dir='ltr'>centum</span> <span class='ocrx_word' id='word_1_343' title='bbox 888 2195 984 2228; x_wconf 89' lang='lat' dir='ltr'>milia</span> <span class='ocrx_word' id='word_1_344' title='bbox 1003 2206 1023 2228; x_wconf 90' lang='lat' dir='ltr'>a</span> <span class='ocrx_word' id='word_1_345' title='bbox 1043 2196 1182 2228; x_wconf 86' lang='lat' dir='ltr'>civitate</span> 
     </span>
     <span class='ocr_line' id='line_1_43' title="bbox 83 2237 1181 2284; baseline 0.003 -14"><span class='ocrx_word' id='word_1_346' title='bbox 83 2237 197 2279; x_wconf 87' lang='lat' dir='ltr'>abest,</span> <span class='ocrx_word' id='word_1_347' title='bbox 219 2239 250 2271; x_wconf 91' lang='lat' dir='ltr'>ei</span> <span class='ocrx_word' id='word_1_348' title='bbox 270 2240 390 2272; x_wconf 88' lang='lat' dir='ltr'>vicena</span> <span class='ocrx_word' id='word_1_349' title='bbox 412 2239 508 2272; x_wconf 88' lang='lat' dir='ltr'>milia</span> <span class='ocrx_word' id='word_1_350' title='bbox 531 2239 819 2283; x_wconf 88' lang='lat' dir='ltr'>computabuntur</span> <span class='ocrx_word' id='word_1_351' title='bbox 840 2251 903 2284; x_wconf 88' lang='lat' dir='ltr'>per</span> <span class='ocrx_word' id='word_1_352' title='bbox 924 2240 1078 2283; x_wconf 88' lang='lat' dir='ltr'>singulos</span> <span class='ocrx_word' id='word_1_353' title='bbox 1097 2240 1181 2282; x_wconf 87' lang='lat' dir='ltr'>dies,</span> 
     </span>
     <span class='ocr_line' id='line_1_44' title="bbox 83 2285 1182 2328; baseline 0 -11"><span class='ocrx_word' id='word_1_354' title='bbox 83 2294 126 2317; x_wconf 84' lang='lat' dir='ltr'>ex</span> <span class='ocrx_word' id='word_1_355' title='bbox 139 2294 205 2326; x_wconf 89' lang='lat' dir='ltr'>quo</span> <span class='ocrx_word' id='word_1_356' title='bbox 222 2285 310 2318; x_wconf 88' lang='lat' dir='ltr'>sciat</span> <span class='ocrx_word' id='word_1_357' title='bbox 331 2285 611 2325; x_wconf 88' lang='lat' dir='ltr'>(denuntiandum</span> <span class='ocrx_word' id='word_1_358' title='bbox 631 2288 743 2318; x_wconf 89' lang='lat' dir='ltr'>autem</span> <span class='ocrx_word' id='word_1_359' title='bbox 764 2288 815 2318; x_wconf 90' lang='lat' dir='ltr'>est</span> <span class='ocrx_word' id='word_1_360' title='bbox 836 2286 868 2318; x_wconf 91' lang='lat' dir='ltr'>ei</span> <span class='ocrx_word' id='word_1_361' title='bbox 888 2296 909 2318; x_wconf 91' lang='lat' dir='ltr'>a</span> <span class='ocrx_word' id='word_1_362' title='bbox 926 2285 1182 2328; x_wconf 85' lang='lat' dir='ltr'>magistratibus</span> 
     </span>
     <span class='ocr_line' id='line_1_45' title="bbox 84 2329 1183 2373; baseline 0.001 -11"><span class='ocrx_word' id='word_1_363' title='bbox 84 2332 145 2363; x_wconf 86' lang='lat' dir='ltr'>aut</span> <span class='ocrx_word' id='word_1_364' title='bbox 176 2341 287 2362; x_wconf 87' lang='lat' dir='ltr'>coram</span> <span class='ocrx_word' id='word_1_365' title='bbox 310 2335 370 2362; x_wconf 89' lang='lat' dir='ltr'>aut</span> <span class='ocrx_word' id='word_1_366' title='bbox 390 2330 432 2362; x_wconf 87' lang='lat' dir='ltr'>ad</span> <span class='ocrx_word' id='word_1_367' title='bbox 456 2330 602 2372; x_wconf 89' lang='lat' dir='ltr'>domum)</span> <span class='ocrx_word' id='word_1_368' title='bbox 624 2333 658 2363; x_wconf 89' lang='lat' dir='ltr'>et</span> <span class='ocrx_word' id='word_1_369' title='bbox 681 2334 815 2373; x_wconf 85' lang='lat' dir='ltr'>praeter</span> <span class='ocrx_word' id='word_1_370' title='bbox 842 2329 903 2364; x_wconf 87' lang='lat' dir='ltr'>hos</span> <span class='ocrx_word' id='word_1_371' title='bbox 931 2331 1017 2364; x_wconf 87' lang='lat' dir='ltr'>alios</span> <span class='ocrx_word' id='word_1_372' title='bbox 1036 2330 1183 2373; x_wconf 85' lang='lat' dir='ltr'>triginta</span> 
     </span>
     <span class='ocr_line' id='line_1_46' title="bbox 84 2375 1183 2418; baseline 0.002 -11"><span class='ocrx_word' id='word_1_373' title='bbox 84 2375 158 2408; x_wconf 91' lang='lat' dir='ltr'>dies</span> <span class='ocrx_word' id='word_1_374' title='bbox 170 2375 310 2408; x_wconf 81' lang='lat' dir='ltr'>habebit</span> <span class='ocrx_word' id='word_1_375' title='bbox 322 2375 364 2407; x_wconf 91' lang='lat' dir='ltr'>ad</span> <span class='ocrx_word' id='word_1_376' title='bbox 384 2385 519 2407; x_wconf 89' lang='lat' dir='ltr'>causam</span> <span class='ocrx_word' id='word_1_377' title='bbox 538 2375 711 2418; x_wconf 82' lang='lat' dir='ltr'>agendam.</span> <span class='ocrx_word' id='word_1_378' title='bbox 744 2375 808 2408; x_wconf 88' lang='lat' dir='ltr'>hoc</span> <span class='ocrx_word' id='word_1_379' title='bbox 828 2376 977 2418; x_wconf 84' lang='lat' dir='ltr'>pertinet</span> <span class='ocrx_word' id='word_1_380' title='bbox 1008 2376 1111 2409; x_wconf 89' lang='lat' dir='ltr'>etiam</span> <span class='ocrx_word' id='word_1_381' title='bbox 1140 2375 1183 2408; x_wconf 83' lang='lat' dir='ltr'>ad</span> 
     </span>
     <span class='ocr_line' id='line_1_47' title="bbox 86 2420 1182 2464; baseline 0.002 -12"><span class='ocrx_word' id='word_1_382' title='bbox 86 2423 286 2453; x_wconf 86' lang='lat' dir='ltr'>testamento</span> <span class='ocrx_word' id='word_1_383' title='bbox 299 2420 406 2460; x_wconf 88' lang='lat' dir='ltr'>datos,</span> <span class='ocrx_word' id='word_1_384' title='bbox 420 2420 490 2453; x_wconf 87' lang='lat' dir='ltr'>sive</span> <span class='ocrx_word' id='word_1_385' title='bbox 503 2424 632 2453; x_wconf 88' lang='lat' dir='ltr'>tutores</span> <span class='ocrx_word' id='word_1_386' title='bbox 644 2421 715 2453; x_wconf 85' lang='lat' dir='ltr'>sint</span> <span class='ocrx_word' id='word_1_387' title='bbox 727 2421 798 2454; x_wconf 89' lang='lat' dir='ltr'>sive</span> <span class='ocrx_word' id='word_1_388' title='bbox 810 2425 993 2462; x_wconf 79' lang='lat' dir='ltr'>curatores,</span> <span class='ocrx_word' id='word_1_389' title='bbox 1006 2422 1066 2464; x_wconf 85' lang='lat' dir='ltr'>qui</span> <span class='ocrx_word' id='word_1_390' title='bbox 1085 2431 1182 2454; x_wconf 83' lang='lat' dir='ltr'>cura-</span> 
     </span>
     <span class='ocr_line' id='line_1_48' title="bbox 86 2465 1183 2509; baseline 0.001 -11"><span class='ocrx_word' id='word_1_391' title='bbox 86 2467 107 2499; x_wconf 89' lang='lat'>2</span> <span class='ocrx_word' id='word_1_392' title='bbox 131 2467 220 2498; x_wconf 86' lang='lat' dir='ltr'>tores</span> <span class='ocrx_word' id='word_1_393' title='bbox 233 2465 424 2498; x_wconf 78' lang='lat' dir='ltr'>confimari</span> <span class='ocrx_word' id='word_1_394' title='bbox 437 2465 547 2498; x_wconf 88' lang='lat' dir='ltr'>solent</span> <span class='ocrx_word' id='word_1_395' title='bbox 566 2476 586 2498; x_wconf 91' lang='lat' dir='ltr'>a</span> <span class='ocrx_word' id='word_1_396' title='bbox 598 2466 766 2507; x_wconf 83' lang='lat' dir='ltr'>praeside.</span> <span class='ocrx_word' id='word_1_397' title='bbox 790 2466 895 2499; x_wconf 90' lang='lat' dir='ltr'>Aliud</span> <span class='ocrx_word' id='word_1_398' title='bbox 906 2476 1038 2509; x_wconf 89' lang='lat' dir='ltr'>quoque</span> <span class='ocrx_word' id='word_1_399' title='bbox 1050 2466 1183 2499; x_wconf 85' lang='lat' dir='ltr'>inveni-</span> 
     </span>
     <span class='ocr_line' id='line_1_49' title="bbox 86 2510 1182 2554; baseline 0.002 -12"><span class='ocrx_word' id='word_1_400' title='bbox 86 2521 160 2542; x_wconf 86' lang='lat' dir='ltr'>mus</span> <span class='ocrx_word' id='word_1_401' title='bbox 183 2510 246 2544; x_wconf 90' lang='lat' dir='ltr'>hoc</span> <span class='ocrx_word' id='word_1_402' title='bbox 266 2510 303 2542; x_wconf 92' lang='lat' dir='ltr'>in</span> <span class='ocrx_word' id='word_1_403' title='bbox 324 2510 538 2543; x_wconf 87' lang='lat' dir='ltr'>ordinatione</span> <span class='ocrx_word' id='word_1_404' title='bbox 558 2510 630 2543; x_wconf 87' lang='lat' dir='ltr'>divi</span> <span class='ocrx_word' id='word_1_405' title='bbox 646 2511 766 2553; x_wconf 88' lang='lat' dir='ltr'>Marci,</span> <span class='ocrx_word' id='word_1_406' title='bbox 787 2512 827 2543; x_wconf 85' lang='lat' dir='ltr'>de</span> <span class='ocrx_word' id='word_1_407' title='bbox 841 2522 907 2554; x_wconf 91' lang='lat' dir='ltr'>quo</span> <span class='ocrx_word' id='word_1_408' title='bbox 920 2511 1099 2544; x_wconf 87' lang='lat' dir='ltr'>videndum</span> <span class='ocrx_word' id='word_1_409' title='bbox 1122 2513 1182 2544; x_wconf 90' lang='lat' dir='ltr'>est.</span> 
     </span>
     <span class='ocr_line' id='line_1_50' title="bbox 87 2555 1183 2598; baseline 0.002 -11"><span class='ocrx_word' id='word_1_410' title='bbox 87 2565 164 2587; x_wconf 89' lang='lat' dir='ltr'>nam</span> <span class='ocrx_word' id='word_1_411' title='bbox 185 2555 226 2595; x_wconf 91' lang='lat' dir='ltr'>ei,</span> <span class='ocrx_word' id='word_1_412' title='bbox 241 2555 299 2597; x_wconf 90' lang='lat' dir='ltr'>qui</span> <span class='ocrx_word' id='word_1_413' title='bbox 317 2555 363 2587; x_wconf 86' lang='lat' dir='ltr'>sit</span> <span class='ocrx_word' id='word_1_414' title='bbox 375 2556 411 2587; x_wconf 90' lang='lat' dir='ltr'>in</span> <span class='ocrx_word' id='word_1_415' title='bbox 426 2556 539 2588; x_wconf 88' lang='lat' dir='ltr'>eadem</span> <span class='ocrx_word' id='word_1_416' title='bbox 551 2556 701 2595; x_wconf 87' lang='lat' dir='ltr'>civitate,</span> <span class='ocrx_word' id='word_1_417' title='bbox 715 2556 752 2588; x_wconf 90' lang='lat' dir='ltr'>in</span> <span class='ocrx_word' id='word_1_418' title='bbox 763 2566 829 2598; x_wconf 92' lang='lat' dir='ltr'>qua</span> <span class='ocrx_word' id='word_1_419' title='bbox 841 2556 939 2589; x_wconf 89' lang='lat' dir='ltr'>datus</span> <span class='ocrx_word' id='word_1_420' title='bbox 952 2560 1014 2597; x_wconf 89' lang='lat' dir='ltr'>est,</span> <span class='ocrx_word' id='word_1_421' title='bbox 1026 2556 1080 2589; x_wconf 88' lang='lat' dir='ltr'>vel</span> <span class='ocrx_word' id='word_1_422' title='bbox 1092 2557 1183 2590; x_wconf 84' lang='lat' dir='ltr'>intra</span> 
     </span>
     <span class='ocr_line' id='line_1_51' title="bbox 86 2600 1183 2644; baseline 0.002 -12"><span class='ocrx_word' id='word_1_423' title='bbox 86 2600 304 2632; x_wconf 88' lang='lat' dir='ltr'>centesimum</span> <span class='ocrx_word' id='word_1_424' title='bbox 318 2600 514 2642; x_wconf 88' lang='lat' dir='ltr'>miliarium,</span> <span class='ocrx_word' id='word_1_425' title='bbox 532 2600 781 2643; x_wconf 83' lang='lat' dir='ltr'>quinquaginta</span> <span class='ocrx_word' id='word_1_426' title='bbox 797 2601 925 2634; x_wconf 87' lang='lat' dir='ltr'>dierum</span> <span class='ocrx_word' id='word_1_427' title='bbox 938 2602 1086 2644; x_wconf 88' lang='lat' dir='ltr'>spatium</span> <span class='ocrx_word' id='word_1_428' title='bbox 1098 2601 1183 2644; x_wconf 84' lang='lat' dir='ltr'>leg-is</span> 
     </span>
     <span class='ocr_line' id='line_1_52' title="bbox 87 2644 1183 2688; baseline 0.002 -11"><span class='ocrx_word' id='word_1_429' title='bbox 87 2644 174 2677; x_wconf 88' lang='lat' dir='ltr'>lator</span> <span class='ocrx_word' id='word_1_430' title='bbox 187 2645 291 2687; x_wconf 86' lang='lat' dir='ltr'>dedit,</span> <span class='ocrx_word' id='word_1_431' title='bbox 304 2645 335 2677; x_wconf 90' lang='lat' dir='ltr'>ei</span> <span class='ocrx_word' id='word_1_432' title='bbox 347 2652 468 2688; x_wconf 88' lang='lat' dir='ltr'>autem,</span> <span class='ocrx_word' id='word_1_433' title='bbox 484 2646 543 2688; x_wconf 89' lang='lat' dir='ltr'>qui</span> <span class='ocrx_word' id='word_1_434' title='bbox 562 2649 655 2678; x_wconf 87' lang='lat' dir='ltr'>extra</span> <span class='ocrx_word' id='word_1_435' title='bbox 664 2646 884 2678; x_wconf 88' lang='lat' dir='ltr'>centesimum</span> <span class='ocrx_word' id='word_1_436' title='bbox 892 2646 1078 2679; x_wconf 89' lang='lat' dir='ltr'>miliarium</span> <span class='ocrx_word' id='word_1_437' title='bbox 1086 2646 1183 2679; x_wconf 89' lang='lat' dir='ltr'>habi-</span> 
     </span>
     <span class='ocr_line' id='line_1_53' title="bbox 87 2689 1184 2735; baseline 0.003 -13"><span class='ocrx_word' id='word_1_438' title='bbox 87 2693 148 2730; x_wconf 86' lang='lat' dir='ltr'>tat,</span> <span class='ocrx_word' id='word_1_439' title='bbox 162 2700 222 2732; x_wconf 89' lang='lat' dir='ltr'>per</span> <span class='ocrx_word' id='word_1_440' title='bbox 234 2689 387 2732; x_wconf 87' lang='lat' dir='ltr'>singulos</span> <span class='ocrx_word' id='word_1_441' title='bbox 400 2690 472 2722; x_wconf 86' lang='lat' dir='ltr'>dies</span> <span class='ocrx_word' id='word_1_442' title='bbox 484 2691 602 2723; x_wconf 88' lang='lat' dir='ltr'>vicena</span> <span class='ocrx_word' id='word_1_443' title='bbox 615 2690 712 2723; x_wconf 91' lang='lat' dir='ltr'>milia</span> <span class='ocrx_word' id='word_1_444' title='bbox 723 2692 915 2734; x_wconf 84' lang='lat' dir='ltr'>computari</span> <span class='ocrx_word' id='word_1_445' title='bbox 927 2691 1029 2724; x_wconf 91' lang='lat' dir='ltr'>iussit</span> <span class='ocrx_word' id='word_1_446' title='bbox 1041 2695 1075 2725; x_wconf 91' lang='lat' dir='ltr'>et</span> <span class='ocrx_word' id='word_1_447' title='bbox 1086 2702 1184 2735; x_wconf 87' lang='lat' dir='ltr'>prae·</span> 
     </span>
     <span class='ocr_line' id='line_1_54' title="bbox 87 2735 1183 2780; baseline 0.003 -13"><span class='ocrx_word' id='word_1_448' title='bbox 87 2738 139 2767; x_wconf 90' lang='lat' dir='ltr'>ter</span> <span class='ocrx_word' id='word_1_449' title='bbox 170 2735 231 2767; x_wconf 88' lang='lat' dir='ltr'>hos</span> <span class='ocrx_word' id='word_1_450' title='bbox 254 2735 340 2768; x_wconf 90' lang='lat' dir='ltr'>alios</span> <span class='ocrx_word' id='word_1_451' title='bbox 364 2735 508 2777; x_wconf 86' lang='lat' dir='ltr'>triginta</span> <span class='ocrx_word' id='word_1_452' title='bbox 532 2735 605 2768; x_wconf 83' lang='lat' dir='ltr'>dies</span> <span class='ocrx_word' id='word_1_453' title='bbox 629 2735 754 2768; x_wconf 89' lang='lat' dir='ltr'>adiecit</span> <span class='ocrx_word' id='word_1_454' title='bbox 785 2735 828 2769; x_wconf 88' lang='lat' dir='ltr'>ad</span> <span class='ocrx_word' id='word_1_455' title='bbox 851 2746 985 2769; x_wconf 88' lang='lat' dir='ltr'>causam</span> <span class='ocrx_word' id='word_1_456' title='bbox 1009 2739 1183 2780; x_wconf 79' lang='lat' dir='ltr'>agendam.</span> 
     </span>
     <span class='ocr_line' id='line_1_55' title="bbox 88 2779 1184 2824; baseline 0.003 -12"><span class='ocrx_word' id='word_1_457' title='bbox 88 2779 177 2812; x_wconf 86' lang='lat' dir='ltr'>unde</span> <span class='ocrx_word' id='word_1_458' title='bbox 197 2780 319 2820; x_wconf 89' lang='lat' dir='ltr'>evenit,</span> <span class='ocrx_word' id='word_1_459' title='bbox 339 2783 388 2821; x_wconf 90' lang='lat' dir='ltr'>ut,</span> <span class='ocrx_word' id='word_1_460' title='bbox 413 2780 531 2822; x_wconf 86' lang='lat' dir='ltr'>siquis</span> <span class='ocrx_word' id='word_1_461' title='bbox 551 2780 593 2812; x_wconf 87' lang='lat' dir='ltr'>ad</span> <span class='ocrx_word' id='word_1_462' title='bbox 613 2780 797 2813; x_wconf 91' lang='lat' dir='ltr'>miliarium</span> <span class='ocrx_word' id='word_1_463' title='bbox 817 2782 1036 2814; x_wconf 85' lang='lat' dir='ltr'>centesimum</span> <span class='ocrx_word' id='word_1_464' title='bbox 1047 2792 1184 2824; x_wconf 84' lang='lat' dir='ltr'>sexage-</span> 
     </span>
     <span class='ocr_line' id='line_1_56' title="bbox 88 2823 1182 2869; baseline 0.003 -13"><span class='ocrx_word' id='word_1_465' title='bbox 88 2825 210 2857; x_wconf 91' lang='lat' dir='ltr'>simum</span> <span class='ocrx_word' id='word_1_466' title='bbox 218 2823 358 2865; x_wconf 87' lang='lat' dir='ltr'>habitet,</span> <span class='ocrx_word' id='word_1_467' title='bbox 368 2825 515 2868; x_wconf 90' lang='lat' dir='ltr'>spatium</span> <span class='ocrx_word' id='word_1_468' title='bbox 521 2824 699 2858; x_wconf 86' lang='lat' dir='ltr'>habiturus</span> <span class='ocrx_word' id='word_1_469' title='bbox 708 2826 754 2858; x_wconf 88' lang='lat' dir='ltr'>sit</span> <span class='ocrx_word' id='word_1_470' title='bbox 761 2826 889 2858; x_wconf 90' lang='lat' dir='ltr'>dierum</span> <span class='ocrx_word' id='word_1_471' title='bbox 896 2829 973 2859; x_wconf 88' lang='lat' dir='ltr'>octo</span> <span class='ocrx_word' id='word_1_472' title='bbox 980 2830 1014 2859; x_wconf 91' lang='lat' dir='ltr'>et</span> <span class='ocrx_word' id='word_1_473' title='bbox 1027 2827 1182 2869; x_wconf 86' lang='lat' dir='ltr'>triginta,</span> 
     </span>
     <span class='ocr_line' id='line_1_57' title="bbox 85 2869 1185 2915; baseline 0.004 -14"><span class='ocrx_word' id='word_1_474' title='bbox 85 2873 165 2901; x_wconf 90' lang='lat' dir='ltr'>octo</span> <span class='ocrx_word' id='word_1_475' title='bbox 178 2869 308 2902; x_wconf 89' lang='lat' dir='ltr'>scilicet</span> <span class='ocrx_word' id='word_1_476' title='bbox 327 2873 468 2913; x_wconf 89' lang='lat' dir='ltr'>propter</span> <span class='ocrx_word' id='word_1_477' title='bbox 478 2870 575 2902; x_wconf 90' lang='lat' dir='ltr'>milia</span> <span class='ocrx_word' id='word_1_478' title='bbox 586 2873 722 2903; x_wconf 90' lang='lat' dir='ltr'>centum</span> <span class='ocrx_word' id='word_1_479' title='bbox 743 2874 777 2903; x_wconf 92' lang='lat' dir='ltr'>et</span> <span class='ocrx_word' id='word_1_480' title='bbox 796 2872 972 2914; x_wconf 83' lang='lat' dir='ltr'>sexaginta</span> <span class='ocrx_word' id='word_1_481' title='bbox 992 2875 1111 2915; x_wconf 87' lang='lat' dir='ltr'>utpote</span> <span class='ocrx_word' id='word_1_482' title='bbox 1123 2882 1185 2914; x_wconf 85' lang='lat' dir='ltr'>per</span> 
     </span>
     <span class='ocr_line' id='line_1_58' title="bbox 88 2914 1184 2959; baseline 0.003 -13"><span class='ocrx_word' id='word_1_483' title='bbox 88 2914 240 2956; x_wconf 87' lang='lat' dir='ltr'>singulos</span> <span class='ocrx_word' id='word_1_484' title='bbox 256 2914 327 2947; x_wconf 88' lang='lat' dir='ltr'>dies</span> <span class='ocrx_word' id='word_1_485' title='bbox 336 2915 464 2947; x_wconf 87' lang='lat' dir='ltr'>vicenis</span> <span class='ocrx_word' id='word_1_486' title='bbox 477 2915 615 2948; x_wconf 89' lang='lat' dir='ltr'>milibus</span> <span class='ocrx_word' id='word_1_487' title='bbox 627 2916 846 2959; x_wconf 89' lang='lat' dir='ltr'>computatis,</span> <span class='ocrx_word' id='word_1_488' title='bbox 859 2917 1005 2959; x_wconf 83' lang='lat' dir='ltr'>triginta</span> <span class='ocrx_word' id='word_1_489' title='bbox 1017 2920 1129 2950; x_wconf 89' lang='lat' dir='ltr'>autem</span> <span class='ocrx_word' id='word_1_490' title='bbox 1141 2917 1184 2949; x_wconf 87' lang='lat' dir='ltr'>ad</span> 
     </span>
     <span class='ocr_line' id='line_1_59' title="bbox 87 2959 1184 3004; baseline 0.003 -13"><span class='ocrx_word' id='word_1_491' title='bbox 87 2969 224 2991; x_wconf 86' lang='lat' dir='ltr'>causam</span> <span class='ocrx_word' id='word_1_492' title='bbox 245 2959 418 3001; x_wconf 85' lang='lat' dir='ltr'>agendam.</span> <span class='ocrx_word' id='word_1_493' title='bbox 454 2961 520 2992; x_wconf 88' lang='lat' dir='ltr'>erit</span> <span class='ocrx_word' id='word_1_494' title='bbox 546 2960 654 3003; x_wconf 85' lang='lat' dir='ltr'>igitur</span> <span class='ocrx_word' id='word_1_495' title='bbox 674 2961 838 2994; x_wconf 85' lang='lat' dir='ltr'>deteriore</span> <span class='ocrx_word' id='word_1_496' title='bbox 857 2961 933 2994; x_wconf 92' lang='lat' dir='ltr'>loco</span> <span class='ocrx_word' id='word_1_497' title='bbox 961 2963 1021 3004; x_wconf 93' lang='lat' dir='ltr'>qui</span> <span class='ocrx_word' id='word_1_498' title='bbox 1047 2962 1184 3004; x_wconf 86' lang='lat' dir='ltr'>longius</span> 
     </span>
     <span class='ocr_line' id='line_1_60' title="bbox 89 3003 1183 3046; baseline 0.003 -10"><span class='ocrx_word' id='word_1_499' title='bbox 89 3003 222 3036; x_wconf 89' lang='lat' dir='ltr'>habitat</span> <span class='ocrx_word' id='word_1_500' title='bbox 245 3014 345 3046; x_wconf 88' lang='lat' dir='ltr'>quam</span> <span class='ocrx_word' id='word_1_501' title='bbox 366 3005 425 3046; x_wconf 89' lang='lat' dir='ltr'>qui</span> <span class='ocrx_word' id='word_1_502' title='bbox 446 3008 497 3037; x_wconf 86' lang='lat' dir='ltr'>est</span> <span class='ocrx_word' id='word_1_503' title='bbox 519 3005 611 3038; x_wconf 84' lang='lat' dir='ltr'>intra</span> <span class='ocrx_word' id='word_1_504' title='bbox 631 3007 850 3039; x_wconf 87' lang='lat' dir='ltr'>centesimum</span> <span class='ocrx_word' id='word_1_505' title='bbox 869 3007 1053 3040; x_wconf 89' lang='lat' dir='ltr'>miliarium</span> <span class='ocrx_word' id='word_1_506' title='bbox 1074 3006 1128 3039; x_wconf 87' lang='lat' dir='ltr'>vel</span> <span class='ocrx_word' id='word_1_507' title='bbox 1146 3007 1183 3039; x_wconf 92' lang='lat' dir='ltr'>in</span> 
     </span>
     <span class='ocr_line' id='line_1_61' title="bbox 86 3049 1184 3094; baseline 0.004 -13"><span class='ocrx_word' id='word_1_508' title='bbox 86 3049 204 3081; x_wconf 88' lang='lat' dir='ltr'>eadem</span> <span class='ocrx_word' id='word_1_509' title='bbox 217 3049 366 3091; x_wconf 84' lang='lat' dir='ltr'>civitate,</span> <span class='ocrx_word' id='word_1_510' title='bbox 384 3050 542 3092; x_wconf 90' lang='lat' dir='ltr'>quoniam</span> <span class='ocrx_word' id='word_1_511' title='bbox 559 3051 612 3083; x_wconf 86' lang='lat' dir='ltr'>his</span> <span class='ocrx_word' id='word_1_512' title='bbox 633 3061 764 3093; x_wconf 81' lang='lat' dir='ltr'>semper</span> <span class='ocrx_word' id='word_1_513' title='bbox 786 3052 1036 3094; x_wconf 88' lang='lat' dir='ltr'>quinquaginta</span> <span class='ocrx_word' id='word_1_514' title='bbox 1055 3052 1184 3085; x_wconf 88' lang='lat' dir='ltr'>dierum</span> 
     </span>
     <span class='ocr_line' id='line_1_62' title="bbox 88 3094 1185 3138; baseline 0.005 -13"><span class='ocrx_word' id='word_1_515' title='bbox 88 3094 237 3136; x_wconf 87' lang='lat' dir='ltr'>spatium</span> <span class='ocrx_word' id='word_1_516' title='bbox 249 3094 359 3136; x_wconf 86' lang='lat' dir='ltr'>datur,</span> <span class='ocrx_word' id='word_1_517' title='bbox 371 3095 442 3127; x_wconf 91' lang='lat' dir='ltr'>illis</span> <span class='ocrx_word' id='word_1_518' title='bbox 455 3098 566 3127; x_wconf 87' lang='lat' dir='ltr'>autem</span> <span class='ocrx_word' id='word_1_519' title='bbox 578 3097 785 3138; x_wconf 87' lang='lat' dir='ltr'>pauciorum.</span> <span class='ocrx_word' id='word_1_520' title='bbox 806 3100 842 3129; x_wconf 91' lang='lat' dir='ltr'>at</span> <span class='ocrx_word' id='word_1_521' title='bbox 854 3097 918 3130; x_wconf 91' lang='lat' dir='ltr'>etsi</span> <span class='ocrx_word' id='word_1_522' title='bbox 934 3098 1076 3130; x_wconf 84' lang='lat' dir='ltr'>maxime</span> <span class='ocrx_word' id='word_1_523' title='bbox 1085 3096 1185 3130; x_wconf 85' lang='lat' dir='ltr'>verba</span> 
     </span>
     <span class='ocr_line' id='line_1_63' title="bbox 91 3138 1185 3184; baseline 0.005 -14"><span class='ocrx_word' id='word_1_524' title='bbox 91 3138 178 3180; x_wconf 86' lang='lat' dir='ltr'>legis</span> <span class='ocrx_word' id='word_1_525' title='bbox 199 3138 285 3171; x_wconf 89' lang='lat' dir='ltr'>hanc</span> <span class='ocrx_word' id='word_1_526' title='bbox 309 3139 592 3181; x_wconf 81' lang='lat' dir='ltr'>significationem</span> <span class='ocrx_word' id='word_1_527' title='bbox 612 3140 754 3182; x_wconf 86' lang='lat' dir='ltr'>habent,</span> <span class='ocrx_word' id='word_1_528' title='bbox 775 3144 886 3174; x_wconf 90' lang='lat' dir='ltr'>tamen</span> <span class='ocrx_word' id='word_1_529' title='bbox 908 3143 1077 3175; x_wconf 87' lang='lat' dir='ltr'>sententia</span> <span class='ocrx_word' id='word_1_530' title='bbox 1098 3141 1185 3184; x_wconf 89' lang='lat' dir='ltr'>legis</span> 
     </span>
     <span class='ocr_line' id='line_1_64' title="bbox 88 3183 1186 3226; baseline 0.005 -11"><span class='ocrx_word' id='word_1_531' title='bbox 88 3183 208 3215; x_wconf 88' lang='lat' dir='ltr'>latoris</span> <span class='ocrx_word' id='word_1_532' title='bbox 221 3183 313 3216; x_wconf 90' lang='lat' dir='ltr'>aliud</span> <span class='ocrx_word' id='word_1_533' title='bbox 330 3184 480 3226; x_wconf 85' lang='lat' dir='ltr'>flagitat:</span> <span class='ocrx_word' id='word_1_534' title='bbox 506 3188 540 3218; x_wconf 91' lang='lat' dir='ltr'>et</span> <span class='ocrx_word' id='word_1_535' title='bbox 552 3186 601 3218; x_wconf 85' lang='lat' dir='ltr'>ita</span> <span class='ocrx_word' id='word_1_536' title='bbox 614 3185 769 3219; x_wconf 88' lang='lat' dir='ltr'>scribunt</span> <span class='ocrx_word' id='word_1_537' title='bbox 781 3185 956 3220; x_wconf 88' lang='lat' dir='ltr'>Cervidius</span> <span class='ocrx_word' id='word_1_538' title='bbox 974 3187 1134 3220; x_wconf 88' lang='lat' dir='ltr'>Scaevola</span> <span class='ocrx_word' id='word_1_539' title='bbox 1151 3190 1186 3220; x_wconf 87' lang='lat' dir='ltr'>et</span> 
     </span>
     <span class='ocr_line' id='line_1_65' title="bbox 90 3228 1185 3274; baseline 0.005 -14"><span class='ocrx_word' id='word_1_540' title='bbox 90 3228 216 3260; x_wconf 87' lang='lat' dir='ltr'>Paulus</span> <span class='ocrx_word' id='word_1_541' title='bbox 234 3231 268 3261; x_wconf 83' lang='lat' dir='ltr'>et</span> <span class='ocrx_word' id='word_1_542' title='bbox 287 3229 456 3262; x_wconf 87' lang='lat' dir='ltr'>Domitius</span> <span class='ocrx_word' id='word_1_543' title='bbox 477 3230 644 3273; x_wconf 87' lang='lat' dir='ltr'>Ulpianus</span> <span class='ocrx_word' id='word_1_544' title='bbox 665 3231 838 3274; x_wconf 87' lang='lat' dir='ltr'>principes</span> <span class='ocrx_word' id='word_1_545' title='bbox 858 3232 943 3264; x_wconf 88' lang='lat' dir='ltr'>iuris</span> <span class='ocrx_word' id='word_1_546' title='bbox 964 3237 1138 3265; x_wconf 88' lang='lat' dir='ltr'>auctorum</span> <span class='ocrx_word' id='word_1_547' title='bbox 1151 3235 1185 3265; x_wconf 89' lang='lat' dir='ltr'>et</span> 
     </span>
     <span class='ocr_line' id='line_1_66' title="bbox 89 3273 1184 3319; baseline 0.005 -14"><span class='ocrx_word' id='word_1_548' title='bbox 89 3273 188 3305; x_wconf 81' lang='lat' dir='ltr'>aiunt</span> <span class='ocrx_word' id='word_1_549' title='bbox 207 3274 256 3306; x_wconf 88' lang='lat' dir='ltr'>sic</span> <span class='ocrx_word' id='word_1_550' title='bbox 275 3273 358 3307; x_wconf 90' lang='lat' dir='ltr'>haec</span> <span class='ocrx_word' id='word_1_551' title='bbox 374 3275 572 3317; x_wconf 87' lang='lat' dir='ltr'>accipienda</span> <span class='ocrx_word' id='word_1_552' title='bbox 591 3285 673 3317; x_wconf 85' lang='lat' dir='ltr'>esse,</span> <span class='ocrx_word' id='word_1_553' title='bbox 693 3279 732 3308; x_wconf 90' lang='lat' dir='ltr'>ut</span> <span class='ocrx_word' id='word_1_554' title='bbox 751 3287 934 3319; x_wconf 89' lang='lat' dir='ltr'>numquam</span> <span class='ocrx_word' id='word_1_555' title='bbox 953 3277 1016 3310; x_wconf 91' lang='lat' dir='ltr'>ulli</span> <span class='ocrx_word' id='word_1_556' title='bbox 1036 3278 1184 3319; x_wconf 87' lang='lat' dir='ltr'>spatium</span> 
     </span>
     <span class='ocr_line' id='line_1_67' title="bbox 91 3317 1184 3365; baseline 0.005 -16"><span class='ocrx_word' id='word_1_557' title='bbox 91 3317 202 3350; x_wconf 87' lang='lat' dir='ltr'>minus</span> <span class='ocrx_word' id='word_1_558' title='bbox 215 3319 466 3361; x_wconf 88' lang='lat' dir='ltr'>quinquaginta</span> <span class='ocrx_word' id='word_1_559' title='bbox 479 3320 607 3353; x_wconf 89' lang='lat' dir='ltr'>dierum</span> <span class='ocrx_word' id='word_1_560' title='bbox 621 3320 728 3362; x_wconf 92' lang='lat' dir='ltr'>detur,</span> <span class='ocrx_word' id='word_1_561' title='bbox 743 3323 813 3354; x_wconf 90' lang='lat' dir='ltr'>tum</span> <span class='ocrx_word' id='word_1_562' title='bbox 824 3325 934 3354; x_wconf 89' lang='lat' dir='ltr'>autem</span> <span class='ocrx_word' id='word_1_563' title='bbox 947 3322 1095 3365; x_wconf 82' lang='lat' dir='ltr'>longius,</span> <span class='ocrx_word' id='word_1_564' title='bbox 1108 3333 1184 3355; x_wconf 90' lang='lat' dir='ltr'>cum</span> 
     </span>
     <span class='ocr_line' id='line_1_68' title="bbox 93 3363 1184 3409; baseline 0.006 -15"><span class='ocrx_word' id='word_1_565' title='bbox 93 3372 219 3395; x_wconf 89' lang='lat' dir='ltr'>summa</span> <span class='ocrx_word' id='word_1_566' title='bbox 243 3363 373 3396; x_wconf 87' lang='lat' dir='ltr'>dierum</span> <span class='ocrx_word' id='word_1_567' title='bbox 392 3364 526 3397; x_wconf 88' lang='lat' dir='ltr'>itineris</span> <span class='ocrx_word' id='word_1_568' title='bbox 547 3365 708 3398; x_wconf 86' lang='lat' dir='ltr'>adiuncta</span> <span class='ocrx_word' id='word_1_569' title='bbox 729 3367 871 3408; x_wconf 87' lang='lat' dir='ltr'>triginta</span> <span class='ocrx_word' id='word_1_570' title='bbox 892 3366 1020 3408; x_wconf 91' lang='lat' dir='ltr'>diebus,</span> <span class='ocrx_word' id='word_1_571' title='bbox 1044 3378 1127 3409; x_wconf 90' lang='lat' dir='ltr'>quos</span> <span class='ocrx_word' id='word_1_572' title='bbox 1141 3367 1184 3400; x_wconf 87' lang='lat' dir='ltr'>ad</span> 
     </span>
     <span class='ocr_line' id='line_1_69' title="bbox 91 3408 1185 3455; baseline 0.006 -17"><span class='ocrx_word' id='word_1_573' title='bbox 91 3416 226 3439; x_wconf 86' lang='lat' dir='ltr'>causam</span> <span class='ocrx_word' id='word_1_574' title='bbox 238 3408 401 3450; x_wconf 89' lang='lat' dir='ltr'>agendam</span> <span class='ocrx_word' id='word_1_575' title='bbox 424 3409 477 3442; x_wconf 89' lang='lat' dir='ltr'>lex</span> <span class='ocrx_word' id='word_1_576' title='bbox 498 3410 601 3450; x_wconf 87' lang='lat' dir='ltr'>dedit,</span> <span class='ocrx_word' id='word_1_577' title='bbox 623 3411 873 3453; x_wconf 88' lang='lat' dir='ltr'>quinquaginta</span> <span class='ocrx_word' id='word_1_578' title='bbox 886 3412 958 3445; x_wconf 89' lang='lat' dir='ltr'>dies</span> <span class='ocrx_word' id='word_1_579' title='bbox 978 3416 1132 3455; x_wconf 88' lang='lat' dir='ltr'>superat:</span> <span class='ocrx_word' id='word_1_580' title='bbox 1146 3415 1185 3445; x_wconf 84' lang='lat' dir='ltr'>ut</span> 
     </span>
     <span class='ocr_line' id='line_1_70' title="bbox 93 3451 1184 3500; baseline 0.007 -17"><span class='ocrx_word' id='word_1_581' title='bbox 93 3451 122 3483; x_wconf 89' lang='lat' dir='ltr'>si</span> <span class='ocrx_word' id='word_1_582' title='bbox 133 3462 231 3493; x_wconf 89' lang='lat' dir='ltr'>quem</span> <span class='ocrx_word' id='word_1_583' title='bbox 239 3452 389 3486; x_wconf 88' lang='lat' dir='ltr'>dicamus</span> <span class='ocrx_word' id='word_1_584' title='bbox 404 3454 557 3487; x_wconf 88' lang='lat' dir='ltr'>habitare</span> <span class='ocrx_word' id='word_1_585' title='bbox 573 3455 615 3487; x_wconf 91' lang='lat' dir='ltr'>ad</span> <span class='ocrx_word' id='word_1_586' title='bbox 623 3455 806 3488; x_wconf 89' lang='lat' dir='ltr'>miliarium</span> <span class='ocrx_word' id='word_1_587' title='bbox 817 3457 1184 3500; x_wconf 88' lang='lat' dir='ltr'>quadringentesimum</span> 
     </span>
     <span class='ocr_line' id='line_1_71' title="bbox 92 3496 1185 3542; baseline 0.006 -14"><span class='ocrx_word' id='word_1_588' title='bbox 92 3496 381 3538; x_wconf 84' lang='lat' dir='ltr'>quadragesimum</span> <span class='ocrx_word' id='word_1_589' title='bbox 391 3511 398 3531; x_wconf 90' lang='lat'>:</span> <span class='ocrx_word' id='word_1_590' title='bbox 413 3499 443 3531; x_wconf 87' lang='lat' dir='ltr'>is</span> <span class='ocrx_word' id='word_1_591' title='bbox 453 3499 541 3531; x_wconf 90' lang='lat' dir='ltr'>enim</span> <span class='ocrx_word' id='word_1_592' title='bbox 551 3500 684 3532; x_wconf 81' lang='lat' dir='ltr'>itineris</span> <span class='ocrx_word' id='word_1_593' title='bbox 698 3500 836 3533; x_wconf 87' lang='lat' dir='ltr'>habebit</span> <span class='ocrx_word' id='word_1_594' title='bbox 844 3501 916 3534; x_wconf 90' lang='lat' dir='ltr'>dies</span> <span class='ocrx_word' id='word_1_595' title='bbox 924 3502 1050 3542; x_wconf 87' lang='lat' dir='ltr'>viginti</span> <span class='ocrx_word' id='word_1_596' title='bbox 1059 3502 1142 3535; x_wconf 91' lang='lat' dir='ltr'>duos</span> <span class='ocrx_word' id='word_1_597' title='bbox 1151 3506 1185 3534; x_wconf 91' lang='lat' dir='ltr'>et</span> 
     </span>
     <span class='ocr_line' id='line_1_72' title="bbox 93 3541 1183 3589; baseline 0.005 -15"><span class='ocrx_word' id='word_1_598' title='bbox 93 3541 114 3574; x_wconf 87' lang='lat'>3</span> <span class='ocrx_word' id='word_1_599' title='bbox 150 3541 193 3573; x_wconf 91' lang='lat' dir='ltr'>ad</span> <span class='ocrx_word' id='word_1_600' title='bbox 216 3541 270 3574; x_wconf 87' lang='lat' dir='ltr'>ius</span> <span class='ocrx_word' id='word_1_601' title='bbox 296 3542 474 3576; x_wconf 87' lang='lat' dir='ltr'>dicendum</span> <span class='ocrx_word' id='word_1_602' title='bbox 500 3544 584 3577; x_wconf 90' lang='lat' dir='ltr'>alios</span> <span class='ocrx_word' id='word_1_603' title='bbox 609 3546 763 3587; x_wconf 88' lang='lat' dir='ltr'>triginta.</span> <span class='ocrx_word' id='word_1_604' title='bbox 799 3546 874 3579; x_wconf 85' lang='lat' dir='ltr'>Hoc</span> <span class='ocrx_word' id='word_1_605' title='bbox 899 3547 1047 3589; x_wconf 86' lang='lat' dir='ltr'>spatium</span> <span class='ocrx_word' id='word_1_606' title='bbox 1071 3546 1183 3579; x_wconf 90' lang='lat' dir='ltr'>obser-</span> 
     </span>
     <span class='ocr_line' id='line_1_73' title="bbox 93 3585 1183 3632; baseline 0.008 -16"><span class='ocrx_word' id='word_1_607' title='bbox 93 3585 220 3617; x_wconf 88' lang='lat' dir='ltr'>vabunt</span> <span class='ocrx_word' id='word_1_608' title='bbox 232 3586 432 3630; x_wconf 86' lang='lat' dir='ltr'>quicumque</span> <span class='ocrx_word' id='word_1_609' title='bbox 444 3599 464 3621; x_wconf 92' lang='lat' dir='ltr'>a</span> <span class='ocrx_word' id='word_1_610' title='bbox 476 3590 582 3622; x_wconf 86' lang='lat' dir='ltr'>tutela</span> <span class='ocrx_word' id='word_1_611' title='bbox 594 3600 713 3623; x_wconf 86' lang='lat' dir='ltr'>curave</span> <span class='ocrx_word' id='word_1_612' title='bbox 733 3594 868 3632; x_wconf 86' lang='lat' dir='ltr'>parteve</span> <span class='ocrx_word' id='word_1_613' title='bbox 880 3591 953 3624; x_wconf 85' lang='lat' dir='ltr'>eius</span> <span class='ocrx_word' id='word_1_614' title='bbox 965 3602 1000 3625; x_wconf 89' lang='lat' dir='ltr'>se</span> <span class='ocrx_word' id='word_1_615' title='bbox 1013 3594 1183 3625; x_wconf 88' lang='lat' dir='ltr'>excusant.</span> 
     </span>
     <span class='ocr_line' id='line_1_74' title="bbox 93 3629 1185 3678; baseline 0.006 -15"><span class='ocrx_word' id='word_1_616' title='bbox 93 3630 116 3663; x_wconf 84' lang='lat'>4</span> <span class='ocrx_word' id='word_1_617' title='bbox 147 3629 360 3673; x_wconf 88' lang='lat' dir='ltr'>Consequens</span> <span class='ocrx_word' id='word_1_618' title='bbox 381 3635 432 3665; x_wconf 86' lang='lat' dir='ltr'>est</span> <span class='ocrx_word' id='word_1_619' title='bbox 448 3636 489 3665; x_wconf 93' lang='lat' dir='ltr'>ut</span> <span class='ocrx_word' id='word_1_620' title='bbox 508 3635 668 3675; x_wconf 87' lang='lat' dir='ltr'>dicamus,</span> <span class='ocrx_word' id='word_1_621' title='bbox 693 3638 733 3667; x_wconf 90' lang='lat' dir='ltr'>ut</span> <span class='ocrx_word' id='word_1_622' title='bbox 752 3636 816 3668; x_wconf 88' lang='lat' dir='ltr'>etsi</span> <span class='ocrx_word' id='word_1_623' title='bbox 836 3646 935 3678; x_wconf 88' lang='lat' dir='ltr'>quam</span> <span class='ocrx_word' id='word_1_624' title='bbox 957 3637 1185 3669; x_wconf 85' lang='lat' dir='ltr'>excusationis</span> 
     </span>
     <span class='ocr_line' id='line_1_75' title="bbox 94 3675 1185 3723; baseline 0.007 -17"><span class='ocrx_word' id='word_1_625' title='bbox 94 3675 238 3716; x_wconf 86' lang='lat' dir='ltr'>speciem</span> <span class='ocrx_word' id='word_1_626' title='bbox 247 3676 368 3709; x_wconf 87' lang='lat' dir='ltr'>habeat</span> <span class='ocrx_word' id='word_1_627' title='bbox 381 3678 466 3719; x_wconf 89' lang='lat' dir='ltr'>quis,</span> <span class='ocrx_word' id='word_1_628' title='bbox 478 3688 548 3710; x_wconf 92' lang='lat' dir='ltr'>non</span> <span class='ocrx_word' id='word_1_629' title='bbox 560 3679 659 3712; x_wconf 86' lang='lat' dir='ltr'>aliter</span> <span class='ocrx_word' id='word_1_630' title='bbox 667 3680 825 3713; x_wconf 85' lang='lat' dir='ltr'>audiatur</span> <span class='ocrx_word' id='word_1_631' title='bbox 835 3681 904 3713; x_wconf 87' lang='lat' dir='ltr'>nisi</span> <span class='ocrx_word' id='word_1_632' title='bbox 917 3682 1063 3723; x_wconf 87' lang='lat' dir='ltr'>spatium</span> <span class='ocrx_word' id='word_1_633' title='bbox 1073 3681 1185 3714; x_wconf 86' lang='lat' dir='ltr'>obser-</span> 
     </span>
     <span class='ocr_line' id='line_1_76' title="bbox 95 3719 1184 3759; baseline 0.008 -9"><span class='ocrx_word' id='word_1_634' title='bbox 95 3719 115 3751; x_wconf 74' lang='lat'>5</span> <span class='ocrx_word' id='word_1_635' title='bbox 139 3722 211 3752; x_wconf 84' lang='lat' dir='ltr'>vet:</span> <span class='ocrx_word' id='word_1_636' title='bbox 238 3721 336 3752; x_wconf 83' lang='lat' dir='ltr'>modo</span> <span class='ocrx_word' id='word_1_637' title='bbox 348 3732 391 3753; x_wconf 92' lang='lat' dir='ltr'>ne</span> <span class='ocrx_word' id='word_1_638' title='bbox 404 3722 449 3754; x_wconf 88' lang='lat' dir='ltr'>sit</span> <span class='ocrx_word' id='word_1_639' title='bbox 462 3722 590 3755; x_wconf 86' lang='lat' dir='ltr'>alienae</span> <span class='ocrx_word' id='word_1_640' title='bbox 603 3724 753 3757; x_wconf 86' lang='lat' dir='ltr'>civitatis</span> <span class='ocrx_word' id='word_1_641' title='bbox 767 3725 861 3758; x_wconf 87' lang='lat' dir='ltr'>civis.</span> <span class='ocrx_word' id='word_1_642' title='bbox 881 3727 929 3758; x_wconf 84' lang='lat' dir='ltr'>Et</span> <span class='ocrx_word' id='word_1_643' title='bbox 939 3726 990 3757; x_wconf 87' lang='lat' dir='ltr'>ita</span> <span class='ocrx_word' id='word_1_644' title='bbox 1002 3728 1184 3759; x_wconf 88' lang='lat' dir='ltr'>necessari-</span> 
     </span>
     <span class='ocr_line' id='line_1_77' title="bbox 99 3766 1183 3812; baseline 0.008 -17"><span class='ocrx_word' id='word_1_645' title='bbox 99 3773 151 3795; x_wconf 79' lang='lat' dir='ltr'>um</span> <span class='ocrx_word' id='word_1_646' title='bbox 170 3768 220 3796; x_wconf 88' lang='lat' dir='ltr'>est</span> <span class='ocrx_word' id='word_1_647' title='bbox 239 3766 386 3806; x_wconf 88' lang='lat' dir='ltr'>spatium</span> <span class='ocrx_word' id='word_1_648' title='bbox 407 3777 547 3808; x_wconf 86' lang='lat' dir='ltr'>servare,</span> <span class='ocrx_word' id='word_1_649' title='bbox 567 3770 606 3800; x_wconf 90' lang='lat' dir='ltr'>ut</span> <span class='ocrx_word' id='word_1_650' title='bbox 619 3779 662 3800; x_wconf 89' lang='lat' dir='ltr'>ne</span> <span class='ocrx_word' id='word_1_651' title='bbox 675 3780 750 3801; x_wconf 89' lang='lat' dir='ltr'>eum</span> <span class='ocrx_word' id='word_1_652' title='bbox 763 3770 897 3812; x_wconf 86' lang='lat' dir='ltr'>quidem</span> <span class='ocrx_word' id='word_1_653' title='bbox 909 3770 1090 3803; x_wconf 85' lang='lat' dir='ltr'>liberatum</span> <span class='ocrx_word' id='word_1_654' title='bbox 1103 3782 1183 3812; x_wconf 83' lang='lat' dir='ltr'>esse,</span> 
     </span>
    </p>
   </div>
   <div class='ocr_carea' id='block_1_4' title="bbox 1162 156 1250 204">
    <p class='ocr_par' dir='ltr' id='par_1_4' title="bbox 1162 156 1250 204">
     <span class='ocr_line' id='line_1_78' title="bbox 1162 156 1250 204; baseline 0 0"><span class='ocrx_word' id='word_1_655' title='bbox 1162 156 1250 204; x_wconf 82' lang='lat'>357</span> 
     </span>
    </p>
   </div>
   <div class='ocr_carea' id='block_1_5' title="bbox 2111 157 2328 200">
    <p class='ocr_par' dir='ltr' id='par_1_5' title="bbox 2111 157 2328 200">
     <span class='ocr_line' id='line_1_79' title="bbox 2111 157 2328 200; baseline -0.014 1"><span class='ocrx_word' id='word_1_656' title='bbox 2111 157 2278 200; x_wconf 89' lang='lat' dir='ltr'>XXVII</span> <span class='ocrx_word' id='word_1_657' title='bbox 2311 160 2328 198; x_wconf 85' lang='lat'>1</span> 
     </span>
    </p>
   </div>
   <div class='ocr_carea' id='block_1_6' title="bbox 1241 274 2339 786">
    <p class='ocr_par' dir='ltr' id='par_1_6' title="bbox 1241 274 2338 584">
     <span class='ocr_line' id='line_1_80' title="bbox 1241 274 2335 326; baseline -0.001 -11"><span class='ocrx_word' id='word_1_658' title='bbox 1241 279 1309 323; x_wconf 88' lang='grc' dir='ltr'>τὴν</span> <span class='ocrx_word' id='word_1_659' title='bbox 1330 282 1406 315; x_wconf 77' lang='grc' dir='ltr'>τῶν</span> <span class='ocrx_word' id='word_1_660' title='bbox 1429 275 1684 325; x_wconf 65' lang='grc' dir='ltr'><strong><em>ἀπελευθέρων</em></strong></span> <span class='ocrx_word' id='word_1_661' title='bbox 1705 278 1811 318; x_wconf 70' lang='grc' dir='ltr'><strong><em>τάξιν</em></strong></span> <span class='ocrx_word' id='word_1_662' title='bbox 1833 282 1872 313; x_wconf 72' lang='grc' dir='ltr'>ἐν</span> <span class='ocrx_word' id='word_1_663' title='bbox 1894 278 2023 323; x_wconf 75' lang='grc' dir='ltr'><strong><em>τούτῳ,</em></strong></span> <span class='ocrx_word' id='word_1_664' title='bbox 2052 276 2144 324; x_wconf 70' lang='grc' dir='ltr'><strong><em>ἅπερ</em></strong></span> <span class='ocrx_word' id='word_1_665' title='bbox 2161 274 2335 326; x_wconf 73' lang='grc' dir='ltr'><strong><em>(ἔντε’γρα-</em></strong></span> 
     </span>
     <span class='ocr_line' id='line_1_81' title="bbox 1244 320 2336 372; baseline -0.002 -12"><span class='ocrx_word' id='word_1_666' title='bbox 1244 329 1263 360; x_wconf 88' lang='grc'><strong>3</strong></span> <span class='ocrx_word' id='word_1_667' title='bbox 1310 338 1381 370; x_wconf 87' lang='grc' dir='ltr'>ψεν</span> <span class='ocrx_word' id='word_1_668' title='bbox 1405 324 1424 359; x_wconf 82' lang='grc' dir='ltr'><strong>ὁ</strong></span> <span class='ocrx_word' id='word_1_669' title='bbox 1448 323 1642 359; x_wconf 75' lang='grc' dir='ltr'><strong><em>θειότατος</em></strong></span> <span class='ocrx_word' id='word_1_670' title='bbox 1665 320 1864 360; x_wconf 59' lang='grc' dir='ltr'><strong><em>Ἀντωνῖνος</em></strong></span> <span class='ocrx_word' id='word_1_671' title='bbox 1888 324 1908 359; x_wconf 85' lang='grc' dir='ltr'><strong>ὁ</strong></span> <span class='ocrx_word' id='word_1_672' title='bbox 1930 327 2047 372; x_wconf 89' lang='grc' dir='ltr'><strong><em>με’γας.</em></strong></span> <span class='ocrx_word' id='word_1_673' title='bbox 2092 323 2128 359; x_wconf 88' lang='lat'>‘0</span> <span class='ocrx_word' id='word_1_674' title='bbox 2160 322 2242 368; x_wconf 80' lang='grc' dir='ltr'><strong><em>ἰδίῳ</em></strong></span> <span class='ocrx_word' id='word_1_675' title='bbox 2268 320 2336 372; x_wconf 79' lang='grc' dir='ltr'><strong><em>ἆρ-</em></strong></span> 
     </span>
     <span class='ocr_line' id='line_1_82' title="bbox 1241 364 2336 418; baseline -0.005 -13"><span class='ocrx_word' id='word_1_676' title='bbox 1241 374 1354 418; x_wconf 77' lang='grc' dir='ltr'><strong><em>γυρίῳ</em></strong></span> <span class='ocrx_word' id='word_1_677' title='bbox 1380 365 1536 413; x_wconf 69' lang='grc' dir='ltr'><strong><em>ὦνηθεὶς</em></strong></span> <span class='ocrx_word' id='word_1_678' title='bbox 1560 372 1621 403; x_wconf 80' lang='grc' dir='ltr'>καὶ</span> <span class='ocrx_word' id='word_1_679' title='bbox 1645 364 1823 403; x_wconf 47' lang='lat' dir='ltr'>dael-8113}</span> <span class='ocrx_word' id='word_1_680' title='bbox 1847 370 1958 405; x_wconf 69' lang='grc' dir='ltr'><strong><em>ωθεὶς</em></strong></span> <span class='ocrx_word' id='word_1_681' title='bbox 1991 365 2156 414; x_wconf 71' lang='grc' dir='ltr'><strong><em>οὐδαμῶς</em></strong></span> <span class='ocrx_word' id='word_1_682' title='bbox 2193 383 2278 416; x_wconf 68' lang='grc' dir='ltr'><strong><em>συγκ</em></strong></span> <span class='ocrx_word' id='word_1_683' title='bbox 2302 373 2336 404; x_wconf 76' lang='lat' dir='ltr'>l-</span> 
     </span>
     <span class='ocr_line' id='line_1_83' title="bbox 1243 382 2337 459; baseline -0.003 -9"><span class='ocrx_word' id='word_1_684' title='bbox 1243 418 1262 450; x_wconf 81' lang='lat'>4</span> <span class='ocrx_word' id='word_1_685' title='bbox 1311 428 1412 449; x_wconf 74' lang='grc' dir='ltr'><strong><em>νεῖαι</em></strong></span> <span class='ocrx_word' id='word_1_686' title='bbox 1452 418 1528 450; x_wconf 83' lang='grc' dir='ltr'><strong><em>τοῖς</em></strong></span> <span class='ocrx_word' id='word_1_687' title='bbox 1570 412 1710 448; x_wconf 81' lang='grc' dir='ltr'><strong><em>λοιποῖς</em></strong></span> <span class='ocrx_word' id='word_1_688' title='bbox 1753 382 2017 459; x_wconf 58' lang='grc' dir='ltr'><strong><em>ἀπελευθέροις.</em></strong></span> <span class='ocrx_word' id='word_1_689' title='bbox 2089 410 2170 449; x_wconf 80' lang='grc' dir='ltr'>Ἐὰν</span> <span class='ocrx_word' id='word_1_690' title='bbox 2210 413 2284 449; x_wconf 88' lang='grc' dir='ltr'>πολ</span> <span class='ocrx_word' id='word_1_691' title='bbox 2326 418 2337 447; x_wconf 87' lang='grc' dir='ltr'><strong><em>ἱ</em></strong></span> 
     </span>
     <span class='ocr_line' id='line_1_84' title="bbox 1245 457 2338 506; baseline 0.001 -12"><span class='ocrx_word' id='word_1_692' title='bbox 1245 457 1618 506; x_wconf 60' lang='grc' dir='ltr'><strong><em>ἀπελευθερώσωσινδ</em></strong></span> <span class='ocrx_word' id='word_1_693' title='bbox 1637 460 1710 499; x_wconf 74' lang='grc' dir='ltr'><strong><em>ἕνα,</em></strong></span> <span class='ocrx_word' id='word_1_694' title='bbox 1733 457 1885 492; x_wconf 84' lang='grc' dir='ltr'><strong><em>πάντων</em></strong></span> <span class='ocrx_word' id='word_1_695' title='bbox 1899 463 1974 494; x_wconf 86' lang='grc' dir='ltr'><strong><em>τοῖς</em></strong></span> <span class='ocrx_word' id='word_1_696' title='bbox 1993 461 2130 495; x_wconf 69' lang='grc' dir='ltr'><strong><em>τέκνοις</em></strong></span> <span class='ocrx_word' id='word_1_697' title='bbox 2144 462 2225 494; x_wconf 69' lang='grc' dir='ltr'><strong><em>ἐπίτ</em></strong></span> <span class='ocrx_word' id='word_1_698' title='bbox 2249 472 2338 497; x_wconf 83' lang='grc' dir='ltr'><strong><em>οπος</em></strong></span> 
     </span>
     <span class='ocr_line' id='line_1_85' title="bbox 1245 499 2338 570; baseline 0 -31"><span class='ocrx_word' id='word_1_699' title='bbox 1245 502 1446 570; x_wconf 42' lang='grc' dir='ltr'><strong><em>δοθήσὶεται</em></strong></span> <span class='ocrx_word' id='word_1_700' title='bbox 1477 507 1539 538; x_wconf 84' lang='grc' dir='ltr'>καὶ</span> <span class='ocrx_word' id='word_1_701' title='bbox 1570 499 1644 538; x_wconf 72' lang='grc' dir='ltr'>ἀπὸ</span> <span class='ocrx_word' id='word_1_702' title='bbox 1673 504 1788 547; x_wconf 80' lang='grc' dir='ltr'><strong><em>τριῶν</em></strong></span> <span class='ocrx_word' id='word_1_703' title='bbox 1818 506 2027 548; x_wconf 77' lang='grc' dir='ltr'><strong><em>ἐπιτροπιῦν</em></strong></span> <span class='ocrx_word' id='word_1_704' title='bbox 2059 500 2123 539; x_wconf 80' lang='grc' dir='ltr'>οὗκ</span> <span class='ocrx_word' id='word_1_705' title='bbox 2147 499 2220 539; x_wconf 70' lang='lat' dir='ltr'>eino</span> <span class='ocrx_word' id='word_1_706' title='bbox 2241 504 2338 547; x_wconf 75' lang='grc' dir='ltr'><strong><em>υθή-</em></strong></span> 
     </span>
     <span class='ocr_line' id='line_1_86' title="bbox 1246 563 1382 584; baseline 0.007 -1"><span class='ocrx_word' id='word_1_707' title='bbox 1246 563 1347 583; x_wconf 83' lang='grc' dir='ltr'><strong><em>σεται</em></strong></span> <span class='ocrx_word' id='word_1_708' title='bbox 1375 577 1382 584; x_wconf 92' lang='grc'><strong><em>.</em></strong></span> 
     </span>
    </p>

    <p class='ocr_par' dir='ltr' id='par_1_7' title="bbox 1243 592 2339 786">
     <span class='ocr_line' id='line_1_87' title="bbox 1294 592 2339 631; baseline -0.003 0"><span class='ocrx_word' id='word_1_709' title='bbox 1294 593 1343 631; x_wconf 86' lang='grc'>15</span> <span class='ocrx_word' id='word_1_710' title='bbox 1392 593 1498 629; x_wconf 73' lang='lat' dir='ltr'><em>IDEM</em></span> <span class='ocrx_word' id='word_1_711' title='bbox 1526 593 1617 630; x_wconf 85' lang='lat' dir='ltr'>libro</span> <span class='ocrx_word' id='word_1_712' title='bbox 1649 597 1755 628; x_wconf 77' lang='lat' dir='ltr'>sexto</span> <span class='ocrx_word' id='word_1_713' title='bbox 1787 594 2065 628; x_wconf 75' lang='lat' dir='ltr'>excusationum</span> <span class='ocrx_word' id='word_1_714' title='bbox 2134 592 2339 629; x_wconf 80' lang='grc' dir='ltr'><strong><em>Σπάδοντα</em></strong></span> 
     </span>
     <span class='ocr_line' id='line_1_88' title="bbox 1243 633 2337 690; baseline 0.001 -18"><span class='ocrx_word' id='word_1_715' title='bbox 1243 637 1557 684; x_wconf 81' lang='grc' dir='ltr'><strong><em>χειροτονήσουσιν</em></strong></span> <span class='ocrx_word' id='word_1_716' title='bbox 1579 641 1661 673; x_wconf 75' lang='grc' dir='ltr'><strong><em>ἐπίτ</em></strong></span> <span class='ocrx_word' id='word_1_717' title='bbox 1685 643 1795 672; x_wconf 82' lang='grc' dir='ltr'><strong><em>οπον·</em></strong></span> <span class='ocrx_word' id='word_1_718' title='bbox 1829 633 2000 690; x_wconf 69' lang='grc' dir='ltr'><strong><em>οὐδεμίαν</em></strong></span> <span class='ocrx_word' id='word_1_719' title='bbox 2021 637 2089 685; x_wconf 84' lang='grc' dir='ltr'><strong><em>γὰρ</em></strong></span> <span class='ocrx_word' id='word_1_720' title='bbox 2114 641 2185 681; x_wconf 80' lang='grc' dir='ltr'><strong><em>ἔχει</em></strong></span> <span class='ocrx_word' id='word_1_721' title='bbox 2207 642 2337 685; x_wconf 79' lang='grc' dir='ltr'><strong><em>παραί·</em></strong></span> 
     </span>
     <span class='ocr_line' id='line_1_89' title="bbox 1244 651 2339 729; baseline 0.001 -12"><span class='ocrx_word' id='word_1_722' title='bbox 1244 696 1358 726; x_wconf 87' lang='grc' dir='ltr'><strong><em>τησιν,</em></strong></span> <span class='ocrx_word' id='word_1_723' title='bbox 1385 680 1433 719; x_wconf 75' lang='grc' dir='ltr'><strong><em>ὠς</em></strong></span> <span class='ocrx_word' id='word_1_724' title='bbox 1458 681 1638 718; x_wconf 86' lang='grc' dir='ltr'><strong><em>δείκνυσιν</em></strong></span> <span class='ocrx_word' id='word_1_725' title='bbox 1660 651 1821 722; x_wconf 71' lang='grc' dir='ltr'><strong><em>διάταξις</em></strong></span> <span class='ocrx_word' id='word_1_726' title='bbox 1843 683 1920 715; x_wconf 83' lang='grc' dir='ltr'>τῶν</span> <span class='ocrx_word' id='word_1_727' title='bbox 1952 683 2234 729; x_wconf 86' lang='grc' dir='ltr'><strong><em>αυτοκρατόρων</em></strong></span> <span class='ocrx_word' id='word_1_728' title='bbox 2264 686 2339 718; x_wconf 82' lang='grc' dir='ltr'>Σε-</span> 
     </span>
     <span class='ocr_line' id='line_1_90' title="bbox 1249 724 2337 786; baseline -0.006 -23"><span class='ocrx_word' id='word_1_729' title='bbox 1249 732 1260 763; x_wconf 85' lang='grc'>1</span> <span class='ocrx_word' id='word_1_730' title='bbox 1312 727 1429 774; x_wconf 85' lang='grc' dir='ltr'><strong><em>βήρου</em></strong></span> <span class='ocrx_word' id='word_1_731' title='bbox 1453 731 1513 761; x_wconf 87' lang='grc' dir='ltr'>καὶ</span> <span class='ocrx_word' id='word_1_732' title='bbox 1525 724 1750 762; x_wconf 73' lang='grc' dir='ltr'><strong><em>ᾍντωνίνου.</em></strong></span> <span class='ocrx_word' id='word_1_733' title='bbox 1797 724 1833 761; x_wconf 87' lang='lat'>‘0</span> <span class='ocrx_word' id='word_1_734' title='bbox 1854 728 2045 780; x_wconf 42' lang='grc' dir='ltr'><strong><em>τῷὶπατρῑ</em></strong></span> <span class='ocrx_word' id='word_1_735' title='bbox 2075 727 2337 786; x_wconf 49' lang='grc' dir='ltr'><strong><em>έπα-γγειλᾶμε..</em></strong></span> 
     </span>
    </p>
   </div>
   <div class='ocr_carea' id='block_1_7' title="bbox 1222 769 2341 827">
    <p class='ocr_par' dir='ltr' id='par_1_8' title="bbox 1222 769 2341 827">
     <span class='ocr_line' id='line_1_91' title="bbox 1222 769 2341 827; baseline 0.001 -20"><span class='ocrx_word' id='word_1_736' title='bbox 1222 781 1231 792; x_wconf 87' lang='grc'><em>·</em></span> <span class='ocrx_word' id='word_1_737' title='bbox 1245 786 1307 810; x_wconf 82' lang='grc' dir='ltr'>νος</span> <span class='ocrx_word' id='word_1_738' title='bbox 1330 772 1602 819; x_wconf 71' lang='grc' dir='ltr'><strong><em>έπιτροπεύεινἾ</em></strong></span> <span class='ocrx_word' id='word_1_739' title='bbox 1626 774 1703 807; x_wconf 79' lang='grc' dir='ltr'>τῶν</span> <span class='ocrx_word' id='word_1_740' title='bbox 1725 769 1871 807; x_wconf 78' lang='grc' dir='ltr'><strong><em>παίδων</em></strong></span> <span class='ocrx_word' id='word_1_741' title='bbox 1902 773 2084 818; x_wconf 71' lang='grc' dir='ltr'><strong><em>αφίεσθαι</em></strong></span> <span class='ocrx_word' id='word_1_742' title='bbox 2114 786 2245 827; x_wconf 61' lang='grc' dir='ltr'><strong><em>ταυτης</em></strong></span> <span class='ocrx_word' id='word_1_743' title='bbox 2278 786 2341 817; x_wconf 88' lang='grc' dir='ltr'>της</span> 
     </span>
    </p>
   </div>
   <div class='ocr_carea' id='block_1_8' title="bbox 1245 813 2346 1404">
    <p class='ocr_par' dir='ltr' id='par_1_9' title="bbox 1245 813 2346 1404">
     <span class='ocr_line' id='line_1_92' title="bbox 1245 813 2340 864; baseline 0.002 -12"><span class='ocrx_word' id='word_1_744' title='bbox 1245 819 1442 864; x_wconf 73' lang='grc' dir='ltr'><strong><em>ἐπιτροπῆς</em></strong></span> <span class='ocrx_word' id='word_1_745' title='bbox 1466 813 1508 852; x_wconf 78' lang='grc' dir='ltr'>οὗ</span> <span class='ocrx_word' id='word_1_746' title='bbox 1532 816 1694 859; x_wconf 78' lang='grc' dir='ltr'><strong><em>δύναται,</em></strong></span> <span class='ocrx_word' id='word_1_747' title='bbox 1722 815 1791 851; x_wconf 81' lang='grc' dir='ltr'>κᾶν</span> <span class='ocrx_word' id='word_1_748' title='bbox 1814 815 1927 852; x_wconf 82' lang='grc' dir='ltr'><strong><em>ἄλλως</em></strong></span> <span class='ocrx_word' id='word_1_749' title='bbox 1951 820 2010 864; x_wconf 77' lang='grc' dir='ltr'>ἔχῃ</span> <span class='ocrx_word' id='word_1_750' title='bbox 2030 815 2152 852; x_wconf 83' lang='grc' dir='ltr'><strong><em>δίκαια</em></strong></span> <span class='ocrx_word' id='word_1_751' title='bbox 2171 822 2340 864; x_wconf 79' lang='grc' dir='ltr'><strong><em>αφέσεως.</em></strong></span> 
     </span>
     <span class='ocr_line' id='line_1_93' title="bbox 1246 858 2339 910; baseline 0 -11"><span class='ocrx_word' id='word_1_752' title='bbox 1246 866 1266 899; x_wconf 87' lang='grc'>2</span> <span class='ocrx_word' id='word_1_753' title='bbox 1314 861 1462 897; x_wconf 76' lang='grc' dir='ltr'><strong><em>Εἰδέναι</em></strong></span> <span class='ocrx_word' id='word_1_754' title='bbox 1486 860 1543 897; x_wconf 86' lang='grc' dir='ltr'>δεῖ</span> <span class='ocrx_word' id='word_1_755' title='bbox 1565 858 1622 897; x_wconf 71' lang='grc' dir='ltr'>ὅτι</span> <span class='ocrx_word' id='word_1_756' title='bbox 1646 858 1789 907; x_wconf 77' lang='grc' dir='ltr'><strong><em>ἀξίωμα</em></strong></span> <span class='ocrx_word' id='word_1_757' title='bbox 1806 858 1925 897; x_wconf 78' lang='grc' dir='ltr'><strong><em>οὐδενὶ</em></strong></span> <span class='ocrx_word' id='word_1_758' title='bbox 1946 861 2094 909; x_wconf 80' lang='grc' dir='ltr'><strong><em>παρέξει</em></strong></span> <span class='ocrx_word' id='word_1_759' title='bbox 2109 867 2339 910; x_wconf 87' lang='grc' dir='ltr'><strong><em>παραίτησιν.</em></strong></span> 
     </span>
     <span class='ocr_line' id='line_1_94' title="bbox 1248 899 2342 955; baseline 0.001 -13"><span class='ocrx_word' id='word_1_760' title='bbox 1248 904 1340 942; x_wconf 70' lang='grc' dir='ltr'><strong><em>ὅθεν</em></strong></span> <span class='ocrx_word' id='word_1_761' title='bbox 1362 906 1428 942; x_wconf 78' lang='grc' dir='ltr'>ἐάν</span> <span class='ocrx_word' id='word_1_762' title='bbox 1449 920 1503 943; x_wconf 87' lang='grc' dir='ltr'>τις</span> <span class='ocrx_word' id='word_1_763' title='bbox 1536 906 1763 955; x_wconf 80' lang='grc' dir='ltr'><strong><em>συγκλητικὸς</em></strong></span> <span class='ocrx_word' id='word_1_764' title='bbox 1793 903 1824 954; x_wconf 85' lang='grc' dir='ltr'>ᾗ,</span> <span class='ocrx_word' id='word_1_765' title='bbox 1860 899 1963 942; x_wconf 75' lang='grc' dir='ltr'><strong><em>οὗτος</em></strong></span> <span class='ocrx_word' id='word_1_766' title='bbox 1994 908 2245 953; x_wconf 73' lang='grc' dir='ltr'><strong><em>ἐπιτροπεύσει</em></strong></span> <span class='ocrx_word' id='word_1_767' title='bbox 2281 911 2342 943; x_wconf 78' lang='grc' dir='ltr'>καὶ</span> 
     </span>
     <span class='ocr_line' id='line_1_95' title="bbox 1245 949 2340 1000; baseline 0 -13"><span class='ocrx_word' id='word_1_768' title='bbox 1245 955 1321 987; x_wconf 82' lang='grc' dir='ltr'>τῶν</span> <span class='ocrx_word' id='word_1_769' title='bbox 1344 951 1624 1000; x_wconf 71' lang='grc' dir='ltr'><strong><em>καταδεεστέρας</em></strong></span> <span class='ocrx_word' id='word_1_770' title='bbox 1645 951 1782 992; x_wconf 82' lang='grc' dir='ltr'><strong><em>τάξεως</em></strong></span> <span class='ocrx_word' id='word_1_771' title='bbox 1806 950 1925 986; x_wconf 84' lang='grc' dir='ltr'><strong><em>ὄντων</em></strong></span> <span class='ocrx_word' id='word_1_772' title='bbox 1956 950 2214 999; x_wconf 81' lang='grc' dir='ltr'><strong><em>συγκλητικῶν,</em></strong></span> <span class='ocrx_word' id='word_1_773' title='bbox 2251 949 2340 998; x_wconf 75' lang='grc' dir='ltr'><strong><em>ὅπερ</em></strong></span> 
     </span>
     <span class='ocr_line' id='line_1_96' title="bbox 1247 994 2340 1045; baseline 0.002 -13"><span class='ocrx_word' id='word_1_774' title='bbox 1247 994 1479 1045; x_wconf 70' lang='grc' dir='ltr'><strong><em>ἀπέγραψαν</em></strong></span> <span class='ocrx_word' id='word_1_775' title='bbox 1524 997 1561 1032; x_wconf 87' lang='grc' dir='ltr'>οἱ</span> <span class='ocrx_word' id='word_1_776' title='bbox 1601 996 1796 1032; x_wconf 72' lang='grc' dir='ltr'><strong><em>θειότατοι</em></strong></span> <span class='ocrx_word' id='word_1_777' title='bbox 1837 996 1989 1043; x_wconf 82' lang='grc' dir='ltr'><strong><em>Μάρκος</em></strong></span> <span class='ocrx_word' id='word_1_778' title='bbox 2035 1000 2097 1031; x_wconf 80' lang='grc' dir='ltr'>καὶ</span> <span class='ocrx_word' id='word_1_779' title='bbox 2138 996 2340 1043; x_wconf 81' lang='grc' dir='ltr'><strong><em>Κόμμοδος.</em></strong></span> 
     </span>
     <span class='ocr_line' id='line_1_97' title="bbox 1247 1040 2342 1090; baseline -0.002 -11"><span class='ocrx_word' id='word_1_780' title='bbox 1247 1046 1267 1079; x_wconf 87' lang='lat'><strong>3</strong></span> <span class='ocrx_word' id='word_1_781' title='bbox 1315 1045 1360 1077; x_wconf 84' lang='grc' dir='ltr'>Εἰ</span> <span class='ocrx_word' id='word_1_782' title='bbox 1385 1041 1427 1077; x_wconf 74' lang='grc' dir='ltr'>δέ</span> <span class='ocrx_word' id='word_1_783' title='bbox 1446 1056 1499 1078; x_wconf 88' lang='grc' dir='ltr'>τις</span> <span class='ocrx_word' id='word_1_784' title='bbox 1522 1045 1716 1090; x_wconf 77' lang='grc' dir='ltr'><strong><em>ἐπίτροπος</em></strong></span> <span class='ocrx_word' id='word_1_785' title='bbox 1739 1042 1762 1085; x_wconf 88' lang='grc' dir='ltr'><em>ἢ</em></span> <span class='ocrx_word' id='word_1_786' title='bbox 1786 1041 1974 1088; x_wconf 87' lang='grc' dir='ltr'><strong><em>κουράτωρ</em></strong></span> <span class='ocrx_word' id='word_1_787' title='bbox 1999 1040 2053 1076; x_wconf 81' lang='grc' dir='ltr'>ὢν</span> <span class='ocrx_word' id='word_1_788' title='bbox 2073 1042 2124 1087; x_wconf 86' lang='grc' dir='ltr'><strong><em>μὴ</em></strong></span> <span class='ocrx_word' id='word_1_789' title='bbox 2156 1042 2342 1090; x_wconf 86' lang='grc' dir='ltr'><strong><em>συγκλητι-</em></strong></span> 
     </span>
     <span class='ocr_line' id='line_1_98' title="bbox 1247 1083 2341 1135; baseline 0.001 -13"><span class='ocrx_word' id='word_1_790' title='bbox 1247 1090 1311 1122; x_wconf 85' lang='grc' dir='ltr'>κοῦ</span> <span class='ocrx_word' id='word_1_791' title='bbox 1335 1086 1357 1130; x_wconf 87' lang='grc' dir='ltr'><em>ἢ</em></span> <span class='ocrx_word' id='word_1_792' title='bbox 1382 1086 1497 1125; x_wconf 75' lang='grc' dir='ltr'><strong><em>ἄλλως</em></strong></span> <span class='ocrx_word' id='word_1_793' title='bbox 1521 1083 1766 1132; x_wconf 77' lang='grc' dir='ltr'><strong><em>ἆξιωματικοῦ</em></strong></span> <span class='ocrx_word' id='word_1_794' title='bbox 1778 1088 1799 1128; x_wconf 84' lang='lat'>⁸,</span> <span class='ocrx_word' id='word_1_795' title='bbox 1828 1087 1904 1121; x_wconf 83' lang='grc' dir='ltr'><strong><em>εἶτα</em></strong></span> <span class='ocrx_word' id='word_1_796' title='bbox 1920 1084 2071 1134; x_wconf 73' lang='grc' dir='ltr'><strong><em>ὕστερον</em></strong></span> <span class='ocrx_word' id='word_1_797' title='bbox 2092 1091 2239 1131; x_wconf 81' lang='grc' dir='ltr'><strong><em>γένηται</em></strong></span> <span class='ocrx_word' id='word_1_798' title='bbox 2257 1101 2341 1135; x_wconf 86' lang='grc' dir='ltr'><strong><em>συγ-</em></strong></span> 
     </span>
     <span class='ocr_line' id='line_1_99' title="bbox 1247 1128 2344 1179; baseline 0.001 -13"><span class='ocrx_word' id='word_1_799' title='bbox 1247 1131 1426 1175; x_wconf 83' lang='grc' dir='ltr'><strong><em>κλητικός,</em></strong></span> <span class='ocrx_word' id='word_1_800' title='bbox 1454 1131 1626 1176; x_wconf 80' lang='grc' dir='ltr'><strong><em>διηνεκῶς</em></strong></span> <span class='ocrx_word' id='word_1_801' title='bbox 1657 1128 1855 1167; x_wconf 79' lang='grc' dir='ltr'><strong><em>ἀπολύεται</em></strong></span> <span class='ocrx_word' id='word_1_802' title='bbox 1884 1134 1946 1174; x_wconf 84' lang='grc' dir='ltr'>τῆς</span> <span class='ocrx_word' id='word_1_803' title='bbox 1977 1130 2181 1179; x_wconf 82' lang='grc' dir='ltr'><strong><em>φροντίδος.</em></strong></span> <span class='ocrx_word' id='word_1_804' title='bbox 2242 1133 2273 1167; x_wconf 80' lang='grc' dir='ltr'>εἰ</span> <span class='ocrx_word' id='word_1_805' title='bbox 2305 1131 2344 1167; x_wconf 77' lang='grc' dir='ltr'>δὲ</span> 
     </span>
     <span class='ocr_line' id='line_1_100' title="bbox 1248 1173 2345 1232; baseline 0 -20"><span class='ocrx_word' id='word_1_806' title='bbox 1248 1177 1286 1212; x_wconf 85' lang='grc' dir='ltr'>οἱ</span> <span class='ocrx_word' id='word_1_807' title='bbox 1319 1180 1401 1213; x_wconf 76' lang='grc' dir='ltr'><strong><em>ἐπιτ</em></strong></span> <span class='ocrx_word' id='word_1_808' title='bbox 1426 1177 1641 1222; x_wconf 80' lang='grc' dir='ltr'><strong><em>οπευόμενοι</em></strong></span> <span class='ocrx_word' id='word_1_809' title='bbox 1674 1176 1697 1221; x_wconf 84' lang='grc' dir='ltr'><em>ἢ</em></span> <span class='ocrx_word' id='word_1_810' title='bbox 1733 1176 2078 1232; x_wconf 71' lang='grc' dir='ltr'><strong><em>κουρατορευόμενοι</em></strong></span> <span class='ocrx_word' id='word_1_811' title='bbox 2115 1173 2202 1224; x_wconf 79' lang='grc' dir='ltr'><strong><em>παρ’</em></strong></span> <span class='ocrx_word' id='word_1_812' title='bbox 2236 1173 2345 1212; x_wconf 68' lang='grc' dir='ltr'><strong><em>αὐτοῦ</em></strong></span> 
     </span>
     <span class='ocr_line' id='line_1_101' title="bbox 1246 1191 2344 1269; baseline 0 -11"><span class='ocrx_word' id='word_1_813' title='bbox 1246 1221 1373 1259; x_wconf 79' lang='grc' dir='ltr'><strong><em>παῖδες</em></strong></span> <span class='ocrx_word' id='word_1_814' title='bbox 1396 1191 1488 1266; x_wconf 55' lang='grc' dir='ltr'><strong><em>ἕσαν</em></strong></span> <span class='ocrx_word' id='word_1_815' title='bbox 1511 1221 1751 1269; x_wconf 78' lang='grc' dir='ltr'><strong><em>συγκλητικοῦ,</em></strong></span> <span class='ocrx_word' id='word_1_816' title='bbox 1778 1236 1842 1257; x_wconf 90' lang='grc' dir='ltr'><strong><em>ουκ</em></strong></span> <span class='ocrx_word' id='word_1_817' title='bbox 1875 1219 2069 1257; x_wconf 82' lang='grc' dir='ltr'><strong><em>ἀπολύεται</em></strong></span> <span class='ocrx_word' id='word_1_818' title='bbox 2107 1225 2170 1266; x_wconf 84' lang='grc' dir='ltr'>τῆς</span> <span class='ocrx_word' id='word_1_819' title='bbox 2200 1225 2344 1269; x_wconf 77' lang='grc' dir='ltr'><strong><em>ἐπιτρο-</em></strong></span> 
     </span>
     <span class='ocr_line' id='line_1_102' title="bbox 1247 1263 2345 1314; baseline -0.001 -11"><span class='ocrx_word' id='word_1_820' title='bbox 1247 1272 1267 1303; x_wconf 90' lang='grc'>4</span> <span class='ocrx_word' id='word_1_821' title='bbox 1314 1269 1394 1311; x_wconf 81' lang='grc' dir='ltr'><strong><em>πῆς.</em></strong></span> <span class='ocrx_word' id='word_1_822' title='bbox 1439 1265 1586 1312; x_wconf 88' lang='grc' dir='ltr'><strong><em>Ὁμοίως</em></strong></span> <span class='ocrx_word' id='word_1_823' title='bbox 1610 1266 1651 1302; x_wconf 77' lang='grc' dir='ltr'>δὲ</span> <span class='ocrx_word' id='word_1_824' title='bbox 1683 1265 1702 1302; x_wconf 86' lang='grc' dir='ltr'><strong><em>ὁ</em></strong></span> <span class='ocrx_word' id='word_1_825' title='bbox 1734 1265 2014 1314; x_wconf 82' lang='grc' dir='ltr'><strong><em>καταδεεστέρας</em></strong></span> <span class='ocrx_word' id='word_1_826' title='bbox 2043 1266 2185 1307; x_wconf 81' lang='grc' dir='ltr'><strong><em>τάξεως</em></strong></span> <span class='ocrx_word' id='word_1_827' title='bbox 2220 1266 2274 1302; x_wconf 84' lang='grc' dir='ltr'>ὢν</span> <span class='ocrx_word' id='word_1_828' title='bbox 2304 1263 2345 1303; x_wconf 79' lang='grc' dir='ltr'>οὗ</span> 
     </span>
     <span class='ocr_line' id='line_1_103' title="bbox 1246 1311 2344 1360; baseline -0.001 -12"><span class='ocrx_word' id='word_1_829' title='bbox 1246 1312 1512 1360; x_wconf 73' lang='grc' dir='ltr'><strong><em>παραιτήσεται</em></strong></span> <span class='ocrx_word' id='word_1_830' title='bbox 1534 1315 1615 1348; x_wconf 79' lang='grc' dir='ltr'><strong><em>ἐπιτ</em></strong></span> <span class='ocrx_word' id='word_1_831' title='bbox 1642 1311 1787 1348; x_wconf 74' lang='grc' dir='ltr'><strong><em>οπεῦειν</em></strong></span> <span class='ocrx_word' id='word_1_832' title='bbox 1808 1311 1831 1356; x_wconf 84' lang='grc' dir='ltr'><em>ἢ</em></span> <span class='ocrx_word' id='word_1_833' title='bbox 1855 1326 2010 1358; x_wconf 86' lang='grc' dir='ltr'><strong><em>κουρατο</em></strong></span> <span class='ocrx_word' id='word_1_834' title='bbox 2036 1311 2130 1347; x_wconf 61' lang='lat' dir='ltr'>enim</span> <span class='ocrx_word' id='word_1_835' title='bbox 2158 1314 2235 1347; x_wconf 78' lang='grc' dir='ltr'>τῶν</span> <span class='ocrx_word' id='word_1_836' title='bbox 2263 1326 2344 1358; x_wconf 83' lang='grc' dir='ltr'><strong><em>μει-</em></strong></span> 
     </span>
     <span class='ocr_line' id='line_1_104' title="bbox 1247 1326 2346 1404; baseline 0.001 -10"><span class='ocrx_word' id='word_1_837' title='bbox 1247 1361 1267 1394; x_wconf 89' lang='grc'><strong>5</strong></span> <span class='ocrx_word' id='word_1_838' title='bbox 1318 1358 1450 1399; x_wconf 83' lang='grc' dir='ltr'><strong><em>ζόνων.</em></strong></span> <span class='ocrx_word' id='word_1_839' title='bbox 1495 1356 1599 1400; x_wconf 76' lang='grc' dir='ltr'><strong><em>Μηδὲ</em></strong></span> <span class='ocrx_word' id='word_1_840' title='bbox 1618 1326 1827 1404; x_wconf 49' lang='grc' dir='ltr'><strong><em>ἕιβραρίους</em></strong></span> <span class='ocrx_word' id='word_1_841' title='bbox 1848 1356 1943 1403; x_wconf 76' lang='grc' dir='ltr'><strong><em>μηδὲ</em></strong></span> <span class='ocrx_word' id='word_1_842' title='bbox 1966 1371 2012 1392; x_wconf 89' lang='grc' dir='ltr'>κα</span> <span class='ocrx_word' id='word_1_843' title='bbox 2034 1356 2186 1394; x_wconf 80' lang='grc' dir='ltr'><strong><em>κουλάτο</em></strong></span> <span class='ocrx_word' id='word_1_844' title='bbox 2211 1371 2260 1400; x_wconf 85' lang='grc' dir='ltr'>ας,</span> <span class='ocrx_word' id='word_1_845' title='bbox 2288 1355 2346 1396; x_wconf 71' lang='grc' dir='ltr'><strong><em>οὓς</em></strong></span> 
     </span>
    </p>
   </div>
   <div class='ocr_carea' id='block_1_9' title="bbox 1247 1399 2347 1452">
    <p class='ocr_par' dir='ltr' id='par_1_10' title="bbox 1247 1399 2347 1452">
     <span class='ocr_line' id='line_1_105' title="bbox 1247 1399 2347 1452; baseline 0.002 -15"><span class='ocrx_word' id='word_1_846' title='bbox 1247 1402 1493 1450; x_wconf 77' lang='grc' dir='ltr'><strong><em>διαψηφιστὰς</em></strong></span> <span class='ocrx_word' id='word_1_847' title='bbox 1526 1401 1681 1450; x_wconf 81' lang='grc' dir='ltr'><strong><em>λέγομεν,</em></strong></span> <span class='ocrx_word' id='word_1_848' title='bbox 1711 1404 1829 1445; x_wconf 59' lang='grc' dir='ltr'><strong><em>θέχειν</em></strong></span> <span class='ocrx_word' id='word_1_849' title='bbox 1860 1399 2155 1451; x_wconf 80' lang='grc' dir='ltr'><strong><em>ἀλειτουργησίαν</em></strong></span> <span class='ocrx_word' id='word_1_850' title='bbox 2218 1408 2347 1452; x_wconf 85' lang='grc' dir='ltr'><strong><em>’γουσιν</em></strong></span> 
     </span>
    </p>
   </div>
   <div class='ocr_carea' id='block_1_10' title="bbox 1247 1518 2353 3816">
    <p class='ocr_par' dir='ltr' id='par_1_11' title="bbox 1247 1518 2353 3816">
     <span class='ocr_line' id='line_1_106' title="bbox 1248 1518 2346 1560; baseline 0.002 -10"><span class='ocrx_word' id='word_1_851' title='bbox 1248 1518 1308 1559; x_wconf 90' lang='lat' dir='ltr'>qui</span> <span class='ocrx_word' id='word_1_852' title='bbox 1321 1527 1422 1550; x_wconf 87' lang='lat' dir='ltr'>causa</span> <span class='ocrx_word' id='word_1_853' title='bbox 1433 1521 1572 1560; x_wconf 86' lang='lat' dir='ltr'>peracta</span> <span class='ocrx_word' id='word_1_854' title='bbox 1585 1522 1762 1550; x_wconf 85' lang='lat' dir='ltr'>excusatus</span> <span class='ocrx_word' id='word_1_855' title='bbox 1775 1518 1831 1559; x_wconf 90' lang='lat' dir='ltr'>sit,</span> <span class='ocrx_word' id='word_1_856' title='bbox 1854 1518 1924 1550; x_wconf 88' lang='lat' dir='ltr'>divi</span> <span class='ocrx_word' id='word_1_857' title='bbox 1946 1519 2086 1550; x_wconf 89' lang='lat' dir='ltr'>Severus</span> <span class='ocrx_word' id='word_1_858' title='bbox 2107 1522 2141 1551; x_wconf 89' lang='lat' dir='ltr'>et</span> <span class='ocrx_word' id='word_1_859' title='bbox 2152 1520 2346 1552; x_wconf 85' lang='lat' dir='ltr'>Antoninus</span> 
     </span>
     <span class='ocr_line' id='line_1_107' title="bbox 1247 1562 2346 1606; baseline 0.002 -11"><span class='ocrx_word' id='word_1_860' title='bbox 1247 1562 1283 1595; x_wconf 91' lang='lat' dir='ltr'>in</span> <span class='ocrx_word' id='word_1_861' title='bbox 1305 1563 1549 1596; x_wconf 87' lang='lat' dir='ltr'>constitutione</span> <span class='ocrx_word' id='word_1_862' title='bbox 1570 1562 1794 1604; x_wconf 87' lang='lat' dir='ltr'>declararint,</span> <span class='ocrx_word' id='word_1_863' title='bbox 1815 1567 1960 1595; x_wconf 87' lang='lat' dir='ltr'>tutorem</span> <span class='ocrx_word' id='word_1_864' title='bbox 1980 1574 2050 1596; x_wconf 87' lang='lat' dir='ltr'>esse</span> <span class='ocrx_word' id='word_1_865' title='bbox 2070 1566 2233 1606; x_wconf 85' lang='lat' dir='ltr'>negantes</span> <span class='ocrx_word' id='word_1_866' title='bbox 2258 1575 2346 1606; x_wconf 82' lang='lat' dir='ltr'>eum,</span> 
     </span>
     <span class='ocr_line' id='line_1_108' title="bbox 1248 1608 2346 1650; baseline 0.002 -10"><span class='ocrx_word' id='word_1_867' title='bbox 1248 1608 1308 1650; x_wconf 91' lang='lat' dir='ltr'>qui</span> <span class='ocrx_word' id='word_1_868' title='bbox 1318 1608 1476 1640; x_wconf 88' lang='lat' dir='ltr'>inlocum</span> <span class='ocrx_word' id='word_1_869' title='bbox 1490 1608 1562 1640; x_wconf 88' lang='lat' dir='ltr'>eius</span> <span class='ocrx_word' id='word_1_870' title='bbox 1572 1608 1670 1641; x_wconf 87' lang='lat' dir='ltr'>datus</span> <span class='ocrx_word' id='word_1_871' title='bbox 1682 1608 1736 1648; x_wconf 88' lang='lat' dir='ltr'>sit,</span> <span class='ocrx_word' id='word_1_872' title='bbox 1748 1611 1865 1650; x_wconf 89' lang='lat' dir='ltr'>utpote</span> <span class='ocrx_word' id='word_1_873' title='bbox 1878 1619 1947 1640; x_wconf 92' lang='lat' dir='ltr'>non</span> <span class='ocrx_word' id='word_1_874' title='bbox 1956 1608 2053 1641; x_wconf 87' lang='lat' dir='ltr'>licito</span> <span class='ocrx_word' id='word_1_875' title='bbox 2062 1608 2178 1642; x_wconf 88' lang='lat' dir='ltr'>datum</span> <span class='ocrx_word' id='word_1_876' title='bbox 2188 1609 2346 1642; x_wconf 84' lang='lat' dir='ltr'>inlocum</span> 
     </span>
     <span class='ocr_line' id='line_1_109' title="bbox 1249 1653 2346 1696; baseline 0.001 -10"><span class='ocrx_word' id='word_1_877' title='bbox 1249 1654 1270 1687; x_wconf 88' lang='grc'><strong>6</strong></span> <span class='ocrx_word' id='word_1_878' title='bbox 1294 1654 1367 1686; x_wconf 88' lang='lat' dir='ltr'>eius</span> <span class='ocrx_word' id='word_1_879' title='bbox 1388 1653 1447 1695; x_wconf 91' lang='lat' dir='ltr'>qui</span> <span class='ocrx_word' id='word_1_880' title='bbox 1469 1654 1515 1685; x_wconf 90' lang='lat' dir='ltr'>sit</span> <span class='ocrx_word' id='word_1_881' title='bbox 1534 1656 1635 1686; x_wconf 85' lang='lat' dir='ltr'>tutor.</span> <span class='ocrx_word' id='word_1_882' title='bbox 1660 1653 1796 1686; x_wconf 82' lang='lat' dir='ltr'>Sufficit</span> <span class='ocrx_word' id='word_1_883' title='bbox 1815 1656 1927 1686; x_wconf 88' lang='lat' dir='ltr'>autem</span> <span class='ocrx_word' id='word_1_884' title='bbox 1947 1654 2040 1686; x_wconf 90' lang='lat' dir='ltr'>intra</span> <span class='ocrx_word' id='word_1_885' title='bbox 2060 1655 2209 1696; x_wconf 87' lang='lat' dir='ltr'>spatium</span> <span class='ocrx_word' id='word_1_886' title='bbox 2229 1654 2346 1687; x_wconf 84' lang='lat' dir='ltr'>adesse</span> 
     </span>
     <span class='ocr_line' id='line_1_110' title="bbox 1248 1699 2346 1742; baseline 0.002 -11"><span class='ocrx_word' id='word_1_887' title='bbox 1248 1701 1399 1731; x_wconf 88' lang='lat' dir='ltr'>tantum:</span> <span class='ocrx_word' id='word_1_888' title='bbox 1423 1708 1500 1730; x_wconf 90' lang='lat' dir='ltr'>nam</span> <span class='ocrx_word' id='word_1_889' title='bbox 1525 1699 1554 1731; x_wconf 88' lang='lat' dir='ltr'>si</span> <span class='ocrx_word' id='word_1_890' title='bbox 1574 1701 1692 1741; x_wconf 88' lang='lat' dir='ltr'>postea</span> <span class='ocrx_word' id='word_1_891' title='bbox 1710 1709 1779 1731; x_wconf 90' lang='lat' dir='ltr'>non</span> <span class='ocrx_word' id='word_1_892' title='bbox 1799 1709 1860 1731; x_wconf 87' lang='lat' dir='ltr'>sua</span> <span class='ocrx_word' id='word_1_893' title='bbox 1879 1702 2000 1741; x_wconf 90' lang='lat' dir='ltr'>sponte</span> <span class='ocrx_word' id='word_1_894' title='bbox 2024 1699 2132 1741; x_wconf 87' lang='lat' dir='ltr'>abeat,</span> <span class='ocrx_word' id='word_1_895' title='bbox 2157 1710 2227 1733; x_wconf 92' lang='lat' dir='ltr'>non</span> <span class='ocrx_word' id='word_1_896' title='bbox 2250 1703 2346 1742; x_wconf 80' lang='lat' dir='ltr'>pote-</span> 
     </span>
     <span class='ocr_line' id='line_1_111' title="bbox 1248 1743 2346 1786; baseline 0.002 -10"><span class='ocrx_word' id='word_1_897' title='bbox 1248 1744 1296 1776; x_wconf 86' lang='lat' dir='ltr'>rit</span> <span class='ocrx_word' id='word_1_898' title='bbox 1315 1743 1510 1786; x_wconf 85' lang='lat' dir='ltr'>praescribi.</span> <span class='ocrx_word' id='word_1_899' title='bbox 1543 1754 1645 1786; x_wconf 87' lang='lat' dir='ltr'>quare</span> <span class='ocrx_word' id='word_1_900' title='bbox 1673 1744 1702 1776; x_wconf 88' lang='lat' dir='ltr'>si</span> <span class='ocrx_word' id='word_1_901' title='bbox 1731 1743 1818 1776; x_wconf 88' lang='lat' dir='ltr'>dicis</span> <span class='ocrx_word' id='word_1_902' title='bbox 1838 1754 1940 1776; x_wconf 89' lang='lat' dir='ltr'>causa</span> <span class='ocrx_word' id='word_1_903' title='bbox 1963 1747 2096 1776; x_wconf 90' lang='lat' dir='ltr'>tantum</span> <span class='ocrx_word' id='word_1_904' title='bbox 2117 1745 2265 1778; x_wconf 79' lang='lat' dir='ltr'>adfuerit</span> <span class='ocrx_word' id='word_1_905' title='bbox 2283 1755 2346 1778; x_wconf 85' lang='lat' dir='ltr'>nec</span> 
     </span>
     <span class='ocr_line' id='line_1_112' title="bbox 1249 1789 2346 1833; baseline 0.001 -12"><span class='ocrx_word' id='word_1_906' title='bbox 1249 1792 1438 1832; x_wconf 85' lang='lat' dir='ltr'>perseveret</span> <span class='ocrx_word' id='word_1_907' title='bbox 1457 1791 1575 1831; x_wconf 87' lang='lat' dir='ltr'>postea</span> <span class='ocrx_word' id='word_1_908' title='bbox 1600 1789 1638 1821; x_wconf 94' lang='lat' dir='ltr'>in</span> <span class='ocrx_word' id='word_1_909' title='bbox 1659 1799 1761 1822; x_wconf 89' lang='lat' dir='ltr'>causa</span> <span class='ocrx_word' id='word_1_910' title='bbox 1780 1789 1921 1831; x_wconf 84' lang='lat' dir='ltr'>agenda,</span> <span class='ocrx_word' id='word_1_911' title='bbox 1941 1792 2020 1832; x_wconf 90' lang='lat' dir='ltr'>post</span> <span class='ocrx_word' id='word_1_912' title='bbox 2033 1791 2181 1833; x_wconf 89' lang='lat' dir='ltr'>spatium</span> <span class='ocrx_word' id='word_1_913' title='bbox 2201 1791 2237 1822; x_wconf 92' lang='lat' dir='ltr'>in</span> <span class='ocrx_word' id='word_1_914' title='bbox 2249 1800 2346 1832; x_wconf 90' lang='lat' dir='ltr'>prae·</span> 
     </span>
     <span class='ocr_line' id='line_1_113' title="bbox 1249 1834 2347 1878; baseline 0.002 -12"><span class='ocrx_word' id='word_1_915' title='bbox 1249 1834 1469 1876; x_wconf 86' lang='lat' dir='ltr'>scriptionem</span> <span class='ocrx_word' id='word_1_916' title='bbox 1493 1834 1638 1874; x_wconf 78' lang='lat' dir='ltr'>incidet3</span> <span class='ocrx_word' id='word_1_917' title='bbox 1669 1834 1771 1876; x_wconf 88' lang='lat' dir='ltr'>idque</span> <span class='ocrx_word' id='word_1_918' title='bbox 1801 1834 1851 1866; x_wconf 88' lang='lat' dir='ltr'>ait</span> <span class='ocrx_word' id='word_1_919' title='bbox 1875 1835 2076 1867; x_wconf 87' lang='lat' dir='ltr'>constitutio</span> <span class='ocrx_word' id='word_1_920' title='bbox 2107 1836 2347 1878; x_wconf 87' lang='lat' dir='ltr'>imperatorum</span> 
     </span>
     <span class='ocr_line' id='line_1_114' title="bbox 1250 1879 2348 1921; baseline 0.001 -10"><span class='ocrx_word' id='word_1_921' title='bbox 1250 1881 1268 1912; x_wconf 82' lang='lat'><strong>7</strong></span> <span class='ocrx_word' id='word_1_922' title='bbox 1296 1879 1410 1912; x_wconf 88' lang='lat' dir='ltr'>Severi</span> <span class='ocrx_word' id='word_1_923' title='bbox 1419 1883 1453 1911; x_wconf 85' lang='lat' dir='ltr'>et</span> <span class='ocrx_word' id='word_1_924' title='bbox 1460 1879 1636 1912; x_wconf 89' lang='lat' dir='ltr'>Antonini.</span> <span class='ocrx_word' id='word_1_925' title='bbox 1656 1879 1743 1911; x_wconf 88' lang='lat' dir='ltr'>Nam</span> <span class='ocrx_word' id='word_1_926' title='bbox 1752 1881 1781 1911; x_wconf 88' lang='lat' dir='ltr'>si</span> <span class='ocrx_word' id='word_1_927' title='bbox 1791 1880 1868 1921; x_wconf 91' lang='lat' dir='ltr'>quis</span> <span class='ocrx_word' id='word_1_928' title='bbox 1878 1883 2015 1921; x_wconf 88' lang='lat' dir='ltr'>propter</span> <span class='ocrx_word' id='word_1_929' title='bbox 2023 1880 2175 1914; x_wconf 88' lang='lat' dir='ltr'>morbum</span> <span class='ocrx_word' id='word_1_930' title='bbox 2186 1880 2238 1913; x_wconf 88' lang='lat' dir='ltr'>vel</span> <span class='ocrx_word' id='word_1_931' title='bbox 2246 1880 2348 1913; x_wconf 89' lang='lat' dir='ltr'>aliam</span> 
     </span>
     <span class='ocr_line' id='line_1_115' title="bbox 1250 1924 2348 1967; baseline 0.002 -11"><span class='ocrx_word' id='word_1_932' title='bbox 1250 1924 1375 1957; x_wconf 87' lang='lat' dir='ltr'>iustam</span> <span class='ocrx_word' id='word_1_933' title='bbox 1387 1934 1533 1966; x_wconf 87' lang='lat' dir='ltr'>oausam,</span> <span class='ocrx_word' id='word_1_934' title='bbox 1551 1928 1636 1966; x_wconf 88' lang='lat' dir='ltr'>puta</span> <span class='ocrx_word' id='word_1_935' title='bbox 1647 1924 1878 1967; x_wconf 88' lang='lat' dir='ltr'>navigationis</span> <span class='ocrx_word' id='word_1_936' title='bbox 1899 1924 1950 1957; x_wconf 91' lang='lat' dir='ltr'>vel</span> <span class='ocrx_word' id='word_1_937' title='bbox 1970 1925 2092 1957; x_wconf 89' lang='lat' dir='ltr'>hiemis</span> <span class='ocrx_word' id='word_1_938' title='bbox 2105 1925 2158 1958; x_wconf 89' lang='lat' dir='ltr'>vel</span> <span class='ocrx_word' id='word_1_939' title='bbox 2177 1925 2348 1958; x_wconf 87' lang='lat' dir='ltr'>latronum</span> 
     </span>
     <span class='ocr_line' id='line_1_116' title="bbox 1250 1968 2347 2014; baseline 0.002 -13"><span class='ocrx_word' id='word_1_940' title='bbox 1250 1969 1406 2002; x_wconf 86' lang='lat' dir='ltr'>incursus</span> <span class='ocrx_word' id='word_1_941' title='bbox 1425 1968 1479 2001; x_wconf 86' lang='lat' dir='ltr'>vel</span> <span class='ocrx_word' id='word_1_942' title='bbox 1497 1969 1599 2002; x_wconf 88' lang='lat' dir='ltr'>aliam</span> <span class='ocrx_word' id='word_1_943' title='bbox 1619 1969 1774 2011; x_wconf 89' lang='lat' dir='ltr'>similem,</span> <span class='ocrx_word' id='word_1_944' title='bbox 1794 1969 1837 2002; x_wconf 86' lang='lat' dir='ltr'>ad</span> <span class='ocrx_word' id='word_1_945' title='bbox 1857 1972 1990 2012; x_wconf 87' lang='lat' dir='ltr'>tempus</span> <span class='ocrx_word' id='word_1_946' title='bbox 2009 1970 2124 2003; x_wconf 86' lang='lat' dir='ltr'>adesse</span> <span class='ocrx_word' id='word_1_947' title='bbox 2144 1981 2212 2003; x_wconf 88' lang='lat' dir='ltr'>non</span> <span class='ocrx_word' id='word_1_948' title='bbox 2228 1971 2347 2014; x_wconf 90' lang='lat' dir='ltr'>possit,</span> 
     </span>
     <span class='ocr_line' id='line_1_117' title="bbox 1250 2013 2348 2057; baseline 0.001 -10"><span class='ocrx_word' id='word_1_949' title='bbox 1250 2015 1349 2047; x_wconf 89' lang='lat' dir='ltr'>venia</span> <span class='ocrx_word' id='word_1_950' title='bbox 1368 2015 1401 2047; x_wconf 88' lang='lat' dir='ltr'>ei</span> <span class='ocrx_word' id='word_1_951' title='bbox 1420 2013 1529 2047; x_wconf 86' lang='lat' dir='ltr'>datur.</span> <span class='ocrx_word' id='word_1_952' title='bbox 1562 2025 1630 2056; x_wconf 89' lang='lat' dir='ltr'>qua</span> <span class='ocrx_word' id='word_1_953' title='bbox 1649 2014 1690 2047; x_wconf 91' lang='lat' dir='ltr'>de</span> <span class='ocrx_word' id='word_1_954' title='bbox 1709 2025 1745 2047; x_wconf 89' lang='lat' dir='ltr'>re</span> <span class='ocrx_word' id='word_1_955' title='bbox 1765 2015 1849 2047; x_wconf 88' lang='lat' dir='ltr'>satis</span> <span class='ocrx_word' id='word_1_956' title='bbox 1870 2019 1941 2047; x_wconf 89' lang='lat' dir='ltr'>erat</span> <span class='ocrx_word' id='word_1_957' title='bbox 1962 2020 2115 2048; x_wconf 86' lang='lat' dir='ltr'>constare</span> <span class='ocrx_word' id='word_1_958' title='bbox 2138 2015 2191 2048; x_wconf 93' lang='lat' dir='ltr'>vel</span> <span class='ocrx_word' id='word_1_959' title='bbox 2211 2026 2252 2048; x_wconf 91' lang='lat' dir='ltr'>ex</span> <span class='ocrx_word' id='word_1_960' title='bbox 2271 2015 2348 2057; x_wconf 86' lang='lat' dir='ltr'>ipso</span> 
     </span>
     <span class='ocr_line' id='line_1_118' title="bbox 1250 2059 2349 2104; baseline 0.001 -12"><span class='ocrx_word' id='word_1_961' title='bbox 1250 2060 1324 2092; x_wconf 91' lang='lat' dir='ltr'>iure</span> <span class='ocrx_word' id='word_1_962' title='bbox 1359 2062 1518 2092; x_wconf 87' lang='lat' dir='ltr'>naturae:</span> <span class='ocrx_word' id='word_1_963' title='bbox 1562 2059 1621 2092; x_wconf 91' lang='lat' dir='ltr'>sed</span> <span class='ocrx_word' id='word_1_964' title='bbox 1652 2059 1754 2092; x_wconf 90' lang='lat' dir='ltr'>etiam</span> <span class='ocrx_word' id='word_1_965' title='bbox 1786 2060 1990 2092; x_wconf 88' lang='lat' dir='ltr'>constitutio</span> <span class='ocrx_word' id='word_1_966' title='bbox 2025 2064 2076 2093; x_wconf 87' lang='lat' dir='ltr'>est</span> <span class='ocrx_word' id='word_1_967' title='bbox 2107 2061 2349 2104; x_wconf 86' lang='lat' dir='ltr'>imperatorum</span> 
     </span>
     <span class='ocr_line' id='line_1_119' title="bbox 1251 2104 2350 2138; baseline 0 0"><span class='ocrx_word' id='word_1_968' title='bbox 1251 2105 1271 2138; x_wconf 91' lang='lat'>8</span> <span class='ocrx_word' id='word_1_969' title='bbox 1297 2104 1413 2137; x_wconf 85' lang='lat' dir='ltr'>Severi</span> <span class='ocrx_word' id='word_1_970' title='bbox 1426 2106 1460 2137; x_wconf 88' lang='lat' dir='ltr'>et</span> <span class='ocrx_word' id='word_1_971' title='bbox 1471 2105 1639 2138; x_wconf 88' lang='lat' dir='ltr'>Antonini</span> <span class='ocrx_word' id='word_1_972' title='bbox 1652 2105 1688 2137; x_wconf 91' lang='lat' dir='ltr'>in</span> <span class='ocrx_word' id='word_1_973' title='bbox 1701 2115 1774 2137; x_wconf 87' lang='lat' dir='ltr'>eam</span> <span class='ocrx_word' id='word_1_974' title='bbox 1786 2106 2000 2137; x_wconf 87' lang='lat' dir='ltr'>sententiam.</span> <span class='ocrx_word' id='word_1_975' title='bbox 2034 2105 2100 2138; x_wconf 92' lang='lat' dir='ltr'>Sed</span> <span class='ocrx_word' id='word_1_976' title='bbox 2112 2106 2287 2138; x_wconf 87' lang='lat' dir='ltr'>sciendum</span> <span class='ocrx_word' id='word_1_977' title='bbox 2299 2108 2350 2138; x_wconf 89' lang='lat' dir='ltr'>est</span> 
     </span>
     <span class='ocr_line' id='line_1_120' title="bbox 1250 2149 2350 2193; baseline 0.001 -11"><span class='ocrx_word' id='word_1_978' title='bbox 1250 2160 1318 2182; x_wconf 91' lang='lat' dir='ltr'>non</span> <span class='ocrx_word' id='word_1_979' title='bbox 1331 2149 1483 2183; x_wconf 79' lang='lat' dir='ltr'>sufficere</span> <span class='ocrx_word' id='word_1_980' title='bbox 1493 2150 1640 2183; x_wconf 88' lang='lat' dir='ltr'>iudicem</span> <span class='ocrx_word' id='word_1_981' title='bbox 1653 2150 1788 2190; x_wconf 87' lang='lat' dir='ltr'>adiisse,</span> <span class='ocrx_word' id='word_1_982' title='bbox 1808 2150 1866 2183; x_wconf 87' lang='lat' dir='ltr'>sed</span> <span class='ocrx_word' id='word_1_983' title='bbox 1879 2154 2033 2192; x_wconf 88' lang='lat' dir='ltr'>oportere</span> <span class='ocrx_word' id='word_1_984' title='bbox 2053 2151 2155 2184; x_wconf 89' lang='lat' dir='ltr'>etiam</span> <span class='ocrx_word' id='word_1_985' title='bbox 2175 2151 2216 2183; x_wconf 91' lang='lat' dir='ltr'>de</span> <span class='ocrx_word' id='word_1_986' title='bbox 2237 2151 2350 2193; x_wconf 87' lang='lat' dir='ltr'>specie</span> 
     </span>
     <span class='ocr_line' id='line_1_121' title="bbox 1250 2194 2350 2237; baseline 0.001 -10"><span class='ocrx_word' id='word_1_987' title='bbox 1250 2195 1478 2228; x_wconf 84' lang='lat' dir='ltr'>excusationis</span> <span class='ocrx_word' id='word_1_988' title='bbox 1502 2196 1621 2228; x_wconf 88' lang='lat' dir='ltr'>testari</span> <span class='ocrx_word' id='word_1_989' title='bbox 1636 2220 1646 2236; x_wconf 92' lang='lat'>‚</span> <span class='ocrx_word' id='word_1_990' title='bbox 1677 2198 1712 2228; x_wconf 90' lang='lat' dir='ltr'>et</span> <span class='ocrx_word' id='word_1_991' title='bbox 1736 2194 1792 2237; x_wconf 92' lang='lat' dir='ltr'>qui</span> <span class='ocrx_word' id='word_1_992' title='bbox 1815 2195 1939 2228; x_wconf 87' lang='lat' dir='ltr'>multas</span> <span class='ocrx_word' id='word_1_993' title='bbox 1969 2195 2092 2228; x_wconf 88' lang='lat' dir='ltr'>habeat</span> <span class='ocrx_word' id='word_1_994' title='bbox 2122 2196 2350 2229; x_wconf 85' lang='lat' dir='ltr'>excusationis</span> 
     </span>
     <span class='ocr_line' id='line_1_122' title="bbox 1251 2240 2350 2283; baseline 0.001 -11"><span class='ocrx_word' id='word_1_995' title='bbox 1251 2250 1379 2281; x_wconf 88' lang='lat' dir='ltr'>causas,</span> <span class='ocrx_word' id='word_1_996' title='bbox 1400 2251 1514 2274; x_wconf 89' lang='lat' dir='ltr'>omnes</span> <span class='ocrx_word' id='word_1_997' title='bbox 1535 2240 1700 2283; x_wconf 82' lang='lat' dir='ltr'>allegare3</span> <span class='ocrx_word' id='word_1_998' title='bbox 1729 2240 1819 2282; x_wconf 90' lang='lat' dir='ltr'>quod</span> <span class='ocrx_word' id='word_1_999' title='bbox 1842 2240 1910 2272; x_wconf 89' lang='lat' dir='ltr'>nisi</span> <span class='ocrx_word' id='word_1_1000' title='bbox 1930 2240 2025 2282; x_wconf 80' lang='lat' dir='ltr'>facit,</span> <span class='ocrx_word' id='word_1_1001' title='bbox 2047 2241 2169 2274; x_wconf 90' lang='lat' dir='ltr'>similis</span> <span class='ocrx_word' id='word_1_1002' title='bbox 2182 2245 2233 2274; x_wconf 91' lang='lat' dir='ltr'>est</span> <span class='ocrx_word' id='word_1_1003' title='bbox 2246 2242 2278 2273; x_wconf 89' lang='lat' dir='ltr'>ei</span> <span class='ocrx_word' id='word_1_1004' title='bbox 2290 2241 2350 2283; x_wconf 90' lang='lat' dir='ltr'>qui</span> 
     </span>
     <span class='ocr_line' id='line_1_123' title="bbox 1251 2285 2349 2328; baseline 0 -10"><span class='ocrx_word' id='word_1_1005' title='bbox 1251 2285 1352 2327; x_wconf 86' lang='lat' dir='ltr'>plane</span> <span class='ocrx_word' id='word_1_1006' title='bbox 1363 2295 1432 2318; x_wconf 89' lang='lat' dir='ltr'>non</span> <span class='ocrx_word' id='word_1_1007' title='bbox 1446 2286 1535 2319; x_wconf 87' lang='lat' dir='ltr'>adiit</span> <span class='ocrx_word' id='word_1_1008' title='bbox 1552 2286 1582 2318; x_wconf 92' lang='lat' dir='ltr'>is</span> <span class='ocrx_word' id='word_1_1009' title='bbox 1592 2286 1651 2328; x_wconf 91' lang='lat' dir='ltr'>qui</span> <span class='ocrx_word' id='word_1_1010' title='bbox 1659 2285 1746 2318; x_wconf 86' lang='lat' dir='ltr'>adiit</span> <span class='ocrx_word' id='word_1_1011' title='bbox 1755 2285 1901 2328; x_wconf 89' lang='lat' dir='ltr'>quidem,</span> <span class='ocrx_word' id='word_1_1012' title='bbox 1910 2285 1968 2318; x_wconf 89' lang='lat' dir='ltr'>sed</span> <span class='ocrx_word' id='word_1_1013' title='bbox 1977 2296 2112 2319; x_wconf 89' lang='lat' dir='ltr'>causam</span> <span class='ocrx_word' id='word_1_1014' title='bbox 2121 2286 2349 2319; x_wconf 88' lang='lat' dir='ltr'>excusationis</span> 
     </span>
     <span class='ocr_line' id='line_1_124' title="bbox 1251 2330 2350 2373; baseline -0.001 -9"><span class='ocrx_word' id='word_1_1015' title='bbox 1251 2332 1272 2364; x_wconf 88' lang='grc'><strong>9</strong></span> <span class='ocrx_word' id='word_1_1016' title='bbox 1296 2341 1365 2363; x_wconf 86' lang='grc' dir='ltr'><strong><em>ιιοιι</em></strong></span> <span class='ocrx_word' id='word_1_1017' title='bbox 1379 2330 1497 2365; x_wconf 89' lang='lat' dir='ltr'>edidit.</span> <span class='ocrx_word' id='word_1_1018' title='bbox 1522 2330 1781 2373; x_wconf 81' lang='lat' dir='ltr'>Quinquaginta</span> <span class='ocrx_word' id='word_1_1019' title='bbox 1796 2330 1868 2363; x_wconf 90' lang='lat' dir='ltr'>dies</span> <span class='ocrx_word' id='word_1_1020' title='bbox 1881 2334 2101 2363; x_wconf 85' lang='lat' dir='ltr'>numerantur</span> <span class='ocrx_word' id='word_1_1021' title='bbox 2121 2331 2277 2364; x_wconf 90' lang='lat' dir='ltr'>continui</span> <span class='ocrx_word' id='word_1_1022' title='bbox 2296 2331 2350 2363; x_wconf 90' lang='lat' dir='ltr'>in-</span> 
     </span>
     <span class='ocr_line' id='line_1_125' title="bbox 1251 2375 2350 2418; baseline 0 -10"><span class='ocrx_word' id='word_1_1023' title='bbox 1251 2375 1419 2418; x_wconf 87' lang='lat' dir='ltr'>cipientes</span> <span class='ocrx_word' id='word_1_1024' title='bbox 1449 2386 1469 2408; x_wconf 89' lang='lat' dir='ltr'>a</span> <span class='ocrx_word' id='word_1_1025' title='bbox 1501 2378 1652 2418; x_wconf 89' lang='lat' dir='ltr'>tempore</span> <span class='ocrx_word' id='word_1_1026' title='bbox 1682 2375 1846 2408; x_wconf 86' lang='lat' dir='ltr'>scientiae</span> <span class='ocrx_word' id='word_1_1027' title='bbox 1856 2400 1865 2416; x_wconf 90' lang='lat'>‚</span> <span class='ocrx_word' id='word_1_1028' title='bbox 1899 2386 1964 2418; x_wconf 93' lang='lat' dir='ltr'>quo</span> <span class='ocrx_word' id='word_1_1029' title='bbox 1990 2377 2066 2418; x_wconf 92' lang='lat' dir='ltr'>quis</span> <span class='ocrx_word' id='word_1_1030' title='bbox 2090 2387 2125 2409; x_wconf 88' lang='lat' dir='ltr'>se</span> <span class='ocrx_word' id='word_1_1031' title='bbox 2147 2376 2264 2409; x_wconf 91' lang='lat' dir='ltr'>datum</span> <span class='ocrx_word' id='word_1_1032' title='bbox 2277 2386 2350 2409; x_wconf 82' lang='lat' dir='ltr'>esse</span> 
     </span>
     <span class='ocr_line' id='line_1_126' title="bbox 1254 2421 2350 2463; baseline 0 -9"><span class='ocrx_word' id='word_1_1033' title='bbox 1254 2422 1296 2455; x_wconf 90' lang='lat'>10</span> <span class='ocrx_word' id='word_1_1034' title='bbox 1327 2421 1540 2463; x_wconf 87' lang='lat' dir='ltr'>compererit.</span> <span class='ocrx_word' id='word_1_1035' title='bbox 1585 2421 1728 2463; x_wconf 80' lang='lat' dir='ltr'>Oportet</span> <span class='ocrx_word' id='word_1_1036' title='bbox 1762 2423 1874 2453; x_wconf 89' lang='lat' dir='ltr'>autem</span> <span class='ocrx_word' id='word_1_1037' title='bbox 1907 2431 1975 2453; x_wconf 89' lang='lat' dir='ltr'>una</span> <span class='ocrx_word' id='word_1_1038' title='bbox 2006 2423 2088 2462; x_wconf 84' lang='lat' dir='ltr'>[una</span> <span class='ocrx_word' id='word_1_1039' title='bbox 2119 2421 2196 2462; x_wconf 65' lang='lat' dir='ltr'>del]</span> <span class='ocrx_word' id='word_1_1040' title='bbox 2230 2421 2350 2454; x_wconf 85' lang='lat' dir='ltr'>testari</span> 
     </span>
     <span class='ocr_line' id='line_1_127' title="bbox 1250 2465 2351 2509; baseline 0 -11"><span class='ocrx_word' id='word_1_1041' title='bbox 1250 2476 1314 2509; x_wconf 88' lang='lat' dir='ltr'>pro</span> <span class='ocrx_word' id='word_1_1042' title='bbox 1345 2465 1511 2499; x_wconf 90' lang='lat' dir='ltr'>tribunali</span> <span class='ocrx_word' id='word_1_1043' title='bbox 1535 2465 1589 2499; x_wconf 85' lang='lat' dir='ltr'>vel</span> <span class='ocrx_word' id='word_1_1044' title='bbox 1611 2465 1712 2499; x_wconf 89' lang='lat' dir='ltr'>aliter</span> <span class='ocrx_word' id='word_1_1045' title='bbox 1742 2465 1832 2508; x_wconf 87' lang='lat' dir='ltr'>apud</span> <span class='ocrx_word' id='word_1_1046' title='bbox 1863 2469 1957 2498; x_wconf 84' lang='lat' dir='ltr'>acta:</span> <span class='ocrx_word' id='word_1_1047' title='bbox 1998 2469 2140 2508; x_wconf 88' lang='lat' dir='ltr'>possunt</span> <span class='ocrx_word' id='word_1_1048' title='bbox 2171 2468 2281 2499; x_wconf 89' lang='lat' dir='ltr'>autem</span> <span class='ocrx_word' id='word_1_1049' title='bbox 2316 2468 2351 2499; x_wconf 90' lang='lat' dir='ltr'>et</span> 
     </span>
     <span class='ocr_line' id='line_1_128' title="bbox 1255 2509 2350 2554; baseline -0.001 -9"><span class='ocrx_word' id='word_1_1050' title='bbox 1255 2512 1293 2545; x_wconf 84' lang='lat'>11</span> <span class='ocrx_word' id='word_1_1051' title='bbox 1319 2509 1429 2543; x_wconf 92' lang='lat' dir='ltr'>libelli</span> <span class='ocrx_word' id='word_1_1052' title='bbox 1441 2511 1498 2544; x_wconf 86' lang='lat' dir='ltr'>edi</span> <span class='ocrx_word' id='word_1_1053' title='bbox 1512 2510 1553 2544; x_wconf 89' lang='lat' dir='ltr'>de</span> <span class='ocrx_word' id='word_1_1054' title='bbox 1570 2511 1682 2554; x_wconf 84' lang='lat' dir='ltr'>plano,</span> <span class='ocrx_word' id='word_1_1055' title='bbox 1699 2514 1739 2543; x_wconf 91' lang='lat' dir='ltr'>ut</span> <span class='ocrx_word' id='word_1_1056' title='bbox 1755 2511 1853 2543; x_wconf 89' lang='lat' dir='ltr'>aiunt</span> <span class='ocrx_word' id='word_1_1057' title='bbox 1867 2510 1970 2543; x_wconf 88' lang='lat' dir='ltr'>iidem</span> <span class='ocrx_word' id='word_1_1058' title='bbox 1985 2511 2214 2554; x_wconf 88' lang='lat' dir='ltr'>imperatores.</span> <span class='ocrx_word' id='word_1_1059' title='bbox 2255 2511 2350 2545; x_wconf 84' lang='lat' dir='ltr'>Haec</span> 
     </span>
     <span class='ocr_line' id='line_1_129' title="bbox 1252 2555 2349 2600; baseline 0.001 -12"><span class='ocrx_word' id='word_1_1060' title='bbox 1252 2555 1293 2589; x_wconf 89' lang='lat' dir='ltr'>de</span> <span class='ocrx_word' id='word_1_1061' title='bbox 1304 2555 1350 2588; x_wconf 90' lang='lat' dir='ltr'>iis</span> <span class='ocrx_word' id='word_1_1062' title='bbox 1363 2556 1422 2598; x_wconf 90' lang='lat' dir='ltr'>qui</span> <span class='ocrx_word' id='word_1_1063' title='bbox 1434 2556 1584 2600; x_wconf 89' lang='lat' dir='ltr'>spatium</span> <span class='ocrx_word' id='word_1_1064' title='bbox 1596 2555 1773 2589; x_wconf 87' lang='lat' dir='ltr'>observare</span> <span class='ocrx_word' id='word_1_1065' title='bbox 1793 2555 1934 2588; x_wconf 87' lang='lat' dir='ltr'>debent:</span> <span class='ocrx_word' id='word_1_1066' title='bbox 1954 2557 2022 2588; x_wconf 90' lang='lat' dir='ltr'>iam</span> <span class='ocrx_word' id='word_1_1067' title='bbox 2042 2556 2213 2588; x_wconf 86' lang='lat' dir='ltr'>videamus</span> <span class='ocrx_word' id='word_1_1068' title='bbox 2233 2555 2274 2589; x_wconf 89' lang='lat' dir='ltr'>de</span> <span class='ocrx_word' id='word_1_1069' title='bbox 2293 2556 2349 2596; x_wconf 85' lang='lat' dir='ltr'>iis,</span> 
     </span>
     <span class='ocr_line' id='line_1_130' title="bbox 1256 2600 2350 2644; baseline -0.001 -9"><span class='ocrx_word' id='word_1_1070' title='bbox 1256 2602 1296 2635; x_wconf 87' lang='lat'>12</span> <span class='ocrx_word' id='word_1_1071' title='bbox 1322 2601 1382 2644; x_wconf 89' lang='lat' dir='ltr'>qui</span> <span class='ocrx_word' id='word_1_1072' title='bbox 1401 2601 1525 2644; x_wconf 86' lang='lat' dir='ltr'>spatiis</span> <span class='ocrx_word' id='word_1_1073' title='bbox 1545 2611 1615 2634; x_wconf 91' lang='lat' dir='ltr'>non</span> <span class='ocrx_word' id='word_1_1074' title='bbox 1635 2604 1804 2634; x_wconf 89' lang='lat' dir='ltr'>tenentur.</span> <span class='ocrx_word' id='word_1_1075' title='bbox 1836 2600 1923 2633; x_wconf 89' lang='lat' dir='ltr'>Nam</span> <span class='ocrx_word' id='word_1_1076' title='bbox 1937 2601 1996 2642; x_wconf 89' lang='lat' dir='ltr'>qui</span> <span class='ocrx_word' id='word_1_1077' title='bbox 2016 2611 2083 2634; x_wconf 91' lang='lat' dir='ltr'>non</span> <span class='ocrx_word' id='word_1_1078' title='bbox 2097 2601 2170 2634; x_wconf 90' lang='lat' dir='ltr'>iure</span> <span class='ocrx_word' id='word_1_1079' title='bbox 2183 2601 2256 2634; x_wconf 88' lang='lat' dir='ltr'>dati</span> <span class='ocrx_word' id='word_1_1080' title='bbox 2268 2603 2350 2634; x_wconf 86' lang='lat' dir='ltr'>sunt</span> 
     </span>
     <span class='ocr_line' id='line_1_131' title="bbox 1253 2645 2350 2689; baseline 0.001 -11"><span class='ocrx_word' id='word_1_1081' title='bbox 1253 2648 1394 2688; x_wconf 82' lang='lat' dir='ltr'>tutores,</span> <span class='ocrx_word' id='word_1_1082' title='bbox 1406 2646 1443 2679; x_wconf 88' lang='lat' dir='ltr'>id</span> <span class='ocrx_word' id='word_1_1083' title='bbox 1456 2649 1508 2679; x_wconf 88' lang='lat' dir='ltr'>est</span> <span class='ocrx_word' id='word_1_1084' title='bbox 1519 2649 1581 2679; x_wconf 87' lang='lat' dir='ltr'>aut</span> <span class='ocrx_word' id='word_1_1085' title='bbox 1592 2656 1613 2679; x_wconf 89' lang='lat' dir='ltr'>a</span> <span class='ocrx_word' id='word_1_1086' title='bbox 1625 2645 1749 2689; x_wconf 88' lang='lat' dir='ltr'>quibus</span> <span class='ocrx_word' id='word_1_1087' title='bbox 1762 2656 1830 2677; x_wconf 92' lang='lat' dir='ltr'>non</span> <span class='ocrx_word' id='word_1_1088' title='bbox 1843 2645 2043 2685; x_wconf 86' lang='lat' dir='ltr'>debuerunt,</span> <span class='ocrx_word' id='word_1_1089' title='bbox 2066 2650 2126 2679; x_wconf 88' lang='lat' dir='ltr'>aut</span> <span class='ocrx_word' id='word_1_1090' title='bbox 2138 2646 2198 2688; x_wconf 89' lang='lat' dir='ltr'>qui</span> <span class='ocrx_word' id='word_1_1091' title='bbox 2210 2657 2280 2678; x_wconf 90' lang='lat' dir='ltr'>non</span> <span class='ocrx_word' id='word_1_1092' title='bbox 2292 2646 2350 2679; x_wconf 88' lang='lat' dir='ltr'>de-</span> 
     </span>
     <span class='ocr_line' id='line_1_132' title="bbox 1252 2689 2350 2734; baseline 0 -10"><span class='ocrx_word' id='word_1_1093' title='bbox 1252 2691 1410 2733; x_wconf 88' lang='lat' dir='ltr'>buerunt,</span> <span class='ocrx_word' id='word_1_1094' title='bbox 1430 2694 1491 2725; x_wconf 87' lang='lat' dir='ltr'>aut</span> <span class='ocrx_word' id='word_1_1095' title='bbox 1509 2691 1632 2734; x_wconf 87' lang='lat' dir='ltr'>quibus</span> <span class='ocrx_word' id='word_1_1096' title='bbox 1653 2701 1721 2724; x_wconf 87' lang='lat' dir='ltr'>non</span> <span class='ocrx_word' id='word_1_1097' title='bbox 1743 2689 1941 2731; x_wconf 88' lang='lat' dir='ltr'>debuerunt,</span> <span class='ocrx_word' id='word_1_1098' title='bbox 1961 2693 2020 2723; x_wconf 88' lang='lat' dir='ltr'>aut</span> <span class='ocrx_word' id='word_1_1099' title='bbox 2033 2691 2199 2733; x_wconf 89' lang='lat' dir='ltr'>quomodo</span> <span class='ocrx_word' id='word_1_1100' title='bbox 2212 2701 2281 2723; x_wconf 89' lang='lat' dir='ltr'>non</span> <span class='ocrx_word' id='word_1_1101' title='bbox 2293 2691 2350 2724; x_wconf 89' lang='lat' dir='ltr'>de-</span> 
     </span>
     <span class='ocr_line' id='line_1_133' title="bbox 1251 2735 2351 2778; baseline 0.001 -10"><span class='ocrx_word' id='word_1_1102' title='bbox 1251 2735 1421 2777; x_wconf 88' lang='lat' dir='ltr'>buerunt,</span> <span class='ocrx_word' id='word_1_1103' title='bbox 1449 2737 1480 2770; x_wconf 87' lang='lat' dir='ltr'>si</span> <span class='ocrx_word' id='word_1_1104' title='bbox 1498 2747 1608 2778; x_wconf 88' lang='lat' dir='ltr'>neque</span> <span class='ocrx_word' id='word_1_1105' title='bbox 1629 2736 1870 2768; x_wconf 85' lang='lat' dir='ltr'>confirmantur</span> <span class='ocrx_word' id='word_1_1106' title='bbox 1889 2746 1998 2778; x_wconf 90' lang='lat' dir='ltr'>neque</span> <span class='ocrx_word' id='word_1_1107' title='bbox 2021 2736 2351 2769; x_wconf 84' lang='lat' dir='ltr'>administrationem</span> 
     </span>
     <span class='ocr_line' id='line_1_134' title="bbox 1252 2780 2350 2824; baseline 0 -10"><span class='ocrx_word' id='word_1_1108' title='bbox 1252 2781 1452 2824; x_wconf 87' lang='lat' dir='ltr'>attigerunt,</span> <span class='ocrx_word' id='word_1_1109' title='bbox 1462 2781 1562 2815; x_wconf 87' lang='lat' dir='ltr'>liberi</span> <span class='ocrx_word' id='word_1_1110' title='bbox 1571 2784 1651 2814; x_wconf 89' lang='lat' dir='ltr'>sunt</span> <span class='ocrx_word' id='word_1_1111' title='bbox 1660 2792 1669 2813; x_wconf 77' lang='grc' dir='ltr'>ι</span> <span class='ocrx_word' id='word_1_1112' title='bbox 1682 2791 1744 2813; x_wconf 91' lang='lat' dir='ltr'>nec</span> <span class='ocrx_word' id='word_1_1113' title='bbox 1752 2780 1798 2813; x_wconf 90' lang='lat' dir='ltr'>iis</span> <span class='ocrx_word' id='word_1_1114' title='bbox 1806 2780 1969 2823; x_wconf 88' lang='lat' dir='ltr'>imputari</span> <span class='ocrx_word' id='word_1_1115' title='bbox 1978 2783 2090 2824; x_wconf 84' lang='lat' dir='ltr'>potest</span> <span class='ocrx_word' id='word_1_1116' title='bbox 2099 2781 2189 2824; x_wconf 89' lang='lat' dir='ltr'>quod</span> <span class='ocrx_word' id='word_1_1117' title='bbox 2199 2784 2350 2824; x_wconf 86' lang='lat' dir='ltr'>tempora</span> 
     </span>
     <span class='ocr_line' id='line_1_135' title="bbox 1253 2826 2351 2867; baseline 0 -8"><span class='ocrx_word' id='word_1_1118' title='bbox 1253 2827 1482 2860; x_wconf 88' lang='lat' dir='ltr'>excusationis</span> <span class='ocrx_word' id='word_1_1119' title='bbox 1497 2837 1566 2859; x_wconf 90' lang='lat' dir='ltr'>non</span> <span class='ocrx_word' id='word_1_1120' title='bbox 1578 2826 1755 2866; x_wconf 86' lang='lat' dir='ltr'>servarint,</span> <span class='ocrx_word' id='word_1_1121' title='bbox 1768 2835 1877 2867; x_wconf 87' lang='lat' dir='ltr'>neque</span> <span class='ocrx_word' id='word_1_1122' title='bbox 1894 2826 1984 2858; x_wconf 89' lang='lat' dir='ltr'>enim</span> <span class='ocrx_word' id='word_1_1123' title='bbox 1997 2837 2156 2859; x_wconf 88' lang='lat' dir='ltr'>excusare</span> <span class='ocrx_word' id='word_1_1124' title='bbox 2168 2837 2203 2859; x_wconf 88' lang='lat' dir='ltr'>se</span> <span class='ocrx_word' id='word_1_1125' title='bbox 2215 2836 2351 2859; x_wconf 88' lang='lat' dir='ltr'>necesse</span> 
     </span>
     <span class='ocr_line' id='line_1_136' title="bbox 1252 2870 2351 2914; baseline 0 -10"><span class='ocrx_word' id='word_1_1126' title='bbox 1252 2872 1390 2911; x_wconf 87' lang='lat' dir='ltr'>habent,</span> <span class='ocrx_word' id='word_1_1127' title='bbox 1409 2874 1449 2904; x_wconf 92' lang='lat' dir='ltr'>ut</span> <span class='ocrx_word' id='word_1_1128' title='bbox 1460 2874 1603 2914; x_wconf 87' lang='lat' dir='ltr'>apparet</span> <span class='ocrx_word' id='word_1_1129' title='bbox 1622 2881 1663 2903; x_wconf 91' lang='lat' dir='ltr'>ex</span> <span class='ocrx_word' id='word_1_1130' title='bbox 1678 2870 1769 2903; x_wconf 79' lang='lat' dir='ltr'>infra</span> <span class='ocrx_word' id='word_1_1131' title='bbox 1781 2870 1919 2913; x_wconf 85' lang='lat' dir='ltr'>scriptis</span> <span class='ocrx_word' id='word_1_1132' title='bbox 1932 2870 2246 2912; x_wconf 89' lang='lat' dir='ltr'>constitutionibus,</span> <span class='ocrx_word' id='word_1_1133' title='bbox 2268 2881 2351 2914; x_wconf 90' lang='lat' dir='ltr'>quas</span> 
     </span>
     <span class='ocr_line' id='line_1_137' title="bbox 1254 2915 2350 2960; baseline -0.001 -11"><span class='ocrx_word' id='word_1_1134' title='bbox 1254 2916 1399 2960; x_wconf 89' lang='lat' dir='ltr'>exempli</span> <span class='ocrx_word' id='word_1_1135' title='bbox 1412 2927 1514 2949; x_wconf 84' lang='lat' dir='ltr'>causa</span> <span class='ocrx_word' id='word_1_1136' title='bbox 1526 2916 1666 2956; x_wconf 89' lang='lat' dir='ltr'>subieci,</span> <span class='ocrx_word' id='word_1_1137' title='bbox 1680 2915 1854 2959; x_wconf 84' lang='lat' dir='ltr'>pertinent</span> <span class='ocrx_word' id='word_1_1138' title='bbox 1865 2919 1978 2948; x_wconf 85' lang='lat' dir='ltr'>autem</span> <span class='ocrx_word' id='word_1_1139' title='bbox 1989 2916 2031 2949; x_wconf 90' lang='lat' dir='ltr'>ad</span> <span class='ocrx_word' id='word_1_1140' title='bbox 2044 2927 2170 2950; x_wconf 88' lang='lat' dir='ltr'>omnes.</span> <span class='ocrx_word' id='word_1_1141' title='bbox 2202 2917 2283 2949; x_wconf 85' lang='lat' dir='ltr'>Divi</span> <span class='ocrx_word' id='word_1_1142' title='bbox 2297 2943 2304 2950; x_wconf 91' lang='lat'>.</span> <span class='ocrx_word' id='word_1_1143' title='bbox 2319 2942 2328 2950; x_wconf 95' lang='lat'><strong><em>.</em></strong></span> <span class='ocrx_word' id='word_1_1144' title='bbox 2342 2941 2350 2948; x_wconf 93' lang='lat'><strong>.</strong></span> 
     </span>
     <span class='ocr_line' id='line_1_138' title="bbox 1253 2960 2350 3004; baseline 0 -10"><span class='ocrx_word' id='word_1_1145' title='bbox 1253 2972 1400 2994; x_wconf 86' lang='lat' dir='ltr'>securus.</span> <span class='ocrx_word' id='word_1_1146' title='bbox 1426 2961 1516 2994; x_wconf 89' lang='lat' dir='ltr'>idem</span> <span class='ocrx_word' id='word_1_1147' title='bbox 1536 2964 1588 2994; x_wconf 88' lang='lat' dir='ltr'>est</span> <span class='ocrx_word' id='word_1_1148' title='bbox 1598 2961 1628 2993; x_wconf 91' lang='lat' dir='ltr'>si</span> <span class='ocrx_word' id='word_1_1149' title='bbox 1639 2960 1869 2993; x_wconf 85' lang='lat' dir='ltr'>iurisdictioni</span> <span class='ocrx_word' id='word_1_1150' title='bbox 1883 2971 1951 2993; x_wconf 92' lang='lat' dir='ltr'>non</span> <span class='ocrx_word' id='word_1_1151' title='bbox 1967 2961 2156 2994; x_wconf 90' lang='lat' dir='ltr'>subiectum</span> <span class='ocrx_word' id='word_1_1152' title='bbox 2175 2961 2350 3004; x_wconf 88' lang='lat' dir='ltr'>magistra-</span> 
     </span>
     <span class='ocr_line' id='line_1_139' title="bbox 1254 3005 2350 3049; baseline -0.002 -10"><span class='ocrx_word' id='word_1_1153' title='bbox 1254 3009 1308 3039; x_wconf 87' lang='lat' dir='ltr'>tus</span> <span class='ocrx_word' id='word_1_1154' title='bbox 1320 3009 1465 3039; x_wconf 87' lang='lat' dir='ltr'>tutorem</span> <span class='ocrx_word' id='word_1_1155' title='bbox 1477 3009 1704 3039; x_wconf 83' lang='lat' dir='ltr'>curatoremve</span> <span class='ocrx_word' id='word_1_1156' title='bbox 1715 3005 1879 3047; x_wconf 85' lang='lat' dir='ltr'>fecerunt,</span> <span class='ocrx_word' id='word_1_1157' title='bbox 1891 3016 1969 3038; x_wconf 88' lang='lat' dir='ltr'>nam</span> <span class='ocrx_word' id='word_1_1158' title='bbox 1982 3016 2043 3039; x_wconf 89' lang='lat' dir='ltr'>nec</span> <span class='ocrx_word' id='word_1_1159' title='bbox 2065 3006 2094 3039; x_wconf 90' lang='lat' dir='ltr'>is</span> <span class='ocrx_word' id='word_1_1160' title='bbox 2115 3006 2250 3049; x_wconf 88' lang='lat' dir='ltr'>cogitur</span> <span class='ocrx_word' id='word_1_1161' title='bbox 2268 3009 2350 3038; x_wconf 90' lang='lat' dir='ltr'>tem-</span> 
     </span>
     <span class='ocr_line' id='line_1_140' title="bbox 1253 3050 2350 3094; baseline 0 -10"><span class='ocrx_word' id='word_1_1162' title='bbox 1253 3062 1338 3094; x_wconf 88' lang='lat' dir='ltr'>pora</span> <span class='ocrx_word' id='word_1_1163' title='bbox 1349 3051 1535 3093; x_wconf 86' lang='lat' dir='ltr'>observare,</span> <span class='ocrx_word' id='word_1_1164' title='bbox 1558 3050 1668 3093; x_wconf 89' lang='lat' dir='ltr'>qualis</span> <span class='ocrx_word' id='word_1_1165' title='bbox 1681 3053 1732 3083; x_wconf 87' lang='lat' dir='ltr'>est</span> <span class='ocrx_word' id='word_1_1166' title='bbox 1755 3051 1815 3093; x_wconf 89' lang='lat' dir='ltr'>qui</span> <span class='ocrx_word' id='word_1_1167' title='bbox 1836 3061 1898 3083; x_wconf 86' lang='lat' dir='ltr'>nee</span> <span class='ocrx_word' id='word_1_1168' title='bbox 1920 3051 2005 3083; x_wconf 85' lang='lat' dir='ltr'>civis</span> <span class='ocrx_word' id='word_1_1169' title='bbox 2029 3054 2079 3084; x_wconf 85' lang='lat' dir='ltr'>est</span> <span class='ocrx_word' id='word_1_1170' title='bbox 2098 3062 2206 3094; x_wconf 88' lang='lat' dir='ltr'>neque</span> <span class='ocrx_word' id='word_1_1171' title='bbox 2226 3050 2350 3084; x_wconf 89' lang='lat' dir='ltr'>incola.</span> 
     </span>
     <span class='ocr_line' id='line_1_141' title="bbox 1254 3091 2352 3138; baseline -0.004 -7"><span class='ocrx_word' id='word_1_1172' title='bbox 1254 3099 1296 3137; x_wconf 86' lang='grc'>(3)</span> <span class='ocrx_word' id='word_1_1173' title='bbox 1320 3096 1383 3138; x_wconf 87' lang='grc' dir='ltr'>τῆς</span> <span class='ocrx_word' id='word_1_1174' title='bbox 1394 3098 1456 3130; x_wconf 81' lang='lat' dir='ltr'>ins.</span> <span class='ocrx_word' id='word_1_1175' title='bbox 1472 3096 1623 3129; x_wconf 77' lang='lat' dir='ltr'>Her-cher</span> <span class='ocrx_word' id='word_1_1176' title='bbox 1680 3098 1723 3137; x_wconf 69' lang='lat'>(4)</span> <span class='ocrx_word' id='word_1_1177' title='bbox 1748 3096 1808 3130; x_wconf 78' lang='grc' dir='ltr'>καὶ</span> <span class='ocrx_word' id='word_1_1178' title='bbox 1818 3096 1880 3129; x_wconf 80' lang='lat' dir='ltr'>del.</span> <span class='ocrx_word' id='word_1_1179' title='bbox 1894 3096 2046 3129; x_wconf 81' lang='lat' dir='ltr'>Hercher</span> <span class='ocrx_word' id='word_1_1180' title='bbox 2103 3098 2145 3138; x_wconf 85' lang='lat'>(5)</span> <span class='ocrx_word' id='word_1_1181' title='bbox 2158 3097 2206 3130; x_wconf 77' lang='lat' dir='ltr'>sic</span> <span class='ocrx_word' id='word_1_1182' title='bbox 2218 3096 2275 3136; x_wconf 82' lang='lat' dir='ltr'>F1,</span> <span class='ocrx_word' id='word_1_1183' title='bbox 2288 3091 2352 3127; x_wconf 70' lang='grc' dir='ltr'>ἐὰν</span> 
     </span>
     <span class='ocr_line' id='line_1_142' title="bbox 1253 3134 2353 3186; baseline -0.002 -12"><span class='ocrx_word' id='word_1_1184' title='bbox 1253 3138 1379 3174; x_wconf 78' lang='grc' dir='ltr'><strong><em>πολλοὶ</em></strong></span> <span class='ocrx_word' id='word_1_1185' title='bbox 1393 3136 1632 3186; x_wconf 71' lang='grc' dir='ltr'><strong><em>ἀπελεύθεροι</em></strong></span> <span class='ocrx_word' id='word_1_1186' title='bbox 1644 3134 1737 3174; x_wconf 78' lang='grc' dir='ltr'><strong><em>ὦσιν</em></strong></span> <span class='ocrx_word' id='word_1_1187' title='bbox 1748 3138 1796 3175; x_wconf 79' lang='grc' dir='ltr'>εἷς</span> <span class='ocrx_word' id='word_1_1188' title='bbox 1809 3136 1986 3174; x_wconf 82' lang='grc' dir='ltr'><strong><em>ἁπάντων</em></strong></span> <span class='ocrx_word' id='word_1_1189' title='bbox 1996 3141 2031 3174; x_wconf 84' lang='lat' dir='ltr'><em>F</em></span> <span class='ocrx_word' id='word_1_1190' title='bbox 2034 3140 2050 3161; x_wconf 82' lang='lat'><strong>²</strong></span> <span class='ocrx_word' id='word_1_1191' title='bbox 2062 3154 2131 3175; x_wconf 82' lang='lat' dir='ltr'>cum</span> <span class='ocrx_word' id='word_1_1192' title='bbox 2140 3142 2176 3174; x_wconf 92' lang='lat' dir='ltr'><em>B</em></span> <span class='ocrx_word' id='word_1_1193' title='bbox 2246 3141 2290 3182; x_wconf 89' lang='lat'>(6)</span> <span class='ocrx_word' id='word_1_1194' title='bbox 2315 3139 2353 3173; x_wconf 81' lang='lat' dir='ltr'>id</span> 
     </span>
     <span class='ocr_line' id='line_1_143' title="bbox 1254 3185 2350 3220; baseline -0.003 -1"><span class='ocrx_word' id='word_1_1195' title='bbox 1254 3194 1302 3220; x_wconf 80' lang='lat' dir='ltr'>est</span> <span class='ocrx_word' id='word_1_1196' title='bbox 1310 3199 1321 3218; x_wconf 92' lang='lat'><em>:</em></span> <span class='ocrx_word' id='word_1_1197' title='bbox 1342 3185 1519 3219; x_wconf 90' lang='lat' dir='ltr'>Libertum</span> <span class='ocrx_word' id='word_1_1198' title='bbox 1532 3186 1569 3218; x_wconf 87' lang='lat' dir='ltr'>in</span> <span class='ocrx_word' id='word_1_1199' title='bbox 1581 3188 1728 3218; x_wconf 87' lang='lat' dir='ltr'>tractatu</span> <span class='ocrx_word' id='word_1_1200' title='bbox 1739 3185 1779 3218; x_wconf 90' lang='lat' dir='ltr'>de</span> <span class='ocrx_word' id='word_1_1201' title='bbox 1789 3187 2004 3218; x_wconf 87' lang='lat' dir='ltr'>excusatione</span> <span class='ocrx_word' id='word_1_1202' title='bbox 2014 3189 2162 3218; x_wconf 82' lang='lat' dir='ltr'>tutorum</span> <span class='ocrx_word' id='word_1_1203' title='bbox 2175 3188 2208 3218; x_wconf 86' lang='lat' dir='ltr'>et</span> <span class='ocrx_word' id='word_1_1204' title='bbox 2218 3187 2350 3217; x_wconf 89' lang='lat' dir='ltr'>curato·</span> 
     </span>
     <span class='ocr_line' id='line_1_144' title="bbox 1253 3230 2349 3274; baseline -0.004 -10"><span class='ocrx_word' id='word_1_1205' title='bbox 1253 3243 1328 3264; x_wconf 89' lang='lat' dir='ltr'>rum</span> <span class='ocrx_word' id='word_1_1206' title='bbox 1346 3231 1432 3265; x_wconf 80' lang='lat' dir='ltr'>scire</span> <span class='ocrx_word' id='word_1_1207' title='bbox 1451 3234 1587 3274; x_wconf 83' lang='lat' dir='ltr'>oportet</span> <span class='ocrx_word' id='word_1_1208' title='bbox 1598 3242 1666 3263; x_wconf 89' lang='lat' dir='ltr'>non</span> <span class='ocrx_word' id='word_1_1209' title='bbox 1680 3230 1787 3264; x_wconf 89' lang='lat' dir='ltr'>solum</span> <span class='ocrx_word' id='word_1_1210' title='bbox 1796 3230 1903 3273; x_wconf 83' lang='lat' dir='ltr'>patris</span> <span class='ocrx_word' id='word_1_1211' title='bbox 1916 3231 2052 3274; x_wconf 89' lang='lat' dir='ltr'>pupilli,</span> <span class='ocrx_word' id='word_1_1212' title='bbox 2067 3231 2124 3263; x_wconf 87' lang='lat' dir='ltr'>sed</span> <span class='ocrx_word' id='word_1_1213' title='bbox 2136 3230 2253 3262; x_wconf 85' lang='lat' dir='ltr'>matris</span> <span class='ocrx_word' id='word_1_1214' title='bbox 2267 3239 2349 3271; x_wconf 91' lang='lat' dir='ltr'>quo-</span> 
     </span>
     <span class='ocr_line' id='line_1_145' title="bbox 1256 3273 2350 3319; baseline -0.005 -9"><span class='ocrx_word' id='word_1_1215' title='bbox 1256 3279 1271 3310; x_wconf 94' lang='lat'>1</span> <span class='ocrx_word' id='word_1_1216' title='bbox 1300 3287 1363 3319; x_wconf 90' lang='lat' dir='ltr'>que</span> <span class='ocrx_word' id='word_1_1217' title='bbox 1377 3275 1543 3318; x_wconf 84' lang='lat' dir='ltr'>intellegi.</span> <span class='ocrx_word' id='word_1_1218' title='bbox 1573 3276 1622 3309; x_wconf 85' lang='lat' dir='ltr'>Et</span> <span class='ocrx_word' id='word_1_1219' title='bbox 1637 3276 1697 3309; x_wconf 92' lang='lat' dir='ltr'>ubi</span> <span class='ocrx_word' id='word_1_1220' title='bbox 1710 3277 1901 3318; x_wconf 88' lang='lat' dir='ltr'>quaerimus</span> <span class='ocrx_word' id='word_1_1221' title='bbox 1914 3276 1954 3308; x_wconf 87' lang='lat' dir='ltr'>de</span> <span class='ocrx_word' id='word_1_1222' title='bbox 1973 3275 2090 3308; x_wconf 88' lang='lat' dir='ltr'>liberis</span> <span class='ocrx_word' id='word_1_1223' title='bbox 2103 3274 2250 3318; x_wconf 89' lang='lat' dir='ltr'>patroni,</span> <span class='ocrx_word' id='word_1_1224' title='bbox 2264 3273 2350 3306; x_wconf 88' lang='lat' dir='ltr'>scire</span> 
     </span>
     <span class='ocr_line' id='line_1_146' title="bbox 1254 3318 2350 3365; baseline -0.005 -11"><span class='ocrx_word' id='word_1_1225' title='bbox 1254 3324 1392 3365; x_wconf 86' lang='lat' dir='ltr'>oportet</span> <span class='ocrx_word' id='word_1_1226' title='bbox 1403 3332 1475 3354; x_wconf 90' lang='lat' dir='ltr'>eam</span> <span class='ocrx_word' id='word_1_1227' title='bbox 1484 3321 1744 3363; x_wconf 86' lang='lat' dir='ltr'>appellationem</span> <span class='ocrx_word' id='word_1_1228' title='bbox 1754 3332 1822 3353; x_wconf 89' lang='lat' dir='ltr'>non</span> <span class='ocrx_word' id='word_1_1229' title='bbox 1831 3321 1941 3363; x_wconf 84' lang='lat' dir='ltr'>primo</span> <span class='ocrx_word' id='word_1_1230' title='bbox 1949 3321 2056 3363; x_wconf 87' lang='lat' dir='ltr'>gradu</span> <span class='ocrx_word' id='word_1_1231' title='bbox 2067 3320 2245 3357; x_wconf 79' lang='lat' dir='ltr'>contineri,</span> <span class='ocrx_word' id='word_1_1232' title='bbox 2256 3318 2290 3350; x_wconf 86' lang='lat' dir='ltr'>id</span> <span class='ocrx_word' id='word_1_1233' title='bbox 2300 3322 2350 3350; x_wconf 90' lang='lat' dir='ltr'>est</span> 
     </span>
     <span class='ocr_line' id='line_1_147' title="bbox 1252 3366 2352 3408; baseline -0.004 -9"><span class='ocrx_word' id='word_1_1234' title='bbox 1252 3367 1360 3400; x_wconf 85' lang='lat' dir='ltr'>filium</span> <span class='ocrx_word' id='word_1_1235' title='bbox 1382 3366 1486 3398; x_wconf 87' lang='lat' dir='ltr'>filiam</span> <span class='ocrx_word' id='word_1_1236' title='bbox 1505 3366 1703 3408; x_wconf 86' lang='lat' dir='ltr'>significari,</span> <span class='ocrx_word' id='word_1_1237' title='bbox 1723 3366 1781 3398; x_wconf 85' lang='lat' dir='ltr'>sed</span> <span class='ocrx_word' id='word_1_1238' title='bbox 1800 3369 1940 3407; x_wconf 87' lang='lat' dir='ltr'>nepotes</span> <span class='ocrx_word' id='word_1_1239' title='bbox 1959 3376 2090 3407; x_wconf 87' lang='lat' dir='ltr'>quoque</span> <span class='ocrx_word' id='word_1_1240' title='bbox 2109 3375 2148 3396; x_wconf 90' lang='lat' dir='ltr'>ex</span> <span class='ocrx_word' id='word_1_1241' title='bbox 2162 3367 2303 3404; x_wconf 89' lang='lat' dir='ltr'>utroque</span> <span class='ocrx_word' id='word_1_1242' title='bbox 2317 3367 2352 3395; x_wconf 89' lang='lat' dir='ltr'>et</span> 
     </span>
     <span class='ocr_line' id='line_1_148' title="bbox 1253 3407 2350 3452; baseline -0.007 -6"><span class='ocrx_word' id='word_1_1243' title='bbox 1253 3414 1274 3446; x_wconf 89' lang='lat'>2</span> <span class='ocrx_word' id='word_1_1244' title='bbox 1300 3412 1468 3452; x_wconf 89' lang='lat' dir='ltr'>deinceps.</span> <span class='ocrx_word' id='word_1_1245' title='bbox 1489 3411 1554 3443; x_wconf 89' lang='lat' dir='ltr'>Sed</span> <span class='ocrx_word' id='word_1_1246' title='bbox 1563 3414 1596 3443; x_wconf 89' lang='lat' dir='ltr'>et</span> <span class='ocrx_word' id='word_1_1247' title='bbox 1604 3412 1696 3444; x_wconf 83' lang='lat' dir='ltr'>eiius</span> <span class='ocrx_word' id='word_1_1248' title='bbox 1705 3411 1882 3443; x_wconf 87' lang='lat' dir='ltr'>anulorum</span> <span class='ocrx_word' id='word_1_1249' title='bbox 1891 3421 2065 3442; x_wconf 83' lang='lat' dir='ltr'>aureorum</span> <span class='ocrx_word' id='word_1_1250' title='bbox 2081 3409 2280 3451; x_wconf 89' lang='lat' dir='ltr'>impetrarit,</span> <span class='ocrx_word' id='word_1_1251' title='bbox 2291 3407 2350 3439; x_wconf 88' lang='lat' dir='ltr'>ad-</span> 
     </span>
     <span class='ocr_line' id='line_1_149' title="bbox 1252 3452 2351 3498; baseline -0.005 -9"><span class='ocrx_word' id='word_1_1252' title='bbox 1252 3457 1368 3490; x_wconf 88' lang='lat' dir='ltr'>hucin</span> <span class='ocrx_word' id='word_1_1253' title='bbox 1380 3456 1444 3488; x_wconf 89' lang='lat' dir='ltr'>hac</span> <span class='ocrx_word' id='word_1_1254' title='bbox 1457 3455 1592 3498; x_wconf 89' lang='lat' dir='ltr'>quidem</span> <span class='ocrx_word' id='word_1_1255' title='bbox 1604 3467 1640 3489; x_wconf 91' lang='lat' dir='ltr'>re</span> <span class='ocrx_word' id='word_1_1256' title='bbox 1658 3455 1775 3489; x_wconf 89' lang='lat' dir='ltr'>liberti</span> <span class='ocrx_word' id='word_1_1257' title='bbox 1793 3455 1868 3488; x_wconf 93' lang='lat' dir='ltr'>loco</span> <span class='ocrx_word' id='word_1_1258' title='bbox 1889 3466 1962 3488; x_wconf 90' lang='lat' dir='ltr'>eum</span> <span class='ocrx_word' id='word_1_1259' title='bbox 1979 3466 2049 3487; x_wconf 88' lang='lat' dir='ltr'>esse</span> <span class='ocrx_word' id='word_1_1260' title='bbox 2069 3454 2241 3494; x_wconf 84' lang='lat' dir='ltr'>rescripsit</span> <span class='ocrx_word' id='word_1_1261' title='bbox 2253 3452 2351 3485; x_wconf 88' lang='lat' dir='ltr'>divus</span> 
     </span>
     <span class='ocr_line' id='line_1_150' title="bbox 1253 3497 2350 3544; baseline -0.005 -11"><span class='ocrx_word' id='word_1_1262' title='bbox 1253 3504 1274 3536; x_wconf 85' lang='lat'>3</span> <span class='ocrx_word' id='word_1_1263' title='bbox 1299 3500 1492 3534; x_wconf 89' lang='lat' dir='ltr'>Antoninus</span> <span class='ocrx_word' id='word_1_1264' title='bbox 1501 3501 1655 3544; x_wconf 82' lang='lat' dir='ltr'>Magnus.</span> <span class='ocrx_word' id='word_1_1265' title='bbox 1681 3501 1749 3538; x_wconf 81' lang='lat' dir='ltr'>Qui</span> <span class='ocrx_word' id='word_1_1266' title='bbox 1759 3511 1818 3533; x_wconf 92' lang='lat' dir='ltr'>sua</span> <span class='ocrx_word' id='word_1_1267' title='bbox 1826 3500 1971 3542; x_wconf 88' lang='lat' dir='ltr'>pecunia</span> <span class='ocrx_word' id='word_1_1268' title='bbox 1980 3506 2110 3541; x_wconf 88' lang='lat' dir='ltr'>emptus</span> <span class='ocrx_word' id='word_1_1269' title='bbox 2123 3501 2157 3530; x_wconf 90' lang='lat' dir='ltr'>et</span> <span class='ocrx_word' id='word_1_1270' title='bbox 2168 3497 2350 3530; x_wconf 88' lang='lat' dir='ltr'>manumis-</span> 
     </span>
     <span class='ocr_line' id='line_1_151' title="bbox 1253 3542 2349 3587; baseline -0.006 -7"><span class='ocrx_word' id='word_1_1271' title='bbox 1253 3549 1276 3580; x_wconf 86' lang='lat'>4</span> <span class='ocrx_word' id='word_1_1272' title='bbox 1300 3556 1356 3579; x_wconf 85' lang='lat' dir='ltr'>sus</span> <span class='ocrx_word' id='word_1_1273' title='bbox 1370 3548 1432 3587; x_wconf 91' lang='lat' dir='ltr'>est,</span> <span class='ocrx_word' id='word_1_1274' title='bbox 1444 3545 1539 3578; x_wconf 89' lang='lat' dir='ltr'>nullo</span> <span class='ocrx_word' id='word_1_1275' title='bbox 1555 3546 1653 3579; x_wconf 89' lang='lat' dir='ltr'>modo</span> <span class='ocrx_word' id='word_1_1276' title='bbox 1662 3547 1782 3579; x_wconf 89' lang='lat' dir='ltr'>ceteris</span> <span class='ocrx_word' id='word_1_1277' title='bbox 1794 3545 1926 3578; x_wconf 89' lang='lat' dir='ltr'>libertis</span> <span class='ocrx_word' id='word_1_1278' title='bbox 1940 3546 2161 3586; x_wconf 87' lang='lat' dir='ltr'>comparatur.</span> <span class='ocrx_word' id='word_1_1279' title='bbox 2188 3542 2223 3574; x_wconf 89' lang='lat' dir='ltr'>Si</span> <span class='ocrx_word' id='word_1_1280' title='bbox 2237 3542 2349 3583; x_wconf 88' lang='lat' dir='ltr'>plures</span> 
     </span>
     <span class='ocr_line' id='line_1_152' title="bbox 1254 3587 2348 3632; baseline -0.005 -8"><span class='ocrx_word' id='word_1_1281' title='bbox 1254 3591 1397 3624; x_wconf 87' lang='lat' dir='ltr'>eundem</span> <span class='ocrx_word' id='word_1_1282' title='bbox 1410 3591 1676 3632; x_wconf 85' lang='lat' dir='ltr'>manumiserint,</span> <span class='ocrx_word' id='word_1_1283' title='bbox 1690 3591 1839 3623; x_wconf 88' lang='lat' dir='ltr'>omnium</span> <span class='ocrx_word' id='word_1_1284' title='bbox 1851 3589 1967 3621; x_wconf 89' lang='lat' dir='ltr'>liberis</span> <span class='ocrx_word' id='word_1_1285' title='bbox 1980 3589 2009 3620; x_wconf 88' lang='lat' dir='ltr'>is</span> <span class='ocrx_word' id='word_1_1286' title='bbox 2022 3592 2114 3621; x_wconf 85' lang='lat' dir='ltr'>tutor</span> <span class='ocrx_word' id='word_1_1287' title='bbox 2126 3587 2273 3626; x_wconf 91' lang='lat' dir='ltr'>dabitur,</span> <span class='ocrx_word' id='word_1_1288' title='bbox 2287 3597 2348 3619; x_wconf 90' lang='lat' dir='ltr'>nec</span> 
     </span>
     <span class='ocr_line' id='line_1_153' title="bbox 1254 3628 2350 3686; baseline -0.005 -18"><span class='ocrx_word' id='word_1_1289' title='bbox 1254 3635 1472 3668; x_wconf 85' lang='lat' dir='ltr'>excusabitur</span> <span class='ocrx_word' id='word_1_1290' title='bbox 1489 3639 1628 3679; x_wconf 89' lang='lat' dir='ltr'>propter</span> <span class='ocrx_word' id='word_1_1291' title='bbox 1647 3640 1713 3668; x_wconf 84' lang='lat' dir='ltr'>tres</span> <span class='ocrx_word' id='word_1_1292' title='bbox 1733 3635 1865 3668; x_wconf 85' lang='lat' dir='ltr'>tutelas.</span> <span class='ocrx_word' id='word_1_1293' title='bbox 2005 3635 2045 3685; x_wconf 57' lang='lat' dir='ltr'>(J)</span> <span class='ocrx_word' id='word_1_1294' title='bbox 2058 3628 2350 3686; x_wconf 62' lang='grc' dir='ltr'>Ἀέπιτροπειίσιειν</span> 
     </span>
     <span class='ocr_line' id='line_1_154' title="bbox 1254 3678 2349 3723; baseline -0.006 -9"><span class='ocrx_word' id='word_1_1295' title='bbox 1254 3681 1351 3714; x_wconf 82' lang='lat' dir='ltr'>Krue</span> <span class='ocrx_word' id='word_1_1296' title='bbox 1374 3693 1409 3714; x_wconf 85' lang='lat' dir='ltr'>er</span> <span class='ocrx_word' id='word_1_1297' title='bbox 1546 3683 1590 3723; x_wconf 88' lang='lat'>(8)</span> <span class='ocrx_word' id='word_1_1298' title='bbox 1617 3680 1648 3713; x_wconf 84' lang='grc' dir='ltr'>εἰ</span> <span class='ocrx_word' id='word_1_1299' title='bbox 1662 3678 1703 3713; x_wconf 79' lang='grc' dir='ltr'>δέ</span> <span class='ocrx_word' id='word_1_1300' title='bbox 1723 3692 1776 3714; x_wconf 90' lang='grc' dir='ltr'>τις</span> <span class='ocrx_word' id='word_1_1301' title='bbox 1798 3680 1991 3722; x_wconf 74' lang='grc' dir='ltr'><strong><em>ἐπίτροπος</em></strong></span> <span class='ocrx_word' id='word_1_1302' title='bbox 2007 3689 2028 3722; x_wconf 81' lang='grc' dir='ltr'><em>ῃ</em></span> <span class='ocrx_word' id='word_1_1303' title='bbox 2053 3689 2075 3718; x_wconf 92' lang='grc' dir='ltr'><strong><em>η</em></strong></span> <span class='ocrx_word' id='word_1_1304' title='bbox 2096 3687 2283 3722; x_wconf 87' lang='grc' dir='ltr'><strong><em>κουρατωρ</em></strong></span> <span class='ocrx_word' id='word_1_1305' title='bbox 2299 3686 2349 3719; x_wconf 91' lang='grc' dir='ltr'><strong><em>μη</em></strong></span> 
     </span>
     <span class='ocr_line' id='line_1_155' title="bbox 1255 3715 2343 3771; baseline -0.004 -13"><span class='ocrx_word' id='word_1_1306' title='bbox 1255 3736 1342 3771; x_wconf 87' lang='grc' dir='ltr'><strong><em>συγκ</em></strong></span> <span class='ocrx_word' id='word_1_1307' title='bbox 1363 3722 1482 3766; x_wconf 82' lang='grc' dir='ltr'><strong><em>ητικὸς</em></strong></span> <span class='ocrx_word' id='word_1_1308' title='bbox 1490 3721 1544 3758; x_wconf 77' lang='grc' dir='ltr'>ὢν</span> <span class='ocrx_word' id='word_1_1309' title='bbox 1559 3723 1608 3769; x_wconf 86' lang='grc' dir='ltr'><strong><em>μὴ</em></strong></span> <span class='ocrx_word' id='word_1_1310' title='bbox 1626 3720 1884 3771; x_wconf 85' lang='grc' dir='ltr'><strong><em>ουγκλητικοῦἣ</em></strong></span> <span class='ocrx_word' id='word_1_1311' title='bbox 1894 3719 2006 3755; x_wconf 78' lang='grc' dir='ltr'><strong><em>ἄλλως</em></strong></span> <span class='ocrx_word' id='word_1_1312' title='bbox 2018 3715 2263 3764; x_wconf 77' lang='grc' dir='ltr'><strong><em>ἆξιωματικοῦ</em></strong></span> <span class='ocrx_word' id='word_1_1313' title='bbox 2284 3732 2343 3754; x_wconf 78' lang='lat' dir='ltr'>scr.</span> 
     </span>
     <span class='ocr_line' id='line_1_156' title="bbox 1254 3767 1951 3816; baseline -0.004 -14"><span class='ocrx_word' id='word_1_1314' title='bbox 1254 3771 1299 3811; x_wconf 87' lang='lat'>(9)</span> <span class='ocrx_word' id='word_1_1315' title='bbox 1316 3767 1407 3813; x_wconf 79' lang='grc' dir='ltr'><strong><em>μηδὲ</em></strong></span> <span class='ocrx_word' id='word_1_1316' title='bbox 1424 3768 1639 3816; x_wconf 82' lang='grc' dir='ltr'><strong><em>ζυγοστάτας</em></strong></span> <span class='ocrx_word' id='word_1_1317' title='bbox 1653 3782 1715 3803; x_wconf 84' lang='lat' dir='ltr'>sec.</span> <span class='ocrx_word' id='word_1_1318' title='bbox 1737 3770 1881 3803; x_wconf 83' lang='lat' dir='ltr'>Graecos</span> <span class='ocrx_word' id='word_1_1319' title='bbox 1889 3769 1951 3801; x_wconf 80' lang='lat' dir='ltr'>ins.</span> 
     </span>
    </p>
   </div>
  </div>
 </body>
</html>
