2502 3886
1015 478 1227 538 INDEX
1263 472 1659 534 TITULORUM

502 672 1171 773 INSTITUTIONUM
1234 664 1769 744 DlGESTORUM
1828 663 2157 738 CODICIS.

722 1103 773 1146 A.

209 1189 250 1223 do
273 1191 407 1231 abigeis
452 1191 494 1222 D.
520 1193 574 1229 47,
603 1194 641 1225 14
692 1192 725 1223 C.
752 1195 783 1231 9,
809 1194 863 1225 37.

210 1235 249 1268 de
271 1236 417 1275 generali
445 1237 635 1269 abolitione
683 1236 717 1270 C.
743 1239 775 1278 9,
799 1239 841 1270 43

209 1281 248 1313 (18
272 1280 522 1313 abolitionibus
549 1281 582 1314 C.
608 1283 639 1321 9,
663 1284 707 1314 42

209 1325 251 1357 ad
274 1328 407 1357 senatus
430 1326 618 1358 consultum
642 1326 891 1368 Turpillianum
921 1327 954 1358 et
977 1326 1017 1358 de
1042 1324 1293 1359 abolitionibus

276 1371 454 1402 criminum
500 1372 544 1404 D.
568 1374 623 1412 48,
651 1375 690 1404 16

209 1416 249 1448 (18
272 1416 541 1458 acceptilatione
585 1417 628 1449 D.
655 1418 709 1457 46,
734 1418 753 1449 4

209 1461 248 1493 (18
273 1461 599 1503 acceptilationibus
625 1462 658 1495 C.
685 1463 715 1502 8,
741 1463 783 1494 43

208 1506 247 1538 de
271 1508 555 1538 accusationibus
578 1509 611 1539 et
633 1507 909 1549 inscriptionibus
954 1506 998 1538 D.
1024 1508 1079 1547 48,
1096 1507 1117 1539 2
1159 1503 1194 1537 C.
1220 1506 1252 1546 9,
1275 1505 1295 1537 2

208 1562 282 1592 acq.
307 1561 339 1583 υ.
363 1551 442 1593 adq.

208 1596 247 1628 de
271 1598 410 1628 actione
433 1596 629 1628 exercitoria
675 1596 720 1629 D.
749 1599 799 1637 14,
827 1598 841 1630 1

208 1641 248 1673 de
271 1643 410 1673 actione
433 1652 544 1674 rerum
568 1643 753 1674 amotarum
799 1642 844 1673 D.
869 1643 924 1683 25,
948 1642 969 1675 2

208 1686 248 1718 de
273 1687 412 1718 actione
434 1686 655 1728 pignoraticia
704 1687 737 1719 C.
763 1689 794 1728 4,
819 1688 862 1720 24

206 1731 246 1763 de
269 1732 407 1763 actione
429 1732 610 1764 tributoria
658 1732 702 1763 D.
732 1734 783 1771 14,
808 1734 828 1764 4

206 1776 246 1808 de
271 1776 452 1808 hereditate
477 1776 530 1808 vel
554 1778 692 1809 actione
716 1777 851 1809 vendita
896 1777 940 1809 D.
972 1778 1020 1817 18,
1044 1779 1066 1810 4
1114 1775 1149 1810 G.
1175 1778 1206 1817 4,
1231 1777 1274 1810 39

209 1821 247 1852 de
272 1823 470 1853 actionibus
516 1821 548 1854 J.
573 1824 606 1863 4,
630 1823 651 1855 6

209 1865 248 1897 de
272 1867 470 1897 actionibus
493 1867 595 1908 empti
619 1868 654 1898 et
675 1866 804 1899 venditi
850 1867 893 1899 D.
923 1868 974 1907 19,
1001 1869 1016 1900 1
1069 1866 1103 1900 C.
1129 1869 1161 1909 4,
1186 1868 1229 1900 49

207 1911 247 1942 (18
271 1912 468 1942 actionibus
492 1911 703 1944 hereditariis
752 1911 786 1943 C.
811 1913 844 1952 4,
876 1913 912 1945 16

209 1955 247 1987 de
272 1958 391 1987 actore
414 1966 434 1986 a
457 1958 569 1988 tutore
591 1967 649 1989 seu
674 1958 826 1989 curatore
851 1956 960 1988 dando
1008 1956 1042 1990 G.
1068 1958 1100 1998 5,
1125 1958 1166 1989 61

206 1999 246 2031 (18
269 1999 390 2032 itinere
415 2004 567 2043 actuque
588 2002 719 2043 privato
765 2002 809 2034 Ι).
834 2003 889 2041 43,
920 2003 956 2034 19

207 2045 254 2076 ad
277 2044 499 2077 exhibendum
545 2046 588 2078 D.
618 2048 668 2087 10,
692 2049 714 2080 4
763 2046 797 2079 C.
823 2048 855 2088 3,
880 2048 922 2079 42

207 2090 254 2122 ad
276 2089 382 2131 legem
407 2090 578 2132 Aquiliam
624 2091 667 2123 D.
692 2093 724 2130 9,
750 2093 770 2124 2

207 2135 254 2166 ad
274 2134 380 2176 legem
405 2135 594 2168 Corneliam
618 2136 658 2169 de
681 2136 773 2168 falsis
821 2134 856 2168 C.
881 2137 913 2177 9,
938 2137 980 2169 22

207 2180 254 2211 ad
276 2179 381 2221 legem
406 2180 595 2213 Corneliam
619 2181 660 2214 de
683 2181 812 2213 sicariis
859 2181 893 2215 C.
919 2183 951 2223 9,
980 2183 1019 2214 16

207 2225 254 2257 ad
275 2224 381 2266 legem
408 2225 598 2258 Corneliam
622 2226 663 2259 dc
685 2227 814 2259 sicariis
837 2228 871 2259 81
894 2227 1047 2259 veneficis

206 2270 254 2301 ad
274 2269 381 2311 legem
404 2270 542 2303 Fabiam
592 2271 627 2305 C.
652 2273 684 2311 9,
709 2273 752 2305 20

206 2315 254 2347 ad
274 2314 380 2357 legem
404 2315 591 2348 Falcidiam
636 2317 679 2348 D.
705 2319 759 2358 35,
784 2318 803 2350 2
853 2316 887 2350 G.
913 2318 945 2356 6,
972 2319 1014 2350 50

208 2360 257 2392 ad
278 2359 385 2402 legem
408 2360 531 2393 Iuliam
555 2361 596 2394 (18
619 2361 794 2394 adulteriis
817 2361 1008 2394 coercendis
1056 2362 1098 2394 D.
1124 2364 1178 2401 48,
1204 2365 1223 2396 5

206 2406 253 2437 ad
275 2404 380 2446 legem
405 2405 528 2438 Iuliam
554 2406 593 2439 de
617 2407 792 2439 adulteriis
816 2411 848 2440 et
872 2407 912 2439 de
935 2409 1051 2449 stupro
1100 2407 1134 2441 C.
1159 2410 1190 2448 9,
1215 2408 1235 2440 9

206 2451 253 2482 ad
275 2450 377 2491 legem
407 2450 528 2482 Iuliam
553 2451 593 2483 (18
615 2452 743 2484 ambitu
792 2452 827 2486 C.
852 2454 884 2493 9,
909 2454 952 2485 26

205 2495 252 2527 ad
274 2495 379 2537 legem
404 2496 524 2528 Iuliam
552 2496 591 2529 de
613 2497 648 2529 vi
671 2498 802 2539 privata
847 2497 891 2529 D.
920 2499 976 2537 48,
1001 2498 1019 2529 7

205 2540 254 2572 ad
274 2540 379 2581 legem
404 2541 525 2573 Iuliam
550 2542 589 2574 de
613 2542 646 2574 vi
668 2543 804 2584 publica
849 2542 893 2574 D.
919 2544 974 2583 48,
999 2543 1020 2575 6

204 2586 252 2617 ad
273 2585 379 2627 legem
403 2586 523 2618 Iuliam
549 2586 589 2619 de
612 2587 646 2618 vi
667 2587 805 2629 publica
828 2598 886 2620 seu
909 2588 1041 2629 privata
1089 2586 1123 2620 C.
1149 2589 1180 2626 9,
1210 2588 1248 2620 12

203 2631 251 2662 ad
271 2629 378 2672 legem
404 2631 524 2663 Iuliam
551 2632 732 2664 maiestatis
777 2633 819 2665 D.
847 2635 902 2672 48,
926 2634 946 2666 4
995 2632 1029 2666 C.
1054 2634 1086 2672 9,
1112 2634 1132 2666 8

1093 2227 1136 2259 D.
1161 2229 1216 2267 48,
1240 2228 1260 2261 8

203 2676 252 2707 ad
271 2674 377 2717 legem
401 2676 522 2708 Iuliam
547 2676 720 2719 peculatus
755 2679 789 2710 et
818 2678 858 2711 de
880 2677 1051 2719 sacrilegis
1082 2680 1115 2710 et
1148 2678 1187 2711 (18
1211 2678 1291 2710 resi-

269 2720 344 2752 duis
389 2720 432 2753 D.
457 2723 512 2763 48,
543 2724 579 2755 13

203 2765 251 2797 ad
273 2765 378 2807 legem
403 2766 526 2798 Iuliam
548 2767 807 2810 repetundarum
856 2767 889 2801 C.
914 2769 946 2809 9,
972 2769 1012 2801 27

202 2811 250 2842 ad
272 2810 377 2852 legem
401 2811 575 2844 Viselliam
622 2812 656 2846 C.
681 2814 713 2852 9,
738 2814 777 2845 21

202 2856 249 2887 ad
271 2855 506 2898 municipalem
530 2859 564 2889 et
586 2856 626 2890 (18
649 2856 770 2890 incolis
815 2857 859 2889 D.
886 2858 938 2899 50,
969 2859 981 2890 1

200 2900 249 2932 ad
269 2903 402 2933 senatus
424 2901 610 2934 consultum
640 2902 919 2935 Macedonianum
966 2901 1001 2935 C.
1026 2904 1058 2943 4,
1082 2903 1125 2936 28

202 2945 250 2977 ad
270 2948 404 2978 senatus
426 2947 615 2979 consultum
642 2947 841 2980 Orfitianum
889 2947 924 2981 C.
950 2950 981 2987 6,
1005 2949 1047 2981 57

200 2991 248 3022 ad
267 2994 402 3023 senatus
424 2991 614 3024 consultum
641 2992 888 3025 Tertullianum
936 2993 970 3027 C.
997 2995 1029 3034 6,
1053 2994 1096 3026 56

199 3035 247 3067 ad
263 3038 397 3068 senatus
410 3036 599 3069 consultum
608 3037 853 3070 Tertullianum
869 3040 901 3070 et
910 3038 1109 3071 Orfitianum
1125 3038 1170 3072 D.
1180 3039 1235 3080 38,
1248 3040 1286 3072 17

199 3080 247 3112 ad
268 3083 401 3113 senatus
423 3082 613 3114 consultum
636 3082 885 3115 Trebellianum
931 3084 975 3116 D.
1001 3085 1054 3125 36,
1083 3085 1098 3116 1
1149 3084 1182 3118 G.
1196 3086 1228 3125 6,
1242 3086 1286 3117 49

200 3125 248 3157 ad
271 3128 403 3158 senatus
426 3127 616 3160 consultum
640 3127 891 3171 Turpillianum
940 3127 974 3162 C.
1004 3130 1036 3169 9,
1062 3131 1104 3162 45

198 3170 246 3202 ad
267 3173 400 3203 senatus
423 3172 612 3205 consultum
635 3172 884 3215 Turpillianum
914 3175 947 3206 et
978 3172 1019 3206 (18
1046 3173 1286 3206 abolitionibus

264 3216 443 3248 criminum
488 3217 533 3250 D.
558 3219 612 3259 48,
641 3220 680 3251 16

198 3260 245 3292 ad
266 3263 400 3293 senatus
433 3261 621 3294 consultum
650 3262 861 3296 Velleianum
907 3263 952 3295 D.
980 3265 1033 3301 16.
1059 3265 1075 3296 1
1126 3263 1159 3296 C.
1186 3266 1218 3305 4,
1243 3265 1284 3296 29

197 3305 237 3336 de
261 3305 297 3337 in
322 3305 407 3338 diem
432 3307 636 3340 addictione
681 3308 725 3342 D.
754 3311 806 3349 18,
830 3310 850 3342 2

196 3350 235 3381 (18
261 3350 485 3394 ademptione
507 3352 696 3394 legatorum
742 3354 774 3386 J.
800 3355 831 3393 2,
856 3355 896 3387 21

195 3394 235 3426 (18
259 3395 480 3438 ademptione
502 3397 668 3430 libertatis
711 3398 755 3430 D.
781 3400 836 3440 40,
862 3401 882 3432 6

195 3439 235 3471 (18
259 3439 410 3481 legitima
433 3443 673 3484 adgnatorum
695 3444 900 3476 successione
946 3444 977 3477 J.
1002 3446 1033 3484 3,
1058 3444 1078 3477 2

196 3484 235 3516 de
259 3484 410 3526 legitima
433 3488 672 3529 adgnatorum
695 3487 803 3520 tutela
848 3489 879 3521 J.
907 3490 936 3529 1,
964 3491 1003 3521 15

195 3527 235 3560 de
240 3530 454 3606 Dadimendis
477 3532 530 3565 vel
553 3533 791 3566 transferendis
814 3533 933 3575 legatis
956 3533 1009 3565 vel
1024 3533 1282 3565 fideicommissis

276 3598 285 3607 .
310 3577 364 3616 34,
387 3578 409 3609 4

1363 1098 1403 1131 de
1427 1096 1676 1129 adluvionibus
1704 1096 1739 1129 et
1769 1095 1949 1138 paludibus
1980 1096 2013 1128 81
2043 1095 2082 1128 (18
2112 1095 2243 1137 pascuis
2276 1095 2316 1128 ad
2350 1094 2450 1127 alium

1429 1144 1551 1174 statum
1575 1142 1745 1175 translatis
1793 1142 1827 1175 C.
1854 1144 1885 1182 7,
1909 1144 1949 1175 41

1363 1189 1402 1221 de
1426 1188 1735 1220 administratione
1766 1189 1800 1219 81
1826 1186 1977 1229 periculo
2008 1187 2158 1218 tutorum
2193 1190 2226 1218 et
2261 1189 2454 1217 curatorum

1432 1233 1491 1274 qui
1522 1233 1685 1274 gesserint
1719 1231 1772 1265 vel
1806 1242 1875 1264 non
1908 1234 1942 1264 81
1973 1231 2013 1263 (18
2043 1230 2220 1272 agentibus
2252 1230 2304 1263 vel
2337 1241 2454 1263 convc-

1431 1277 1563 1310 niendis
1586 1288 1655 1310 uno
1679 1276 1732 1310 vel
1754 1276 1911 1319 pluribus
1958 1277 2001 1309 D.
2028 1277 2083 1317 26,
2108 1278 2125 1308 7

1364 1324 1404 1356 de
1428 1323 1739 1355 administratione
1762 1333 1874 1355 rerum
1897 1321 1940 1354 ad
1964 1321 2116 1354 civitates
2130 1321 2372 1364 pertinentium
2410 1320 2454 1353 D.

1365 1413 1404 1446 de
1428 1393 1739 1446 administratione
1762 1421 1875 1444 rerum
1898 1411 2110 1454 publicarum
2159 1410 2194 1444 C.
2223 1413 2274 1453 11,
2299 1413 2335 1445 31

1365 1459 1405 1491 (18
1429 1459 1738 1491 administratione
1761 1459 1913 1490 tutorum
1934 1460 1967 1489 et
1982 1459 2174 1489 curatorum
2198 1458 2231 1489 et
2253 1457 2292 1489 (18
2312 1457 2454 1499 pecunia

1433 1502 1594 1545 pupillari
1617 1502 1799 1534 feneranda
1822 1501 1875 1535 vel
1900 1502 2094 1544 deponenda
2142 1501 2176 1535 C.
2201 1505 2233 1543 5,
2258 1504 2299 1535 37

1366 1550 1406 1582 de
1430 1549 1680 1591 adoptionibus
1726 1548 1757 1580 J.
1784 1549 1814 1586 1,
1842 1549 1881 1582 11
1932 1547 1966 1580 G.
1994 1549 2026 1587 8,
2050 1550 2092 1581 47

1366 1595 1406 1628 de
1430 1594 1679 1637 adoptionibus
1702 1595 1735 1625 et
1754 1592 2076 1635 emancipationibus
2093 1594 2126 1625 81
2146 1592 2222 1624 aliis
2250 1592 2357 1625 modis
2380 1593 2452 1633 qui-

1432 1639 1494 1671 bus
1516 1640 1661 1681 potestas
1683 1638 1826 1670 solvitur
1871 1638 1915 1670 D.
1943 1641 1973 1678 1,
1997 1639 2016 1670 7

1365 1685 1405 1718 de
1429 1684 1655 1726 adquirenda
1678 1685 1712 1716 et
1734 1683 1910 1716 retinenda
1932 1683 2135 1725 possessione
2183 1682 2217 1716 C.
2243 1684 2273 1723 7,
2299 1684 2341 1716 32

1366 1732 1405 1763 de
1429 1731 1502 1762 iure
1526 1728 1734 1761 deliberandi
1765 1730 1799 1761 et
1821 1728 1862 1762 (18
1884 1728 2038 1761 adeunda
2069 1728 2121 1761 vel
2146 1728 2367 1771 adquirenda
2397 1730 2452 1760 he-

1434 1774 1575 1807 reditate
1623 1773 1657 1807 C.
1682 1776 1714 1816 6,
1739 1775 1783 1807 30

1366 1821 1405 1853 (18
1430 1819 1652 1862 adquirenda
1675 1818 1729 1852 vel
1751 1818 1935 1852 amittenda
1957 1820 2161 1862 possessione
2206 1819 2250 1852 D.
2274 1821 2330 1859 41,
2354 1820 2373 1852 2

1366 1866 1405 1898 (18
1431 1864 1652 1907 adquirenda
1676 1864 1729 1897 vel
1753 1864 1937 1897 omittenda
1960 1865 2145 1897 hereditate
2190 1865 2234 1896 D.
2260 1866 2314 1906 29,
2338 1865 2358 1898 2

1366 1911 1405 1943 (18
1430 1910 1651 1952 adquirendo
1676 1920 1788 1942 rerum
1813 1909 1962 1942 dominio
2006 1910 2051 1942 D.
2075 1912 2131 1951 41,
2158 1911 2171 1942 1

1366 1956 1405 1989 de
1430 1956 1670 1997 adquisitione
1691 1966 1752 1998 per
1774 1954 2025 1997 adrogationem
2072 1956 2104 1989 J.
2130 1958 2162 1997 3,
2189 1956 2228 1989 10

1366 2001 1405 2034 de
1431 2001 1632 2032 adsertione
1655 2000 1804 2033 tollenda
1852 2000 1886 2034 G.
1911 2002 1943 2041 7,
1970 2002 2008 2034 17

1366 2047 1406 2079 (18
1431 2046 1670 2078 adsessoribus
1702 2047 1735 2079 et
1766 2045 1955 2079 domesticis
1990 2047 2024 2079 et
2055 2044 2265 2078 cancellariis
2303 2045 2450 2078 iudicum

1436 2090 1471 2123 C.
1498 2092 1527 2131 1,
1553 2092 1594 2124 51

1365 2136 1405 2169 de
1428 2135 1540 2168 officio
1563 2135 1783 2168 adsessor-um
1828 2135 1873 2168 D.
1900 2138 1930 2178 1,
1953 2137 1996 2170 22

1365 2181 1405 2214 (18
1429 2181 1663 2223 adsignandis
1685 2180 1816 2214 libertis
1864 2180 1898 2214 C.
1924 2183 1979 2219 38,
2003 2184 2025 2216 4

1365 2226 1405 2259 dc
1429 2226 1679 2268 adsignatione
1701 2225 1899 2259 libertorum
1945 2227 1978 2260 J.
2003 2229 2034 2269 3,
2059 2228 2078 2259 8

1364 2271 1406 2303 ad
1428 2271 1535 2313 legem
1558 2271 1682 2303 Iuliam
1706 2271 1746 2305 de
1771 2272 1957 2304 adulteriis
1980 2272 2170 2305 coercendis
2215 2272 2259 2305 D.
2283 2274 2338 2313 48,
2363 2275 2383 2307 5

1363 2317 1405 2349 ad
1428 2316 1535 2359 legem
1558 2316 1681 2349 Iuliam
1706 2317 1745 2350 de
1769 2317 1958 2349 adulteriis
1981 2320 2014 2350 et
2037 2318 2077 2350 de
2100 2321 2215 2359 stupro
2263 2318 2298 2351 C.
2323 2320 2355 2360 9,
2379 2319 2399 2351 9

1364 2362 1532 2394 adversus
1555 2362 1752 2395 creditorem
1802 2362 1836 2395 C.
1861 2365 1894 2402 7,
1919 2364 1961 2397 36

1363 2407 1403 2439 de
1428 2408 1609 2440 advocatis
1631 2407 1836 2440 diversorum
1860 2407 2061 2440 iudiciorum
2109 2407 2144 2440 C.
2169 2409 2200 2447 2,
2226 2409 2245 2439 7

1365 2452 1419 2495 [de
1443 2452 1624 2484 advocatis
1647 2453 1853 2485 diversorum
1877 2453 2028 2485 iudicum
2076 2452 2110 2486 C.
2136 2454 2167 2494 2,
2192 2454 2224 2494 7,
2249 2453 2306 2496 20]

1363 2497 1402 2530 de
1427 2498 1607 2530 advocatis
1630 2498 1700 2529 fisci
1749 2497 1784 2530 C.
1809 2499 1840 2538 2,
1865 2499 1884 2530 8

1363 2543 1403 2576 de
1427 2543 1600 2583 aedificiis
1621 2543 1762 2584 privatis
1809 2543 1844 2576 C.
1869 2544 1900 2583 8,
1928 2545 1968 2577 10

1362 2588 1402 2620 de
1427 2588 1600 2620 aediliciis
1623 2588 1812 2620 actionibus
1860 2587 1894 2621 C.
1920 2591 1952 2628 4,
1977 2590 2019 2623 58

1362 2633 1402 2665 dc
1425 2633 1590 2665 aedilicio
1627 2633 1734 2666 edicto
1765 2635 1798 2666 et
1831 2633 2058 2666 redhibitione
2090 2635 2124 2667 et
2158 2634 2276 2675 quanti
2311 2634 2449 2667 minoris

1430 2678 1472 2710 D.
1499 2679 1554 2719 21,
1581 2680 1595 2711 1

1361 2724 1421 2764 qui
1445 2726 1478 2756 et
1501 2734 1521 2755 a
1544 2723 1665 2765 quibus
1688 2723 1882 2756 manumissi
1905 2724 2005 2758 liberi
2028 2735 2096 2758 non
2120 2725 2207 2757 fiunt
2229 2728 2262 2758 et
2284 2726 2326 2758 ad
2341 2726 2447 2768 legem

1429 2768 1567 2801 Aeliam
1590 2769 1738 2800 Sentiam
1784 2769 1829 2801 D.
1856 2770 1910 2811 40,
1934 2771 1955 2802 9

1362 2813 1401 2845 de
1426 2815 1667 2846 aestimatoria
1713 2814 1757 2846 D.
1786 2816 1837 2854 19,
1863 2816 1882 2848 3

1361 2859 1400 2891 de
1423 2860 1609 2900 agentibus
1632 2859 1668 2891 in
1692 2859 1791 2891 rebus
1839 2859 1873 2892 C.
1902 2861 1952 2901 12,
1977 2861 2020 2894 20

1359 2904 1399 2936 de
1422 2904 1654 2945 agnoscendis
1677 2906 1711 2936 et
1733 2903 1861 2937 alendis
1883 2904 1999 2938 liberis
2022 2905 2075 2938 vel
2096 2905 2290 2947 parentibus
2312 2906 2365 2939 vel
2387 2918 2445 2949 pa-

1426 2948 1533 2981 tronis
1556 2948 1608 2980 vel
1632 2948 1762 2982 libertis
1807 2950 1851 2981 D.
1877 2952 1931 2990 25,
1957 2953 1976 2984 3

1358 2994 1396 3025 de
1422 2993 1593 3035 agricolis
1615 2995 1750 3026 censitis
1773 2994 1826 3027 vel
1850 2995 1977 3028 colonis
2026 2995 2061 3028 C.
2090 2999 2141 3031 11.
2166 2998 2208 3029 48

1358 3039 1397 3070 dc
1421 3039 1591 3080 agricolis
1622 3042 1655 3072 et
1685 3040 1864 3082 mancipiis
1892 3041 2067 3074 dominicis
2099 3041 2151 3074 vel
2181 3041 2346 3074 fiscalibus
2375 3042 2443 3074 sive

1423 3083 1473 3116 rei
1496 3084 1644 3125 privatae
1693 3083 1728 3118 G.
1758 3088 1807 3126 11,
1832 3087 1875 3119 68

1357 3128 1397 3160 de
1420 3129 1498 3160 albo
1523 3129 1698 3161 scribendo
1743 3130 1787 3162 D.
1813 3132 1867 3172 50,
1892 3132 1912 3164 3

1356 3173 1396 3205 de
1420 3173 1635 3206 aleatoribus
1680 3174 1726 3207 D.
1755 3176 1805 3214 11,
1833 3178 1852 3209 5

1355 3218 1395 3250 de
1419 3218 1516 3250 aleae
1538 3218 1615 3251 lusu
1639 3221 1673 3252 et
1694 3218 1897 3253 aleatoribus
1945 3220 1980 3254 C.
2005 3223 2036 3263 3,
2060 3223 2104 3256 43

1355 3262 1394 3294 de
1420 3263 1555 3296 alendis
1578 3263 1692 3297 liberis
1716 3274 1753 3297 ac
1777 3266 1972 3307 parentibus
2019 3266 2053 3299 C.
2080 3270 2109 3306 5,
2136 3268 2178 3300 25

1354 3307 1395 3340 de
1418 3309 1634 3350 agnoscendis
1657 3311 1690 3342 et
1714 3310 1849 3342 alendis
1873 3310 1987 3343 liberis
2019 3312 2071 3345 vel
2093 3311 2287 3354 parentibus
2309 3311 2360 3343 vel
2383 3322 2440 3354 pa-

1421 3354 1528 3386 tronis
1550 3354 1602 3387 vel
1625 3354 1755 3387 libertis
1802 3356 1845 3387 D.
1871 3358 1924 3396 25,
1950 3358 1969 3389 3

1354 3397 1394 3430 de
1417 3399 1662 3432 Alemandriae
1683 3401 1883 3442 primatibus
1931 3400 1966 3434 C.
1994 3403 2046 3438 11,
2069 3402 2112 3435 29

1354 3443 1393 3474 (18
1423 3444 1638 3477 alienatione
1672 3445 1791 3477 iudicii
1829 3446 1981 3478 mutandi
2018 3456 2115 3478 causa
2151 3446 2238 3477 sacta
2283 3446 2326 3478 D.
2353 3449 2394 3487 4,
2417 3447 2437 3480 7

1352 3533 1392 3566 (18
1417 3534 1594 3566 alimentis
1616 3534 1747 3577 pupillo
1771 3536 1976 3577 praestandis
2025 3534 2059 3567 C.
2085 3538 2116 3574 5,
2141 3537 2183 3569 50

1352 3579 1391 3611 de
1417 3579 1594 3611 alimentis
1617 3580 1669 3612 vel
1694 3580 1828 3612 cibariis
1850 3581 1969 3621 legatis
2014 3580 2057 3611 D.
2083 3582 2137 3619 34,
2164 3582 2179 3614 1

2120 3636 2165 3673 A.
