2528 3918
182 127 426 170 xxxuii

181 255 274 290 enim
296 254 390 289 hanc
416 254 532 288 inesse
554 252 799 290 condicionem
823 254 867 291 ‘si
888 254 992 290 vivat'
1018 256 1054 289 et
1071 253 1151 289 ideo
1171 264 1265 289 mor·

181 304 244 335 tuo
269 309 311 335 eo
334 298 381 334 ad
402 297 569 334 heredem
591 297 746 343 legatum
768 310 841 335 non
862 299 1027 334 transire.

227 343 252 381 5
276 342 530 380 Monesi-mos
549 342 640 379 libro
656 342 792 380 decimo
810 353 1066 390 responsorum
1105 344 1151 378 ‘A
1166 342 1266 379 vobis

182 393 347 435 ‘quoque
377 388 485 423 ceteri
507 386 675 431 heredes,
706 393 809 434 peto,
842 393 883 424 ut
914 388 1017 424 uxori
1039 397 1140 424 meae
1162 398 1265 434 prae·

181 433 304 475 ‘stetis,
329 433 448 486 quoad
470 432 623 476 viveret,
651 442 791 470 annuos
823 433 945 469 decem
977 433 1128 469 aureos’.
1176 443 1267 469 uxor

180 478 374 524 supervixit
396 477 525 514 marito
573 478 788 523 uinquennio
814 482 849 514 et
872 482 1042 524 quattuor
1065 478 1265 514 mensibus:

180 533 333 569 quaero,
366 533 414 558 an
442 488 633 559 herediaius
664 523 739 559 eius
768 523 858 559 sexti
889 523 974 558 anni
997 523 1153 568 legatum
1175 523 1266 558 inte-

179 579 279 620 grum·
287 567 774 649 ldebtmussebgodaetinm
802 568 988 613 respondit
1018 568 1145 613 integri
1177 568 1266 603 sexti

181 624 266 648 anni
345 623 367 648 a
383 623 444 648 um
590 640 599 648 .

226 655 252 696 6
276 623 384 693 1321!
402 658 492 694 libro
515 658 703 694 undecimo
718 668 974 710 refflonsorum
1013 659 1181 693 Annuam
1203 667 1265 703 pe·

181 703 323 738 cuniam
346 702 393 738 ad
415 702 519 739 ludos
549 703 683 738 civitati
711 702 872 748 rehquit,
903 703 1031 748 quibus
1062 702 1267 748 praesidere

182 748 330 784 heredes
353 748 481 784 voluit:
516 758 744 784 successores
774 747 945 783 heredum
975 751 1106 800 negant
1134 757 1175 783 se
1205 748 1265 783 de-

182 794 277 836 bere,
300 793 403 839 qnasi
425 796 579 829 testator
593 793 728 828 tamdiu
746 793 922 837 praestari
936 793 1118 836 voluisset,
1142 803 1264 838 quam-

181 838 242 874 diu
271 838 516 884 praesiderent
546 837 711 873 heredes:
747 848 881 883 quaero
912 838 1038 883 igitur,
1079 848 1146 881 an,
1185 848 1265 873 cum

182 883 407 928 praesidendi
442 883 655 918 mentionem
678 882 822 926 fecerit,
852 882 900 919 ad
922 887 1061 928 tempus
1085 882 1264 918 fideicom-

182 929 328 964 missum
351 938 399 964 an
454 932 601 973 erpetuo
632 928 810 973 praestari
832 928 993 964 voluerit.
1040 927 1265 964 Modestinus

181 983 238 1009 res
287 973 364 1009 ndit
386 973 412 1008 fi
437 973 695 1009 eicommissum
719 973 910 1018 quotannis
925 973 963 1009 in
979 977 1190 1019 perpetuum
1214 973 1266 1008 rei

181 985 347 1064 publicae
368 1018 623 1064 praestandum
648 1028 738 1054 esse.

227 1061 251 1101 7
276 1063 506 1099 Pom—omas
518 1063 609 1099 libro
625 1068 751 1099 octavo
763 1061 812 1098 ad
820 1062 982 1106 Quintum
989 1060 1142 1097 Mucium
1156 1062 1264 1107 Quin-

180 1111 238 1144 tus
261 1108 404 1145 Mucius
435 1108 502 1144 ait:
535 1108 566 1144 si
598 1108 678 1154 quis
708 1108 746 1143 in
773 1111 987 1144 testamento
1018 1108 1070 1144 ita
1099 1108 1263 1154 scripsit:

181 1154 255 1189 ‘filii
277 1152 442 1199 filiaeque
463 1163 564 1189 meae
586 1153 636 1189 ibi
658 1156 776 1195 sunto,
800 1153 862 1188 ubi
886 1162 947 1188 eos
962 1156 1077 1188 mater
1100 1163 1167 1188 sua
1189 1163 1267 1188 esse

181 1199 305 1242 ‘volet,
339 1199 462 1244 eisque
489 1199 593 1234 heres
623 1208 723 1234 meus
754 1198 792 1232 in
823 1208 937 1233 annos
968 1198 1022 1233 sin
1071 1198 1126 1234 los
1158 1198 1266 1243 inque

181 1246 322 1289 ‘pueros
345 1243 553 1289 puellasque
576 1243 734 1289 singulas
759 1242 905 1278 damnas
929 1247 1006 1279 esto
1097 1253 1117 1278 e
1141 1243 1266 1279 cibarii

181 1289 333 1325 ‘nomine
355 1299 483 1324 aureos
507 1288 658 1324 decem’:
684 1288 714 1323 si
729 1291 865 1323 tutores
881 1298 961 1323 eam
1001 1288 1164 1324 ecuniam
1180 1288 1267 1324 dare

179 1334 306 1369 nolunt
329 1334 371 1376 ei,
396 1333 493 1378 apud
517 1343 621 1378 quem
644 1333 747 1378 pueri
769 1336 878 1378 atque
900 1344 950 1378 pu
1021 1343 1041 1368 e
1061 1337 1155 1376 sunt,
1178 1333 1267 1368 nihil

179 1384 253 1422 est,
285 1378 381 1425 quod
404 1388 448 1414 ex
470 1382 684 1414 testamento
716 1387 821 1422 agere
850 1378 984 1423 possit:
1017 1389 1101 1414 nam
1135 1388 1178 1414 ea
1208 1388 1266 1414 res

179 1435 221 1460 eo
271 1424 411 1466 ertinet,
434 1424 489 1459 uti
510 1426 648 1459 tutores
673 1423 799 1466 sciant,
824 1433 916 1468 quae
928 1423 1094 1460 voluntas
1116 1426 1266 1459 testato-

178 1469 228 1504 ris
266 1469 330 1511 uit,
354 1469 407 1503 uti
430 1469 569 1514 possint
591 1478 670 1504 eam
685 1468 873 1513 pecuniam
896 1468 973 1504 sine
991 1469 1151 1521 periculo
1168 1469 1265 1504 dare.

179 1514 416 1550 Poupomvs.
451 1513 494 1549 In
510 1514 732 1549 testamentis
748 1513 925 1559 quaedam
940 1514 1158 1556 scribuntur,
1175 1523 1267 1559 quae

179 1559 226 1594 ad
248 1558 501 1595 auctoritatem
533 1558 721 1594 dumtaxat
743 1558 933 1594 scribentis
964 1558 1170 1594 referuntur
1199 1569 1266 1594 nec

178 1604 428 1649 obligationem
451 1604 598 1649 pariunt
607 1605 629 1638 ¹.
675 1604 766 1639 haec
789 1607 909 1639 autem
924 1603 1011 1639 talia
1034 1607 1131 1640 sunt.
1178 1604 1209 1639 si
1231 1607 1268 1639 te

178 1649 344 1685 heredem
367 1649 484 1684 solum
507 1649 692 1684 instituam
717 1651 753 1684 et
775 1649 950 1691 scribam,
981 1648 1036 1683 uti
1058 1658 1265 1684 monumen-

178 1700 254 1729 tum
276 1693 362 1729 mihi
385 1697 484 1729 certa
507 1694 660 1739 pecunia
682 1693 814 1729 facias:
847 1693 981 1729 nullam
1015 1694 1108 1729 enim
1132 1693 1266 1739 obliga-

179 1740 310 1775 tionem
335 1749 378 1774 ea
393 1739 573 1785 scriptura
588 1739 728 1784 recipit,
746 1738 810 1774 sed
824 1738 871 1774 ad
887 1739 1137 1775 auctoritatem
1153 1749 1267 1774 meam

179 1783 458 1820 conservandam
481 1784 628 1837 poteris,
658 1785 689 1820 si
711 1784 808 1827 velis,
838 1784 969 1820 facere.
1024 1784 1129 1820 aliter
1160 1787 1267 1830 atque

178 1831 208 1865 si
233 1829 407 1865 coherede
429 1829 495 1864 tibi
518 1829 603 1865 dato
626 1828 719 1865 idem
734 1829 930 1874 scripsero:
955 1839 1039 1864 nam
1060 1829 1134 1865 sive
1155 1833 1192 1865 te
1208 1839 1265 1865 so-

180 1875 251 1910 lum
268 1874 492 1917 damnavero,
516 1874 571 1909 uti
586 1878 853 1910 monumentum
867 1874 993 1917 facias,
1017 1874 1165 1910 coheres
1182 1878 1266 1910 tuus

179 1929 284 1965 agere
306 1924 425 1955 tecum
448 1920 581 1965 poterit
603 1919 758 1955 familiae
780 1919 1048 1962 herciscundae,
1072 1920 1126 1955 uti
1139 1919 1265 1962 facias,

179 1965 345 2011 quoniam
367 1965 517 2000 interest
543 1964 658 2000 illius:
691 1965 777 2010 quin
808 1965 916 2000 etiam
946 1965 977 2000 si
1008 1965 1151 2017 utrique
1179 1965 1267 2000 iussi

179 2010 263 2045 estis
294 2010 365 2045 hoc
396 2009 536 2052 facere,
575 2010 726 2045 invicem
764 2010 942 2045 actionem
976 2010 1165 2045 habebitis.
1220 2010 1266 2045 ad

179 2055 430 2091 auctoritatem
453 2055 642 2090 scribentis
657 2055 727 2091 hoc
743 2065 883 2100 quoque
898 2055 1063 2100 pertinet,
1089 2066 1171 2091 cum
1187 2055 1265 2100 quis

178 2100 282 2135 iussit
303 2100 342 2135 in
364 2099 557 2145 municipio
575 2100 744 2145 imagines
768 2100 871 2145 poni:
895 2110 979 2135 nam
1002 2100 1033 2136 si
1056 2111 1129 2136 non
1151 2100 1264 2136 hono-

178 2146 228 2181 ris
251 2144 433 2191 municipii
456 2144 573 2190 gratia
595 2144 632 2180 id
655 2144 809 2187 fecisset,
834 2145 897 2180 sed
921 2155 996 2187 sua,
1020 2145 1115 2181 actio
1134 2155 1176 2181 eo
1200 2156 1264 2181 no-

179 2191 273 2226 mine
295 2190 383 2226 nulli
407 2189 587 2235 competit.
635 2190 757 2235 itaque
778 2190 869 2226 haec
885 2190 1007 2234 Quinti
1022 2190 1136 2225 Mucii
1152 2190 1265 2236 scrip-

178 2241 279 2271 tura:
312 2235 426 2271 ‘liberi
456 2235 526 2270 mei
557 2234 607 2271 ibi
631 2239 757 2278 sunto,
792 2234 855 2271 ubi
877 2245 942 2271 eos
962 2239 1075 2271 mater
1099 2245 1166 2271 sua
1189 2245 1266 2271 esse

178 2280 293 2316 ‘volet'
317 2280 451 2316 nullam
475 2279 725 2325 obligationem
742 2280 847 2325 parit,
872 2280 935 2316 sed
955 2281 1002 2315 ad
1016 2280 1265 2316 auctoritatem

177 2325 336 2361 defuncti
361 2324 641 2361 conservandam
663 2325 700 2360 id
723 2325 933 2370 pertinebit,
965 2328 1006 2360 ut
1028 2325 1091 2360 ubi
1122 2325 1266 2361 iusserit

176 2371 226 2407 ibi
249 2370 331 2406 sint.
378 2380 445 2406 nec
467 2373 588 2406 tamen
602 2380 743 2423 semper
764 2370 930 2406 voluntas
945 2370 1023 2406 eius
1045 2374 1109 2405 aut
1128 2371 1264 2406 iussum

178 2415 380 2452 conservari
403 2415 521 2457 debet,
543 2415 653 2451 veluti
669 2426 700 2451 si
722 2419 869 2461 praetor
891 2415 1019 2451 doctus
1044 2415 1091 2451 sit
1106 2425 1179 2451 non
1203 2425 1263 2451 ex-

178 2460 298 2506 pedire
320 2460 494 2507 pupillum
516 2470 560 2497 eo
575 2460 717 2504 morari,
742 2460 804 2496 ubi
819 2464 924 2506 pater
937 2460 1094 2503 iusserit,
1116 2464 1265 2506 propter

178 2506 319 2549 vitium,
386 2505 458 2542 uod
488 2509 593 2551 pater
622 2505 717 2542 forte
746 2506 922 2551 ignoravit
950 2505 990 2541 in
1021 2505 1071 2541 eis
1102 2505 1264 2550 personis

177 2561 363 2632 iim&
382 2561 502 2632 2333:
521 2551 796 2641 ἑῗὲἔιὲἚξἘῗέἑὶ
811 2551 1264 2638 ‹12230531'10131‘3132'2‘12

176 2644 246 2677 hoc
270 2651 432 2677 sermone
455 2640 720 2687 significantur,
752 2640 849 2687 apud
880 2651 970 2687 quos
993 2641 1127 2677 morari
1150 2645 1264 2676 mater

177 2686 331 2732 pupillos
347 2686 509 2729 voluerit,
529 2686 603 2722 sive
617 2686 669 2722 ita
685 2697 771 2723 acce
797 2686 926 2722 erimus
941 2686 1038 2722 hunc
1053 2696 1262 2730 sermonem,

178 2734 218 2766 ut
247 2731 333 2784 ipsis
361 2730 446 2798 gni?
473 2730 535 2767 id²
562 2731 719 2784 legatum
781 2731 948 2784 ebatur,
987 2731 1075 2767 utile
1105 2731 1190 2767 erit:
1228 2735 1265 2767 et

177 2780 519 2874 fumemyideatffssf’
544 2780 586 2857 ἓξ
605 2775 1170 2865 ffffiiffkssffiffiffl
1186 2776 1264 2857 ,¹2:33

176 2869 358 2902 testatoris
383 2870 448 2908 est,
473 2877 496 2901 n
542 2876 589 2902 ue
610 2866 811 2903 omnimodo
834 2866 1037 2912 spernenda
1049 2876 1165 2912 neque
1188 2877 1262 2902 om-

177 2910 321 2947 nimodo
345 2911 519 2947 observan
591 2916 656 2948 est.
703 2911 768 2948 sed
790 2913 991 2948 interventu
1022 2911 1150 2947 iudicis
1173 2913 1263 2948 haec

176 2956 297 2992 omnia
319 2955 462 2999 debent,
487 2956 518 2992 si
540 2967 612 2993 non
635 2957 682 2993 ad
698 2961 839 3004 turpem
854 2967 1000 2993 causam
1014 2957 1191 3000 feruntur,
1216 2956 1263 2992 ad

176 3000 343 3038 effectum
364 3000 524 3048 perduci.

222 3042 248 3085 8
275 3045 399 3083 Guvs
417 3045 509 3083 libro
532 3047 658 3093 quinto
681 3047 732 3084 ad
753 3047 866 3094 leqem
889 3046 1025 3084 Iuliam
1047 3051 1083 3083 et
1105 3046 1262 3094 Papiam

176 3092 220 3128 In
242 3090 400 3145 singulos
431 3100 546 3128 annos
575 3092 738 3128 relictum
767 3092 923 3138 legatum
951 3092 1067 3129 simile
1096 3095 1152 3128 est
1180 3092 1263 3128 usui

176 3136 322 3180 fructui,
346 3147 428 3174 cnm
450 3140 564 3173 morte
578 3136 734 3173 finiatur.
781 3147 869 3174 sane
882 3137 1010 3184 capitis
1023 3136 1264 3174 deminutione

176 3192 250 3218 non
265 3182 399 3225 finitur,
423 3191 506 3218 cum
521 3191 608 3218 usus
624 3181 763 3219 fructus
789 3182 953 3219 finiatur:
977 3183 1039 3219 et⁴
1062 3192 1148 3218 usus
1163 3181 1262 3218 fruc—

175 3231 235 3264 tus
257 3227 311 3263 ita
331 3226 443 3273 legari
464 3229 602 3273 potest:
627 3227 732 3263 ‘Titio
756 3238 861 3263 usum
883 3227 1042 3263 fructum
1065 3227 1167 3263 fundi
1181 3226 1261 3272 lego

177 3276 226 3309 ‘et
254 3272 490 3353 quotiensque
521 3271 640 3353 cssalpite
670 3272 826 3308 minutus
859 3273 945 3315 erit,
976 3272 1126 3309 eundem
1157 3282 1261 3308 usum

177 3317 346 3354 ‘fructum
368 3316 403 3353 ei
449 3316 496 3354 o‘.
573 3316 624 3353 ud
640 3321 736 3353 certe
753 3318 905 3363 amplius
920 3321 977 3354 est
994 3317 1032 3353 in
1046 3317 1145 3353 hocl
1211 3321 1261 3360 to,

176 3362 273 3408 quod
294 3362 333 3398 in
354 3362 517 3408 ingressu
546 3361 737 3398 cuiuslibet
766 3363 851 3398 anni
886 3363 917 3399 si
951 3362 1144 3399 decesserit
1179 3372 1260 3408 ega-

175 3407 300 3460 tarius,
324 3407 401 3443 eius
424 3407 509 3443 anni
530 3407 686 3460 legatum
707 3407 829 3443 heredi
859 3418 925 3444 suo
948 3407 1132 3453 relinquit:
1166 3406 1262 3452 quod

176 3464 214 3488 in
235 3462 305 3488 usu
327 3452 448 3489 fructu
471 3463 545 3488 non
565 3456 618 3488 ita
640 3454 713 3495 est,
749 3462 830 3487 cum
852 3452 1091 3495 fructuarius,
1123 3451 1262 3488 etiamsi

176 3497 323 3534 maturis
338 3496 528 3541 fructibus,
551 3496 710 3533 nondum
724 3500 844 3533 tamen
859 3498 1037 3543 perceptis
1058 3497 1260 3540 decesserit,

176 3542 299 3579 heredi
322 3552 389 3579 suo
411 3552 475 3579 eos
498 3541 639 3578 fructus
661 3551 735 3578 non
757 3541 942 3588 relinquet.

222 3584 248 3626 9
272 3586 519 3624 Pammim
531 3587 623 3624 libro
638 3586 789 3634 repturio
803 3597 1057 3634 responsorum
1099 3586 1259 3630 Fundus,

178 3702 217 3739 (1)
243 3699 378 3742 pariant
390 3699 443 3733 Γ,
811 3700 854 3742 (a)
879 3698 968 3732 enim
981 3700 1042 3732 ἀει

545 3701 590 3744 (2)
613 3699 656 3732 ad
671 3700 706 3733 Γ

178 3755 285 3788 aequo
298 3748 332 3778 et
343 3744 431 3778 bono
443 3758 505 3779 ια.

1264 119 1349 171 458

1153 3699 1200 3741 (ι)
1225 3698 1272 3739 ot]
1286 3697 1349 3731 oui
1361 3701 1469 3733 enm.

1495 28 1500 49 l

1505 48 1565 103 ἦ

1554 106 1583 152 (⁸
1947 132 2009 165 DE
2038 132 2201 165 armins
2232 133 2418 166 LEGATIS

1336 254 1904 345 ssmsmfflfflfflmsssffi
1923 254 2418 344 exsufflasses

1336 353 1448 379 causa
1470 342 1732 380 fideicommissi
1754 345 1805 380 rei
1829 344 2024 380 servandae
2046 344 2162 389 gratia
2190 347 2289 380 recte
2317 347 2416 389 pete-

1335 392 1406 423 tur.
1459 387 1515 423 Pa
1523 398 1617 424 vsvs
1650 393 1772 425 notat.-
1812 389 1882 425 hoc
1920 388 2177 424 admittendum
2216 392 2270 424 est
2307 392 2343 424 et
2380 388 2417 423 in

1335 432 1546 513 angl-rebus
1568 433 1790 470 hereditariis·
1798 460 1808 477 ,
1840 438 1881 469 ut
1910 438 1948 470 et
1969 434 2007 469 in
2037 443 2099 469 eas
2122 434 2314 479 legatarius
2337 435 2416 468 mit-

1384 521 1435 560 10
1458 522 1567 558 11211
1589 523 1680 559 libro
1708 526 1833 560 octavo
1868 534 2123 570 responsorum
2179 522 2271 559 ‘Seio
2304 523 2416 558 amico

1337 567 1563 611 ‘fidelissim0,
1586 568 1618 604 si
1639 567 1800 611 voluerit,
1824 568 1918 604 siout
1931 568 2016 604 meis
2040 568 2191 613 negotiis
2209 568 2416 604 intervenie-

1336 613 1420 655 ‘bat,
1445 612 1569 648 eodem
1580 613 1685 649 modo
1698 613 1852 649 filiorum
1864 623 2021 649 meorum
2036 613 2260 655 intervenire,
2279 623 2417 648 annuos

1336 661 1452 693 ‘senos
1485 668 1613 693 aureos
1645 662 1682 694 et
1709 658 1963 694 habitationem
1995 668 2067 704 qua
2096 658 2209 693 utitur
2244 659 2417 703 praestari

1337 702 1450 738 ‘volo’.
1497 713 1571 738 non
1593 702 1672 739 ideo
1695 703 1809 739 minus
1841 714 1960 738 annua
1983 703 2064 739 Seio
2094 714 2159 748 pro
2191 707 2293 748 parte
2317 703 2417 738 here-

1335 746 1464 782 ditaria
1485 747 1633 784 viventis
1656 747 1750 784 filiae
1773 748 1896 784 deberi
1925 748 2079 793 placuit,
2108 749 2204 794 quod
2237 758 2281 783 ex
2303 748 2418 783 tribus

1335 792 1416 827 filiis
1440 792 1557 827 Titiae
1580 792 1651 828 duo
1675 793 1753 829 aliis
1777 792 1967 829 heredibus
1998 793 2169 829 institutis
2200 793 2273 828 vita
2296 793 2417 828 deces-

1336 840 1469 880 serunt,
1500 848 1581 872 cum
1604 841 1678 873 tam
1699 837 1803 874 labor
1825 847 1932 883 quam
1955 838 2109 883 pecunia
2131 838 2339 873 divisionem
2362 847 2417 873 re-

1336 882 1574 963 effigi}
1587 882 1774 964 &33⁶³ssss
1795 882 2129 963 {iffissrffissen‘tutsse
2156 883 2416 963 *iffiepss‘ssssffii

1335 953 1486 1008 formam
1508 955 1722 1017 erogationis
1745 982 1896 1015 annuae,
1921 982 1993 1007 non
2007 938 2182 1008 incert’airqi
2194 972 2418 1007 liberalitatis

1337 1020 1355 1051 2
1401 1017 1618 1053 voluntatem
1639 1018 1853 1053 habuerunt.
1902 1016 2023 1052 ‘Uxori
2046 1021 2189 1062 praeter
2210 1017 2258 1059 id,
2283 1017 2379 1062 quod
2398 1028 2420 1051 a

1336 1065 1404 1098 ‘me
1431 1062 1508 1098 vivo
1544 1063 1655 1098 annui
1684 1063 1826 1098 nomine
1863 1062 2083 1107 accipiebat,
2117 1072 2246 1098 aureos
2279 1066 2419 1098 centum

1336 1107 1426 1142 ‘dari
1447 1107 1561 1144 volo’:
1589 1118 1747 1143 annuum
1769 1107 1910 1143 videtur
1933 1110 1969 1142 et
1991 1107 2100 1143 semel
2129 1111 2270 1143 centum
2292 1117 2419 1142 aureos

1335 1155 1355 1188 3
1402 1152 1597 1198 reliquisse.
1646 1152 1810 1189 ‘Libertis
1835 1152 1913 1187 dari
1936 1151 2015 1188 volo
2044 1162 2136 1197 quae
2158 1151 2238 1187 viva
2259 1155 2417 1197 praesta-

1336 1198 1451 1233 bam’:
1477 1202 1513 1233 et
1534 1198 1708 1233 habitatio
1723 1197 1984 1243 praestabitur:
2009 1202 2170 1243 sumptus
2184 1196 2420 1233 iumentorum

1335 1253 1407 1278 non
1432 1242 1635 1285 debebitur,
1665 1253 1770 1288 quem
1793 1242 1908 1277 actori
1938 1241 2081 1277 domina
2108 1246 2293 1288 praestare
2316 1242 2420 1278 solita

1335 1287 1403 1322 fuit
1426 1288 1590 1323 utilitatis
1613 1298 1701 1324 suae
1732 1297 1861 1323 causa:
1891 1286 1972 1323 ideo
2004 1297 2071 1323 nec
2101 1291 2281 1332 sumptum
2311 1287 2418 1322 medi-

1336 1337 1580 1368 camentorum
1604 1332 1763 1368 medicus
1785 1332 1935 1368 libertus
1964 1335 2063 1368 recte
2093 1336 2211 1378 petet,
2243 1342 2348 1377 quem
2380 1337 2420 1367 ut

1335 1381 1528 1423 patronam
1553 1379 1627 1413 eius
1653 1388 1698 1413 ue
1720 1377 1891 1413 familiam
1915 1380 2058 1413 curaret
2081 1377 2306 1422 acceptabat.

1384 1421 1431 1460 11
1461 1423 1619 1459 was
1641 1424 1719 1459 ibro
1732 1423 1897 1459 vicesimo
1937 1423 2028 1458 rimo
2045 1423 2294 1468 quaestionum
2332 1422 2419 1458 Cum

1334 1468 1372 1503 in
1394 1478 1509 1503 annos
1533 1468 1587 1504 sin
1650 1478 1690 1504 os
1713 1468 1862 1513 legatur,
1886 1433 1991 1513 pfura
2008 1467 2126 1512 legata
2148 1477 2228 1503 esse
2242 1468 2362 1512 placet
2386 1472 2421 1503 et

1336 1523 1401 1558 per
1423 1513 1564 1558 singula
1600 1516 1705 1558 egata
1725 1513 1782 1548 ius
1806 1512 1969 1558 capiendi
1992 1512 2212 1558 inspicietur.
2267 1512 2359 1548 idem
2381 1513 2418 1548 in

1336 1568 1437 1593 servo
1461 1558 1719 1604 inspiciendum
1743 1561 1797 1593 est
1820 1568 1864 1593 ex
1886 1567 2041 1603 persona
2064 1557 2298 1594 dominorum.

1385 1601 1436 1640 12
1459 1602 1568 1638 Iesu
1587 1603 1678 1639 libro
1703 1604 1808 1638 tertio
1839 1603 1975 1638 decimo
2006 1613 2261 1649 responsorum
2308 1603 2419 1638 Gaius

1336 1647 1439 1684 Seius
1460 1647 1607 1693 praedia
1631 1648 1778 1684 diversis
1798 1647 1902 1700 pagis
1925 1647 2087 1683 Maeviae
2108 1651 2145 1683 et
2167 1647 2270 1683 Seiae
2291 1647 2305 1683 l
2371 1648 2420 1683 vit

1336 1697 1373 1728 et
1394 1693 1447 1728 ita
1470 1693 1581 1728 cavit:
1620 1696 1808 1738 ‘praestari
1831 1696 1951 1727 autem
1973 1692 2053 1728 volo
2077 1702 2122 1728 ex
2144 1658 2417 1738 praediiseffiti-

1336 1738 1453 1774 ‘tianis
1483 1738 1639 1783 praediis
1669 1738 1871 1773 Lutatianis
1910 1748 2031 1773 annua
2071 1737 2281 1774 harundinis
2324 1738 2420 1772 inilia

1337 1787 1492 1818 ‘trecena
1523 1786 1559 1818 et
1587 1783 1707 1819 salicis
1738 1783 1893 1818 mundae
1923 1792 2043 1818 annua
2082 1783 2252 1818 librarum
2283 1783 2420 1828 singula

1336 1828 1474 1863 ‘milia':
1500 1838 1645 1874 quaero,
1669 1838 1717 1863 an
1739 1827 1776 1863 id
1798 1828 1955 1873 legatum
1978 1827 2148 1863 defuncta
2163 1828 2336 1873 legataria
2359 1839 2418 1864 ex—

1336 1874 1507 1909 stinctum
1530 1873 1587 1908 sit.
1634 1873 1770 1909 Paulus
1792 1873 1978 1918 respondit
2000 1873 2203 1908 servitutem
2234 1874 2311 1908 iure
2334 1884 2418 1909 con-

1335 1918 1498 1954 stitutam
1520 1929 1594 1954 non
1615 1918 1726 1954 videri
1741 1928 1855 1971 neque
1878 1919 1915 1953 in
1931 1928 2121 1964 personam
2136 1928 2251 1971 neque
2271 1918 2308 1953 in
2325 1928 2417 1954 rem:

1335 1963 1399 1999 sed
1421 1963 1681 1999 fideicommissi
1704 1964 1909 2008 petitionem
1932 1963 2143 2008 competisse
2166 1973 2209 2006 ei,
2235 1964 2292 1999 cui
2314 1974 2418 2009 prae-

1336 2009 1395 2044 dia
1418 2009 1613 2044 Lutatiana
1635 2009 1753 2054 legata
1776 2012 1871 2051 sunt,
1895 2012 1931 2044 et
1952 2008 2044 2050 ideo,
2069 2018 2150 2044 cum
2166 2019 2286 2044 annua
2301 2008 2421 2053 legata

1335 2053 1478 2096 fuerint,
1503 2057 1643 2090 mortua
1665 2054 1836 2099 legataria
1858 2053 1997 2088 finitum
2020 2054 2175 2098 legatum
2197 2053 2316 2089 videri.

1384 2096 1433 2137 13
1459 2098 1662 2135 Sermoni
1686 2099 1777 2135 libro
1809 2102 1940 2145 quarto
1970 2109 2225 2145 responsorum
2280 2099 2420 2134 Maevia

1335 2148 1501 2189 nepotem
1532 2154 1578 2179 ex
1608 2144 1747 2180 Maevio
1780 2144 1951 2189 puberem
1988 2143 2154 2179 heredem
2191 2143 2346 2179 instituit
2384 2148 2421 2179 et

1334 2189 1447 2225 Lucio
1473 2189 1568 2225 Titio
1591 2189 1643 2224 ita
1658 2189 1805 2235 legavit:
1830 2188 1956 2225 ‘Lucio
1973 2188 2067 2224 Titio
2091 2188 2168 2224 viro
2185 2188 2292 2232 bono,
2317 2189 2419 2225 cuius

1335 2234 1516 2280 ‘obsequio
1540 2235 1674 2279 gratias
1686 2245 1765 2279 ago,
1790 2234 1868 2269 dari
1882 2234 1961 2269 volo
1987 2244 2124 2269 annuos
2142 2234 2310 2279 quamdiu
2325 2235 2420 2270 vivat

1334 2282 1474 2315 ‘aureos
1498 2278 1638 2322 decem,
1671 2279 1702 2315 si
1724 2279 1831 2314 rebus
1856 2279 1995 2324 nepotis
2018 2279 2087 2314 mei
2109 2279 2321 2314 interveniat
2343 2290 2418 2315 om-

1336 2328 1428 2360 ‘nem
1453 2334 1498 2360 ue
1521 2324 1861 2359 administrationem
1876 2334 1996 2359 rerum
2008 2324 2148 2369 nepotis
2165 2324 2233 2359 mei
2251 2324 2298 2360 ad
2321 2324 2417 2360 solli-

1335 2336 1539 2405 ‘citudinem
1571 2379 1673 2404 suam
1703 2369 1935 2405 revocaverit’.
1992 2378 2146 2414 quaero,
2178 2379 2258 2404 cum
2282 2369 2417 2405 Lucius

1334 2414 1450 2449 Titius
1475 2414 1594 2460 aliquo
1618 2418 1777 2459 tempore
1799 2413 1934 2449 Maevii
1957 2424 1981 2448 n
2026 2414 2100 2449 otia
2120 2414 2272 2459 gesserit
2294 2418 2331 2450 et
2380 2425 2418 2450 er

1335 2470 1415 2495 eum
1437 2469 1511 2505 non
1535 2463 1616 2502 stet,
1640 2469 1709 2504 quo
1734 2459 1849 2494 minus
1872 2462 1983 2503 gerat,
2038 2458 2155 2494 ublius
2179 2463 2298 2494 autem
2358 2470 2415 2495 ae-

1333 2504 1411 2540 vius
1426 2504 1537 2540 nollet
1551 2514 1632 2540 eum
1648 2504 1907 2546 administrare,
1924 2514 1972 2539 an
1990 2502 2299 2540 fideicommissum
2314 2515 2416 2550 prac-

1333 2549 1422 2585 staii
1445 2549 1583 2585 debeat.
1630 2549 1810 2595 respondi,
1834 2549 1865 2584 si
1888 2559 1961 2585 non
1983 2553 2131 2601 propter
2160 2548 2322 2584 fraudem
2353 2550 2416 2585 ali-

1334 2604 1435 2630 amve
1474 2605 1581 2640 quam
1621 2594 1752 2630 iustam
1795 2604 1941 2630 causam
1986 2593 2241 2639 improbandae
2288 2605 2418 2640 operae

1334 2641 1468 2675 causa⁶
1489 2643 1648 2675 remotus
1679 2642 1774 2675 esset
1804 2650 1827 2674 a
1849 2638 2023 2684 negotiis,
2074 2649 2143 2675 uae
2171 2639 2418 2675 administrare

1332 2684 1529 2721 secundum
1559 2684 1720 2720 defuncti
1756 2684 1975 2720 voluntatem
2004 2695 2026 2719 v
2074 2687 2127 2727 et,
2165 2694 2273 2730 perce
2296 2688 2416 2720 turum

1335 2733 1351 2765 1
1400 2730 1568 2775 legatum.
1615 2729 1735 2766 Uxore
1750 2729 1882 2765 herede
1905 2729 2039 2774 scripta
2053 2729 2106 2764 ita
2129 2730 2244 2765 cavit:
2269 2734 2279 2748 ⁶
2296 2730 2415 2765 'bertis

1333 2775 1432 2811 ‘meis
1456 2775 1620 2811 omnibus
1652 2774 1901 2811 alimentorum
1931 2774 2073 2810 nomine
2102 2773 2247 2820 singulis
2278 2784 2416 2811 annuos

1333 2819 1510 2856 ‘denarios
1533 2819 1720 2856 duodecim
1742 2820 1788 2855 ab
1812 2819 1941 2855 herede
1965 2819 2042 2854 dari
2064 2819 2155 2861 volo,
2179 2819 2211 2855 si
2234 2819 2281 2855 ab
2304 2830 2416 2856 uxore

1332 2869 1424 2901 ‘mea
1446 2875 1520 2901 non
1541 2865 1778 2902 recesserint’.
1833 2875 1987 2910 quaero,
2020 2875 2100 2899 cum
2157 2869 2235 2899 ater
2264 2864 2414 2900 familias

1332 2920 1399 2947 sua
1428 2910 1611 2946 voluntate
1641 2909 1685 2946 de
1715 2909 1858 2946 civitate
1887 2909 2033 2945 difficile
2061 2919 2127 2954 pro
2145 2913 2244 2945 ectus
2274 2909 2340 2952 sit,
2373 2920 2416 2945 ea

1332 2959 1452 2991 autem
1475 2955 1625 2991 adsidue
1647 2953 1916 3000 proficiscatur,
1949 2964 1996 2989 an
2018 2954 2137 2990 liberti
2161 2964 2242 2989 cum
2265 2964 2309 2990 ea
2330 2965 2414 2999 pro-

1331 3000 1444 3036 ficisci
1466 3000 1631 3036 debeant.
1678 2999 1845 3052 respondi
1862 3010 1936 3035 non
1956 3008 2064 3045 posse
2085 2998 2250 3035 absolute
2266 3009 2412 3044 respon-

1331 3045 1418 3087 deri,
1443 3056 1524 3082 cum
1546 3045 1658 3080 multa
1688 3044 1774 3081 oriri
1796 3044 1955 3090 possint,
1985 3053 2078 3089 quae
2099 3053 2165 3088 pro
2199 3043 2319 3080 bono‘
2343 3044 2414 3080 sint

1331 3090 1572 3127 aestimanda:
1597 3090 1748 3135 ideoque
1770 3088 1972 3125 huiusmodi
1994 3088 2148 3124 varietas
2168 3088 2233 3124 viri
2248 3089 2333 3125 boni
2355 3099 2412 3125 ar-

1331 3135 1437 3172 bitrio
1461 3135 1657 3171 dirimenda
1680 3139 1744 3170 est.
1791 3134 1876 3170 item
1906 3133 2105 3180 quaeritur,
2141 3143 2221 3169 cum
2251 3133 2411 3179 proficis-

1331 3191 1416 3217 cens
1437 3181 1489 3216 eis
1511 3179 1599 3216 nihil
1623 3190 1680 3215 am
1706 3179 1775 3215 lius
1799 3178 1969 3225 optulerit
1998 3188 2042 3214 ac
2065 3189 2130 3224 per
2159 3178 2229 3214 hoc
2253 3189 2332 3215 eam
2355 3189 2409 3214 se-

1331 3225 1404 3262 cuti
1427 3235 1501 3262 non
1523 3225 1605 3267 sint,
1629 3191 1847 3270 mqegamm
1864 3223 2046 3260 debeatur.
2085 3223 2270 3269 respondit
2284 3227 2322 3260 et
2342 3224 2412 3259 hoc

1330 3281 1376 3307 ex
1394 3270 1596 3316 longinquis
1619 3270 1855 3315 brevibusque
1877 3268 2148 3305 excursionibus
2172 3272 2208 3305 et
2230 3269 2335 3305 modo
2360 3269 2410 3304 le—

1327 3315 1402 3362 gati
1425 3314 1683 3352 aestimandum
1706 3324 1795 3350 esse.

1379 3358 1430 3398 14
1460 3359 1655 3397 virumn
1674 3360 1765 3396 libro
1795 3358 1951 3395 secundo
1972 3358 2328 3403 fideicommissorum
2374 3358 2412 3394 Si

1329 3405 1388 3442 cui
1410 3415 1568 3441 annuum
1597 3404 1707 3440 fuerit
1738 3403 1898 3440 relictum
1922 3403 1999 3439 sine
2021 3403 2219 3440 adiectione
2240 3413 2411 3447 summae,

1328 3450 1416 3486 nihil
1438 3450 1549 3485 videri
1571 3450 1655 3485 huic
1678 3449 1896 3494 adscriptum
1919 3448 2017 3484 Mela
2039 3448 2108 3484 ait:
2133 3448 2197 3485 sed
2220 3452 2275 3484 est
2297 3448 2413 3484 verior

1328 3495 1469 3531 Nervae
1492 3495 1678 3538 sententia,
1703 3493 1799 3540 quod
1822 3497 1975 3529 testator
1995 3498 2181 3539 praestare
2204 3493 2329 3529 solitus
2353 3493 2410 3528 fu-

1329 3544 1418 3582 erat,
1442 3539 1480 3575 id
1501 3540 1612 3576 videri
1634 3540 1814 3591 relictum:
1846 3539 1877 3574 si
1899 3539 2036 3581 minus,
2068 3547 2113 3574 ex
2135 3537 2306 3583 dignitate
2327 3547 2409 3585 per·

1329 3594 1440 3622 sonae
1462 3586 1573 3621 statui
1595 3583 1785 3631 oportebit.

1608 3699 1651 3742 (ι)
1675 3706 1777 3731 causa
1789 3697 1853 3731 del.
1992 3699 2036 3739 (ο)
2060 3707 2122 3739 pro
2134 3695 2235 3737 bono]
2249 3706 2310 3740 pro
2323 3705 2357 3728 re
2368 3705 2406 3728 u
