2528 3918
206 124 314 168 VI1

253 257 292 283 re
302 257 374 282 non
392 244 560 291 possedit,
586 254 656 290 quo
676 246 795 279 autem
815 243 994 280 iudicatur
1039 244 1182 287 ossidet,
1206 255 1289 290 pro-

203 258 324 329 ffinda
343 295 398 327 est
415 290 560 326 Proculi
579 289 766 332 sententia,
790 293 832 324 ut
854 290 1006 326 omnimo
1034 300 1054 325 o
1080 289 1290 326 condemne-

203 344 281 374 tur:
314 347 396 382 ergo
429 340 465 371 et
494 334 678 370 fructuum
709 334 851 370 nomine
874 346 918 371 ex
941 346 1011 380 quo
1036 335 1153 380 coepit
1175 334 1290 379 possi-

204 388 225 420 2
273 383 356 418 dere
387 380 625 416 damnabitur.
673 379 711 415 Si
740 380 846 415 homo
877 381 1010 426 petitus
1043 380 1125 415 dolo
1149 389 1290 431 posses-

204 429 295 465 soris
320 427 473 462 deterior
494 425 614 460 factus
638 424 701 467 sit,
734 424 861 460 deinde
890 425 967 460 sine
1000 425 1108 469 culpa
1139 434 1214 460 eius
1247 434 1291 459 ex

204 474 276 510 alia
300 482 411 508 causa
429 474 591 506 mortuus
611 470 668 512 sit,
693 470 891 506 aestimatio
912 481 983 505 non
1002 470 1065 505 fiet
1084 469 1170 512 eius,
1196 469 1292 514 quod

204 518 412 555 deteriorem
434 526 516 551 eum
538 514 692 558 fecerat,
724 515 808 561 quia
830 515 916 550 nihil
939 515 1086 550 interest
1107 514 1289 560 petitoris:

205 564 268 599 sed
291 564 381 598 haec
406 565 579 607 quantum
602 559 650 596 ad
672 560 709 595 in
733 570 807 596 rem
832 561 1027 595 actionem:
1061 560 1146 605 legis
1171 563 1291 595 autem

203 613 223 645 3
269 607 432 653 Aquiliae
455 606 549 642 actio
573 605 690 641 durat.
739 605 809 640 Sed
840 609 876 640 et
904 606 954 646 is,
988 604 1048 650 qui
1079 608 1163 640 ante
1194 604 1291 640 litem

203 657 440 690 contestatam
475 651 556 687 dolo
593 650 697 686 desiit
730 661 805 686 rem
839 650 1040 695 possidere,
1076 654 1219 685 tenetur
1252 650 1291 684 in

202 710 275 735 rem
299 698 458 734 actione:
490 696 598 742 idque
629 706 673 731 ex
704 699 848 731 senatus
881 695 1044 730 consulto
1069 694 1187 740 colligi
1209 698 1290 740 pot-

203 748 267 787 est,
292 754 362 789 quo
388 745 531 778 cautum
556 745 621 784 est,
645 745 686 776 ut
707 741 869 782 diximus,
894 743 935 775 ut
953 740 1056 775 dolus
1077 740 1290 785 praeteritus

202 790 238 825 in
262 787 469 824 hereditatis
491 787 699 833 petitionem
722 785 856 821 veniat:
890 796 971 820 cum
1003 785 1094 821 enim
1127 785 1165 820 in
1188 785 1289 821 here-

202 834 321 870 ditatis
345 833 526 880 petitione,
551 841 643 877 quae
667 835 703 866 et
721 831 734 866 i
761 841 801 866 sa
820 830 858 865 in
877 840 951 865 rem
972 833 1037 872 est,
1063 830 1166 866 dolus
1185 840 1290 875 prae-

201 880 327 915 teritus
357 878 492 920 fertur,
527 888 600 913 non
632 880 686 912 est
709 886 731 911 a
758 875 903 911 surdum
926 885 991 920 per
1015 876 1288 921 consequentias

202 929 237 960 et
268 925 306 960 in
338 923 484 969 speciali
507 923 543 958 in
567 933 642 957 rem
665 921 808 956 actione
831 920 951 956 dolum
975 921 1204 965 praeteritum
1229 920 1289 955 de-

201 973 222 1005 4
269 969 363 1005 duci.
401 968 439 1004 Si
462 978 527 1013 per
549 966 660 1002 filium
685 970 747 1001 aut
769 975 834 1011 per
857 975 997 1001 servum
1020 969 1123 1011 pater
1145 965 1202 1001 vel
1225 965 1288 1001 do-

201 1015 318 1050 minus
368 1013 525 1050 ossideat
548 1017 584 1048 et
605 1012 635 1047 is
660 1012 736 1047 sine
760 1011 866 1055 culpa
888 1010 1001 1055 patris
1033 1010 1209 1046 dominive
1238 1011 1290 1046 rei

201 1060 345 1096 iudican
372 1069 413 1095 ae
443 1063 603 1103 tempore
634 1057 743 1092 absit:
780 1056 835 1091 vel
866 1060 1006 1100 tempus
1042 1056 1200 1091 dandum
1234 1057 1290 1091 vel

202 1109 222 1141 5
271 1104 466 1141 cavendum
490 1108 544 1138 est
568 1102 611 1138 de
634 1101 858 1147 possessione
881 1100 1112 1136 restituenda.
1150 1102 1192 1136 In
1215 1112 1290 1137 rem

246 1151 348 1186 titam
371 1150 402 1185 si
425 1158 610 1194 possessor
633 1151 716 1182 ante
739 1146 836 1181 litem
861 1149 1098 1181 contestatam
1122 1151 1285 1192 sumptus

217 1196 305 1238 ecit,
337 1205 402 1241 per
433 1194 506 1229 doli
529 1193 612 1227 mali
637 1191 880 1237 exceptionem
903 1191 995 1227 ratio
1021 1202 1143 1227 eorum
1165 1192 1290 1227 haberi

201 1241 318 1283 debet,
342 1240 373 1276 si
395 1242 596 1285 perseveret
620 1241 721 1272 actor
743 1240 865 1282 petere
887 1246 962 1271 rem
986 1247 1088 1272 suain
1112 1247 1184 1273 non
1207 1237 1288 1273 red-

201 1287 282 1322 ditis
316 1285 527 1330 sumptibus.
570 1283 664 1318 idem
697 1286 752 1317 est
783 1282 908 1324 etiam,
942 1282 973 1317 si
1005 1282 1126 1317 noxali
1156 1282 1288 1318 iudicio

201 1342 340 1368 servum
364 1329 524 1365 defendit
541 1332 577 1363 et
595 1328 784 1363 damnatus
804 1327 983 1372 praestitit
1001 1328 1200 1372 pecuniam,
1225 1331 1290 1363 aut

199 1378 237 1413 iii
261 1386 345 1412 area
369 1384 460 1421 quae
483 1374 552 1408 fuit
573 1373 737 1418 petitoris
760 1382 825 1417 per
843 1383 999 1408 errorem
1018 1373 1171 1408 insulam
1192 1373 1287 1408 aedi-

200 1422 337 1458 ficavit:
370 1419 437 1455 nisi
469 1423 589 1454 tamen
619 1422 766 1463 paratus
807 1417 854 1453 sit
887 1418 1019 1463 petitor
1052 1418 1129 1463 pati
1163 1418 1288 1454 tollere

201 1478 281 1503 euin
312 1464 523 1501 aedificium.
560 1463 655 1508 quod
680 1466 715 1498 et
737 1463 775 1498 in
806 1473 893 1498 area
923 1463 1028 1498 uxori
1060 1463 1194 1499 donata
1223 1474 1289 1509 per

200 1512 371 1554 iudicem,
397 1510 457 1556 qui
481 1509 525 1544 de
549 1508 631 1544 dote
655 1507 856 1553 cognoscit,
880 1508 1086 1544 faciendum
1110 1508 1286 1544 dixerunt.

200 1557 263 1593 sed
285 1557 315 1593 si
338 1565 485 1602 puerum
508 1564 636 1595 meum,
663 1564 743 1588 cum
766 1553 979 1598 possideres,
1005 1553 1191 1597 erudisses,
1216 1564 1289 1589 non

198 1603 292 1638 idem
328 1599 586 1637 observandum
617 1599 792 1634 Proculus
825 1599 1023 1641 existimat,
1059 1599 1143 1644 quia
1174 1609 1289 1644 neque

200 1657 322 1683 carere
346 1656 447 1682 servo
470 1654 548 1680 meo
574 1644 723 1679 debeam
745 1654 813 1679 nec
836 1647 957 1689 potest
979 1643 1172 1679 remedium
1195 1644 1288 1680 idem

198 1692 369 1733 adhiberi,
394 1690 489 1736 quod
511 1690 548 1724 in
572 1699 658 1725 area
681 1689 852 1724 diximus:

245 1734 298 1775 28
334 1736 458 1773 Gaios
485 1735 575 1771 libro
607 1735 760 1781 septimo
792 1734 842 1770 ad
871 1734 1027 1770 edictum
1054 1734 1289 1788 provinciale

197 1783 291 1819 forte
315 1781 411 1834 quod
433 1780 606 1826 pictorem
630 1783 694 1815 aut
715 1779 899 1815 librarium
923 1779 1097 1815 docueris.
1135 1780 1288 1815 dicitur¹

198 1838 272 1864 non
295 1827 398 1863 ahter
421 1825 540 1861 officio
563 1824 693 1860 iudicis
717 1825 998 1860 aestimationem
1021 1825 1146 1860 haberi
1168 1835 1287 1871 posse,

244 1870 298 1910 29
322 1872 552 1908 POMPONIUS
571 1870 664 1906 libro
687 1871 880 1906 vicensimo
897 1871 1021 1917 primo
1045 1870 1096 1906 ad
1118 1869 1286 1913 Quintum

197 1918 359 1955 Mucium
404 1916 473 1952 nisi
495 1916 527 1952 si
549 1915 709 1951 venalem
733 1926 814 1951 eum
832 1916 968 1951 habeas
989 1919 1024 1950 et
1042 1915 1123 1961 plus
1143 1925 1187 1951 ex
1206 1926 1287 1961 pre-

198 1964 248 1999 tio
274 1963 349 1999 eius
374 1965 630 1998 consecuturus
653 1961 702 1996 sis
725 1965 874 2006 propter
897 1960 1099 2003 artificium,

245 2006 297 2047 30
335 2008 458 2044 GAws
494 2007 586 2042 libro
617 2007 769 2052 septimo
800 2006 850 2042 ad
879 2006 1033 2042 edictum
1058 2006 1289 2053 provinciale

199 2058 263 2090 aut
296 2054 327 2089 si
361 2057 444 2088 ante
478 2052 726 2087 denuntiatum
761 2051 808 2087 sit
843 2051 977 2094 actori,
1014 2055 1056 2086 ut
1090 2052 1288 2096 impensam

199 2100 370 2141 solveret,
403 2101 440 2133 et
470 2107 511 2133 eo
543 2097 788 2133 dissimulante
810 2097 929 2142 posita
952 2096 999 2132 sit
1024 2096 1095 2132 doli
1118 2097 1202 2132 mali
1226 2107 1287 2132 ex-

200 2155 241 2181 ce
266 2145 327 2179 tio.

241 2156 296 2228 gl
324 2188 381 2224 ΡΑ
389 2197 484 2224 vsvs
504 2187 595 2223 libro
614 2187 804 2223 vicensimo
818 2188 942 2233 primo
963 2186 1013 2222 ad
1032 2186 1186 2222 edictum
1222 2186 1287 2222 Ce-

198 2240 314 2271 terum
339 2245 420 2269 cum
444 2233 486 2268 de
517 2232 694 2268 fructibus
727 2231 818 2267 servi
849 2232 952 2277 petiti
983 2231 1183 2277 quaeritur,
1216 2242 1286 2267 non

198 2285 337 2316 tantum
359 2280 531 2325 pubertas
556 2278 631 2313 eius
656 2277 855 2323 spectanda
879 2280 952 2320 est,
985 2277 1070 2322 quia
1094 2276 1200 2311 etiam
1222 2277 1288 2311 im-

225 2326 343 2361 uberis
367 2325 507 2370 aliquae
530 2333 661 2368 operae
685 2333 762 2358 esse
785 2326 948 2368 possunt.
985 2322 1147 2375 improbe
1170 2327 1289 2358 tamen

199 2338 416 2406 gesiderabit
435 2369 570 2422 petitor
592 2368 733 2403 fructus
757 2367 956 2409 aestimari,
981 2378 1042 2412 qui
1067 2377 1111 2402 ex
1134 2367 1287 2402 artificio

199 2417 274 2452 eius
308 2416 444 2461 percipi
504 2417 693 2456 otuerunt,
729 2412 825 2459 quod
860 2412 1050 2448 artificium
1085 2413 1287 2458 sumptibus

199 2461 415 2507 possessoris
439 2460 474 2495 di
499 2460 571 2495 icit.

245 2504 298 2544 32
323 2506 576 2541 Mooesmrvs
596 2504 687 2540 libro
711 2507 836 2539 octavo
860 2502 1147 2549 differentiarum
1184 2502 1288 2546 Quod

200 2552 229 2586 si
253 2551 424 2586 artificem
447 2550 583 2592 fecerit,
607 2553 691 2594 post
713 2548 943 2584 vicensimum
968 2548 1129 2593 quintum
1154 2558 1287 2583 annum

201 2597 295 2639 eius,
322 2597 382 2641 qui
405 2595 593 2630 artificium
619 2598 833 2630 consecutus
858 2598 930 2636 est,
962 2593 1145 2638 impensae
1167 2593 1288 2628 factae

200 2645 367 2686 poterunt
389 2641 541 2686 pensari.

246 2683 298 2723 33
322 2685 377 2720 ΡΛ
385 2695 428 2721 σι
436 2695 479 2720 vs
489 2685 578 2720 libro
591 2685 779 2720 vicensimo
786 2685 910 2731 primo
923 2683 973 2720 ad
983 2683 1135 2719 edictum
1171 2683 1286 2718 Fruc-

135 2723 139 2725 ’
200 2735 258 2766 tus
283 2742 355 2766 non
378 2731 482 2765 modo
507 2730 683 2782 percepti,
718 2729 781 2765 sed
813 2733 850 2765 et
880 2729 940 2775 qui
970 2729 1106 2774 percipi
1138 2728 1287 2764 honeste

201 2779 393 2821 potuerunt
415 2775 624 2810 aestimandi
648 2779 748 2810 sunt:
775 2778 811 2810 et
833 2774 913 2810 ideo
937 2774 968 2810 si
992 2774 1074 2810 dolo
1096 2777 1160 2809 aut
1179 2773 1286 2819 culpa

201 2821 418 2866 possessoris
441 2831 498 2855 res
521 2821 633 2865 petita
656 2820 816 2865 perierit,
848 2820 1020 2855 veriorem
1050 2822 1156 2864 putat
1178 2819 1284 2854 Pom-

202 2866 330 2911 ponius
355 2865 513 2899 Trebatii
546 2876 565 2900 o
593 2866 745 2900 inionem
776 2865 937 2910 putantis
968 2875 1010 2900 eo
1043 2875 1157 2910 usque
1186 2864 1284 2899 fruc-

201 2916 302 2945 tuum
325 2910 496 2945 rationem
520 2877 740 2952 haflendam,
773 2921 843 2955 quo
874 2921 917 2946 us
943 2920 989 2945 ue
1011 2910 1222 2952 haberetur,
1255 2909 1285 2944 si

201 2966 272 2991 iion
323 2955 465 2997 erisset,
489 2955 525 2990 id
550 2959 604 2990 est
627 2955 673 2990 ad
696 2956 747 2990 rei
770 2955 915 2991 iudican
941 2966 983 2990 ae
1006 2959 1163 2999 tempus:
1189 2954 1285 3000 quod

202 3006 237 3036 et
259 3001 300 3035 Iu
315 3000 396 3035 iano
419 3000 548 3044 placet.
585 3001 654 3035 hac
677 3001 815 3036 ratione
846 3001 877 3037 si
907 3001 1025 3035 nudae
1056 2999 1285 3045 proprietatis

202 3045 365 3081 dominus
389 3045 529 3090 petierit
552 3049 588 3079 et
610 3046 701 3080 inter
724 3056 842 3081 moras
865 3056 952 3081 usus
971 3045 1113 3080 fructus
1133 3045 1284 3080 amissus

202 3091 259 3133 sit,
284 3100 328 3125 ex
352 3100 394 3125 eo
418 3094 586 3134 tempore,
612 3101 680 3134 quo
701 3091 747 3125 ad
766 3101 830 3136 pro
856 3090 1019 3126 rietatem
1038 3101 1126 3126 usus
1145 3090 1284 3125 fructus

201 3145 361 3171 reversus
386 3139 450 3177 est,
475 3134 566 3170 ratio
590 3135 769 3170 fructuum
793 3136 841 3170 ha
867 3140 955 3171 etur.

247 3177 301 3218 34
325 3179 517 3216 IULIANUS
544 3179 634 3214 libro
664 3182 812 3226 septimo
836 3181 1055 3228 diqestorum
1101 3180 1198 3215 Idem
1229 3183 1285 3215 est

202 3229 239 3261 et
261 3225 291 3261 si
314 3235 379 3271 per
401 3224 611 3259 alluvionem
635 3236 718 3269 pars
742 3225 852 3260 fundo
877 3226 1078 3262 accesserit.

249 3267 303 3308 35
329 3269 487 3306 ΡΔυιυε
507 3269 596 3304 libro
621 3271 808 3305 vicensimo
826 3272 948 3316 primo
972 3271 1023 3306 ad
1043 3270 1197 3306 edictum
1235 3270 1286 3304 Et

202 3326 246 3351 ex
277 3315 415 3351 diverso
446 3314 476 3349 si
506 3314 637 3359 petitor
667 3315 728 3349 lite
761 3319 961 3351 contestata
993 3326 1098 3351 usum
1126 3315 1283 3351 fructum

201 3360 380 3406 legaverit,
404 3369 448 3395 ex
473 3369 514 3394 eo
538 3363 707 3404 tempore,
733 3370 775 3394 ex
824 3371 868 3395 uo
894 3361 1057 3396 discessit
1079 3371 1101 3396 a
1124 3361 1282 3405 proprie-

201 3410 287 3449 tate,
309 3404 492 3440 fructuum
515 3404 687 3439 rationein
712 3415 781 3439 non
799 3372 1005 3441 (iiabendam
1025 3405 1168 3451 quidam
1187 3409 1285 3441 recte

205 3454 218 3486 1
270 3453 409 3497 putant.
455 3448 526 3485 Ubi
549 3454 667 3484 autem
692 3449 843 3484 alienum
866 3450 1016 3485 fundum
1039 3451 1149 3496 petii²
1172 3455 1208 3486 et
1229 3450 1283 3485 iu-

202 3496 271 3532 dex
294 3494 472 3531 sententia
495 3493 689 3529 declaravit
711 3504 824 3528 meum
849 3505 944 3538 esse,
977 3495 1082 3531 debet
1112 3496 1217 3531 etiam
1241 3495 1284 3530 de

201 3540 379 3576 fructibus
390 3548 633 3586 possessorem
645 3538 898 3574 condemnare:
925 3540 1046 3575 eodem
1060 3541 1151 3576 enim
1165 3551 1284 3576 errore

202 3590 239 3621 et
271 3586 316 3622 de
349 3584 527 3621 fructibus
557 3583 890 3620 condemnaturum:
927 3595 997 3619 non
1029 3586 1157 3621 debere
1190 3586 1283 3621 enim

203 3699 244 3740 (1)
269 3698 408 3738 dicitur]
418 3698 526 3740 igitur
533 3710 597 3732 scr.

203 3746 249 3786 (⁴)
273 3743 494 3787 paternione.
505 3743 610 3777 Bim.

725 3698 768 3737 (2)
793 3697 923 3740 potitF
1040 3703 1082 3741 (³)
1107 3699 1284 3741 ethiHat.

704 3744 746 3784 (5)
771 3743 1046 3785 corporadereF¹
1140 3747 1186 3786 (a)
1210 3755 1285 3787 ρο.-

1293 118 1349 167 92

2282 139 2345 172 DE
2371 141 2448 175 iim

1359 244 1461 297 lucro
1483 246 1700 299 possessoris
1720 246 1847 284 cedere
1865 246 2016 292 fructus,
2034 259 2115 284 cum
2134 249 2249 285 victus
2269 249 2334 286 sit:
2359 250 2445 286 alio·

1360 300 1457 342 quiri,
1480 293 1522 325 ιιι
1544 290 1788 328 Mauricianus
1812 292 1872 335 ait,
1897 304 1964 329 nec
1986 304 2062 330 rem
2085 294 2318 330 arbitrabitur
2339 295 2445 332 iudex

1358 334 1445 369 mihi
1468 336 1625 379 restitui,
1657 341 1694 372 et
1717 348 1828 383 quare
1851 338 1983 374 habeat
2005 339 2100 384 quud
2133 350 2205 375 non
2230 343 2323 375 esset
2344 340 2446 376 habi-

1360 385 1462 415 turus
1486 390 1692 432 possessor,
1724 382 1756 419 si
1779 383 1900 418 statim
1922 385 2183 436 possessionem
2205 384 2446 421 restituisset?

1360 427 1379 459 2
1400 469 1408 477 ο
1428 424 1566 479 Petitor
1588 427 1787 471 possessori
1810 427 1855 463 de
1879 429 2052 465 evictione
2072 440 2196 465 cavere
2217 440 2288 465 non
2309 430 2447 475 cogitur

1358 479 1411 505 rei
1442 480 1603 514 nomine,
1636 472 1738 508 cuius
1761 473 2041 510 aestimationem
2065 475 2222 519 accepit:
2255 474 2323 510 sibi
2353 475 2447 510 enim

1358 525 1547 560 possessor
1579 516 1759 562 imputare
1792 518 1917 561 debet,
1961 519 2022 571 qui
2053 530 2127 555 non
2161 519 2318 555 restituit
2359 530 2445 556 rem.

1357 563 1379 595 3
1426 559 1565 596 Eorum
1592 571 1744 608 quoque,
1772 573 1865 608 quae
1884 563 1961 599 sine
1978 564 2123 600 interitu
2144 564 2250 600 dividi
2269 575 2343 600 non
2362 575 2445 610 pos-

1359 608 1460 688 sunt&
1477 610 1616 651 partein
1665 611 1759 643 etere
1781 618 1889 653 posse
1912 612 2064 644 constat.

1405 647 1429 688 3
1487 651 1611 687 GAws
1656 652 1733 688 ibro
1767 654 1918 700 septimo
1952 653 2002 689 ad
2035 654 2187 690 edictum
2218 655 2446 702 provinciale

1359 695 1429 740 Qui
1459 696 1626 741 petitorio
1657 697 1788 733 iudicio
1819 698 1949 741 utitur,
1986 709 2031 734 ne
2064 698 2199 734 frustra
2230 700 2445 745 experiatur,

1358 741 1538 786 requirere
1561 741 1684 785 debet,
1716 753 1763 778 an
1785 743 1835 785 is,
1868 754 1949 778 cuni
1974 754 2044 788 quo
2068 744 2233 780 instituat
2256 745 2444 789 actionem,

1363 790 1377 821 1
1427 797 1614 831 possessor
1652 788 1700 823 sit
1728 788 1785 823 vel
1815 788 1897 823 dolo
1931 788 2035 824 desiit
2065 789 2258 834 possidere.
2306 789 2375 834 Qui
2409 790 2445 826 in

1358 842 1434 867 rem
1459 833 1684 876 convenitur,
1717 833 1823 868 etiam
1855 834 1982 879 culpae
2012 834 2154 870 nomine
2178 834 2444 870 condemnatur.

1360 877 1488 922 culpae
1511 881 1630 913 autem
1653 887 1735 913 reus
1768 882 1823 914 est
1854 889 2058 923 possessor,
2092 879 2152 924 qui
2182 890 2247 925 per
2276 879 2446 916 insidiosa

1358 922 1440 958 loca
1463 932 1602 958 servum
1632 923 1744 966 misit,
1778 923 1807 958 si
1838 923 1869 958 is
1900 924 2023 969 periit,
2056 927 2092 959 et
2115 924 2175 970 qui
2198 934 2339 960 servum
2362 935 2385 960 a
2408 935 2446 961 se

1358 967 1509 1013 petitum
1532 968 1569 1003 in
1592 968 1729 1004 harena
1752 978 1830 1004 esse
1853 969 2039 1011 concessit,
2065 970 2124 1004 et⁸
2145 970 2176 1005 is
2199 974 2361 1006 mortuus
2380 970 2446 1006 sit:

1359 1013 1422 1048 sed
1446 1017 1482 1047 et
1505 1014 1564 1058 qui
1587 1013 1774 1058 fugitivum
1797 1024 1820 1048 a
1843 1024 1882 1049 se
1905 1014 2054 1059 petitum
2077 1024 2149 1049 non
2174 1015 2341 1057 custodit,
2365 1015 2397 1050 si
2415 1015 2446 1051 is

1357 1057 1467 1102 fugit,
1500 1063 1536 1094 et
1567 1059 1628 1104 qui
1658 1069 1784 1094 navem
1816 1068 1838 1094 a
1869 1069 1909 1094 se
1939 1059 2088 1104 petitam
2111 1059 2260 1096 adverso
2284 1064 2446 1106 tempore

1359 1103 1439 1138 navi
1464 1108 1562 1139 atum
1587 1104 1692 1147 misit,
1717 1104 1747 1139 si
1771 1114 1814 1139 ea
1837 1103 2025 1149 naufragio
2075 1109 2233 1151 erempta
2258 1108 2322 1140 est.

1405 1113 1463 1186 3⁶³5
1491 1148 1686 1185 ULPIANUS
1725 1149 1816 1185 libro
1851 1150 2002 1196 septimo
2063 1150 2174 1186 eoimo
2210 1150 2261 1185 ad
2292 1150 2444 1186 edictum

1358 1194 1517 1229 Iulianus
1541 1194 1632 1230 libro
1657 1198 1784 1230 octavo
1809 1194 2024 1239 digestorum
2050 1194 2190 1230 scribit:
2216 1195 2247 1230 si
2268 1196 2305 1231 in
2329 1196 2446 1231 aliena

1359 1250 1444 1275 area
1475 1239 1738 1282 aedificassem,
1771 1239 1873 1275 cuius
1897 1240 2014 1276 bonae
2035 1240 2119 1275 fidei
2142 1240 2284 1286 quidem
2308 1251 2363 1276 em
2390 1245 2447 1276 toi·

1357 1284 1428 1327 fui,
1461 1295 1581 1320 verum
1606 1295 1647 1320 eo
1671 1288 1830 1330 tempore
1854 1285 2055 1327 aedificavi,
2087 1296 2156 1330 quo
2188 1285 2258 1320 iam
2290 1285 2364 1321 scie
2389 1296 2446 1321 am

1358 1330 1522 1372 alienam,
1546 1329 1740 1373 videamus,
1765 1340 1812 1364 an
1831 1330 1919 1365 nihil
1937 1330 2021 1365 milii
2041 1330 2202 1375 exceptio
2223 1331 2353 1383 prositt
2378 1331 2446 1366 nisi

1357 1375 1451 1411 forte
1482 1375 1561 1420 quis
1593 1375 1691 1410 dicat
1719 1375 1891 1420 prodesse
1922 1375 1966 1410 de
1997 1375 2125 1410 damno
2157 1375 2319 1411 sollicito.
2355 1379 2444 1421 puto

1358 1424 1478 1456 autem
1501 1420 1585 1456 huic
1609 1420 1854 1465 exceptionem
1877 1431 1950 1456 non
1972 1420 2159 1474 prodesse:
2186 1431 2252 1456 nec
2272 1420 2364 1456 enim
2385 1421 2445 1456 de-

1357 1466 1436 1501 buit
1458 1466 1530 1500 iam
1557 1465 1709 1500 alienam
1734 1469 1853 1501 certus
1878 1465 2078 1500 aedificium
2102 1476 2257 1510 ponere:
2291 1466 2352 1502 sed
2376 1466 2446 1502 hoc

1359 1512 1390 1546 ei
1415 1511 1681 1546 concedendum
1706 1515 1779 1553 est,
1812 1515 1853 1545 ut
1876 1511 1952 1545 sine
1976 1510 2160 1556 dispendio
2185 1510 2317 1546 domini
2340 1521 2446 1547 areae

1357 1555 1461 1591 tollat
1484 1555 1684 1591 aedificium
1708 1555 1804 1601 quod
1827 1556 1956 1600 posuit.

1404 1598 1457 1639 38
1485 1600 1631 1637 Cusus
1647 1601 1738 1636 libro
1758 1602 1863 1636 tertio
1883 1601 2102 1647 diqcscorum
2139 1601 2179 1636 In
2190 1600 2302 1637 fundo
2316 1601 2444 1643 alieno,

1358 1657 1462 1726 gueni
1485 1645 1689 1691 imprudens
1714 1656 1868 1688 emeras,
1901 1645 2096 1681 aedificasti
2127 1651 2190 1680 aut
2221 1647 2444 1689 conseruisti,

1384 1691 1485 1727 einde
1510 1691 1700 1726 evincitur:
1726 1692 1842 1726 bonus
1865 1691 1973 1726 iudex
1995 1691 2092 1726 varie
2115 1702 2159 1726 ex
2204 1692 2338 1727 ersonis
2360 1702 2444 1727 cau·

1358 1737 1477 1782 sisque
1501 1736 1703 1772 constituet.
1738 1736 1832 1781 finge
1856 1740 1892 1771 et
1915 1736 2096 1771 dominum
2120 1746 2163 1771 ea
2189 1747 2242 1771 em
2265 1736 2445 1772 facturum

1356 1782 1486 1818 fuisse:
1512 1781 1640 1817 reddat
1661 1781 1877 1827 impensam,
1901 1785 1943 1816 ut
1964 1781 2115 1816 fundum
2139 1782 2307 1827 recipiat,
2331 1793 2375 1817 us
2401 1793 2446 1818 ue

1358 1838 1399 1863 eo
1425 1827 1630 1870 dumtaxat,
1663 1838 1733 1872 quo
1764 1826 1955 1878 pretiosior
1985 1826 2103 1862 factus
2135 1831 2209 1869 est,
2241 1831 2277 1862 et
2310 1827 2340 1862 si
2363 1838 2388 1873 p
2403 1838 2444 1862 us

1383 1872 1472 1908 retio
1506 1871 1609 1907 fundi
1643 1876 1814 1915 accessit,
1857 1872 1972 1907 solum
2014 1871 2111 1917 quod
2145 1872 2342 1917 impensum
2379 1876 2443 1908 est.

1407 1927 1450 1963 ge
1500 1927 1679 1962 auperem,
1705 1917 1784 1962 qui,
1810 1916 1840 1952 si
1862 1916 2011 1952 reddere
2033 1917 2071 1952 id
2094 1921 2260 1961 cogatur,
2284 1917 2419 1953 laribus
2433 1918 2445 1938 ⁴

1357 1963 1479 2016 sepulc
1527 1962 1555 1998 ‘s
1579 1963 1681 1998 avitis
1706 1962 1898 1998 carendum
1921 1962 2070 1998 habeat:
2102 1961 2238 1998 sufficit
2266 1962 2331 1998 tibi
2364 1973 2444 2008 per·

1357 2009 1449 2043 mitti
1472 2008 1597 2043 tollere
1621 2018 1665 2043 ex
1687 2008 1743 2043 his
1774 2008 1882 2043 rebus
1914 2018 2006 2053 quae
2035 2007 2170 2059 possis,
2203 2007 2287 2043 dum
2318 2008 2369 2043 ita
2403 2018 2446 2043 ne

1358 2053 1513 2089 deterior
1544 2053 1591 2088 sit
1619 2053 1773 2096 fundus,
1805 2063 1912 2098 quam
1943 2052 1974 2088 si
2003 2053 2104 2088 initio
2136 2063 2207 2088 non
2230 2052 2324 2088 foret
2347 2053 2443 2088 aedi-

1357 2098 1515 2134 ficatum.
1553 2098 1801 2134 constituimus
1824 2108 1919 2140 vero,
1943 2102 2003 2140 ut,
2027 2098 2058 2134 si
2080 2102 2230 2143 paratus
2254 2102 2310 2133 est
2332 2098 2443 2133 domi·

1357 2154 1425 2179 nus
1448 2147 1589 2179 tantum
1613 2143 1716 2186 dare,
1773 2147 1922 2178 uantum
1952 2143 2141 2178 habiturus
2172 2146 2228 2178 est
2259 2154 2446 2188 possessor

1356 2189 1412 2224 his
1436 2189 1544 2224 rebus
1568 2189 1716 2231 ablatis,
1768 2192 1805 2223 at
1828 2188 1861 2224 ei
1884 2191 2062 2240 potestas:
2086 2198 2203 2233 neque
2225 2188 2367 2224 malitiis
2390 2188 2443 2223 in-

1357 2234 1571 2279 dulgendum
1603 2237 1676 2276 est,
1707 2233 1739 2268 si
1768 2237 1957 2268 tectorium
1987 2236 2095 2278 puta,
2151 2232 2223 2268 uod
2252 2233 2445 2276 induxeris,

1356 2279 1590 2324 picturasque
1621 2278 1835 2314 corradere-'³
1866 2277 1970 2320 velis,
2007 2278 2094 2313 nihil
2142 2281 2268 2313 aturus
2303 2278 2371 2313 nisi
2405 2283 2446 2313 ut

1358 2323 1507 2360 efficias.
1546 2324 1595 2358 fin
1620 2334 1640 2358 e
1664 2334 1742 2359 eain
1765 2333 1956 2368 personam
1980 2333 2057 2358 esse
2081 2322 2233 2365 domini,
2266 2333 2359 2375 quae
2389 2332 2444 2358 re-

1358 2373 1500 2414 ceptum
1523 2369 1588 2404 fun
1615 2380 1676 2403 um
1693 2379 1776 2404 mox
1795 2367 1982 2403 venditura
2001 2368 2064 2403 sit:
2089 2367 2158 2403 nisi
2181 2367 2307 2410 reddit,
2356 2378 2444 2403 uan-

1356 2418 1432 2449 tum
1455 2414 1571 2459 prima
1593 2418 1696 2459 parte
1717 2413 1818 2448 reddi
1841 2416 2006 2458 oportere
2029 2412 2200 2455 diximus,
2224 2422 2266 2448 eo
2291 2413 2334 2449 de
2360 2418 2443 2449 ucto

1355 2464 1396 2494 tu
1422 2459 1713 2495 condemnandus
1738 2469 1786 2494 es.

1403 2502 1456 2542 39
1488 2503 1684 2540 ULPIANUS
1724 2504 1815 2540 libro
1849 2503 2000 2550 septimo
2035 2502 2172 2538 decimo
2207 2502 2258 2538 ad
2290 2503 2442 2540 edictum

1356 2550 1627 2595 Redemptores‚
1653 2549 1714 2595 qui
1733 2548 1807 2585 suis
1828 2548 1998 2583 cementis
2017 2547 2218 2590 aedificant,
2243 2548 2361 2583 statim
2385 2559 2443 2584 ce-

2512 96 2513 99 ,
2519 70 2528 95 ’4

1356 2599 1477 2631 menta
1510 2595 1651 2631 faciunt
1686 2604 1828 2637 eorum,
1872 2594 1910 2628 in
1945 2604 2096 2638 quorum
2130 2592 2206 2628 solo
2242 2592 2442 2629 aedificant.
2496 2616 2501 2622 -

1359 2644 1373 2675 1
1424 2640 1586 2675 Iulianus
1610 2643 1709 2675 recte
1731 2639 1856 2675 scribit
1878 2638 1969 2674 libro
1994 2637 2202 2673 duodecimo
2227 2637 2442 2683 digestorum

1355 2686 1559 2728 mulierem,
1597 2695 1689 2730 quae
1722 2683 1945 2720 intercedens
1979 2682 2130 2718 fundum
2163 2683 2301 2727 pignori
2336 2683 2442 2726 dedit,

1355 2731 1513 2776 quamvis
1537 2741 1558 2766 a
1586 2730 1760 2765 creditore
1784 2729 1993 2764 distractum
2016 2737 2122 2773 posse
2144 2727 2181 2762 in
2204 2738 2279 2763 rem
2303 2728 2444 2764 actione

1380 2780 1492 2811 etere:

1354 2788 1378 2822 p
1401 2820 1453 2859 40
1481 2821 1605 2857 GAIUS
1644 2819 1735 2855 libro
1773 2820 1923 2864 septimo
1956 2818 2006 2853 ad
2035 2817 2188 2853 edictum
2246 2818 2442 2854 rovinciale

1354 2867 1438 2912 quia
1461 2866 1597 2902 nullum
1623 2865 1750 2910 pignus
1774 2863 1927 2899 creditor
1949 2862 2148 2898 vendidisse
2170 2863 2203 2898 vi
2230 2867 2319 2899 etur.

1400 2910 1450 2948 41
1485 2911 1684 2947 mmmm
1703 2909 1793 2944 libro
1816 2909 1967 2954 septimo
1994 2907 2129 2944 decimo
2148 2908 2199 2943 ad
2216 2908 2369 2944 edictum
2404 2909 2442 2944 Si

1354 2957 1432 3002 quis
1455 2957 1524 2992 hac
1547 2956 1627 2998 lege
1651 2954 1790 2996 emerit,
1815 2958 1866 2995 ut,
1890 2953 1920 2988 si
1944 2953 2035 2988 alius
2058 2953 2237 2989 meliorem
2261 2953 2441 2989 condicio·

1353 3013 1433 3038 nem
1467 2999 1646 3041 attulerit,
1677 2998 1864 3034 recedatur
1887 2999 1933 3033 ab
1957 2998 2151 3043 emptione,
2182 3002 2266 3043 post
2296 2998 2440 3034 allatam

1354 3046 1597 3083 condicionem
1625 3045 1694 3079 iam
1718 3054 1789 3079 non
1813 3047 1933 3088 potest
1955 3043 1992 3078 in
2015 3053 2088 3078 rem
2113 3043 2255 3079 actione
2276 3043 2340 3078 uti.
2377 3043 2440 3079 sed

1353 3096 1389 3127 et
1411 3092 1441 3127 si
1465 3091 1522 3126 cui
1545 3091 1581 3125 in
1612 3088 1701 3124 diem
1724 3088 1887 3123 addictus
1911 3089 1958 3123 sit
1979 3087 2130 3130 fundus,
2163 3092 2353 3134 antequam
2376 3088 2439 3123 ad·

1351 3137 1456 3173 iectio
1478 3137 1525 3172 sit
1541 3135 1650 3177 facta,
1675 3133 1727 3169 uti
1746 3134 1783 3168 in
1803 3143 1877 3168 rem
1899 3133 2039 3168 actione
2057 3136 2194 3178 potest:
2218 3136 2346 3186 postea
2367 3143 2440 3169 non

1356 3185 1370 3217 1
1446 3181 1560 3217 oterit.
1610 3180 1646 3215 Si
1674 3188 1795 3214 servus
1818 3178 1903 3213 mihi
1926 3178 1981 3213 vel
2003 3177 2097 3213 filius
2120 3177 2272 3213 familias
2291 3177 2439 3213 fundum

1353 3238 1419 3263 ven
1446 3227 1510 3261 ’dit
1522 3230 1558 3262 et
1576 3224 1723 3261 tradidit
1745 3223 1881 3259 habens
1900 3223 2046 3258 liberam
2064 3223 2194 3268 peculii
2213 3222 2437 3258 administra-

1352 3273 1503 3315 tionem,
1535 3272 1572 3307 in
1595 3281 1668 3306 rem
1699 3269 1837 3305 actione
1860 3269 1911 3303 uti
1935 3271 2071 3313 potero.
2108 3267 2171 3303 sed
2193 3271 2230 3303 et
2252 3268 2283 3303 si
2306 3267 2438 3303 domini

1352 3317 1536 3353 voluntate
1566 3315 1697 3352 domini
1733 3323 1805 3349 rem
1835 3313 1972 3355 tradat,
2005 3312 2097 3347 idem
2129 3312 2196 3347 erit
2228 3312 2436 3348 dicendum:

1377 3361 1658 3402 uemadmodum,
1683 3370 1764 3395 cum
1783 3361 1996 3403 procurator
2013 3357 2195 3393 voluntate
2209 3357 2342 3393 domini
2352 3367 2437 3393 ven-

1353 3374 1440 3443 didit
1462 3407 1516 3442 vel
1539 3406 1697 3448 tradidit,
1726 3405 1762 3439 in
1783 3413 1856 3439 rem
1879 3402 2054 3438 actionem
2078 3403 2163 3438 milii
2185 3402 2391 3448 praestabit.

1397 3450 1452 3489 42
1476 3451 1636 3488 Panos
1664 3451 1754 3487 libro
1790 3448 1978 3485 vicensimo
2001 3452 2106 3483 sexto
2129 3447 2180 3483 ad
2200 3447 2354 3484 edictum
2399 3446 2437 3482 Si

1350 3497 1387 3532 in
1410 3507 1484 3532 rem
1508 3501 1628 3532 actum
1652 3496 1708 3538 sit,
1739 3493 1895 3539 quamvis
1914 3492 2016 3528 heres
2035 3492 2263 3537 possessoris,
2286 3492 2318 3528 si
2340 3492 2438 3528 non⁸

1350 3552 1505 3588 persona
1529 3541 1687 3577 defuncti
1716 3538 1939 3576 commissum
1963 3537 2028 3580 sit,
2053 3536 2254 3573 omnimodo
2277 3537 2313 3573 iii
2337 3535 2435 3572 dam-

1350 3587 1529 3623 nationem
1552 3586 1678 3622 veniet.

1358 3699 1478 3737 uideat,
1487 3698 1688 3739 absolvatur,
1706 3702 1814 3732 tamen
1823 3696 1852 3730 si
1862 3695 1943 3738 quid
1952 3706 1992 3728 ex
2001 3696 2063 3730 ine.
2070 3695 2101 3729 S
