<?xml version="1.0" encoding="UTF-8"?>
<!DOCTYPE html PUBLIC "-//W3C//DTD XHTML 1.0 Transitional//EN"
    "http://www.w3.org/TR/xhtml1/DTD/xhtml1-transitional.dtd">
<html xmlns="http://www.w3.org/1999/xhtml" xml:lang="en" lang="en">
 <head>
  <title>
</title>
<meta http-equiv="Content-Type" content="text/html;charset=utf-8" />
  <meta name='ocr-system' content='tesseract 3.04.00' />
  <meta name='ocr-capabilities' content='ocr_page ocr_carea ocr_par ocr_line ocrx_word'/>
</head>
<body>
  <div class='ocr_page' id='page_1' title='image "./corpusjuriscivil01krueuoft_0162.png"; bbox 0 0 2528 3918; ppageno 0'>
   <div class='ocr_carea' id='block_1_1' title="bbox 232 97 350 141">
    <p class='ocr_par' dir='ltr' id='par_1_1' title="bbox 232 97 350 141">
     <span class='ocr_line' id='line_1_1' title="bbox 232 97 350 141; baseline 0.008 -1"><span class='ocrx_word' id='word_1_1' title='bbox 232 97 350 141; x_wconf 86' lang='lat'><strong>1115</strong></span> 
     </span>
    </p>
   </div>
   <div class='ocr_carea' id='block_1_2' title="bbox 220 214 1320 3453">
    <p class='ocr_par' dir='ltr' id='par_1_2' title="bbox 231 214 1319 437">
     <span class='ocr_line' id='line_1_2' title="bbox 232 214 1317 265; baseline -0.006 -8"><span class='ocrx_word' id='word_1_2' title='bbox 232 232 342 259; x_wconf 89' lang='lat' dir='ltr'><strong>unum</strong></span> <span class='ocrx_word' id='word_1_3' title='bbox 366 219 545 265; x_wconf 81' lang='lat' dir='ltr'><strong>negotium</strong></span> <span class='ocrx_word' id='word_1_4' title='bbox 567 220 732 262; x_wconf 89' lang='lat' dir='ltr'><strong>gesturus</strong></span> <span class='ocrx_word' id='word_1_5' title='bbox 756 225 954 257; x_wconf 80' lang='lat' dir='ltr'><strong>accessero,</strong></span> <span class='ocrx_word' id='word_1_6' title='bbox 979 214 1106 250; x_wconf 84' lang='lat' dir='ltr'><strong>deinde</strong></span> <span class='ocrx_word' id='word_1_7' title='bbox 1117 215 1187 251; x_wconf 89' lang='lat' dir='ltr'><strong>alio</strong></span> <span class='ocrx_word' id='word_1_8' title='bbox 1200 215 1317 251; x_wconf 88' lang='lat' dir='ltr'><strong>animo</strong></span> 
     </span>
     <span class='ocr_line' id='line_1_3' title="bbox 232 259 1319 312; baseline -0.007 -9"><span class='ocrx_word' id='word_1_9' title='bbox 232 267 280 303; x_wconf 87' lang='lat' dir='ltr'><strong>ad</strong></span> <span class='ocrx_word' id='word_1_10' title='bbox 302 266 453 302; x_wconf 88' lang='lat' dir='ltr'><strong>alterum</strong></span> <span class='ocrx_word' id='word_1_11' title='bbox 476 271 662 298; x_wconf 84' lang='lat' dir='ltr'>accessero</span> <span class='ocrx_word' id='word_1_12' title='bbox 687 271 728 297; x_wconf 91' lang='lat' dir='ltr'><strong>eo</strong></span> <span class='ocrx_word' id='word_1_13' title='bbox 752 264 922 306; x_wconf 87' lang='lat' dir='ltr'><strong>tempore,</strong></span> <span class='ocrx_word' id='word_1_14' title='bbox 946 270 1017 306; x_wconf 92' lang='lat' dir='ltr'><strong>quo</strong></span> <span class='ocrx_word' id='word_1_15' title='bbox 1041 259 1111 295; x_wconf 85' lang='lat' dir='ltr'><strong>iam</strong></span> <span class='ocrx_word' id='word_1_16' title='bbox 1131 260 1245 312; x_wconf 89' lang='lat' dir='ltr'><strong>pubes</strong></span> <span class='ocrx_word' id='word_1_17' title='bbox 1264 260 1319 295; x_wconf 92' lang='lat' dir='ltr'><strong>vel</strong></span> 
     </span>
     <span class='ocr_line' id='line_1_4' title="bbox 231 304 1319 354; baseline -0.008 -6"><span class='ocrx_word' id='word_1_18' title='bbox 231 312 322 348; x_wconf 89' lang='lat' dir='ltr'><strong>liber</strong></span> <span class='ocrx_word' id='word_1_19' title='bbox 343 310 398 346; x_wconf 82' lang='lat' dir='ltr'><strong>vel</strong></span> <span class='ocrx_word' id='word_1_20' title='bbox 421 312 525 354; x_wconf 89' lang='lat' dir='ltr'><strong>pater</strong></span> <span class='ocrx_word' id='word_1_21' title='bbox 546 306 700 342; x_wconf 85' lang='lat' dir='ltr'><strong>familias</strong></span> <span class='ocrx_word' id='word_1_22' title='bbox 723 305 872 342; x_wconf 84' lang='lat' dir='ltr'><strong>effectus</strong></span> <span class='ocrx_word' id='word_1_23' title='bbox 896 308 969 341; x_wconf 89' lang='lat' dir='ltr'><strong>est:</strong></span> <span class='ocrx_word' id='word_1_24' title='bbox 1001 304 1060 340; x_wconf 90' lang='lat' dir='ltr'><strong>hic</strong></span> <span class='ocrx_word' id='word_1_25' title='bbox 1093 315 1186 340; x_wconf 91' lang='lat' dir='ltr'><strong>enim</strong></span> <span class='ocrx_word' id='word_1_26' title='bbox 1217 305 1319 350; x_wconf 89' lang='lat' dir='ltr'><strong>quasi</strong></span> 
     </span>
     <span class='ocr_line' id='line_1_5' title="bbox 232 349 1318 402; baseline -0.007 -10"><span class='ocrx_word' id='word_1_27' title='bbox 232 357 338 402; x_wconf 83' lang='lat' dir='ltr'><strong>plura</strong></span> <span class='ocrx_word' id='word_1_28' title='bbox 360 364 405 390; x_wconf 88' lang='lat' dir='ltr'><strong>ne</strong></span> <span class='ocrx_word' id='word_1_29' title='bbox 428 354 502 389; x_wconf 88' lang='lat' dir='ltr'><strong>otia</strong></span> <span class='ocrx_word' id='word_1_30' title='bbox 522 355 624 398; x_wconf 90' lang='lat' dir='ltr'><strong>gesta</strong></span> <span class='ocrx_word' id='word_1_31' title='bbox 647 354 732 386; x_wconf 91' lang='lat' dir='ltr'><strong>sunt</strong></span> <span class='ocrx_word' id='word_1_32' title='bbox 752 354 788 387; x_wconf 85' lang='lat' dir='ltr'><strong>et</strong></span> <span class='ocrx_word' id='word_1_33' title='bbox 805 361 871 396; x_wconf 89' lang='lat' dir='ltr'><strong>pro</strong></span> <span class='ocrx_word' id='word_1_34' title='bbox 892 349 1065 396; x_wconf 81' lang='lat' dir='ltr'><strong>qualitate</strong></span> <span class='ocrx_word' id='word_1_35' title='bbox 1084 359 1318 394; x_wconf 88' lang='lat' dir='ltr'><strong>personarum</strong></span> 
     </span>
     <span class='ocr_line' id='line_1_6' title="bbox 233 394 1157 437; baseline -0.009 0"><span class='ocrx_word' id='word_1_36' title='bbox 233 406 269 437; x_wconf 91' lang='lat' dir='ltr'><strong>et</strong></span> <span class='ocrx_word' id='word_1_37' title='bbox 292 400 386 435; x_wconf 90' lang='lat' dir='ltr'><strong>actio</strong></span> <span class='ocrx_word' id='word_1_38' title='bbox 427 401 587 434; x_wconf 87' lang='lat' dir='ltr'><strong>ormatur</strong></span> <span class='ocrx_word' id='word_1_39' title='bbox 609 399 646 431; x_wconf 91' lang='lat' dir='ltr'><strong>et</strong></span> <span class='ocrx_word' id='word_1_40' title='bbox 668 395 915 432; x_wconf 73' lang='lat' dir='ltr'><strong>condemnatio</strong></span> <span class='ocrx_word' id='word_1_41' title='bbox 940 394 1157 429; x_wconf 82' lang='lat' dir='ltr'><strong>moderatur.</strong></span> 
     </span>
    </p>

    <p class='ocr_par' dir='ltr' id='par_1_3' title="bbox 231 438 1320 704">
     <span class='ocr_line' id='line_1_7' title="bbox 281 438 1320 488; baseline -0.009 -6"><span class='ocrx_word' id='word_1_42' title='bbox 281 444 331 482; x_wconf 86' lang='lat'><strong>15</strong></span> <span class='ocrx_word' id='word_1_43' title='bbox 358 441 438 486; x_wconf 89' lang='grc'><strong>(16)</strong></span> <span class='ocrx_word' id='word_1_44' title='bbox 462 442 571 478; x_wconf 67' lang='lat' dir='ltr'><strong>low</strong></span> <span class='ocrx_word' id='word_1_45' title='bbox 589 441 680 477; x_wconf 85' lang='lat' dir='ltr'><strong>libro</strong></span> <span class='ocrx_word' id='word_1_46' title='bbox 703 442 854 488; x_wconf 82' lang='lat' dir='ltr'><strong>septimo</strong></span> <span class='ocrx_word' id='word_1_47' title='bbox 878 440 928 476; x_wconf 86' lang='lat' dir='ltr'><strong>ad</strong></span> <span class='ocrx_word' id='word_1_48' title='bbox 950 439 1135 475; x_wconf 79' lang='lat' dir='ltr'><strong>Plautium</strong></span> <span class='ocrx_word' id='word_1_49' title='bbox 1182 438 1253 474; x_wconf 86' lang='lat' dir='ltr'><strong>Sed</strong></span> <span class='ocrx_word' id='word_1_50' title='bbox 1283 443 1320 474; x_wconf 93' lang='lat' dir='ltr'><strong>et</strong></span> 
     </span>
     <span class='ocr_line' id='line_1_8' title="bbox 232 483 1319 535; baseline -0.006 -10"><span class='ocrx_word' id='word_1_51' title='bbox 232 501 314 526; x_wconf 92' lang='lat' dir='ltr'><strong>cum</strong></span> <span class='ocrx_word' id='word_1_52' title='bbox 337 489 384 524; x_wconf 92' lang='lat' dir='ltr'><strong>ali</strong></span> <span class='ocrx_word' id='word_1_53' title='bbox 409 488 463 523; x_wconf 88' lang='lat' dir='ltr'><strong>uis</strong></span> <span class='ocrx_word' id='word_1_54' title='bbox 495 486 637 531; x_wconf 90' lang='lat' dir='ltr'><strong>negotia</strong></span> <span class='ocrx_word' id='word_1_55' title='bbox 666 496 745 522; x_wconf 87' lang='lat' dir='ltr'><strong>mea</strong></span> <span class='ocrx_word' id='word_1_56' title='bbox 773 489 895 532; x_wconf 80' lang='lat' dir='ltr'><strong>gerat,</strong></span> <span class='ocrx_word' id='word_1_57' title='bbox 930 494 1004 519; x_wconf 88' lang='lat' dir='ltr'><strong>non</strong></span> <span class='ocrx_word' id='word_1_58' title='bbox 1022 483 1147 535; x_wconf 36' lang='lat' dir='ltr'><strong>‚mu-lta</strong></span> <span class='ocrx_word' id='word_1_59' title='bbox 1177 483 1319 528; x_wconf 89' lang='lat' dir='ltr'><strong>negotia</strong></span> 
     </span>
     <span class='ocr_line' id='line_1_9' title="bbox 231 528 1319 576; baseline -0.007 -6"><span class='ocrx_word' id='word_1_60' title='bbox 231 539 326 576; x_wconf 91' lang='lat' dir='ltr'><strong>sunt,</strong></span> <span class='ocrx_word' id='word_1_61' title='bbox 351 543 390 569; x_wconf 90' lang='lat' dir='ltr'><strong>se</strong></span> <span class='ocrx_word' id='word_1_62' title='bbox 434 542 528 568; x_wconf 89' lang='lat' dir='ltr'><strong>unus</strong></span> <span class='ocrx_word' id='word_1_63' title='bbox 549 535 767 573; x_wconf 86' lang='lat' dir='ltr'><strong>contractus,</strong></span> <span class='ocrx_word' id='word_1_64' title='bbox 790 530 860 566; x_wconf 90' lang='lat' dir='ltr'><strong>nisi</strong></span> <span class='ocrx_word' id='word_1_65' title='bbox 879 530 910 565; x_wconf 94' lang='lat' dir='ltr'><strong>si</strong></span> <span class='ocrx_word' id='word_1_66' title='bbox 923 531 933 550; x_wconf 86' lang='lat'><strong>¹</strong></span> <span class='ocrx_word' id='word_1_67' title='bbox 954 529 999 564; x_wconf 90' lang='lat' dir='ltr'><strong>ab</strong></span> <span class='ocrx_word' id='word_1_68' title='bbox 1020 532 1120 564; x_wconf 90' lang='lat' dir='ltr'><strong>initio</strong></span> <span class='ocrx_word' id='word_1_69' title='bbox 1142 528 1189 563; x_wconf 91' lang='lat' dir='ltr'><strong>ad</strong></span> <span class='ocrx_word' id='word_1_70' title='bbox 1208 539 1319 564; x_wconf 89' lang='lat' dir='ltr'><strong>unum</strong></span> 
     </span>
     <span class='ocr_line' id='line_1_10' title="bbox 231 573 1319 624; baseline -0.006 -9"><span class='ocrx_word' id='word_1_71' title='bbox 231 579 412 624; x_wconf 81' lang='lat' dir='ltr'><strong>negotium</strong></span> <span class='ocrx_word' id='word_1_72' title='bbox 435 577 607 619; x_wconf 89' lang='lat' dir='ltr'><strong>accessit,</strong></span> <span class='ocrx_word' id='word_1_73' title='bbox 631 580 673 612; x_wconf 92' lang='lat' dir='ltr'><strong>ut</strong></span> <span class='ocrx_word' id='word_1_74' title='bbox 694 575 794 611; x_wconf 88' lang='lat' dir='ltr'><strong>finito</strong></span> <span class='ocrx_word' id='word_1_75' title='bbox 819 585 861 611; x_wconf 92' lang='lat' dir='ltr'><strong>eo</strong></span> <span class='ocrx_word' id='word_1_76' title='bbox 886 573 1101 610; x_wconf 89' lang='lat' dir='ltr'><strong>discederet:</strong></span> <span class='ocrx_word' id='word_1_77' title='bbox 1134 574 1203 609; x_wconf 91' lang='lat' dir='ltr'><strong>hoc</strong></span> <span class='ocrx_word' id='word_1_78' title='bbox 1227 574 1319 609; x_wconf 90' lang='lat' dir='ltr'><strong>enim</strong></span> 
     </span>
     <span class='ocr_line' id='line_1_11' title="bbox 232 618 1318 665; baseline -0.006 -5"><span class='ocrx_word' id='word_1_79' title='bbox 232 635 319 660; x_wconf 89' lang='lat' dir='ltr'><strong>casu</strong></span> <span class='ocrx_word' id='word_1_80' title='bbox 342 623 373 659; x_wconf 91' lang='lat' dir='ltr'><strong>si</strong></span> <span class='ocrx_word' id='word_1_81' title='bbox 396 632 489 658; x_wconf 89' lang='lat' dir='ltr'><strong>nova</strong></span> <span class='ocrx_word' id='word_1_82' title='bbox 506 622 690 658; x_wconf 86' lang='lat' dir='ltr'><strong>voluntate</strong></span> <span class='ocrx_word' id='word_1_83' title='bbox 709 620 806 656; x_wconf 90' lang='lat' dir='ltr'><strong>aliud</strong></span> <span class='ocrx_word' id='word_1_84' title='bbox 826 629 966 665; x_wconf 90' lang='lat' dir='ltr'><strong>quoque</strong></span> <span class='ocrx_word' id='word_1_85' title='bbox 987 618 1132 663; x_wconf 80' lang='lat' dir='ltr'><strong>adgredi</strong></span> <span class='ocrx_word' id='word_1_86' title='bbox 1151 619 1318 664; x_wconf 84' lang='lat' dir='ltr'><strong>coeperit,</strong></span> 
     </span>
     <span class='ocr_line' id='line_1_12' title="bbox 232 669 644 704; baseline -0.007 0"><span class='ocrx_word' id='word_1_87' title='bbox 232 669 323 704; x_wconf 88' lang='lat' dir='ltr'><strong>alius</strong></span> <span class='ocrx_word' id='word_1_88' title='bbox 348 671 555 704; x_wconf 91' lang='lat' dir='ltr'><strong>contractus</strong></span> <span class='ocrx_word' id='word_1_89' title='bbox 579 671 644 702; x_wconf 92' lang='lat' dir='ltr'><strong>est.</strong></span> 
     </span>
    </p>

    <p class='ocr_par' dir='ltr' id='par_1_4' title="bbox 227 707 1320 1341">
     <span class='ocr_line' id='line_1_13' title="bbox 280 707 1318 760; baseline -0.01 -9"><span class='ocrx_word' id='word_1_90' title='bbox 280 711 331 751; x_wconf 88' lang='grc'><strong>16</strong></span> <span class='ocrx_word' id='word_1_91' title='bbox 357 710 438 756; x_wconf 89' lang='grc'><strong>(17)</strong></span> <span class='ocrx_word' id='word_1_92' title='bbox 469 712 664 749; x_wconf 62' lang='lat' dir='ltr'><strong>Umwvs</strong></span> <span class='ocrx_word' id='word_1_93' title='bbox 673 711 762 746; x_wconf 85' lang='lat' dir='ltr'><strong>libro</strong></span> <span class='ocrx_word' id='word_1_94' title='bbox 778 709 985 755; x_wconf 71' lang='lat' dir='ltr'><strong>triqensimo</strong></span> <span class='ocrx_word' id='word_1_95' title='bbox 1006 708 1143 760; x_wconf 50' lang='lat' dir='ltr'><strong>quinto·</strong></span> <span class='ocrx_word' id='word_1_96' title='bbox 1156 707 1207 743; x_wconf 86' lang='lat' dir='ltr'><strong>ad</strong></span> <span class='ocrx_word' id='word_1_97' title='bbox 1225 707 1318 743; x_wconf 78' lang='lat' dir='ltr'><strong>edic-</strong></span> 
     </span>
     <span class='ocr_line' id='line_1_14' title="bbox 231 753 1318 805; baseline -0.006 -11"><span class='ocrx_word' id='word_1_98' title='bbox 231 762 306 794; x_wconf 82' lang='lat' dir='ltr'><strong>tum</strong></span> <span class='ocrx_word' id='word_1_99' title='bbox 351 758 447 794; x_wconf 86' lang='lat' dir='ltr'><strong>Eum</strong></span> <span class='ocrx_word' id='word_1_100' title='bbox 459 761 580 794; x_wconf 87' lang='lat' dir='ltr'><strong>actum</strong></span> <span class='ocrx_word' id='word_1_101' title='bbox 588 757 614 800; x_wconf 82' lang='lat'><strong>²,</strong></span> <span class='ocrx_word' id='word_1_102' title='bbox 636 767 740 802; x_wconf 88' lang='lat' dir='ltr'><strong>quem</strong></span> <span class='ocrx_word' id='word_1_103' title='bbox 761 755 839 801; x_wconf 89' lang='lat' dir='ltr'><strong>quis</strong></span> <span class='ocrx_word' id='word_1_104' title='bbox 860 754 897 789; x_wconf 91' lang='lat' dir='ltr'><strong>in</strong></span> <span class='ocrx_word' id='word_1_105' title='bbox 910 753 1172 805; x_wconf 72' lang='lat' dir='ltr'><strong>servituteegit,</strong></span> <span class='ocrx_word' id='word_1_106' title='bbox 1192 762 1318 788; x_wconf 89' lang='lat' dir='ltr'><strong>manu-</strong></span> 
     </span>
     <span class='ocr_line' id='line_1_15' title="bbox 230 797 1319 848; baseline -0.007 -8"><span class='ocrx_word' id='word_1_107' title='bbox 230 804 360 839; x_wconf 81' lang='lat' dir='ltr'>missus</span> <span class='ocrx_word' id='word_1_108' title='bbox 384 813 456 839; x_wconf 95' lang='lat' dir='ltr'><strong>non</strong></span> <span class='ocrx_word' id='word_1_109' title='bbox 480 803 618 848; x_wconf 85' lang='lat' dir='ltr'><strong>cogitur</strong></span> <span class='ocrx_word' id='word_1_110' title='bbox 640 801 798 836; x_wconf 86' lang='lat' dir='ltr'><strong>reddere.</strong></span> <span class='ocrx_word' id='word_1_111' title='bbox 835 799 941 844; x_wconf 89' lang='lat' dir='ltr'><strong>plane</strong></span> <span class='ocrx_word' id='word_1_112' title='bbox 972 798 1004 833; x_wconf 91' lang='lat' dir='ltr'><strong>si</strong></span> <span class='ocrx_word' id='word_1_113' title='bbox 1035 797 1120 843; x_wconf 90' lang='lat' dir='ltr'><strong>quid</strong></span> <span class='ocrx_word' id='word_1_114' title='bbox 1143 807 1319 833; x_wconf 85' lang='lat' dir='ltr'><strong>conexum</strong></span> 
     </span>
     <span class='ocr_line' id='line_1_16' title="bbox 229 843 1319 895; baseline -0.006 -11"><span class='ocrx_word' id='word_1_115' title='bbox 229 848 318 891; x_wconf 88' lang='lat' dir='ltr'><strong>fuit,</strong></span> <span class='ocrx_word' id='word_1_116' title='bbox 350 851 391 884; x_wconf 91' lang='grc'><strong>01</strong></span> <span class='ocrx_word' id='word_1_117' title='bbox 413 848 574 894; x_wconf 83' lang='grc'>88981811</span> <span class='ocrx_word' id='word_1_118' title='bbox 596 847 686 882; x_wconf 85' lang='grc'>18110</span> <span class='ocrx_word' id='word_1_119' title='bbox 712 846 786 880; x_wconf 88' lang='grc'>8108</span> <span class='ocrx_word' id='word_1_120' title='bbox 811 843 906 889; x_wconf 87' lang='lat' dir='ltr'><strong>quod</strong></span> <span class='ocrx_word' id='word_1_121' title='bbox 928 843 966 878; x_wconf 92' lang='lat' dir='ltr'><strong>in</strong></span> <span class='ocrx_word' id='word_1_122' title='bbox 989 843 1159 895; x_wconf 78' lang='lat' dir='ltr'><strong>servitute</strong></span> <span class='ocrx_word' id='word_1_123' title='bbox 1180 846 1319 888; x_wconf 90' lang='lat' dir='ltr'><strong>gestum</strong></span> 
     </span>
     <span class='ocr_line' id='line_1_17' title="bbox 231 889 1318 939; baseline -0.007 -9"><span class='ocrx_word' id='word_1_124' title='bbox 231 897 286 930; x_wconf 89' lang='lat' dir='ltr'><strong>est</strong></span> <span class='ocrx_word' id='word_1_125' title='bbox 308 893 354 929; x_wconf 90' lang='lat' dir='ltr'><strong>ab</strong></span> <span class='ocrx_word' id='word_1_126' title='bbox 379 903 421 929; x_wconf 91' lang='lat' dir='ltr'><strong>eo</strong></span> <span class='ocrx_word' id='word_1_127' title='bbox 446 893 541 939; x_wconf 91' lang='lat' dir='ltr'><strong>quod</strong></span> <span class='ocrx_word' id='word_1_128' title='bbox 564 892 601 927; x_wconf 90' lang='lat' dir='ltr'><strong>in</strong></span> <span class='ocrx_word' id='word_1_129' title='bbox 624 892 787 926; x_wconf 73' lang='lat' dir='ltr'><strong>libertate</strong></span> <span class='ocrx_word' id='word_1_130' title='bbox 818 889 928 934; x_wconf 78' lang='lat' dir='ltr'>gessit</span> <span class='ocrx_word' id='word_1_131' title='bbox 957 898 1031 923; x_wconf 92' lang='lat' dir='ltr'><strong>non</strong></span> <span class='ocrx_word' id='word_1_132' title='bbox 1087 891 1197 923; x_wconf 90' lang='lat' dir='ltr'><strong>ossit:</strong></span> <span class='ocrx_word' id='word_1_133' title='bbox 1232 898 1318 923; x_wconf 92' lang='lat' dir='ltr'><strong>con-</strong></span> 
     </span>
     <span class='ocr_line' id='line_1_18' title="bbox 230 932 1319 978; baseline -0.006 -4"><span class='ocrx_word' id='word_1_134' title='bbox 230 942 304 974; x_wconf 91' lang='lat' dir='ltr'><strong>stat</strong></span> <span class='ocrx_word' id='word_1_135' title='bbox 333 938 454 974; x_wconf 87' lang='lat' dir='ltr'><strong>venire</strong></span> <span class='ocrx_word' id='word_1_136' title='bbox 483 938 521 973; x_wconf 93' lang='lat' dir='ltr'><strong>in</strong></span> <span class='ocrx_word' id='word_1_137' title='bbox 550 937 720 972; x_wconf 86' lang='lat' dir='ltr'><strong>iudicium</strong></span> <span class='ocrx_word' id='word_1_138' title='bbox 749 935 804 970; x_wconf 86' lang='lat' dir='ltr'><strong>vel</strong></span> <span class='ocrx_word' id='word_1_139' title='bbox 835 932 995 968; x_wconf 88' lang='lat' dir='ltr'><strong>mandati</strong></span> <span class='ocrx_word' id='word_1_140' title='bbox 1017 943 1059 968; x_wconf 92' lang='lat' dir='ltr'><strong>ve</strong></span> <span class='ocrx_word' id='word_1_141' title='bbox 1096 933 1319 978; x_wconf 88' lang='lat' dir='ltr'><strong>negotiorum</strong></span> 
     </span>
     <span class='ocr_line' id='line_1_19' title="bbox 228 977 1320 1029; baseline -0.007 -9"><span class='ocrx_word' id='word_1_142' title='bbox 228 987 410 1029; x_wconf 88' lang='lat' dir='ltr'><strong>gestorum</strong></span> <span class='ocrx_word' id='word_1_143' title='bbox 443 986 479 1018; x_wconf 89' lang='lat' dir='ltr'><strong>et</strong></span> <span class='ocrx_word' id='word_1_144' title='bbox 509 981 604 1028; x_wconf 88' lang='lat' dir='ltr'><strong>quod</strong></span> <span class='ocrx_word' id='word_1_145' title='bbox 635 982 671 1016; x_wconf 92' lang='lat' dir='ltr'><strong>in</strong></span> <span class='ocrx_word' id='word_1_146' title='bbox 702 980 872 1016; x_wconf 88' lang='lat' dir='ltr'><strong>servitute</strong></span> <span class='ocrx_word' id='word_1_147' title='bbox 900 982 1040 1023; x_wconf 90' lang='lat' dir='ltr'><strong>gestum</strong></span> <span class='ocrx_word' id='word_1_148' title='bbox 1063 981 1129 1013; x_wconf 89' lang='lat' dir='ltr'><strong>est.</strong></span> <span class='ocrx_word' id='word_1_149' title='bbox 1166 977 1320 1023; x_wconf 89' lang='lat' dir='ltr'><strong>denique</strong></span> 
     </span>
     <span class='ocr_line' id='line_1_20' title="bbox 230 1022 1318 1074; baseline -0.007 -10"><span class='ocrx_word' id='word_1_150' title='bbox 230 1029 262 1064; x_wconf 88' lang='lat' dir='ltr'><strong>si</strong></span> <span class='ocrx_word' id='word_1_151' title='bbox 291 1032 453 1074; x_wconf 89' lang='lat' dir='ltr'><strong>tempore</strong></span> <span class='ocrx_word' id='word_1_152' title='bbox 484 1027 661 1063; x_wconf 86' lang='lat' dir='ltr'><strong>servitutis</strong></span> <span class='ocrx_word' id='word_1_153' title='bbox 685 1035 806 1061; x_wconf 88' lang='lat' dir='ltr'><strong>aream</strong></span> <span class='ocrx_word' id='word_1_154' title='bbox 830 1023 954 1059; x_wconf 82' lang='lat' dir='ltr'><strong>emerit</strong></span> <span class='ocrx_word' id='word_1_155' title='bbox 977 1026 1013 1058; x_wconf 89' lang='lat' dir='ltr'><strong>et</strong></span> <span class='ocrx_word' id='word_1_156' title='bbox 1035 1022 1074 1058; x_wconf 93' lang='lat' dir='ltr'><strong>in</strong></span> <span class='ocrx_word' id='word_1_157' title='bbox 1097 1032 1140 1057; x_wconf 88' lang='lat' dir='ltr'><strong>ea</strong></span> <span class='ocrx_word' id='word_1_158' title='bbox 1163 1022 1318 1058; x_wconf 90' lang='lat' dir='ltr'><strong>insulam</strong></span> 
     </span>
     <span class='ocr_line' id='line_1_21' title="bbox 229 1067 1317 1121; baseline -0.006 -12"><span class='ocrx_word' id='word_1_159' title='bbox 229 1073 470 1109; x_wconf 87' lang='lat' dir='ltr'><strong>aedificaverit</strong></span> <span class='ocrx_word' id='word_1_160' title='bbox 489 1082 600 1118; x_wconf 85' lang='lat' dir='ltr'><strong>eaque</strong></span> <span class='ocrx_word' id='word_1_161' title='bbox 620 1070 804 1112; x_wconf 87' lang='lat' dir='ltr'><strong>corruerit,</strong></span> <span class='ocrx_word' id='word_1_162' title='bbox 829 1067 956 1105; x_wconf 89' lang='lat' dir='ltr'><strong>deinde</strong></span> <span class='ocrx_word' id='word_1_163' title='bbox 977 1067 1217 1121; x_wconf 77' lang='lat' dir='ltr'><strong>manumissus</strong></span> <span class='ocrx_word' id='word_1_164' title='bbox 1234 1067 1317 1103; x_wconf 81' lang='lat' dir='ltr'><strong>fun-</strong></span> 
     </span>
     <span class='ocr_line' id='line_1_22' title="bbox 230 1112 1317 1154; baseline -0.006 0"><span class='ocrx_word' id='word_1_165' title='bbox 230 1118 316 1154; x_wconf 91' lang='lat' dir='ltr'><strong>dum</strong></span> <span class='ocrx_word' id='word_1_166' title='bbox 345 1118 534 1154; x_wconf 79' lang='lat' dir='ltr'><strong>locaverit:</strong></span> <span class='ocrx_word' id='word_1_167' title='bbox 567 1116 644 1152; x_wconf 90' lang='lat' dir='ltr'><strong>sola</strong></span> <span class='ocrx_word' id='word_1_168' title='bbox 666 1115 798 1151; x_wconf 87' lang='lat' dir='ltr'><strong>locatio</strong></span> <span class='ocrx_word' id='word_1_169' title='bbox 822 1113 1016 1150; x_wconf 84' lang='lat' dir='ltr'><strong>fundorum</strong></span> <span class='ocrx_word' id='word_1_170' title='bbox 1038 1123 1076 1148; x_wconf 89' lang='lat' dir='ltr'><strong>in</strong></span> <span class='ocrx_word' id='word_1_171' title='bbox 1098 1112 1231 1148; x_wconf 86' lang='lat' dir='ltr'><strong>iudicio</strong></span> <span class='ocrx_word' id='word_1_172' title='bbox 1255 1123 1317 1148; x_wconf 91' lang='lat' dir='ltr'><strong>ne-</strong></span> 
     </span>
     <span class='ocr_line' id='line_1_23' title="bbox 227 1157 1318 1239; baseline -0.006 -40"><span class='ocrx_word' id='word_1_173' title='bbox 227 1163 405 1209; x_wconf 88' lang='lat' dir='ltr'><strong>gotiorum</strong></span> <span class='ocrx_word' id='word_1_174' title='bbox 426 1166 607 1215; x_wconf 80' lang='lat' dir='ltr'><strong>gestorum</strong></span> <span class='ocrx_word' id='word_1_175' title='bbox 631 1161 838 1202; x_wconf 86' lang='lat' dir='ltr'><strong>deducetur,</strong></span> <span class='ocrx_word' id='word_1_176' title='bbox 862 1159 1011 1239; x_wconf 51' lang='lat' dir='ltr'><strong>{Uia-⁸1</strong></span> <span class='ocrx_word' id='word_1_177' title='bbox 1022 1157 1217 1210; x_wconf 75' lang='lat' dir='ltr'><strong>superioris</strong></span> <span class='ocrx_word' id='word_1_178' title='bbox 1229 1161 1318 1210; x_wconf 50' lang='lat' dir='ltr'><strong>tem:</strong></span> 
     </span>
     <span class='ocr_line' id='line_1_24' title="bbox 228 1202 1319 1254; baseline -0.006 -10"><span class='ocrx_word' id='word_1_179' title='bbox 228 1208 327 1254; x_wconf 91' lang='lat' dir='ltr'><strong>poris</strong></span> <span class='ocrx_word' id='word_1_180' title='bbox 350 1206 655 1243; x_wconf 81' lang='lat' dir='ltr'><strong>administratione</strong></span> <span class='ocrx_word' id='word_1_181' title='bbox 675 1205 762 1241; x_wconf 89' lang='lat' dir='ltr'><strong>nihil</strong></span> <span class='ocrx_word' id='word_1_182' title='bbox 781 1214 863 1250; x_wconf 90' lang='lat' dir='ltr'><strong>amp</strong></span> <span class='ocrx_word' id='word_1_183' title='bbox 891 1214 933 1239; x_wconf 92' lang='lat' dir='ltr'><strong>us</strong></span> <span class='ocrx_word' id='word_1_184' title='bbox 953 1203 1015 1238; x_wconf 84' lang='lat' dir='ltr'><strong>m³</strong></span> <span class='ocrx_word' id='word_1_185' title='bbox 1037 1202 1170 1238; x_wconf 87' lang='lat' dir='ltr'><strong>iudicio</strong></span> <span class='ocrx_word' id='word_1_186' title='bbox 1191 1202 1319 1238; x_wconf 90' lang='lat' dir='ltr'><strong>deduci</strong></span> 
     </span>
     <span class='ocr_line' id='line_1_25' title="bbox 228 1248 1316 1299; baseline -0.006 -10"><span class='ocrx_word' id='word_1_187' title='bbox 228 1256 349 1299; x_wconf 88' lang='lat' dir='ltr'><strong>potest</strong></span> <span class='ocrx_word' id='word_1_188' title='bbox 371 1262 478 1298; x_wconf 89' lang='lat' dir='ltr'><strong>quam</strong></span> <span class='ocrx_word' id='word_1_189' title='bbox 501 1252 549 1294; x_wconf 92' lang='lat' dir='ltr'><strong>id,</strong></span> <span class='ocrx_word' id='word_1_190' title='bbox 573 1251 650 1287; x_wconf 92' lang='lat' dir='ltr'><strong>sine</strong></span> <span class='ocrx_word' id='word_1_191' title='bbox 673 1261 743 1296; x_wconf 91' lang='lat' dir='ltr'><strong>quo</strong></span> <span class='ocrx_word' id='word_1_192' title='bbox 766 1249 858 1285; x_wconf 89' lang='lat' dir='ltr'><strong>ratio</strong></span> <span class='ocrx_word' id='word_1_193' title='bbox 878 1248 1053 1284; x_wconf 85' lang='lat' dir='ltr'><strong>libertatis</strong></span> <span class='ocrx_word' id='word_1_194' title='bbox 1072 1251 1235 1293; x_wconf 89' lang='lat' dir='ltr'><strong>tempore</strong></span> <span class='ocrx_word' id='word_1_195' title='bbox 1253 1248 1316 1283; x_wconf 90' lang='lat' dir='ltr'><strong>ad-</strong></span> 
     </span>
     <span class='ocr_line' id='line_1_26' title="bbox 227 1293 1186 1341; baseline -0.006 -8"><span class='ocrx_word' id='word_1_196' title='bbox 227 1298 511 1334; x_wconf 89' lang='lat' dir='ltr'><strong>ministratorum</strong></span> <span class='ocrx_word' id='word_1_197' title='bbox 534 1296 754 1341; x_wconf 88' lang='lat' dir='ltr'><strong>negotiorum</strong></span> <span class='ocrx_word' id='word_1_198' title='bbox 778 1293 937 1340; x_wconf 88' lang='lat' dir='ltr'><strong>expediri</strong></span> <span class='ocrx_word' id='word_1_199' title='bbox 959 1304 1033 1329; x_wconf 90' lang='lat' dir='ltr'><strong>non</strong></span> <span class='ocrx_word' id='word_1_200' title='bbox 1055 1296 1186 1338; x_wconf 84' lang='lat' dir='ltr'><strong>potest.</strong></span> 
     </span>
    </p>

    <p class='ocr_par' dir='ltr' id='par_1_5' title="bbox 226 1337 1317 1693">
     <span class='ocr_line' id='line_1_27' title="bbox 277 1337 1317 1391; baseline -0.006 -11"><span class='ocrx_word' id='word_1_201' title='bbox 277 1341 328 1380; x_wconf 88' lang='lat'><strong>17</strong></span> <span class='ocrx_word' id='word_1_202' title='bbox 355 1339 434 1385; x_wconf 91' lang='lat'><strong>(18)</strong></span> <span class='ocrx_word' id='word_1_203' title='bbox 460 1341 619 1378; x_wconf 56' lang='lat' dir='ltr'><strong>Pavws</strong></span> <span class='ocrx_word' id='word_1_204' title='bbox 638 1341 729 1377; x_wconf 82' lang='lat' dir='ltr'><strong>libro</strong></span> <span class='ocrx_word' id='word_1_205' title='bbox 753 1350 849 1375; x_wconf 79' lang='lat' dir='ltr'><strong>nono</strong></span> <span class='ocrx_word' id='word_1_206' title='bbox 872 1339 923 1374; x_wconf 84' lang='lat' dir='ltr'><strong>ad</strong></span> <span class='ocrx_word' id='word_1_207' title='bbox 944 1338 1098 1391; x_wconf 49' lang='lat' dir='ltr'><strong>efflictum</strong></span> <span class='ocrx_word' id='word_1_208' title='bbox 1141 1337 1317 1390; x_wconf 69' lang='lat' dir='ltr'><strong>l’roculus</strong></span> 
     </span>
     <span class='ocr_line' id='line_1_28' title="bbox 229 1385 1316 1433; baseline -0.005 -9"><span class='ocrx_word' id='word_1_209' title='bbox 229 1389 289 1424; x_wconf 81' lang='lat' dir='ltr'><strong>et⁴</strong></span> <span class='ocrx_word' id='word_1_210' title='bbox 310 1388 470 1433; x_wconf 84' lang='lat' dir='ltr'><strong>Pegasus</strong></span> <span class='ocrx_word' id='word_1_211' title='bbox 494 1387 626 1422; x_wconf 88' lang='lat' dir='ltr'><strong>bonam</strong></span> <span class='ocrx_word' id='word_1_212' title='bbox 648 1385 755 1421; x_wconf 91' lang='lat' dir='ltr'><strong>fidem</strong></span> <span class='ocrx_word' id='word_1_213' title='bbox 779 1395 877 1427; x_wconf 90' lang='lat' dir='ltr'><strong>eum,</strong></span> <span class='ocrx_word' id='word_1_214' title='bbox 911 1394 972 1429; x_wconf 87' lang='lat' dir='ltr'><strong>qm</strong></span> <span class='ocrx_word' id='word_1_215' title='bbox 1002 1394 1041 1418; x_wconf 94' lang='lat' dir='ltr'><strong>in</strong></span> <span class='ocrx_word' id='word_1_216' title='bbox 1064 1386 1234 1419; x_wconf 86' lang='lat' dir='ltr'><strong>servitute</strong></span> <span class='ocrx_word' id='word_1_217' title='bbox 1255 1394 1316 1428; x_wconf 89' lang='lat' dir='ltr'><strong>ge-</strong></span> 
     </span>
     <span class='ocr_line' id='line_1_29' title="bbox 227 1427 1316 1477; baseline -0.006 -9"><span class='ocrx_word' id='word_1_218' title='bbox 227 1443 307 1469; x_wconf 90' lang='lat' dir='ltr'><strong>rere</strong></span> <span class='ocrx_word' id='word_1_219' title='bbox 331 1432 466 1477; x_wconf 91' lang='lat' dir='ltr'><strong>coepit‚</strong></span> <span class='ocrx_word' id='word_1_220' title='bbox 498 1434 684 1477; x_wconf 89' lang='lat' dir='ltr'><strong>praestare</strong></span> <span class='ocrx_word' id='word_1_221' title='bbox 715 1430 845 1466; x_wconf 84' lang='lat' dir='ltr'><strong>debere</strong></span> <span class='ocrx_word' id='word_1_222' title='bbox 868 1429 987 1464; x_wconf 90' lang='lat' dir='ltr'><strong>aiunt:</strong></span> <span class='ocrx_word' id='word_1_223' title='bbox 1018 1427 1172 1473; x_wconf 86' lang='lat' dir='ltr'><strong>ideoque</strong></span> <span class='ocrx_word' id='word_1_224' title='bbox 1202 1439 1316 1474; x_wconf 89' lang='lat' dir='ltr'><strong>quan-</strong></span> 
     </span>
     <span class='ocr_line' id='line_1_30' title="bbox 227 1474 1316 1525; baseline -0.006 -12"><span class='ocrx_word' id='word_1_225' title='bbox 227 1482 315 1519; x_wconf 91' lang='lat' dir='ltr'><strong>tum,</strong></span> <span class='ocrx_word' id='word_1_226' title='bbox 340 1478 370 1513; x_wconf 91' lang='lat' dir='ltr'><strong>si</strong></span> <span class='ocrx_word' id='word_1_227' title='bbox 393 1477 484 1512; x_wconf 92' lang='lat' dir='ltr'><strong>alius</strong></span> <span class='ocrx_word' id='word_1_228' title='bbox 507 1477 583 1512; x_wconf 91' lang='lat' dir='ltr'><strong>eius</strong></span> <span class='ocrx_word' id='word_1_229' title='bbox 606 1476 748 1521; x_wconf 89' lang='lat' dir='ltr'><strong>negotia</strong></span> <span class='ocrx_word' id='word_1_230' title='bbox 769 1474 950 1521; x_wconf 86' lang='lat' dir='ltr'><strong>gessisset,</strong></span> <span class='ocrx_word' id='word_1_231' title='bbox 974 1482 1117 1509; x_wconf 89' lang='lat' dir='ltr'><strong>servare</strong></span> <span class='ocrx_word' id='word_1_232' title='bbox 1128 1474 1316 1525; x_wconf 84' lang='lat' dir='ltr'><strong>potuisset,</strong></span> 
     </span>
     <span class='ocr_line' id='line_1_31' title="bbox 226 1520 1316 1566; baseline -0.004 -8"><span class='ocrx_word' id='word_1_233' title='bbox 226 1526 367 1558; x_wconf 90' lang='lat' dir='ltr'><strong>tantuin</strong></span> <span class='ocrx_word' id='word_1_234' title='bbox 398 1532 499 1563; x_wconf 89' lang='lat' dir='ltr'><strong>eum,</strong></span> <span class='ocrx_word' id='word_1_235' title='bbox 531 1521 592 1566; x_wconf 93' lang='lat' dir='ltr'><strong>qui</strong></span> <span class='ocrx_word' id='word_1_236' title='bbox 623 1531 646 1556; x_wconf 89' lang='lat' dir='ltr'><strong>a</strong></span> <span class='ocrx_word' id='word_1_237' title='bbox 669 1524 781 1556; x_wconf 91' lang='lat' dir='ltr'><strong>semet</strong></span> <span class='ocrx_word' id='word_1_238' title='bbox 802 1520 882 1565; x_wconf 91' lang='lat' dir='ltr'><strong>ipso</strong></span> <span class='ocrx_word' id='word_1_239' title='bbox 906 1529 980 1554; x_wconf 92' lang='lat' dir='ltr'><strong>non</strong></span> <span class='ocrx_word' id='word_1_240' title='bbox 1003 1521 1175 1562; x_wconf 79' lang='lat' dir='ltr'><strong>exegerit,</strong></span> <span class='ocrx_word' id='word_1_241' title='bbox 1209 1529 1316 1563; x_wconf 91' lang='lat' dir='ltr'><strong>nego-</strong></span> 
     </span>
     <span class='ocr_line' id='line_1_32' title="bbox 226 1563 1316 1612; baseline -0.005 -9"><span class='ocrx_word' id='word_1_242' title='bbox 226 1568 358 1603; x_wconf 90' lang='lat' dir='ltr'><strong>tiorum</strong></span> <span class='ocrx_word' id='word_1_243' title='bbox 381 1570 562 1612; x_wconf 90' lang='lat' dir='ltr'><strong>gestorum</strong></span> <span class='ocrx_word' id='word_1_244' title='bbox 585 1566 726 1602; x_wconf 91' lang='lat' dir='ltr'><strong>actione</strong></span> <span class='ocrx_word' id='word_1_245' title='bbox 745 1567 1022 1611; x_wconf 88' lang='lat' dir='ltr'><strong>praestaturum,</strong></span> <span class='ocrx_word' id='word_1_246' title='bbox 1048 1563 1080 1598; x_wconf 92' lang='lat' dir='ltr'><strong>si</strong></span> <span class='ocrx_word' id='word_1_247' title='bbox 1099 1563 1234 1608; x_wconf 79' lang='lat' dir='ltr'><strong>ahquid</strong></span> <span class='ocrx_word' id='word_1_248' title='bbox 1252 1564 1316 1598; x_wconf 89' lang='lat' dir='ltr'><strong>ha-</strong></span> 
     </span>
     <span class='ocr_line' id='line_1_33' title="bbox 227 1608 1314 1657; baseline -0.005 -9"><span class='ocrx_word' id='word_1_249' title='bbox 227 1613 306 1648; x_wconf 90' lang='lat' dir='ltr'><strong>buit</strong></span> <span class='ocrx_word' id='word_1_250' title='bbox 327 1613 366 1647; x_wconf 92' lang='lat' dir='ltr'><strong>in</strong></span> <span class='ocrx_word' id='word_1_251' title='bbox 397 1612 558 1657; x_wconf 90' lang='lat' dir='ltr'><strong>peculio,</strong></span> <span class='ocrx_word' id='word_1_252' title='bbox 595 1611 696 1646; x_wconf 90' lang='lat' dir='ltr'><strong>cuius</strong></span> <span class='ocrx_word' id='word_1_253' title='bbox 719 1609 919 1646; x_wconf 87' lang='lat' dir='ltr'><strong>retentione</strong></span> <span class='ocrx_word' id='word_1_254' title='bbox 941 1608 980 1644; x_wconf 91' lang='lat' dir='ltr'><strong>id</strong></span> <span class='ocrx_word' id='word_1_255' title='bbox 1003 1608 1138 1644; x_wconf 85' lang='lat' dir='ltr'><strong>servari</strong></span> <span class='ocrx_word' id='word_1_256' title='bbox 1160 1612 1281 1653; x_wconf 89' lang='lat' dir='ltr'><strong>potest</strong></span> <span class='ocrx_word' id='word_1_257' title='bbox 1291 1610 1314 1643; x_wconf 79' lang='lat'><strong>⁵.</strong></span> 
     </span>
     <span class='ocr_line' id='line_1_34' title="bbox 226 1656 521 1693; baseline -0.007 0"><span class='ocrx_word' id='word_1_258' title='bbox 226 1657 319 1693; x_wconf 89' lang='lat' dir='ltr'><strong>idem</strong></span> <span class='ocrx_word' id='word_1_259' title='bbox 341 1656 521 1692; x_wconf 83' lang='lat' dir='ltr'><strong>Neratius.</strong></span> 
     </span>
    </p>

    <p class='ocr_par' dir='ltr' id='par_1_6' title="bbox 220 1697 1318 3363">
     <span class='ocr_line' id='line_1_35' title="bbox 275 1697 1317 1751; baseline -0.007 -11"><span class='ocrx_word' id='word_1_260' title='bbox 275 1699 326 1740; x_wconf 87' lang='lat'><strong>18</strong></span> <span class='ocrx_word' id='word_1_261' title='bbox 352 1699 434 1744; x_wconf 85' lang='lat'>(19)</span> <span class='ocrx_word' id='word_1_262' title='bbox 457 1701 565 1737; x_wconf 73' lang='lat' dir='ltr'><em>IDEM</em></span> <span class='ocrx_word' id='word_1_263' title='bbox 584 1701 675 1737; x_wconf 86' lang='lat' dir='ltr'><strong>libro</strong></span> <span class='ocrx_word' id='word_1_264' title='bbox 699 1699 856 1737; x_wconf 80' lang='lat' dir='ltr'><strong>secundo</strong></span> <span class='ocrx_word' id='word_1_265' title='bbox 881 1698 931 1735; x_wconf 87' lang='lat' dir='ltr'><strong>ad</strong></span> <span class='ocrx_word' id='word_1_266' title='bbox 950 1697 1140 1750; x_wconf 53' lang='lat' dir='ltr'><strong>Neratium</strong></span> <span class='ocrx_word' id='word_1_267' title='bbox 1172 1698 1317 1751; x_wconf 79' lang='lat' dir='ltr'><strong>Adquin</strong></span> 
     </span>
     <span class='ocr_line' id='line_1_36' title="bbox 226 1743 1315 1795; baseline -0.005 -13"><span class='ocrx_word' id='word_1_268' title='bbox 226 1751 357 1783; x_wconf 90' lang='lat' dir='ltr'><strong>natura</strong></span> <span class='ocrx_word' id='word_1_269' title='bbox 387 1746 527 1782; x_wconf 89' lang='lat' dir='ltr'><strong>debitor</strong></span> <span class='ocrx_word' id='word_1_270' title='bbox 556 1745 626 1781; x_wconf 86' lang='lat' dir='ltr'><strong>fuit</strong></span> <span class='ocrx_word' id='word_1_271' title='bbox 657 1745 795 1782; x_wconf 91' lang='lat' dir='ltr'><strong>etiamsi</strong></span> <span class='ocrx_word' id='word_1_272' title='bbox 817 1745 855 1780; x_wconf 90' lang='lat' dir='ltr'><strong>in</strong></span> <span class='ocrx_word' id='word_1_273' title='bbox 884 1743 1027 1789; x_wconf 90' lang='lat' dir='ltr'><strong>peculio</strong></span> <span class='ocrx_word' id='word_1_274' title='bbox 1059 1743 1148 1778; x_wconf 89' lang='grc'>1111111</span> <span class='ocrx_word' id='word_1_275' title='bbox 1178 1743 1315 1795; x_wconf 75' lang='lat' dir='ltr'><strong>habuit,</strong></span> 
     </span>
     <span class='ocr_line' id='line_1_37' title="bbox 226 1787 1316 1837; baseline -0.004 -9"><span class='ocrx_word' id='word_1_276' title='bbox 226 1796 264 1828; x_wconf 89' lang='lat' dir='ltr'><strong>et</strong></span> <span class='ocrx_word' id='word_1_277' title='bbox 286 1792 317 1828; x_wconf 93' lang='lat' dir='ltr'><strong>si</strong></span> <span class='ocrx_word' id='word_1_278' title='bbox 339 1795 467 1837; x_wconf 88' lang='lat' dir='ltr'><strong>postea</strong></span> <span class='ocrx_word' id='word_1_279' title='bbox 489 1791 626 1833; x_wconf 84' lang='lat' dir='ltr'><strong>habuit,</strong></span> <span class='ocrx_word' id='word_1_280' title='bbox 651 1791 743 1826; x_wconf 81' lang='lat' dir='ltr'><strong>sibi⁶</strong></span> <span class='ocrx_word' id='word_1_281' title='bbox 765 1793 894 1836; x_wconf 86' lang='lat' dir='ltr'><strong>postea</strong></span> <span class='ocrx_word' id='word_1_282' title='bbox 915 1788 1054 1824; x_wconf 85' lang='lat' dir='ltr'><strong>solvere</strong></span> <span class='ocrx_word' id='word_1_283' title='bbox 1074 1787 1181 1823; x_wconf 90' lang='lat' dir='ltr'><strong>debet</strong></span> <span class='ocrx_word' id='word_1_284' title='bbox 1201 1799 1239 1823; x_wconf 94' lang='lat' dir='ltr'><strong>in</strong></span> <span class='ocrx_word' id='word_1_285' title='bbox 1256 1799 1316 1824; x_wconf 92' lang='lat' dir='ltr'><strong>eo-</strong></span> 
     </span>
     <span class='ocr_line' id='line_1_38' title="bbox 226 1833 1318 1885; baseline -0.004 -12"><span class='ocrx_word' id='word_1_286' title='bbox 226 1837 307 1873; x_wconf 90' lang='lat' dir='ltr'><strong>dem</strong></span> <span class='ocrx_word' id='word_1_287' title='bbox 330 1840 414 1872; x_wconf 86' lang='lat' dir='ltr'><strong>actu</strong></span> <span class='ocrx_word' id='word_1_288' title='bbox 436 1846 684 1882; x_wconf 87' lang='lat' dir='ltr'><strong>perseverans:</strong></span> <span class='ocrx_word' id='word_1_289' title='bbox 709 1836 805 1871; x_wconf 88' lang='lat' dir='ltr'><strong>sicut</strong></span> <span class='ocrx_word' id='word_1_290' title='bbox 822 1835 864 1877; x_wconf 91' lang='lat' dir='ltr'><strong>is,</strong></span> <span class='ocrx_word' id='word_1_291' title='bbox 889 1834 951 1879; x_wconf 91' lang='lat' dir='ltr'><strong>qui</strong></span> <span class='ocrx_word' id='word_1_292' title='bbox 967 1833 1157 1878; x_wconf 87' lang='lat' dir='ltr'><strong>temporali</strong></span> <span class='ocrx_word' id='word_1_293' title='bbox 1176 1833 1318 1885; x_wconf 74' lang='lat' dir='ltr'><strong>actione</strong></span> 
     </span>
     <span class='ocr_line' id='line_1_39' title="bbox 225 1881 1317 1926; baseline -0.004 -8"><span class='ocrx_word' id='word_1_294' title='bbox 225 1882 436 1925; x_wconf 88' lang='lat' dir='ltr'><strong>tenebatur,</strong></span> <span class='ocrx_word' id='word_1_295' title='bbox 469 1881 577 1917; x_wconf 91' lang='lat' dir='ltr'><strong>etiam</strong></span> <span class='ocrx_word' id='word_1_296' title='bbox 606 1885 691 1926; x_wconf 89' lang='lat' dir='ltr'><strong>post</strong></span> <span class='ocrx_word' id='word_1_297' title='bbox 719 1885 859 1925; x_wconf 88' lang='lat' dir='ltr'><strong>tempus</strong></span> <span class='ocrx_word' id='word_1_298' title='bbox 894 1882 1061 1914; x_wconf 85' lang='lat' dir='ltr'><strong>exactum</strong></span> <span class='ocrx_word' id='word_1_299' title='bbox 1096 1888 1140 1913; x_wconf 91' lang='lat' dir='ltr'><strong>ne</strong></span> <span class='ocrx_word' id='word_1_300' title='bbox 1165 1882 1317 1914; x_wconf 85' lang='lat' dir='ltr'><strong>otiorum</strong></span> 
     </span>
     <span class='ocr_line' id='line_1_40' title="bbox 230 1923 1317 1973; baseline -0.004 -10"><span class='ocrx_word' id='word_1_301' title='bbox 230 1931 246 1963; x_wconf 98' lang='grc'><strong>1</strong></span> <span class='ocrx_word' id='word_1_302' title='bbox 295 1930 477 1973; x_wconf 88' lang='lat' dir='ltr'><strong>gestorum</strong></span> <span class='ocrx_word' id='word_1_303' title='bbox 507 1926 650 1961; x_wconf 91' lang='lat' dir='ltr'><strong>actione</strong></span> <span class='ocrx_word' id='word_1_304' title='bbox 679 1926 717 1962; x_wconf 93' lang='lat' dir='ltr'><strong>id</strong></span> <span class='ocrx_word' id='word_1_305' title='bbox 740 1928 924 1971; x_wconf 88' lang='lat' dir='ltr'><strong>praestare</strong></span> <span class='ocrx_word' id='word_1_306' title='bbox 948 1923 1096 1968; x_wconf 91' lang='lat' dir='ltr'><strong>cogitur.</strong></span> <span class='ocrx_word' id='word_1_307' title='bbox 1171 1923 1317 1959; x_wconf 89' lang='lat' dir='ltr'><strong>caevola</strong></span> 
     </span>
     <span class='ocr_line' id='line_1_41' title="bbox 225 1967 1316 2023; baseline -0.004 -15"><span class='ocrx_word' id='word_1_308' title='bbox 225 1976 349 2008; x_wconf 88' lang='lat' dir='ltr'><strong>noster</strong></span> <span class='ocrx_word' id='word_1_309' title='bbox 380 1972 431 2006; x_wconf 91' lang='lat' dir='ltr'><strong>ait</strong></span> <span class='ocrx_word' id='word_1_310' title='bbox 460 1974 588 2023; x_wconf 87' lang='lat' dir='ltr'><strong>putare</strong></span> <span class='ocrx_word' id='word_1_311' title='bbox 619 1981 676 2013; x_wconf 89' lang='lat' dir='ltr'><strong>se,</strong></span> <span class='ocrx_word' id='word_1_312' title='bbox 710 1970 805 2016; x_wconf 92' lang='lat' dir='ltr'><strong>quod</strong></span> <span class='ocrx_word' id='word_1_313' title='bbox 828 1969 983 2005; x_wconf 90' lang='lat' dir='ltr'><strong>Sabinus</strong></span> <span class='ocrx_word' id='word_1_314' title='bbox 1014 1967 1141 2020; x_wconf 80' lang='lat' dir='ltr'><strong>scribit</strong></span> <span class='ocrx_word' id='word_1_315' title='bbox 1164 1967 1316 2004; x_wconf 88' lang='lat' dir='ltr'><strong>debere⁷</strong></span> 
     </span>
     <span class='ocr_line' id='line_1_42' title="bbox 226 2012 1315 2062; baseline -0.003 -10"><span class='ocrx_word' id='word_1_316' title='bbox 226 2027 249 2053; x_wconf 90' lang='lat' dir='ltr'><strong>a</strong></span> <span class='ocrx_word' id='word_1_317' title='bbox 272 2017 389 2062; x_wconf 89' lang='lat' dir='ltr'><strong>capite</strong></span> <span class='ocrx_word' id='word_1_318' title='bbox 410 2020 587 2052; x_wconf 89' lang='lat' dir='ltr'><strong>rationem</strong></span> <span class='ocrx_word' id='word_1_319' title='bbox 609 2015 851 2051; x_wconf 78' lang='lat' dir='ltr'><strong>reddendum⁸</strong></span> <span class='ocrx_word' id='word_1_320' title='bbox 873 2014 926 2050; x_wconf 91' lang='lat' dir='ltr'><strong>sic</strong></span> <span class='ocrx_word' id='word_1_321' title='bbox 948 2012 1115 2058; x_wconf 88' lang='lat' dir='ltr'><strong>intellegi,</strong></span> <span class='ocrx_word' id='word_1_322' title='bbox 1139 2016 1181 2048; x_wconf 94' lang='lat' dir='ltr'><strong>ut</strong></span> <span class='ocrx_word' id='word_1_323' title='bbox 1203 2023 1226 2048; x_wconf 92' lang='lat' dir='ltr'><strong>a</strong></span> <span class='ocrx_word' id='word_1_324' title='bbox 1277 2024 1315 2049; x_wconf 92' lang='lat' dir='ltr'><strong>a-</strong></span> 
     </span>
     <span class='ocr_line' id='line_1_43' title="bbox 225 2025 1317 2110; baseline -0.005 -12"><span class='ocrx_word' id='word_1_325' title='bbox 225 2066 324 2105; x_wconf 90' lang='lat' dir='ltr'><strong>reat,</strong></span> <span class='ocrx_word' id='word_1_326' title='bbox 348 2061 434 2107; x_wconf 91' lang='lat' dir='ltr'><strong>quid</strong></span> <span class='ocrx_word' id='word_1_327' title='bbox 456 2061 631 2106; x_wconf 91' lang='lat' dir='ltr'><strong>reliquum</strong></span> <span class='ocrx_word' id='word_1_328' title='bbox 652 2060 762 2096; x_wconf 86' lang='lat' dir='ltr'><strong>fuerit</strong></span> <span class='ocrx_word' id='word_1_329' title='bbox 783 2064 892 2103; x_wconf 91' lang='lat' dir='ltr'><strong>tunc,</strong></span> <span class='ocrx_word' id='word_1_330' title='bbox 925 2058 1031 2094; x_wconf 82' lang='lat' dir='ltr'><strong>cum⁹</strong></span> <span class='ocrx_word' id='word_1_331' title='bbox 1052 2058 1206 2110; x_wconf 78' lang='lat' dir='ltr'><strong>primum</strong></span> <span class='ocrx_word' id='word_1_332' title='bbox 1226 2025 1317 2110; x_wconf 55' lang='grc'>111181</span> 
     </span>
     <span class='ocr_line' id='line_1_44' title="bbox 226 2104 1316 2152; baseline -0.003 -9"><span class='ocrx_word' id='word_1_333' title='bbox 226 2117 305 2143; x_wconf 87' lang='grc'>8888</span> <span class='ocrx_word' id='word_1_334' title='bbox 328 2106 506 2152; x_wconf 83' lang='grc'>80898111,</span> <span class='ocrx_word' id='word_1_335' title='bbox 529 2116 602 2142; x_wconf 91' lang='grc'>11011</span> <span class='ocrx_word' id='word_1_336' title='bbox 626 2110 667 2141; x_wconf 89' lang='grc'><strong>01</strong></span> <span class='ocrx_word' id='word_1_337' title='bbox 689 2106 809 2142; x_wconf 90' lang='lat' dir='ltr'><strong>dolum</strong></span> <span class='ocrx_word' id='word_1_338' title='bbox 833 2108 897 2140; x_wconf 88' lang='lat' dir='ltr'><strong>aut</strong></span> <span class='ocrx_word' id='word_1_339' title='bbox 920 2104 1063 2148; x_wconf 86' lang='lat' dir='ltr'><strong>culpam</strong></span> <span class='ocrx_word' id='word_1_340' title='bbox 1086 2113 1123 2138; x_wconf 89' lang='lat' dir='ltr'><strong>in</strong></span> <span class='ocrx_word' id='word_1_341' title='bbox 1146 2108 1316 2140; x_wconf 87' lang='lat' dir='ltr'><strong>servitute</strong></span> 
     </span>
     <span class='ocr_line' id='line_1_45' title="bbox 225 2148 1314 2201; baseline -0.003 -14"><span class='ocrx_word' id='word_1_342' title='bbox 225 2151 418 2187; x_wconf 86' lang='lat' dir='ltr'><strong>admissam</strong></span> <span class='ocrx_word' id='word_1_343' title='bbox 439 2151 477 2186; x_wconf 90' lang='lat' dir='ltr'><strong>in</strong></span> <span class='ocrx_word' id='word_1_344' title='bbox 500 2151 751 2196; x_wconf 82' lang='lat' dir='ltr'><strong>obligationem</strong></span> <span class='ocrx_word' id='word_1_345' title='bbox 773 2153 935 2186; x_wconf 89' lang='lat' dir='ltr'><strong>revocet:</strong></span> <span class='ocrx_word' id='word_1_346' title='bbox 958 2148 1081 2194; x_wconf 92' lang='lat' dir='ltr'><strong>itaque</strong></span> <span class='ocrx_word' id='word_1_347' title='bbox 1105 2148 1136 2183; x_wconf 90' lang='lat' dir='ltr'><strong>si</strong></span> <span class='ocrx_word' id='word_1_348' title='bbox 1158 2148 1314 2201; x_wconf 76' lang='lat' dir='ltr'><strong>invenia-</strong></span> 
     </span>
     <span class='ocr_line' id='line_1_46' title="bbox 224 2194 1314 2241; baseline -0.003 -9"><span class='ocrx_word' id='word_1_349' title='bbox 224 2201 286 2232; x_wconf 89' lang='lat' dir='ltr'><strong>tur</strong></span> <span class='ocrx_word' id='word_1_350' title='bbox 307 2196 364 2232; x_wconf 86' lang='lat' dir='ltr'><strong>vel</strong></span> <span class='ocrx_word' id='word_1_351' title='bbox 386 2196 480 2231; x_wconf 91' lang='lat' dir='ltr'><strong>malo</strong></span> <span class='ocrx_word' id='word_1_352' title='bbox 504 2206 602 2231; x_wconf 91' lang='lat' dir='ltr'><strong>more</strong></span> <span class='ocrx_word' id='word_1_353' title='bbox 623 2196 778 2241; x_wconf 90' lang='lat' dir='ltr'><strong>pecunia</strong></span> <span class='ocrx_word' id='word_1_354' title='bbox 799 2196 837 2231; x_wconf 93' lang='lat' dir='ltr'><strong>in</strong></span> <span class='ocrx_word' id='word_1_355' title='bbox 860 2194 1030 2230; x_wconf 86' lang='lat' dir='ltr'><strong>servitute</strong></span> <span class='ocrx_word' id='word_1_356' title='bbox 1045 2197 1202 2238; x_wconf 90' lang='lat' dir='ltr'><strong>erogata,</strong></span> <span class='ocrx_word' id='word_1_357' title='bbox 1226 2194 1314 2229; x_wconf 90' lang='lat' dir='ltr'><strong>libe-</strong></span> 
     </span>
     <span class='ocr_line' id='line_1_47' title="bbox 225 2238 1314 2285; baseline -0.002 -9"><span class='ocrx_word' id='word_1_358' title='bbox 225 2244 247 2277; x_wconf 81' lang='grc'>2</span> <span class='ocrx_word' id='word_1_359' title='bbox 292 2241 443 2277; x_wconf 90' lang='lat' dir='ltr'><strong>rabitur.</strong></span> <span class='ocrx_word' id='word_1_360' title='bbox 480 2240 519 2276; x_wconf 90' lang='lat' dir='ltr'><strong>Si</strong></span> <span class='ocrx_word' id='word_1_361' title='bbox 540 2241 652 2276; x_wconf 93' lang='lat' dir='ltr'><strong>libero</strong></span> <span class='ocrx_word' id='word_1_362' title='bbox 676 2240 822 2283; x_wconf 89' lang='lat' dir='ltr'><strong>homini,</strong></span> <span class='ocrx_word' id='word_1_363' title='bbox 847 2239 909 2285; x_wconf 90' lang='lat' dir='ltr'><strong>qui</strong></span> <span class='ocrx_word' id='word_1_364' title='bbox 926 2239 1025 2274; x_wconf 89' lang='lat' dir='ltr'><strong>bona</strong></span> <span class='ocrx_word' id='word_1_365' title='bbox 1044 2238 1115 2273; x_wconf 91' lang='lat' dir='ltr'><strong>fide</strong></span> <span class='ocrx_word' id='word_1_366' title='bbox 1133 2238 1219 2273; x_wconf 91' lang='lat' dir='ltr'><strong>mihi</strong></span> <span class='ocrx_word' id='word_1_367' title='bbox 1238 2249 1314 2274; x_wconf 91' lang='lat' dir='ltr'><strong>ser-</strong></span> 
     </span>
     <span class='ocr_line' id='line_1_48' title="bbox 224 2282 1313 2331; baseline -0.001 -10"><span class='ocrx_word' id='word_1_368' title='bbox 224 2286 356 2329; x_wconf 92' lang='lat' dir='ltr'><strong>viebat,</strong></span> <span class='ocrx_word' id='word_1_369' title='bbox 380 2285 563 2328; x_wconf 82' lang='lat' dir='ltr'><strong>mandem,</strong></span> <span class='ocrx_word' id='word_1_370' title='bbox 595 2289 637 2321; x_wconf 92' lang='lat' dir='ltr'><strong>ut</strong></span> <span class='ocrx_word' id='word_1_371' title='bbox 658 2285 793 2331; x_wconf 91' lang='lat' dir='ltr'><strong>aliquid</strong></span> <span class='ocrx_word' id='word_1_372' title='bbox 816 2288 919 2330; x_wconf 89' lang='lat' dir='ltr'><strong>agat,</strong></span> <span class='ocrx_word' id='word_1_373' title='bbox 951 2294 1024 2318; x_wconf 92' lang='lat' dir='ltr'><strong>non</strong></span> <span class='ocrx_word' id='word_1_374' title='bbox 1054 2282 1134 2318; x_wconf 88' lang='lat' dir='ltr'><strong>fore</strong></span> <span class='ocrx_word' id='word_1_375' title='bbox 1166 2294 1247 2319; x_wconf 92' lang='lat' dir='ltr'><strong>cum</strong></span> <span class='ocrx_word' id='word_1_376' title='bbox 1271 2294 1313 2320; x_wconf 91' lang='lat' dir='ltr'><strong>eo</strong></span> 
     </span>
     <span class='ocr_line' id='line_1_49' title="bbox 224 2328 1313 2375; baseline -0.003 -9"><span class='ocrx_word' id='word_1_377' title='bbox 224 2330 384 2366; x_wconf 88' lang='lat' dir='ltr'><strong>mandati</strong></span> <span class='ocrx_word' id='word_1_378' title='bbox 407 2331 585 2366; x_wconf 87' lang='lat' dir='ltr'><strong>actionem</strong></span> <span class='ocrx_word' id='word_1_379' title='bbox 606 2330 729 2366; x_wconf 90' lang='lat' dir='ltr'><strong>Labeo</strong></span> <span class='ocrx_word' id='word_1_380' title='bbox 754 2331 823 2373; x_wconf 88' lang='lat' dir='ltr'><strong>ait,</strong></span> <span class='ocrx_word' id='word_1_381' title='bbox 849 2329 933 2375; x_wconf 90' lang='lat' dir='ltr'><strong>quia</strong></span> <span class='ocrx_word' id='word_1_382' title='bbox 955 2338 1029 2364; x_wconf 92' lang='lat' dir='ltr'><strong>non</strong></span> <span class='ocrx_word' id='word_1_383' title='bbox 1052 2328 1165 2363; x_wconf 90' lang='lat' dir='ltr'><strong>libera</strong></span> <span class='ocrx_word' id='word_1_384' title='bbox 1188 2328 1313 2364; x_wconf 90' lang='lat' dir='ltr'><strong>volun-</strong></span> 
     </span>
     <span class='ocr_line' id='line_1_50' title="bbox 223 2372 1312 2426; baseline -0.001 -15"><span class='ocrx_word' id='word_1_385' title='bbox 223 2379 300 2411; x_wconf 88' lang='lat' dir='ltr'><strong>tate</strong></span> <span class='ocrx_word' id='word_1_386' title='bbox 322 2376 527 2421; x_wconf 83' lang='lat' dir='ltr'><strong>exsequitur</strong></span> <span class='ocrx_word' id='word_1_387' title='bbox 549 2385 623 2410; x_wconf 91' lang='lat' dir='ltr'><strong>rem</strong></span> <span class='ocrx_word' id='word_1_388' title='bbox 646 2375 715 2411; x_wconf 89' lang='lat' dir='ltr'><strong>sibi</strong></span> <span class='ocrx_word' id='word_1_389' title='bbox 737 2374 953 2416; x_wconf 89' lang='lat' dir='ltr'><strong>mandatam,</strong></span> <span class='ocrx_word' id='word_1_390' title='bbox 978 2372 1042 2408; x_wconf 86' lang='lat' dir='ltr'><strong>sed</strong></span> <span class='ocrx_word' id='word_1_391' title='bbox 1065 2373 1168 2418; x_wconf 91' lang='lat' dir='ltr'><strong>quasi</strong></span> <span class='ocrx_word' id='word_1_392' title='bbox 1187 2384 1231 2409; x_wconf 83' lang='lat' dir='ltr'><strong>ex</strong></span> <span class='ocrx_word' id='word_1_393' title='bbox 1251 2384 1312 2426; x_wconf 78' lang='lat' dir='ltr'><strong>ne-</strong></span> 
     </span>
     <span class='ocr_line' id='line_1_51' title="bbox 225 2419 1312 2465; baseline -0.002 -9"><span class='ocrx_word' id='word_1_394' title='bbox 225 2421 392 2457; x_wconf 89' lang='lat' dir='ltr'><strong>cessitate</strong></span> <span class='ocrx_word' id='word_1_395' title='bbox 410 2421 546 2456; x_wconf 84' lang='lat' dir='ltr'><strong>servili:</strong></span> <span class='ocrx_word' id='word_1_396' title='bbox 568 2420 635 2455; x_wconf 90' lang='lat' dir='ltr'><strong>erit</strong></span> <span class='ocrx_word' id='word_1_397' title='bbox 652 2420 761 2465; x_wconf 86' lang='lat' dir='ltr'><strong>igitur</strong></span> <span class='ocrx_word' id='word_1_398' title='bbox 780 2419 1002 2464; x_wconf 88' lang='lat' dir='ltr'><strong>negotiorum</strong></span> <span class='ocrx_word' id='word_1_399' title='bbox 1037 2422 1194 2454; x_wconf 89' lang='lat' dir='ltr'><strong>estorum</strong></span> <span class='ocrx_word' id='word_1_400' title='bbox 1206 2423 1312 2462; x_wconf 86' lang='lat' dir='ltr'><strong>actio,</strong></span> 
     </span>
     <span class='ocr_line' id='line_1_52' title="bbox 224 2429 1312 2511; baseline -0.001 -10"><span class='ocrx_word' id='word_1_401' title='bbox 224 2466 308 2511; x_wconf 88' lang='lat' dir='ltr'><strong>quia</strong></span> <span class='ocrx_word' id='word_1_402' title='bbox 331 2469 367 2501; x_wconf 91' lang='lat' dir='ltr'><strong>et</strong></span> <span class='ocrx_word' id='word_1_403' title='bbox 387 2465 534 2511; x_wconf 89' lang='lat' dir='ltr'><strong>gerendi</strong></span> <span class='ocrx_word' id='word_1_404' title='bbox 557 2466 688 2510; x_wconf 84' lang='lat' dir='ltr'><strong>negotii</strong></span> <span class='ocrx_word' id='word_1_405' title='bbox 711 2466 780 2501; x_wconf 89' lang='lat' dir='ltr'><strong>mei</strong></span> <span class='ocrx_word' id='word_1_406' title='bbox 798 2463 964 2500; x_wconf 90' lang='lat' dir='ltr'><strong>habuerit</strong></span> <span class='ocrx_word' id='word_1_407' title='bbox 983 2429 1207 2499; x_wconf 51' lang='lat' dir='ltr'><strong>affectionem</strong></span> <span class='ocrx_word' id='word_1_408' title='bbox 1227 2468 1264 2499; x_wconf 90' lang='lat' dir='ltr'><strong>et</strong></span> <span class='ocrx_word' id='word_1_409' title='bbox 1282 2464 1312 2500; x_wconf 91' lang='lat' dir='ltr'><strong>is</strong></span> 
     </span>
     <span class='ocr_line' id='line_1_53' title="bbox 226 2508 1312 2556; baseline -0.001 -10"><span class='ocrx_word' id='word_1_410' title='bbox 226 2514 246 2546; x_wconf 89' lang='grc'><strong>3</strong></span> <span class='ocrx_word' id='word_1_411' title='bbox 292 2510 372 2553; x_wconf 87' lang='lat' dir='ltr'><strong>fuit,</strong></span> <span class='ocrx_word' id='word_1_412' title='bbox 397 2520 502 2556; x_wconf 88' lang='lat' dir='ltr'><strong>quem</strong></span> <span class='ocrx_word' id='word_1_413' title='bbox 525 2510 683 2556; x_wconf 87' lang='lat' dir='ltr'><strong>obligare</strong></span> <span class='ocrx_word' id='word_1_414' title='bbox 705 2520 860 2556; x_wconf 90' lang='lat' dir='ltr'><strong>possem.</strong></span> <span class='ocrx_word' id='word_1_415' title='bbox 897 2508 986 2544; x_wconf 87' lang='lat' dir='ltr'><strong>Cum</strong></span> <span class='ocrx_word' id='word_1_416' title='bbox 1005 2518 1061 2543; x_wconf 90' lang='lat' dir='ltr'><strong>me</strong></span> <span class='ocrx_word' id='word_1_417' title='bbox 1081 2509 1230 2544; x_wconf 89' lang='lat' dir='ltr'><strong>absente</strong></span> <span class='ocrx_word' id='word_1_418' title='bbox 1249 2519 1312 2545; x_wconf 92' lang='lat' dir='ltr'><strong>ne-</strong></span> 
     </span>
     <span class='ocr_line' id='line_1_54' title="bbox 223 2553 1314 2608; baseline -0.002 -17"><span class='ocrx_word' id='word_1_419' title='bbox 223 2556 321 2608; x_wconf 83' lang='lat' dir='ltr'><strong>gotia</strong></span> <span class='ocrx_word' id='word_1_420' title='bbox 353 2566 433 2591; x_wconf 91' lang='lat' dir='ltr'><strong>mea</strong></span> <span class='ocrx_word' id='word_1_421' title='bbox 462 2565 621 2601; x_wconf 86' lang='lat' dir='ltr'><strong>gereres,</strong></span> <span class='ocrx_word' id='word_1_422' title='bbox 656 2555 863 2602; x_wconf 87' lang='lat' dir='ltr'><strong>imprudens</strong></span> <span class='ocrx_word' id='word_1_423' title='bbox 893 2564 969 2589; x_wconf 88' lang='lat' dir='ltr'><strong>rem</strong></span> <span class='ocrx_word' id='word_1_424' title='bbox 1000 2563 1115 2589; x_wconf 89' lang='lat' dir='ltr'><strong>meam</strong></span> <span class='ocrx_word' id='word_1_425' title='bbox 1139 2553 1255 2589; x_wconf 88' lang='lat' dir='ltr'><strong>emisti</strong></span> <span class='ocrx_word' id='word_1_426' title='bbox 1278 2558 1314 2590; x_wconf 90' lang='lat' dir='ltr'><strong>et</strong></span> 
     </span>
     <span class='ocr_line' id='line_1_55' title="bbox 223 2599 1314 2646; baseline -0.002 -10"><span class='ocrx_word' id='word_1_427' title='bbox 223 2611 391 2646; x_wconf 89' lang='lat' dir='ltr'><strong>ignorans</strong></span> <span class='ocrx_word' id='word_1_428' title='bbox 423 2601 619 2645; x_wconf 88' lang='lat' dir='ltr'><strong>usucepisti</strong></span> <span class='ocrx_word' id='word_1_429' title='bbox 631 2602 676 2636; x_wconf 87' lang='lat'><strong>¹⁰:</strong></span> <span class='ocrx_word' id='word_1_430' title='bbox 709 2601 795 2636; x_wconf 89' lang='lat' dir='ltr'><strong>milii</strong></span> <span class='ocrx_word' id='word_1_431' title='bbox 826 2599 1047 2645; x_wconf 88' lang='lat' dir='ltr'><strong>negotiorum</strong></span> <span class='ocrx_word' id='word_1_432' title='bbox 1068 2602 1249 2643; x_wconf 90' lang='lat' dir='ltr'><strong>gestorum</strong></span> <span class='ocrx_word' id='word_1_433' title='bbox 1271 2603 1314 2635; x_wconf 90' lang='lat' dir='ltr'><strong>ut</strong></span> 
     </span>
     <span class='ocr_line' id='line_1_56' title="bbox 223 2644 1310 2690; baseline -0.002 -9"><span class='ocrx_word' id='word_1_434' title='bbox 223 2646 391 2681; x_wconf 86' lang='lat' dir='ltr'><strong>restituas</strong></span> <span class='ocrx_word' id='word_1_435' title='bbox 415 2645 590 2690; x_wconf 87' lang='lat' dir='ltr'><strong>obligatus</strong></span> <span class='ocrx_word' id='word_1_436' title='bbox 614 2656 687 2682; x_wconf 90' lang='lat' dir='ltr'><strong>non</strong></span> <span class='ocrx_word' id='word_1_437' title='bbox 710 2656 760 2681; x_wconf 89' lang='lat' dir='ltr'><strong>es.</strong></span> <span class='ocrx_word' id='word_1_438' title='bbox 797 2644 861 2681; x_wconf 86' lang='lat' dir='ltr'><strong>sed</strong></span> <span class='ocrx_word' id='word_1_439' title='bbox 883 2644 933 2686; x_wconf 91' lang='lat' dir='ltr'><strong>si,</strong></span> <span class='ocrx_word' id='word_1_440' title='bbox 965 2647 1157 2689; x_wconf 88' lang='lat' dir='ltr'><strong>antequam</strong></span> <span class='ocrx_word' id='word_1_441' title='bbox 1179 2654 1310 2680; x_wconf 88' lang='lat' dir='ltr'><strong>usuca-</strong></span> 
     </span>
     <span class='ocr_line' id='line_1_57' title="bbox 223 2688 1310 2735; baseline -0.001 -9"><span class='ocrx_word' id='word_1_442' title='bbox 223 2691 323 2735; x_wconf 88' lang='lat' dir='ltr'><strong>pias,</strong></span> <span class='ocrx_word' id='word_1_443' title='bbox 348 2700 544 2735; x_wconf 87' lang='lat' dir='ltr'><strong>cognoscas</strong></span> <span class='ocrx_word' id='word_1_444' title='bbox 567 2701 643 2726; x_wconf 90' lang='lat' dir='ltr'><strong>rem</strong></span> <span class='ocrx_word' id='word_1_445' title='bbox 666 2701 781 2726; x_wconf 88' lang='lat' dir='ltr'><strong>meam</strong></span> <span class='ocrx_word' id='word_1_446' title='bbox 805 2699 903 2732; x_wconf 87' lang='lat' dir='ltr'><strong>esse,</strong></span> <span class='ocrx_word' id='word_1_447' title='bbox 928 2689 1091 2724; x_wconf 88' lang='lat' dir='ltr'><strong>subicere</strong></span> <span class='ocrx_word' id='word_1_448' title='bbox 1115 2688 1222 2724; x_wconf 89' lang='lat' dir='ltr'><strong>debes</strong></span> <span class='ocrx_word' id='word_1_449' title='bbox 1245 2690 1310 2725; x_wconf 89' lang='lat' dir='ltr'><strong>ali-</strong></span> 
     </span>
     <span class='ocr_line' id='line_1_58' title="bbox 224 2733 1310 2780; baseline -0.001 -10"><span class='ocrx_word' id='word_1_450' title='bbox 224 2745 340 2780; x_wconf 89' lang='lat' dir='ltr'><strong>quem,</strong></span> <span class='ocrx_word' id='word_1_451' title='bbox 365 2736 427 2780; x_wconf 89' lang='lat' dir='ltr'><strong>qui</strong></span> <span class='ocrx_word' id='word_1_452' title='bbox 449 2745 472 2770; x_wconf 92' lang='lat' dir='ltr'><strong>a</strong></span> <span class='ocrx_word' id='word_1_453' title='bbox 494 2739 530 2770; x_wconf 92' lang='lat' dir='ltr'><strong>te</strong></span> <span class='ocrx_word' id='word_1_454' title='bbox 552 2740 653 2780; x_wconf 86' lang='lat' dir='ltr'><strong>petat</strong></span> <span class='ocrx_word' id='word_1_455' title='bbox 675 2746 753 2771; x_wconf 90' lang='lat' dir='ltr'><strong>meo</strong></span> <span class='ocrx_word' id='word_1_456' title='bbox 778 2735 939 2776; x_wconf 85' lang='lat' dir='ltr'><strong>nomine,</strong></span> <span class='ocrx_word' id='word_1_457' title='bbox 963 2737 1005 2769; x_wconf 88' lang='lat' dir='ltr'><strong>ut</strong></span> <span class='ocrx_word' id='word_1_458' title='bbox 1027 2737 1064 2768; x_wconf 85' lang='lat' dir='ltr'><strong>et</strong></span> <span class='ocrx_word' id='word_1_459' title='bbox 1086 2733 1172 2769; x_wconf 78' lang='lat' dir='ltr'><strong>mihi</strong></span> <span class='ocrx_word' id='word_1_460' title='bbox 1194 2744 1270 2769; x_wconf 92' lang='lat' dir='ltr'><strong>rem</strong></span> <span class='ocrx_word' id='word_1_461' title='bbox 1283 2735 1310 2756; x_wconf 89' lang='lat'><strong>¹¹</strong></span> 
     </span>
     <span class='ocr_line' id='line_1_59' title="bbox 223 2779 1310 2825; baseline 0.001 -11"><span class='ocrx_word' id='word_1_462' title='bbox 223 2784 260 2815; x_wconf 90' lang='lat' dir='ltr'><strong>et</strong></span> <span class='ocrx_word' id='word_1_463' title='bbox 275 2780 340 2814; x_wconf 92' lang='lat' dir='ltr'><strong>tibi</strong></span> <span class='ocrx_word' id='word_1_464' title='bbox 356 2780 621 2825; x_wconf 85' lang='lat' dir='ltr'><strong>stipulationem</strong></span> <span class='ocrx_word' id='word_1_465' title='bbox 646 2781 828 2817; x_wconf 86' lang='lat' dir='ltr'><strong>evictionis</strong></span> <span class='ocrx_word' id='word_1_466' title='bbox 852 2779 1051 2815; x_wconf 90' lang='lat' dir='ltr'><strong>committat</strong></span> <span class='ocrx_word' id='word_1_467' title='bbox 1063 2779 1109 2814; x_wconf 78' lang='lat'><strong>¹²:</strong></span> <span class='ocrx_word' id='word_1_468' title='bbox 1134 2788 1201 2814; x_wconf 92' lang='lat' dir='ltr'><strong>nec</strong></span> <span class='ocrx_word' id='word_1_469' title='bbox 1213 2779 1310 2815; x_wconf 83' lang='lat' dir='ltr'><strong>vide-</strong></span> 
     </span>
     <span class='ocr_line' id='line_1_60' title="bbox 222 2823 1309 2861; baseline 0 -1"><span class='ocrx_word' id='word_1_470' title='bbox 222 2825 272 2860; x_wconf 90' lang='lat' dir='ltr'><strong>ris</strong></span> <span class='ocrx_word' id='word_1_471' title='bbox 308 2823 429 2860; x_wconf 90' lang='lat' dir='ltr'><strong>dolum</strong></span> <span class='ocrx_word' id='word_1_472' title='bbox 458 2825 590 2860; x_wconf 87' lang='lat' dir='ltr'><strong>malum</strong></span> <span class='ocrx_word' id='word_1_473' title='bbox 624 2825 745 2861; x_wconf 88' lang='lat' dir='ltr'><strong>facere</strong></span> <span class='ocrx_word' id='word_1_474' title='bbox 778 2826 815 2860; x_wconf 92' lang='lat' dir='ltr'><strong>in</strong></span> <span class='ocrx_word' id='word_1_475' title='bbox 849 2825 919 2860; x_wconf 90' lang='grc'>1188</span> <span class='ocrx_word' id='word_1_476' title='bbox 955 2824 1194 2860; x_wconf 77' lang='lat' dir='ltr'><strong>subiectione:</strong></span> <span class='ocrx_word' id='word_1_477' title='bbox 1229 2824 1309 2860; x_wconf 91' lang='lat' dir='ltr'><strong>ideo</strong></span> 
     </span>
     <span class='ocr_line' id='line_1_61' title="bbox 223 2869 1309 2914; baseline 0.001 -10"><span class='ocrx_word' id='word_1_478' title='bbox 223 2869 316 2904; x_wconf 90' lang='lat' dir='ltr'><strong>enim</strong></span> <span class='ocrx_word' id='word_1_479' title='bbox 339 2869 409 2905; x_wconf 87' lang='lat' dir='ltr'><strong>hoc</strong></span> <span class='ocrx_word' id='word_1_480' title='bbox 430 2869 551 2905; x_wconf 86' lang='lat' dir='ltr'><strong>facere</strong></span> <span class='ocrx_word' id='word_1_481' title='bbox 574 2870 691 2913; x_wconf 88' lang='lat' dir='ltr'><strong>debes,</strong></span> <span class='ocrx_word' id='word_1_482' title='bbox 716 2881 762 2906; x_wconf 89' lang='grc'><strong>118</strong></span> <span class='ocrx_word' id='word_1_483' title='bbox 784 2870 924 2906; x_wconf 92' lang='lat' dir='ltr'><strong>actione</strong></span> <span class='ocrx_word' id='word_1_484' title='bbox 947 2869 1169 2914; x_wconf 89' lang='lat' dir='ltr'><strong>negotiorum</strong></span> <span class='ocrx_word' id='word_1_485' title='bbox 1191 2873 1309 2914; x_wconf 88' lang='lat' dir='ltr'><strong>gesto-</strong></span> 
     </span>
     <span class='ocr_line' id='line_1_62' title="bbox 222 2915 1309 2957; baseline 0.001 -8"><span class='ocrx_word' id='word_1_486' title='bbox 222 2917 245 2949; x_wconf 84' lang='lat'>4</span> <span class='ocrx_word' id='word_1_487' title='bbox 290 2924 370 2950; x_wconf 90' lang='lat' dir='ltr'><strong>rum</strong></span> <span class='ocrx_word' id='word_1_488' title='bbox 392 2915 558 2950; x_wconf 85' lang='lat' dir='ltr'><strong>tenearis.</strong></span> <span class='ocrx_word' id='word_1_489' title='bbox 606 2915 688 2951; x_wconf 88' lang='lat' dir='ltr'><strong>Non</strong></span> <span class='ocrx_word' id='word_1_490' title='bbox 711 2919 853 2951; x_wconf 90' lang='lat' dir='ltr'><strong>tantum</strong></span> <span class='ocrx_word' id='word_1_491' title='bbox 875 2918 1026 2957; x_wconf 87' lang='lat' dir='ltr'><strong>sortem,</strong></span> <span class='ocrx_word' id='word_1_492' title='bbox 1057 2923 1180 2949; x_wconf 89' lang='lat' dir='ltr'><strong>verum</strong></span> <span class='ocrx_word' id='word_1_493' title='bbox 1203 2915 1309 2950; x_wconf 91' lang='lat' dir='ltr'><strong>etiam</strong></span> 
     </span>
     <span class='ocr_line' id='line_1_63' title="bbox 222 2959 1308 3011; baseline 0 -17"><span class='ocrx_word' id='word_1_494' title='bbox 222 2969 352 2995; x_wconf 89' lang='lat' dir='ltr'><strong>usuras</strong></span> <span class='ocrx_word' id='word_1_495' title='bbox 385 2969 429 2994; x_wconf 85' lang='lat' dir='ltr'><strong>ex</strong></span> <span class='ocrx_word' id='word_1_496' title='bbox 460 2959 613 3011; x_wconf 87' lang='lat' dir='ltr'><strong>pecunia</strong></span> <span class='ocrx_word' id='word_1_497' title='bbox 636 2960 752 2996; x_wconf 89' lang='lat' dir='ltr'><strong>aliena</strong></span> <span class='ocrx_word' id='word_1_498' title='bbox 774 2963 963 3006; x_wconf 89' lang='lat' dir='ltr'><strong>perceptas</strong></span> <span class='ocrx_word' id='word_1_499' title='bbox 987 2959 1208 3004; x_wconf 88' lang='lat' dir='ltr'><strong>negotiorum</strong></span> <span class='ocrx_word' id='word_1_500' title='bbox 1228 2970 1308 3004; x_wconf 88' lang='lat' dir='ltr'><strong>ges-</strong></span> 
     </span>
     <span class='ocr_line' id='line_1_64' title="bbox 221 3004 1309 3050; baseline -0.001 -9"><span class='ocrx_word' id='word_1_501' title='bbox 221 3009 341 3041; x_wconf 90' lang='lat' dir='ltr'><strong>torum</strong></span> <span class='ocrx_word' id='word_1_502' title='bbox 363 3004 493 3040; x_wconf 89' lang='lat' dir='ltr'><strong>iudicio</strong></span> <span class='ocrx_word' id='word_1_503' title='bbox 517 3005 787 3049; x_wconf 84' lang='lat' dir='ltr'><strong>praestabimus,</strong></span> <span class='ocrx_word' id='word_1_504' title='bbox 810 3005 866 3040; x_wconf 91' lang='lat' dir='ltr'><strong>vel</strong></span> <span class='ocrx_word' id='word_1_505' title='bbox 889 3004 995 3040; x_wconf 90' lang='lat' dir='ltr'><strong>etiam</strong></span> <span class='ocrx_word' id='word_1_506' title='bbox 1018 3014 1107 3050; x_wconf 89' lang='lat' dir='ltr'><strong>quas</strong></span> <span class='ocrx_word' id='word_1_507' title='bbox 1125 3004 1309 3050; x_wconf 85' lang='lat' dir='ltr'><strong>percipere</strong></span> 
     </span>
     <span class='ocr_line' id='line_1_65' title="bbox 222 3049 1307 3096; baseline -0.002 -10"><span class='ocrx_word' id='word_1_508' title='bbox 222 3050 416 3096; x_wconf 89' lang='lat' dir='ltr'><strong>potuimus.</strong></span> <span class='ocrx_word' id='word_1_509' title='bbox 453 3053 580 3084; x_wconf 90' lang='lat' dir='ltr'><strong>contra</strong></span> <span class='ocrx_word' id='word_1_510' title='bbox 603 3060 744 3095; x_wconf 89' lang='lat' dir='ltr'><strong>quoque</strong></span> <span class='ocrx_word' id='word_1_511' title='bbox 774 3060 924 3092; x_wconf 90' lang='lat' dir='ltr'><strong>usuras,</strong></span> <span class='ocrx_word' id='word_1_512' title='bbox 956 3059 1046 3094; x_wconf 89' lang='lat' dir='ltr'><strong>quas</strong></span> <span class='ocrx_word' id='word_1_513' title='bbox 1060 3049 1089 3070; x_wconf 82' lang='lat'><strong>¹³</strong></span> <span class='ocrx_word' id='word_1_514' title='bbox 1110 3049 1307 3094; x_wconf 88' lang='lat' dir='ltr'><strong>praestavi-</strong></span> 
     </span>
     <span class='ocr_line' id='line_1_66' title="bbox 221 3094 1307 3146; baseline 0 -16"><span class='ocrx_word' id='word_1_515' title='bbox 221 3105 301 3130; x_wconf 87' lang='lat' dir='ltr'><strong>mus</strong></span> <span class='ocrx_word' id='word_1_516' title='bbox 333 3094 390 3130; x_wconf 82' lang='lat' dir='ltr'><strong>vel</strong></span> <span class='ocrx_word' id='word_1_517' title='bbox 413 3103 502 3139; x_wconf 88' lang='lat' dir='ltr'><strong>quas</strong></span> <span class='ocrx_word' id='word_1_518' title='bbox 527 3104 571 3129; x_wconf 82' lang='lat' dir='ltr'><strong>ex</strong></span> <span class='ocrx_word' id='word_1_519' title='bbox 594 3098 717 3130; x_wconf 89' lang='lat' dir='ltr'><strong>nostra</strong></span> <span class='ocrx_word' id='word_1_520' title='bbox 739 3095 894 3140; x_wconf 89' lang='lat' dir='ltr'><strong>pecunia</strong></span> <span class='ocrx_word' id='word_1_521' title='bbox 916 3094 1102 3139; x_wconf 84' lang='lat' dir='ltr'><strong>percipere</strong></span> <span class='ocrx_word' id='word_1_522' title='bbox 1124 3094 1307 3146; x_wconf 84' lang='lat' dir='ltr'><strong>potuimus</strong></span> 
     </span>
     <span class='ocr_line' id='line_1_67' title="bbox 222 3139 1306 3186; baseline 0 -11"><span class='ocrx_word' id='word_1_523' title='bbox 222 3149 331 3186; x_wconf 86' lang='lat' dir='ltr'><strong>quam</strong></span> <span class='ocrx_word' id='word_1_524' title='bbox 352 3139 391 3174; x_wconf 92' lang='lat' dir='ltr'><strong>in</strong></span> <span class='ocrx_word' id='word_1_525' title='bbox 413 3139 530 3174; x_wconf 88' lang='lat' dir='ltr'><strong>aliena</strong></span> <span class='ocrx_word' id='word_1_526' title='bbox 552 3140 693 3183; x_wconf 87' lang='lat' dir='ltr'><strong>negotia</strong></span> <span class='ocrx_word' id='word_1_527' title='bbox 715 3139 969 3185; x_wconf 85' lang='lat' dir='ltr'><strong>impendimus,</strong></span> <span class='ocrx_word' id='word_1_528' title='bbox 1002 3139 1220 3175; x_wconf 81' lang='lat' dir='ltr'><strong>servabimus</strong></span> <span class='ocrx_word' id='word_1_529' title='bbox 1244 3149 1306 3175; x_wconf 87' lang='lat' dir='ltr'><strong>ne-</strong></span> 
     </span>
     <span class='ocr_line' id='line_1_68' title="bbox 222 3183 1308 3229; baseline -0.002 -9"><span class='ocrx_word' id='word_1_530' title='bbox 222 3188 243 3220; x_wconf 84' lang='grc'><strong>5</strong></span> <span class='ocrx_word' id='word_1_531' title='bbox 288 3184 465 3229; x_wconf 88' lang='lat' dir='ltr'><strong>gotiorum</strong></span> <span class='ocrx_word' id='word_1_532' title='bbox 483 3187 663 3228; x_wconf 88' lang='lat' dir='ltr'><strong>gestorum</strong></span> <span class='ocrx_word' id='word_1_533' title='bbox 675 3184 816 3220; x_wconf 89' lang='lat' dir='ltr'><strong>iudicio.</strong></span> <span class='ocrx_word' id='word_1_534' title='bbox 864 3184 959 3219; x_wconf 92' lang='lat' dir='ltr'><strong>Dum</strong></span> <span class='ocrx_word' id='word_1_535' title='bbox 971 3183 1067 3229; x_wconf 89' lang='lat' dir='ltr'><strong>apud</strong></span> <span class='ocrx_word' id='word_1_536' title='bbox 1078 3184 1200 3220; x_wconf 89' lang='lat' dir='ltr'><strong>hostes</strong></span> <span class='ocrx_word' id='word_1_537' title='bbox 1213 3187 1308 3219; x_wconf 89' lang='lat' dir='ltr'><strong>esset</strong></span> 
     </span>
     <span class='ocr_line' id='line_1_69' title="bbox 221 3228 1304 3275; baseline -0.001 -9"><span class='ocrx_word' id='word_1_538' title='bbox 221 3229 350 3271; x_wconf 80' lang='lat' dir='ltr'><strong>Titius,</strong></span> <span class='ocrx_word' id='word_1_539' title='bbox 375 3228 517 3273; x_wconf 89' lang='lat' dir='ltr'><strong>negotia</strong></span> <span class='ocrx_word' id='word_1_540' title='bbox 536 3228 611 3263; x_wconf 92' lang='lat' dir='ltr'><strong>eius</strong></span> <span class='ocrx_word' id='word_1_541' title='bbox 632 3229 884 3272; x_wconf 84' lang='lat' dir='ltr'><strong>administravi,</strong></span> <span class='ocrx_word' id='word_1_542' title='bbox 904 3233 1031 3275; x_wconf 90' lang='lat' dir='ltr'><strong>postea</strong></span> <span class='ocrx_word' id='word_1_543' title='bbox 1049 3239 1212 3264; x_wconf 88' lang='lat' dir='ltr'><strong>reversus</strong></span> <span class='ocrx_word' id='word_1_544' title='bbox 1233 3232 1304 3265; x_wconf 90' lang='lat' dir='ltr'><strong>est:</strong></span> 
     </span>
     <span class='ocr_line' id='line_1_70' title="bbox 221 3273 1304 3319; baseline 0 -9"><span class='ocrx_word' id='word_1_545' title='bbox 221 3273 444 3319; x_wconf 87' lang='lat' dir='ltr'><strong>negotiorum</strong></span> <span class='ocrx_word' id='word_1_546' title='bbox 466 3276 646 3318; x_wconf 90' lang='lat' dir='ltr'><strong>gestorum</strong></span> <span class='ocrx_word' id='word_1_547' title='bbox 669 3274 755 3309; x_wconf 88' lang='lat' dir='ltr'><strong>mihi</strong></span> <span class='ocrx_word' id='word_1_548' title='bbox 778 3274 871 3310; x_wconf 90' lang='lat' dir='ltr'><strong>actio</strong></span> <span class='ocrx_word' id='word_1_549' title='bbox 897 3273 1075 3319; x_wconf 89' lang='lat' dir='ltr'><strong>competit,</strong></span> <span class='ocrx_word' id='word_1_550' title='bbox 1101 3273 1239 3310; x_wconf 90' lang='lat' dir='ltr'><strong>etiamsi</strong></span> <span class='ocrx_word' id='word_1_551' title='bbox 1263 3283 1304 3310; x_wconf 89' lang='lat' dir='ltr'><strong>eo</strong></span> 
     </span>
     <span class='ocr_line' id='line_1_71' title="bbox 220 3318 1248 3363; baseline -0.001 -8"><span class='ocrx_word' id='word_1_552' title='bbox 220 3323 293 3355; x_wconf 89' lang='lat' dir='ltr'><strong>tem</strong></span> <span class='ocrx_word' id='word_1_553' title='bbox 341 3328 381 3353; x_wconf 90' lang='lat' dir='ltr'><strong>re</strong></span> <span class='ocrx_word' id='word_1_554' title='bbox 403 3328 474 3363; x_wconf 89' lang='lat' dir='ltr'><strong>quo</strong></span> <span class='ocrx_word' id='word_1_555' title='bbox 496 3318 711 3363; x_wconf 84' lang='lat' dir='ltr'><strong>gerebantur</strong></span> <span class='ocrx_word' id='word_1_556' title='bbox 734 3318 914 3354; x_wconf 89' lang='lat' dir='ltr'><strong>dominum</strong></span> <span class='ocrx_word' id='word_1_557' title='bbox 938 3330 1011 3355; x_wconf 92' lang='lat' dir='ltr'><strong>non</strong></span> <span class='ocrx_word' id='word_1_558' title='bbox 1033 3318 1248 3354; x_wconf 84' lang='lat' dir='ltr'><strong>habuerunt.</strong></span> 
     </span>
    </p>

    <p class='ocr_par' dir='ltr' id='par_1_7' title="bbox 221 3360 1305 3453">
     <span class='ocr_line' id='line_1_72' title="bbox 271 3360 1304 3405; baseline -0.001 -5"><span class='ocrx_word' id='word_1_559' title='bbox 271 3363 290 3401; x_wconf 94' lang='lat'>1</span> <span class='ocrx_word' id='word_1_560' title='bbox 347 3360 428 3405; x_wconf 83' lang='grc'><strong>(20)</strong></span> <span class='ocrx_word' id='word_1_561' title='bbox 460 3361 655 3398; x_wconf 67' lang='grc' dir='ltr'><strong>Πινιᾼινυε</strong></span> <span class='ocrx_word' id='word_1_562' title='bbox 681 3363 772 3398; x_wconf 81' lang='lat' dir='ltr'><strong>libro</strong></span> <span class='ocrx_word' id='word_1_563' title='bbox 804 3363 938 3399; x_wconf 80' lang='lat' dir='ltr'><strong>decimo</strong></span> <span class='ocrx_word' id='word_1_564' title='bbox 970 3363 1020 3399; x_wconf 85' lang='lat' dir='ltr'><strong>ad</strong></span> <span class='ocrx_word' id='word_1_565' title='bbox 1041 3363 1195 3399; x_wconf 78' lang='lat' dir='ltr'><strong>edictum</strong></span> <span class='ocrx_word' id='word_1_566' title='bbox 1241 3362 1304 3399; x_wconf 86' lang='lat' dir='ltr'><strong>Sin</strong></span> 
     </span>
     <span class='ocr_line' id='line_1_73' title="bbox 221 3406 1305 3453; baseline 0 -9"><span class='ocrx_word' id='word_1_567' title='bbox 221 3413 343 3444; x_wconf 86' lang='lat' dir='ltr'><strong>autem</strong></span> <span class='ocrx_word' id='word_1_568' title='bbox 367 3406 465 3453; x_wconf 89' lang='lat' dir='ltr'><strong>apud</strong></span> <span class='ocrx_word' id='word_1_569' title='bbox 486 3407 608 3443; x_wconf 86' lang='lat' dir='ltr'><strong>hostes</strong></span> <span class='ocrx_word' id='word_1_570' title='bbox 632 3408 847 3443; x_wconf 89' lang='lat' dir='ltr'><strong>constitutus</strong></span> <span class='ocrx_word' id='word_1_571' title='bbox 871 3408 1033 3451; x_wconf 88' lang='lat' dir='ltr'><strong>decessit,</strong></span> <span class='ocrx_word' id='word_1_572' title='bbox 1058 3412 1094 3444; x_wconf 91' lang='lat' dir='ltr'><strong>et</strong></span> <span class='ocrx_word' id='word_1_573' title='bbox 1104 3408 1305 3444; x_wconf 86' lang='lat' dir='ltr'><strong>successori</strong></span> 
     </span>
    </p>
   </div>
   <div class='ocr_carea' id='block_1_3' title="bbox 220 3520 1303 3739">
    <p class='ocr_par' dir='ltr' id='par_1_8' title="bbox 220 3520 1303 3739">
     <span class='ocr_line' id='line_1_74' title="bbox 528 3520 1302 3563; baseline 0.001 -9"><span class='ocrx_word' id='word_1_574' title='bbox 528 3521 572 3562; x_wconf 84' lang='lat'><strong>(2)</strong></span> <span class='ocrx_word' id='word_1_575' title='bbox 596 3520 761 3554; x_wconf 87' lang='lat' dir='ltr'><strong>rationem</strong></span> <span class='ocrx_word' id='word_1_576' title='bbox 774 3520 846 3552; x_wconf 88' lang='lat' dir='ltr'><strong>eius</strong></span> <span class='ocrx_word' id='word_1_577' title='bbox 859 3523 954 3553; x_wconf 85' lang='lat' dir='ltr'><strong>actus</strong></span> <span class='ocrx_word' id='word_1_578' title='bbox 967 3533 1030 3554; x_wconf 74' lang='lat' dir='ltr'><strong>scr.</strong></span> <span class='ocrx_word' id='word_1_579' title='bbox 1145 3523 1189 3563; x_wconf 79' lang='grc'><strong>(3)</strong></span> <span class='ocrx_word' id='word_1_580' title='bbox 1213 3522 1251 3554; x_wconf 87' lang='lat' dir='ltr'><strong>in</strong></span> <span class='ocrx_word' id='word_1_581' title='bbox 1264 3520 1302 3562; x_wconf 82' lang='lat' dir='ltr'><strong>S,</strong></span> 
     </span>
     <span class='ocr_line' id='line_1_75' title="bbox 221 3564 1302 3609; baseline 0.001 -11"><span class='ocrx_word' id='word_1_582' title='bbox 221 3577 282 3598; x_wconf 76' lang='grc' dir='ltr'><strong>οηι.</strong></span> <span class='ocrx_word' id='word_1_583' title='bbox 302 3565 338 3599; x_wconf 75' lang='lat' dir='ltr'><em>F</em></span> <span class='ocrx_word' id='word_1_584' title='bbox 474 3565 518 3606; x_wconf 76' lang='grc'><strong>(4)</strong></span> <span class='ocrx_word' id='word_1_585' title='bbox 541 3566 591 3599; x_wconf 73' lang='grc' dir='ltr'><strong>εἰσ</strong></span> <span class='ocrx_word' id='word_1_586' title='bbox 600 3565 632 3599; x_wconf 79' lang='lat' dir='ltr'><strong><em>S</em></strong></span> <span class='ocrx_word' id='word_1_587' title='bbox 641 3577 711 3599; x_wconf 82' lang='lat' dir='ltr'><strong>eum</strong></span> <span class='ocrx_word' id='word_1_588' title='bbox 723 3564 770 3607; x_wconf 88' lang='grc' dir='ltr'><strong>Β,</strong></span> <span class='ocrx_word' id='word_1_589' title='bbox 785 3564 955 3606; x_wconf 82' lang='lat' dir='ltr'><strong>prooulset</strong></span> <span class='ocrx_word' id='word_1_590' title='bbox 966 3564 1028 3606; x_wconf 72' lang='lat' dir='ltr'><strong>F&#39;,</strong></span> <span class='ocrx_word' id='word_1_591' title='bbox 1045 3566 1213 3609; x_wconf 82' lang='lat' dir='ltr'><strong>proculire</strong></span> <span class='ocrx_word' id='word_1_592' title='bbox 1226 3567 1302 3606; x_wconf 84' lang='lat' dir='ltr'><strong>(non</strong></span> 
     </span>
     <span class='ocr_line' id='line_1_76' title="bbox 220 3608 809 3653; baseline 0 -11"><span class='ocrx_word' id='word_1_593' title='bbox 220 3608 414 3653; x_wconf 74' lang='lat' dir='ltr'><strong>proculus-c)</strong></span> <span class='ocrx_word' id='word_1_594' title='bbox 426 3610 460 3642; x_wconf 84' lang='lat' dir='ltr'><em>F</em></span> <span class='ocrx_word' id='word_1_595' title='bbox 464 3609 472 3628; x_wconf 94' lang='lat'><strong>¹</strong></span> <span class='ocrx_word' id='word_1_596' title='bbox 554 3610 597 3651; x_wconf 74' lang='grc'><strong>(8)</strong></span> <span class='ocrx_word' id='word_1_597' title='bbox 622 3609 736 3653; x_wconf 79' lang='lat' dir='ltr'><strong>potuit</strong></span> <span class='ocrx_word' id='word_1_598' title='bbox 745 3621 809 3642; x_wconf 74' lang='lat' dir='ltr'><strong>scr.</strong></span> 
     </span>
     <span class='ocr_line' id='line_1_77' title="bbox 221 3652 1303 3698; baseline 0.002 -12"><span class='ocrx_word' id='word_1_599' title='bbox 221 3654 289 3686; x_wconf 89' lang='lat' dir='ltr'><strong>sibi</strong></span> <span class='ocrx_word' id='word_1_600' title='bbox 302 3654 332 3687; x_wconf 90' lang='lat' dir='ltr'><strong><em>S</em></strong></span> <span class='ocrx_word' id='word_1_601' title='bbox 342 3666 410 3687; x_wconf 74' lang='lat' dir='ltr'><strong>cum</strong></span> <span class='ocrx_word' id='word_1_602' title='bbox 422 3654 470 3694; x_wconf 89' lang='grc' dir='ltr'><strong>Β,</strong></span> <span class='ocrx_word' id='word_1_603' title='bbox 483 3656 517 3686; x_wconf 81' lang='lat' dir='ltr'><strong>et</strong></span> <span class='ocrx_word' id='word_1_604' title='bbox 527 3654 558 3686; x_wconf 85' lang='lat' dir='ltr'><strong>si</strong></span> <span class='ocrx_word' id='word_1_605' title='bbox 570 3654 633 3698; x_wconf 85' lang='lat' dir='ltr'><strong>F&#39;²,</strong></span> <span class='ocrx_word' id='word_1_606' title='bbox 646 3656 681 3686; x_wconf 80' lang='lat' dir='ltr'><strong>et</strong></span> <span class='ocrx_word' id='word_1_607' title='bbox 691 3653 759 3686; x_wconf 86' lang='lat' dir='ltr'><strong>sibi</strong></span> <span class='ocrx_word' id='word_1_608' title='bbox 772 3652 825 3686; x_wconf 66' lang='grc' dir='ltr'><strong>Ρ*</strong></span> <span class='ocrx_word' id='word_1_609' title='bbox 903 3655 948 3695; x_wconf 85' lang='grc'><strong>(7)</strong></span> <span class='ocrx_word' id='word_1_610' title='bbox 972 3653 1092 3688; x_wconf 82' lang='lat' dir='ltr'><strong>debere</strong></span> <span class='ocrx_word' id='word_1_611' title='bbox 1105 3655 1194 3697; x_wconf 86' lang='lat' dir='ltr'><strong>quod</strong></span> <span class='ocrx_word' id='word_1_612' title='bbox 1206 3654 1303 3688; x_wconf 72' lang='lat' dir='ltr'><strong>Sabi·</strong></span> 
     </span>
     <span class='ocr_line' id='line_1_78' title="bbox 594 3697 960 3739; baseline 0 -7"><span class='ocrx_word' id='word_1_613' title='bbox 594 3700 639 3739; x_wconf 83' lang='lat' dir='ltr'><strong>(s)</strong></span> <span class='ocrx_word' id='word_1_614' title='bbox 663 3698 864 3731; x_wconf 83' lang='lat' dir='ltr'><strong>reddendam</strong></span> <span class='ocrx_word' id='word_1_615' title='bbox 877 3697 960 3732; x_wconf 71' lang='lat' dir='ltr'><strong>F’S</strong></span> 
     </span>
    </p>
   </div>
   <div class='ocr_carea' id='block_1_4' title="bbox 222 3521 413 3563">
    <p class='ocr_par' dir='ltr' id='par_1_9' title="bbox 222 3521 413 3563">
     <span class='ocr_line' id='line_1_79' title="bbox 222 3521 413 3563; baseline 0 -8"><span class='ocrx_word' id='word_1_616' title='bbox 222 3522 263 3563; x_wconf 84' lang='grc'><strong>(1)</strong></span> <span class='ocrx_word' id='word_1_617' title='bbox 288 3521 336 3553; x_wconf 84' lang='grc'><strong>818</strong></span> <span class='ocrx_word' id='word_1_618' title='bbox 350 3533 413 3555; x_wconf 79' lang='lat' dir='ltr'><strong>scr.</strong></span> 
     </span>
    </p>
   </div>
   <div class='ocr_carea' id='block_1_5' title="bbox 222 3697 1303 3739">
    <p class='ocr_par' dir='ltr' id='par_1_10' title="bbox 222 3697 1303 3739">
     <span class='ocr_line' id='line_1_80' title="bbox 222 3697 1303 3739; baseline 0.003 -10"><span class='ocrx_word' id='word_1_619' title='bbox 222 3708 285 3730; x_wconf 84' lang='lat' dir='ltr'><strong>nus</strong></span> <span class='ocrx_word' id='word_1_620' title='bbox 298 3697 418 3730; x_wconf 83' lang='lat' dir='ltr'><strong>scribit</strong></span> <span class='ocrx_word' id='word_1_621' title='bbox 428 3711 489 3731; x_wconf 74' lang='lat' dir='ltr'><strong>scr.</strong></span> <span class='ocrx_word' id='word_1_622' title='bbox 1083 3701 1127 3739; x_wconf 79' lang='lat'><strong>(9)</strong></span> <span class='ocrx_word' id='word_1_623' title='bbox 1152 3703 1232 3732; x_wconf 86' lang='lat' dir='ltr'><strong>tunc</strong></span> <span class='ocrx_word' id='word_1_624' title='bbox 1245 3699 1303 3739; x_wconf 67' lang='lat' dir='ltr'><strong>Fu,</strong></span> 
     </span>
    </p>
   </div>
   <div class='ocr_carea' id='block_1_6' title="bbox 901 3609 1710 3653">
    <p class='ocr_par' dir='ltr' id='par_1_11' title="bbox 901 3609 1710 3653">
     <span class='ocr_line' id='line_1_81' title="bbox 901 3609 1710 3653; baseline 0.001 -11"><span class='ocrx_word' id='word_1_625' title='bbox 901 3610 946 3650; x_wconf 82' lang='lat' dir='ltr'><strong>(e)</strong></span> <span class='ocrx_word' id='word_1_626' title='bbox 970 3612 1005 3642; x_wconf 81' lang='lat' dir='ltr'><strong>et</strong></span> <span class='ocrx_word' id='word_1_627' title='bbox 1015 3612 1042 3643; x_wconf 83' lang='lat' dir='ltr'><strong>si</strong></span> <span class='ocrx_word' id='word_1_628' title='bbox 1055 3614 1172 3653; x_wconf 75' lang='lat' dir='ltr'><strong>postea</strong></span> <span class='ocrx_word' id='word_1_629' title='bbox 1183 3610 1304 3644; x_wconf 85' lang='lat' dir='ltr'><strong>habuit</strong></span> <span class='ocrx_word' id='word_1_630' title='bbox 1371 3610 1430 3651; x_wconf 76' lang='lat'><strong>(18)</strong></span> <span class='ocrx_word' id='word_1_631' title='bbox 1454 3619 1537 3652; x_wconf 85' lang='lat' dir='ltr'><strong>quas</strong></span> <span class='ocrx_word' id='word_1_632' title='bbox 1550 3609 1589 3650; x_wconf 86' lang='lat' dir='ltr'><strong>S,</strong></span> <span class='ocrx_word' id='word_1_633' title='bbox 1602 3621 1661 3643; x_wconf 84' lang='lat' dir='ltr'><strong>om.</strong></span> <span class='ocrx_word' id='word_1_634' title='bbox 1673 3610 1710 3643; x_wconf 73' lang='lat' dir='ltr'><em>F</em></span> 
     </span>
    </p>
   </div>
   <div class='ocr_carea' id='block_1_7' title="bbox 1327 91 2476 148">
    <p class='ocr_par' dir='ltr' id='par_1_12' title="bbox 1327 91 2476 148">
     <span class='ocr_line' id='line_1_82' title="bbox 1327 91 2476 148; baseline 0.007 -9"><span class='ocrx_word' id='word_1_635' title='bbox 1327 91 1383 139; x_wconf 77' lang='lat'><strong>46</strong></span> <span class='ocrx_word' id='word_1_636' title='bbox 2175 112 2236 143; x_wconf 79' lang='lat' dir='ltr'><strong>m:</strong></span> <span class='ocrx_word' id='word_1_637' title='bbox 2265 113 2476 148; x_wconf 69' lang='grc'>1181801118</span> 
     </span>
    </p>
   </div>
   <div class='ocr_carea' id='block_1_8' title="bbox 1388 193 2474 267">
    <p class='ocr_par' dir='ltr' id='par_1_13' title="bbox 1388 193 2474 267">
     <span class='ocr_line' id='line_1_83' title="bbox 1388 193 2474 267; baseline 0.006 -15"><span class='ocrx_word' id='word_1_638' title='bbox 1388 220 1424 252; x_wconf 88' lang='grc'><strong>81</strong></span> <span class='ocrx_word' id='word_1_639' title='bbox 1454 215 1624 252; x_wconf 86' lang='lat' dir='ltr'><strong>adversus</strong></span> <span class='ocrx_word' id='word_1_640' title='bbox 1655 227 1902 254; x_wconf 88' lang='lat' dir='ltr'><strong>successorem</strong></span> <span class='ocrx_word' id='word_1_641' title='bbox 1933 219 2010 255; x_wconf 90' lang='lat' dir='ltr'><strong>eius</strong></span> <span class='ocrx_word' id='word_1_642' title='bbox 2045 193 2266 266; x_wconf 61' lang='lat' dir='ltr'><strong>negotiorum</strong></span> <span class='ocrx_word' id='word_1_643' title='bbox 2296 226 2474 267; x_wconf 89' lang='lat' dir='ltr'><strong>gestorum</strong></span> 
     </span>
    </p>
   </div>
   <div class='ocr_carea' id='block_1_9' title="bbox 1385 260 2528 1935">
    <p class='ocr_par' dir='ltr' id='par_1_14' title="bbox 1388 260 1994 309">
     <span class='ocr_line' id='line_1_84' title="bbox 1388 260 1994 309; baseline 0.003 -13"><span class='ocrx_word' id='word_1_644' title='bbox 1388 260 1524 296; x_wconf 88' lang='lat' dir='ltr'><strong>directa</strong></span> <span class='ocrx_word' id='word_1_645' title='bbox 1548 264 1585 296; x_wconf 90' lang='lat' dir='ltr'><strong>et</strong></span> <span class='ocrx_word' id='word_1_646' title='bbox 1607 262 1791 298; x_wconf 88' lang='lat' dir='ltr'><strong>contraria</strong></span> <span class='ocrx_word' id='word_1_647' title='bbox 1814 263 1994 309; x_wconf 89' lang='lat' dir='ltr'><strong>competit.</strong></span> 
     </span>
    </p>

    <p class='ocr_par' dir='ltr' id='par_1_15' title="bbox 1387 302 2476 802">
     <span class='ocr_line' id='line_1_85' title="bbox 1434 302 2476 348; baseline 0.006 -6"><span class='ocrx_word' id='word_1_648' title='bbox 1434 302 1487 343; x_wconf 91' lang='grc'><strong>20</strong></span> <span class='ocrx_word' id='word_1_649' title='bbox 1514 302 1594 348; x_wconf 89' lang='grc'>(21)</span> <span class='ocrx_word' id='word_1_650' title='bbox 1618 305 1676 342; x_wconf 70' lang='grc' dir='ltr'><strong>ΡΑ</strong></span> <span class='ocrx_word' id='word_1_651' title='bbox 1684 316 1783 343; x_wconf 58' lang='lat' dir='ltr'><strong>vsvs</strong></span> <span class='ocrx_word' id='word_1_652' title='bbox 1808 308 1899 345; x_wconf 78' lang='lat' dir='ltr'><strong>libro</strong></span> <span class='ocrx_word' id='word_1_653' title='bbox 1930 319 2024 344; x_wconf 82' lang='lat' dir='ltr'><strong>nono</strong></span> <span class='ocrx_word' id='word_1_654' title='bbox 2055 309 2106 345; x_wconf 86' lang='lat' dir='ltr'><strong>ad</strong></span> <span class='ocrx_word' id='word_1_655' title='bbox 2126 309 2280 346; x_wconf 77' lang='lat' dir='ltr'><strong>edictum</strong></span> <span class='ocrx_word' id='word_1_656' title='bbox 2324 310 2418 347; x_wconf 86' lang='lat' dir='ltr'><strong>Nam</strong></span> <span class='ocrx_word' id='word_1_657' title='bbox 2440 317 2476 348; x_wconf 80' lang='lat' dir='ltr'><strong>et</strong></span> 
     </span>
     <span class='ocr_line' id='line_1_86' title="bbox 1388 349 2474 403; baseline 0.006 -18"><span class='ocrx_word' id='word_1_658' title='bbox 1388 349 1531 403; x_wconf 77' lang='lat' dir='ltr'><strong>Servius</strong></span> <span class='ocrx_word' id='word_1_659' title='bbox 1554 351 1754 397; x_wconf 85' lang='lat' dir='ltr'><strong>respondit,</strong></span> <span class='ocrx_word' id='word_1_660' title='bbox 1777 355 1819 388; x_wconf 90' lang='lat' dir='ltr'><strong>ut</strong></span> <span class='ocrx_word' id='word_1_661' title='bbox 1840 356 1895 389; x_wconf 86' lang='lat' dir='ltr'><strong>est</strong></span> <span class='ocrx_word' id='word_1_662' title='bbox 1916 353 2067 389; x_wconf 89' lang='lat' dir='ltr'><strong>relatum</strong></span> <span class='ocrx_word' id='word_1_663' title='bbox 2090 354 2187 400; x_wconf 90' lang='lat' dir='ltr'><strong>apud</strong></span> <span class='ocrx_word' id='word_1_664' title='bbox 2197 354 2364 391; x_wconf 82' lang='lat' dir='ltr'><strong>Alfenum</strong></span> <span class='ocrx_word' id='word_1_665' title='bbox 2383 355 2474 393; x_wconf 90' lang='lat' dir='ltr'><strong>libro</strong></span> 
     </span>
     <span class='ocr_line' id='line_1_87' title="bbox 1387 396 2474 447; baseline 0.006 -17"><span class='ocrx_word' id='word_1_666' title='bbox 1387 398 1590 447; x_wconf 74' lang='lat' dir='ltr'><strong>trigensimo</strong></span> <span class='ocrx_word' id='word_1_667' title='bbox 1622 405 1715 432; x_wconf 89' lang='lat' dir='ltr'><strong>nono</strong></span> <span class='ocrx_word' id='word_1_668' title='bbox 1754 396 1987 443; x_wconf 80' lang='lat' dir='ltr'><strong>digestorum:</strong></span> <span class='ocrx_word' id='word_1_669' title='bbox 2021 408 2102 435; x_wconf 87' lang='lat' dir='ltr'><strong>cum</strong></span> <span class='ocrx_word' id='word_1_670' title='bbox 2133 409 2156 435; x_wconf 92' lang='lat' dir='ltr'><strong>a</strong></span> <span class='ocrx_word' id='word_1_671' title='bbox 2185 399 2370 436; x_wconf 87' lang='lat' dir='ltr'><strong>Lusitanis</strong></span> <span class='ocrx_word' id='word_1_672' title='bbox 2401 404 2474 438; x_wconf 84' lang='lat' dir='ltr'><strong>tres</strong></span> 
     </span>
     <span class='ocr_line' id='line_1_88' title="bbox 1389 442 2474 492; baseline 0.007 -18"><span class='ocrx_word' id='word_1_673' title='bbox 1389 443 1487 485; x_wconf 89' lang='lat' dir='ltr'><strong>capti</strong></span> <span class='ocrx_word' id='word_1_674' title='bbox 1509 444 1687 492; x_wconf 58' lang='grc'>88880181</span> <span class='ocrx_word' id='word_1_675' title='bbox 1711 452 1805 478; x_wconf 89' lang='lat' dir='ltr'><strong>unus</strong></span> <span class='ocrx_word' id='word_1_676' title='bbox 1829 453 1872 478; x_wconf 90' lang='lat' dir='ltr'><strong>ea</strong></span> <span class='ocrx_word' id='word_1_677' title='bbox 1895 442 2104 480; x_wconf 90' lang='lat' dir='ltr'><strong>condicione</strong></span> <span class='ocrx_word' id='word_1_678' title='bbox 2126 444 2267 487; x_wconf 91' lang='lat' dir='ltr'><strong>missus,</strong></span> <span class='ocrx_word' id='word_1_679' title='bbox 2291 445 2345 481; x_wconf 87' lang='lat' dir='ltr'><strong>uti</strong></span> <span class='ocrx_word' id='word_1_680' title='bbox 2366 455 2474 490; x_wconf 88' lang='lat' dir='ltr'><strong>pecu-</strong></span> 
     </span>
     <span class='ocr_line' id='line_1_89' title="bbox 1388 484 2474 532; baseline 0.006 -12"><span class='ocrx_word' id='word_1_681' title='bbox 1388 485 1485 520; x_wconf 87' lang='lat' dir='ltr'><strong>niam</strong></span> <span class='ocrx_word' id='word_1_682' title='bbox 1508 495 1574 530; x_wconf 90' lang='lat' dir='ltr'><strong>pro</strong></span> <span class='ocrx_word' id='word_1_683' title='bbox 1598 484 1712 521; x_wconf 80' lang='lat' dir='ltr'><strong>tribus</strong></span> <span class='ocrx_word' id='word_1_684' title='bbox 1740 486 1916 530; x_wconf 88' lang='lat' dir='ltr'><strong>adferret,</strong></span> <span class='ocrx_word' id='word_1_685' title='bbox 1948 492 1985 523; x_wconf 90' lang='lat' dir='ltr'><strong>et</strong></span> <span class='ocrx_word' id='word_1_686' title='bbox 2007 488 2076 524; x_wconf 89' lang='lat' dir='ltr'><strong>nisi</strong></span> <span class='ocrx_word' id='word_1_687' title='bbox 2098 489 2250 525; x_wconf 89' lang='lat' dir='ltr'><strong>redisset</strong></span> <span class='ocrx_word' id='word_1_688' title='bbox 2261 490 2301 532; x_wconf 80' lang='lat'><strong>¹⁴,</strong></span> <span class='ocrx_word' id='word_1_689' title='bbox 2333 494 2375 525; x_wconf 91' lang='lat' dir='ltr'><strong>ut</strong></span> <span class='ocrx_word' id='word_1_690' title='bbox 2404 490 2474 526; x_wconf 89' lang='lat' dir='ltr'><strong>duo</strong></span> 
     </span>
     <span class='ocr_line' id='line_1_90' title="bbox 1388 532 2475 579; baseline 0.006 -14"><span class='ocrx_word' id='word_1_691' title='bbox 1388 540 1453 575; x_wconf 90' lang='lat' dir='ltr'><strong>pro</strong></span> <span class='ocrx_word' id='word_1_692' title='bbox 1468 539 1509 566; x_wconf 91' lang='lat' dir='ltr'><strong>eo</strong></span> <span class='ocrx_word' id='word_1_693' title='bbox 1546 539 1664 576; x_wconf 89' lang='lat' dir='ltr'><strong>uoque</strong></span> <span class='ocrx_word' id='word_1_694' title='bbox 1679 532 1867 576; x_wconf 89' lang='lat' dir='ltr'><strong>pecuniam</strong></span> <span class='ocrx_word' id='word_1_695' title='bbox 1879 532 2016 575; x_wconf 88' lang='lat' dir='ltr'><strong>darent,</strong></span> <span class='ocrx_word' id='word_1_696' title='bbox 2036 534 2138 579; x_wconf 91' lang='lat' dir='ltr'><strong>isque</strong></span> <span class='ocrx_word' id='word_1_697' title='bbox 2156 534 2286 570; x_wconf 88' lang='lat' dir='ltr'><strong>reverti</strong></span> <span class='ocrx_word' id='word_1_698' title='bbox 2305 534 2475 571; x_wconf 89' lang='lat' dir='ltr'><strong>noluisset</strong></span> 
     </span>
     <span class='ocr_line' id='line_1_91' title="bbox 1390 575 2475 625; baseline 0.006 -16"><span class='ocrx_word' id='word_1_699' title='bbox 1390 578 1426 609; x_wconf 87' lang='lat' dir='ltr'><strong>et</strong></span> <span class='ocrx_word' id='word_1_700' title='bbox 1456 575 1503 610; x_wconf 93' lang='lat' dir='ltr'><strong>ob</strong></span> <span class='ocrx_word' id='word_1_701' title='bbox 1561 584 1629 611; x_wconf 88' lang='lat' dir='ltr'><strong>anc</strong></span> <span class='ocrx_word' id='word_1_702' title='bbox 1664 585 1810 612; x_wconf 88' lang='lat' dir='ltr'><strong>causam</strong></span> <span class='ocrx_word' id='word_1_703' title='bbox 1832 577 1883 613; x_wconf 91' lang='lat' dir='ltr'><strong>illi</strong></span> <span class='ocrx_word' id='word_1_704' title='bbox 1905 588 1971 622; x_wconf 87' lang='lat' dir='ltr'><strong>pro</strong></span> <span class='ocrx_word' id='word_1_705' title='bbox 1994 578 2100 614; x_wconf 89' lang='lat' dir='ltr'><strong>tertio</strong></span> <span class='ocrx_word' id='word_1_706' title='bbox 2124 589 2266 624; x_wconf 89' lang='lat' dir='ltr'><strong>quoque</strong></span> <span class='ocrx_word' id='word_1_707' title='bbox 2287 580 2475 625; x_wconf 86' lang='lat' dir='ltr'><strong>pecuniam</strong></span> 
     </span>
     <span class='ocr_line' id='line_1_92' title="bbox 1388 618 2474 669; baseline 0.006 -15"><span class='ocrx_word' id='word_1_708' title='bbox 1388 619 1596 655; x_wconf 83' lang='lat' dir='ltr'><strong>solvissent:</strong></span> <span class='ocrx_word' id='word_1_709' title='bbox 1623 618 1765 657; x_wconf 87' lang='lat' dir='ltr'><strong>Servius</strong></span> <span class='ocrx_word' id='word_1_710' title='bbox 1788 632 1846 657; x_wconf 92' lang='lat' dir='ltr'><strong>res</strong></span> <span class='ocrx_word' id='word_1_711' title='bbox 1873 622 1973 658; x_wconf 91' lang='lat' dir='ltr'><strong>ondit</strong></span> <span class='ocrx_word' id='word_1_712' title='bbox 1996 632 2150 668; x_wconf 89' lang='lat' dir='ltr'><strong>aequum</strong></span> <span class='ocrx_word' id='word_1_713' title='bbox 2174 633 2252 659; x_wconf 87' lang='lat' dir='ltr'><strong>esse</strong></span> <span class='ocrx_word' id='word_1_714' title='bbox 2274 628 2474 669; x_wconf 87' lang='lat' dir='ltr'><strong>praetorem</strong></span> 
     </span>
     <span class='ocr_line' id='line_1_93' title="bbox 1391 664 2475 714; baseline 0.006 -15"><span class='ocrx_word' id='word_1_715' title='bbox 1391 667 1406 699; x_wconf 88' lang='lat'>1</span> <span class='ocrx_word' id='word_1_716' title='bbox 1455 664 1493 699; x_wconf 93' lang='lat' dir='ltr'><strong>iii</strong></span> <span class='ocrx_word' id='word_1_717' title='bbox 1516 674 1596 700; x_wconf 89' lang='lat' dir='ltr'><strong>eum</strong></span> <span class='ocrx_word' id='word_1_718' title='bbox 1622 665 1769 701; x_wconf 90' lang='lat' dir='ltr'><strong>reddere</strong></span> <span class='ocrx_word' id='word_1_719' title='bbox 1791 666 1829 702; x_wconf 92' lang='lat' dir='ltr'><strong>iu</strong></span> <span class='ocrx_word' id='word_1_720' title='bbox 1866 667 1970 702; x_wconf 90' lang='lat' dir='ltr'><strong>cium.</strong></span> <span class='ocrx_word' id='word_1_721' title='bbox 2007 667 2076 711; x_wconf 75' lang='lat' dir='ltr'><strong>Qui</strong></span> <span class='ocrx_word' id='word_1_722' title='bbox 2098 668 2241 714; x_wconf 88' lang='lat' dir='ltr'><strong>negotia</strong></span> <span class='ocrx_word' id='word_1_723' title='bbox 2262 668 2475 706; x_wconf 87' lang='lat' dir='ltr'><strong>hereditaria</strong></span> 
     </span>
     <span class='ocr_line' id='line_1_94' title="bbox 1387 709 2472 802; baseline 0.006 -13"><span class='ocrx_word' id='word_1_724' title='bbox 1387 709 2183 802; x_wconf 49' lang='grc' dir='ltr'>113111“11111111111111ὥ118118</span> <span class='ocrx_word' id='word_1_725' title='bbox 2208 713 2305 794; x_wconf 59' lang='lat'><strong>¹¹33}</strong></span> <span class='ocrx_word' id='word_1_726' title='bbox 2324 713 2472 794; x_wconf 53' lang='lat' dir='ltr'><strong>{¹2¹1}ssss</strong></span> 
     </span>
    </p>

    <p class='ocr_par' dir='ltr' id='par_1_16' title="bbox 1385 768 2493 1432">
     <span class='ocr_line' id='line_1_95' title="bbox 2465 787 2474 802; baseline 0 0"><span class='ocrx_word' id='word_1_727' title='bbox 2465 787 2474 802; x_wconf 66' lang='grc' dir='ltr'>ἱ</span> 
     </span>
     <span class='ocr_line' id='line_1_96' title="bbox 1389 768 2473 844; baseline 0.006 -10"><span class='ocrx_word' id='word_1_728' title='bbox 1389 799 1473 844; x_wconf 90' lang='lat' dir='ltr'><strong>quia</strong></span> <span class='ocrx_word' id='word_1_729' title='bbox 1503 798 1541 835; x_wconf 90' lang='lat' dir='ltr'><strong>id</strong></span> <span class='ocrx_word' id='word_1_730' title='bbox 1573 809 1637 836; x_wconf 89' lang='lat' dir='ltr'><strong>aes</strong></span> <span class='ocrx_word' id='word_1_731' title='bbox 1668 801 1821 836; x_wconf 86' lang='lat' dir='ltr'><strong>alienum</strong></span> <span class='ocrx_word' id='word_1_732' title='bbox 1855 812 1937 837; x_wconf 91' lang='lat' dir='ltr'><strong>cum</strong></span> <span class='ocrx_word' id='word_1_733' title='bbox 1961 768 2088 837; x_wconf 56' lang='lat' dir='ltr'><strong>ceteri}</strong></span> <span class='ocrx_word' id='word_1_734' title='bbox 2111 802 2334 839; x_wconf 88' lang='lat' dir='ltr'><strong>hereditariis</strong></span> <span class='ocrx_word' id='word_1_735' title='bbox 2359 805 2473 840; x_wconf 85' lang='lat' dir='ltr'><strong>oneri·</strong></span> 
     </span>
     <span class='ocr_line' id='line_1_97' title="bbox 1388 844 2474 893; baseline 0.006 -15"><span class='ocrx_word' id='word_1_736' title='bbox 1388 846 1409 879; x_wconf 82' lang='lat'>2</span> <span class='ocrx_word' id='word_1_737' title='bbox 1456 844 1525 879; x_wconf 89' lang='lat' dir='ltr'><strong>bus</strong></span> <span class='ocrx_word' id='word_1_738' title='bbox 1557 844 1606 879; x_wconf 90' lang='lat' dir='ltr'><strong>ad</strong></span> <span class='ocrx_word' id='word_1_739' title='bbox 1639 855 1719 881; x_wconf 92' lang='lat' dir='ltr'><strong>eum</strong></span> <span class='ocrx_word' id='word_1_740' title='bbox 1749 846 1889 882; x_wconf 88' lang='lat' dir='ltr'><strong>transit.</strong></span> <span class='ocrx_word' id='word_1_741' title='bbox 1937 846 1976 882; x_wconf 88' lang='lat' dir='ltr'><strong>Si</strong></span> <span class='ocrx_word' id='word_1_742' title='bbox 1997 847 2075 883; x_wconf 91' lang='lat' dir='ltr'><strong>vivo</strong></span> <span class='ocrx_word' id='word_1_743' title='bbox 2100 846 2195 883; x_wconf 90' lang='lat' dir='ltr'><strong>Titio</strong></span> <span class='ocrx_word' id='word_1_744' title='bbox 2228 848 2370 893; x_wconf 89' lang='lat' dir='ltr'><strong>negotia</strong></span> <span class='ocrx_word' id='word_1_745' title='bbox 2400 849 2474 885; x_wconf 89' lang='lat' dir='ltr'><strong>eius</strong></span> 
     </span>
     <span class='ocr_line' id='line_1_98' title="bbox 1388 887 2472 937; baseline 0.006 -14"><span class='ocrx_word' id='word_1_746' title='bbox 1388 887 1639 925; x_wconf 89' lang='lat' dir='ltr'><strong>administrare</strong></span> <span class='ocrx_word' id='word_1_747' title='bbox 1670 891 1792 937; x_wconf 90' lang='lat' dir='ltr'><strong>coepi,</strong></span> <span class='ocrx_word' id='word_1_748' title='bbox 1824 891 2058 927; x_wconf 88' lang='lat' dir='ltr'><strong>intermittere</strong></span> <span class='ocrx_word' id='word_1_749' title='bbox 2081 895 2223 928; x_wconf 85' lang='lat' dir='ltr'><strong>mortuo</strong></span> <span class='ocrx_word' id='word_1_750' title='bbox 2248 903 2290 929; x_wconf 89' lang='grc'><strong>80</strong></span> <span class='ocrx_word' id='word_1_751' title='bbox 2315 904 2389 929; x_wconf 87' lang='lat' dir='ltr'><strong>non</strong></span> <span class='ocrx_word' id='word_1_752' title='bbox 2413 893 2472 929; x_wconf 91' lang='lat' dir='ltr'><strong>de-</strong></span> 
     </span>
     <span class='ocr_line' id='line_1_99' title="bbox 1388 933 2474 982; baseline 0.006 -13"><span class='ocrx_word' id='word_1_753' title='bbox 1388 933 1476 969; x_wconf 83' lang='lat' dir='ltr'><strong>beo:</strong></span> <span class='ocrx_word' id='word_1_754' title='bbox 1500 944 1594 970; x_wconf 84' lang='lat' dir='ltr'><strong>nova</strong></span> <span class='ocrx_word' id='word_1_755' title='bbox 1616 938 1736 971; x_wconf 90' lang='lat' dir='ltr'><strong>tamen</strong></span> <span class='ocrx_word' id='word_1_756' title='bbox 1758 936 1930 971; x_wconf 89' lang='lat' dir='ltr'><strong>inchoare</strong></span> <span class='ocrx_word' id='word_1_757' title='bbox 1952 946 2099 972; x_wconf 89' lang='lat' dir='ltr'><strong>necesse</strong></span> <span class='ocrx_word' id='word_1_758' title='bbox 2120 937 2207 972; x_wconf 88' lang='lat' dir='ltr'><strong>mihi</strong></span> <span class='ocrx_word' id='word_1_759' title='bbox 2229 948 2303 974; x_wconf 92' lang='lat' dir='ltr'><strong>non</strong></span> <span class='ocrx_word' id='word_1_760' title='bbox 2326 942 2391 982; x_wconf 91' lang='lat' dir='ltr'><strong>est,</strong></span> <span class='ocrx_word' id='word_1_761' title='bbox 2415 949 2474 975; x_wconf 86' lang='lat' dir='ltr'><strong>ve-</strong></span> 
     </span>
     <span class='ocr_line' id='line_1_100' title="bbox 1387 979 2474 1024; baseline 0.005 -10"><span class='ocrx_word' id='word_1_762' title='bbox 1387 982 1466 1014; x_wconf 89' lang='lat' dir='ltr'><strong>tera</strong></span> <span class='ocrx_word' id='word_1_763' title='bbox 1489 979 1668 1024; x_wconf 88' lang='lat' dir='ltr'><strong>explicare</strong></span> <span class='ocrx_word' id='word_1_764' title='bbox 1691 990 1735 1016; x_wconf 91' lang='lat' dir='ltr'><strong>ac</strong></span> <span class='ocrx_word' id='word_1_765' title='bbox 1759 991 1971 1017; x_wconf 89' lang='lat' dir='ltr'><strong>conservare</strong></span> <span class='ocrx_word' id='word_1_766' title='bbox 1993 982 2233 1018; x_wconf 88' lang='lat' dir='ltr'><strong>necessarium</strong></span> <span class='ocrx_word' id='word_1_767' title='bbox 2257 986 2322 1018; x_wconf 90' lang='lat' dir='ltr'><strong>est.</strong></span> <span class='ocrx_word' id='word_1_768' title='bbox 2354 987 2395 1019; x_wconf 90' lang='lat' dir='ltr'><strong>ut</strong></span> <span class='ocrx_word' id='word_1_769' title='bbox 2414 993 2474 1020; x_wconf 89' lang='lat' dir='ltr'><strong>ac·</strong></span> 
     </span>
     <span class='ocr_line' id='line_1_101' title="bbox 1389 1023 2473 1080; baseline 0.005 -21"><span class='ocrx_word' id='word_1_770' title='bbox 1389 1023 1476 1059; x_wconf 92' lang='lat' dir='ltr'><strong>cidit</strong></span> <span class='ocrx_word' id='word_1_771' title='bbox 1498 1034 1586 1077; x_wconf 45' lang='lat' dir='ltr'><strong>cum·</strong></span> <span class='ocrx_word' id='word_1_772' title='bbox 1604 1025 1695 1060; x_wconf 88' lang='lat' dir='ltr'><strong>alter</strong></span> <span class='ocrx_word' id='word_1_773' title='bbox 1713 1036 1757 1078; x_wconf 49' lang='lat' dir='ltr'><strong>e}</strong></span> <span class='ocrx_word' id='word_1_774' title='bbox 1777 1026 1883 1078; x_wconf 82' lang='lat' dir='ltr'><strong>sociis</strong></span> <span class='ocrx_word' id='word_1_775' title='bbox 1902 1029 2064 1079; x_wconf 75' lang='lat' dir='ltr'><strong>mortuus</strong></span> <span class='ocrx_word' id='word_1_776' title='bbox 2084 1030 2157 1062; x_wconf 89' lang='lat' dir='ltr'><strong>est:</strong></span> <span class='ocrx_word' id='word_1_777' title='bbox 2181 1038 2265 1063; x_wconf 87' lang='lat' dir='ltr'><strong>nam</strong></span> <span class='ocrx_word' id='word_1_778' title='bbox 2284 1038 2473 1080; x_wconf 78' lang='lat' dir='ltr'><strong>quaecum-</strong></span> 
     </span>
     <span class='ocr_line' id='line_1_102' title="bbox 1387 1071 2475 1163; baseline 0.006 -15"><span class='ocrx_word' id='word_1_779' title='bbox 1387 1079 1606 1160; x_wconf 46' lang='lat' dir='ltr'><strong>§seems</strong></span> <span class='ocrx_word' id='word_1_780' title='bbox 1626 1071 2110 1161; x_wconf 54' lang='lat' dir='ltr'><strong>{gtffiffilggffigffl</strong></span> <span class='ocrx_word' id='word_1_781' title='bbox 2126 1076 2306 1163; x_wconf 56' lang='grc' dir='ltr'><strong>1ᾝῖῗὲ</strong></span> <span class='ocrx_word' id='word_1_782' title='bbox 2316 1073 2475 1163; x_wconf 55' lang='lat' dir='ltr'><strong>&amp;32¹3ss</strong></span> 
     </span>
     <span class='ocr_line' id='line_1_103' title="bbox 1388 1159 2473 1211; baseline 0.004 -17"><span class='ocrx_word' id='word_1_783' title='bbox 1388 1161 1408 1194; x_wconf 88' lang='grc'><strong>3</strong></span> <span class='ocrx_word' id='word_1_784' title='bbox 1422 1203 1430 1211; x_wconf 32' lang='lat'><em>⁶</em></span> <span class='ocrx_word' id='word_1_785' title='bbox 1454 1159 1722 1196; x_wconf 87' lang='lat' dir='ltr'><strong>inchoarentur.</strong></span> <span class='ocrx_word' id='word_1_786' title='bbox 1768 1161 1946 1197; x_wconf 90' lang='lat' dir='ltr'><strong>Mandatu</strong></span> <span class='ocrx_word' id='word_1_787' title='bbox 1978 1164 2041 1197; x_wconf 89' lang='lat' dir='ltr'><strong>tuo</strong></span> <span class='ocrx_word' id='word_1_788' title='bbox 2072 1162 2215 1207; x_wconf 88' lang='lat' dir='ltr'><strong>negotia</strong></span> <span class='ocrx_word' id='word_1_789' title='bbox 2237 1172 2317 1198; x_wconf 90' lang='lat' dir='ltr'><strong>mea</strong></span> <span class='ocrx_word' id='word_1_790' title='bbox 2338 1162 2473 1199; x_wconf 87' lang='lat' dir='ltr'><strong>Lucius</strong></span> 
     </span>
     <span class='ocr_line' id='line_1_104' title="bbox 1388 1203 2493 1252; baseline 0.004 -13"><span class='ocrx_word' id='word_1_791' title='bbox 1388 1203 1504 1240; x_wconf 89' lang='lat' dir='ltr'><strong>Titius</strong></span> <span class='ocrx_word' id='word_1_792' title='bbox 1527 1205 1658 1249; x_wconf 88' lang='lat' dir='ltr'><strong>gessit:</strong></span> <span class='ocrx_word' id='word_1_793' title='bbox 1692 1205 1789 1251; x_wconf 88' lang='lat' dir='ltr'><strong>quod</strong></span> <span class='ocrx_word' id='word_1_794' title='bbox 1810 1206 1842 1242; x_wconf 87' lang='lat' dir='ltr'><strong>is</strong></span> <span class='ocrx_word' id='word_1_795' title='bbox 1865 1216 1939 1242; x_wconf 92' lang='lat' dir='ltr'><strong>non</strong></span> <span class='ocrx_word' id='word_1_796' title='bbox 1961 1210 2060 1242; x_wconf 90' lang='lat' dir='ltr'><strong>recte</strong></span> <span class='ocrx_word' id='word_1_797' title='bbox 2081 1207 2211 1252; x_wconf 84' lang='lat' dir='ltr'><strong>gessit,</strong></span> <span class='ocrx_word' id='word_1_798' title='bbox 2243 1211 2283 1243; x_wconf 89' lang='lat' dir='ltr'><strong>tu</strong></span> <span class='ocrx_word' id='word_1_799' title='bbox 2307 1207 2393 1243; x_wconf 89' lang='lat' dir='ltr'><strong>mihi</strong></span> <span class='ocrx_word' id='word_1_800' title='bbox 2415 1218 2493 1252; x_wconf 46' lang='lat' dir='ltr'><strong>ac-‚</strong></span> 
     </span>
     <span class='ocr_line' id='line_1_105' title="bbox 1387 1249 2472 1295; baseline 0.004 -11"><span class='ocrx_word' id='word_1_801' title='bbox 1387 1249 1485 1285; x_wconf 90' lang='lat' dir='ltr'><strong>tione</strong></span> <span class='ocrx_word' id='word_1_802' title='bbox 1508 1250 1731 1294; x_wconf 87' lang='lat' dir='ltr'><strong>negotiorum</strong></span> <span class='ocrx_word' id='word_1_803' title='bbox 1752 1254 1934 1295; x_wconf 86' lang='lat' dir='ltr'><strong>gestorum</strong></span> <span class='ocrx_word' id='word_1_804' title='bbox 1955 1251 2089 1287; x_wconf 88' lang='lat' dir='ltr'><strong>teneris</strong></span> <span class='ocrx_word' id='word_1_805' title='bbox 2121 1262 2195 1288; x_wconf 93' lang='lat' dir='ltr'><strong>non</strong></span> <span class='ocrx_word' id='word_1_806' title='bbox 2225 1252 2263 1288; x_wconf 92' lang='lat' dir='ltr'><strong>in</strong></span> <span class='ocrx_word' id='word_1_807' title='bbox 2294 1252 2364 1288; x_wconf 90' lang='lat' dir='ltr'><strong>hoc</strong></span> <span class='ocrx_word' id='word_1_808' title='bbox 2394 1256 2472 1288; x_wconf 88' lang='lat' dir='ltr'><strong>tan-</strong></span> 
     </span>
     <span class='ocr_line' id='line_1_106' title="bbox 1386 1295 2472 1343; baseline 0.004 -14"><span class='ocrx_word' id='word_1_809' title='bbox 1386 1297 1475 1336; x_wconf 90' lang='lat' dir='ltr'><strong>tum,</strong></span> <span class='ocrx_word' id='word_1_810' title='bbox 1499 1297 1540 1329; x_wconf 93' lang='lat' dir='ltr'><strong>ut</strong></span> <span class='ocrx_word' id='word_1_811' title='bbox 1563 1295 1722 1331; x_wconf 89' lang='lat' dir='ltr'><strong>actiones</strong></span> <span class='ocrx_word' id='word_1_812' title='bbox 1745 1300 1826 1331; x_wconf 88' lang='lat' dir='ltr'><strong>tuas</strong></span> <span class='ocrx_word' id='word_1_813' title='bbox 1843 1300 2014 1341; x_wconf 84' lang='lat' dir='ltr'><strong>praestes,</strong></span> <span class='ocrx_word' id='word_1_814' title='bbox 2039 1296 2103 1332; x_wconf 90' lang='lat' dir='ltr'><strong>sed</strong></span> <span class='ocrx_word' id='word_1_815' title='bbox 2122 1297 2230 1332; x_wconf 89' lang='lat' dir='ltr'><strong>etiam</strong></span> <span class='ocrx_word' id='word_1_816' title='bbox 2251 1297 2388 1343; x_wconf 83' lang='lat' dir='ltr'><strong>quod¹⁵</strong></span> <span class='ocrx_word' id='word_1_817' title='bbox 2409 1298 2472 1333; x_wconf 91' lang='lat' dir='ltr'><strong>im·</strong></span> 
     </span>
     <span class='ocr_line' id='line_1_107' title="bbox 1386 1339 2472 1388; baseline 0.004 -14"><span class='ocrx_word' id='word_1_818' title='bbox 1386 1339 1580 1384; x_wconf 90' lang='lat' dir='ltr'><strong>prudenter</strong></span> <span class='ocrx_word' id='word_1_819' title='bbox 1599 1350 1680 1375; x_wconf 89' lang='lat' dir='ltr'><strong>eum</strong></span> <span class='ocrx_word' id='word_1_820' title='bbox 1700 1340 1855 1386; x_wconf 88' lang='lat' dir='ltr'><strong>elegeris,</strong></span> <span class='ocrx_word' id='word_1_821' title='bbox 1879 1345 1920 1376; x_wconf 93' lang='lat' dir='ltr'><strong>ut</strong></span> <span class='ocrx_word' id='word_1_822' title='bbox 1938 1341 2110 1387; x_wconf 91' lang='lat' dir='ltr'><strong>quidquid</strong></span> <span class='ocrx_word' id='word_1_823' title='bbox 2134 1342 2334 1378; x_wconf 82' lang='lat' dir='ltr'><strong>detrimenti</strong></span> <span class='ocrx_word' id='word_1_824' title='bbox 2356 1343 2472 1388; x_wconf 86' lang='lat' dir='ltr'><strong>negle-</strong></span> 
     </span>
     <span class='ocr_line' id='line_1_108' title="bbox 1385 1384 2129 1432; baseline 0.007 -14"><span class='ocrx_word' id='word_1_825' title='bbox 1385 1384 1506 1429; x_wconf 85' lang='lat' dir='ltr'><strong>gentia</strong></span> <span class='ocrx_word' id='word_1_826' title='bbox 1529 1384 1604 1420; x_wconf 90' lang='lat' dir='ltr'><strong>eius</strong></span> <span class='ocrx_word' id='word_1_827' title='bbox 1626 1384 1723 1429; x_wconf 84' lang='lat' dir='ltr'><strong>fecit,</strong></span> <span class='ocrx_word' id='word_1_828' title='bbox 1747 1389 1788 1421; x_wconf 93' lang='lat' dir='ltr'><strong>tu</strong></span> <span class='ocrx_word' id='word_1_829' title='bbox 1810 1386 1896 1422; x_wconf 91' lang='lat' dir='ltr'><strong>mihi</strong></span> <span class='ocrx_word' id='word_1_830' title='bbox 1918 1391 2078 1432; x_wconf 88' lang='lat' dir='ltr'><strong>praestes</strong></span> <span class='ocrx_word' id='word_1_831' title='bbox 2091 1387 2129 1422; x_wconf 78' lang='lat'><strong>¹⁶.</strong></span> 
     </span>
    </p>

    <p class='ocr_par' dir='ltr' id='par_1_17' title="bbox 1385 1426 2528 1935">
     <span class='ocr_line' id='line_1_109' title="bbox 1433 1426 2474 1479; baseline 0.002 -13"><span class='ocrx_word' id='word_1_832' title='bbox 1433 1426 1484 1467; x_wconf 87' lang='lat'><strong>21</strong></span> <span class='ocrx_word' id='word_1_833' title='bbox 1513 1427 1594 1472; x_wconf 84' lang='lat'><strong>(22)</strong></span> <span class='ocrx_word' id='word_1_834' title='bbox 1622 1429 1746 1466; x_wconf 52' lang='lat' dir='ltr'><strong>Giiws</strong></span> <span class='ocrx_word' id='word_1_835' title='bbox 1765 1431 1856 1467; x_wconf 83' lang='lat' dir='ltr'><strong>libro</strong></span> <span class='ocrx_word' id='word_1_836' title='bbox 1881 1432 1985 1468; x_wconf 79' lang='lat' dir='ltr'><strong>tertio</strong></span> <span class='ocrx_word' id='word_1_837' title='bbox 2010 1431 2061 1467; x_wconf 89' lang='lat' dir='ltr'><strong>ad</strong></span> <span class='ocrx_word' id='word_1_838' title='bbox 2078 1431 2232 1468; x_wconf 80' lang='lat' dir='ltr'><strong>edictum</strong></span> <span class='ocrx_word' id='word_1_839' title='bbox 2244 1433 2474 1479; x_wconf 76' lang='lat' dir='ltr'><strong>provinciale</strong></span> 
     </span>
     <span class='ocr_line' id='line_1_110' title="bbox 1387 1473 2472 1522; baseline 0.005 -13"><span class='ocrx_word' id='word_1_840' title='bbox 1387 1473 1467 1510; x_wconf 87' lang='lat' dir='ltr'><strong>Sive</strong></span> <span class='ocrx_word' id='word_1_841' title='bbox 1489 1474 1705 1511; x_wconf 86' lang='lat' dir='ltr'><strong>hereditaria</strong></span> <span class='ocrx_word' id='word_1_842' title='bbox 1727 1476 1870 1521; x_wconf 90' lang='lat' dir='ltr'><strong>negotia</strong></span> <span class='ocrx_word' id='word_1_843' title='bbox 1889 1477 1963 1512; x_wconf 92' lang='lat' dir='ltr'><strong>sive</strong></span> <span class='ocrx_word' id='word_1_844' title='bbox 1982 1487 2036 1519; x_wconf 90' lang='lat' dir='ltr'><strong>ea,</strong></span> <span class='ocrx_word' id='word_1_845' title='bbox 2059 1486 2152 1522; x_wconf 88' lang='lat' dir='ltr'><strong>quae</strong></span> <span class='ocrx_word' id='word_1_846' title='bbox 2171 1477 2322 1514; x_wconf 91' lang='lat' dir='ltr'><strong>alicuius</strong></span> <span class='ocrx_word' id='word_1_847' title='bbox 2344 1482 2472 1519; x_wconf 89' lang='lat' dir='ltr'><strong>essent,</strong></span> 
     </span>
     <span class='ocr_line' id='line_1_111' title="bbox 1385 1519 2528 1571; baseline 0.003 -17"><span class='ocrx_word' id='word_1_848' title='bbox 1385 1529 1509 1571; x_wconf 82' lang='lat' dir='ltr'><strong>gerens</strong></span> <span class='ocrx_word' id='word_1_849' title='bbox 1532 1519 1659 1565; x_wconf 91' lang='lat' dir='ltr'><strong>aliquis</strong></span> <span class='ocrx_word' id='word_1_850' title='bbox 1682 1521 1884 1557; x_wconf 87' lang='lat' dir='ltr'><strong>necessario</strong></span> <span class='ocrx_word' id='word_1_851' title='bbox 1908 1532 1983 1557; x_wconf 91' lang='lat' dir='ltr'><strong>rem</strong></span> <span class='ocrx_word' id='word_1_852' title='bbox 2001 1521 2134 1565; x_wconf 88' lang='lat' dir='ltr'><strong>emerit,</strong></span> <span class='ocrx_word' id='word_1_853' title='bbox 2157 1522 2243 1558; x_wconf 91' lang='lat' dir='ltr'><strong>licet</strong></span> <span class='ocrx_word' id='word_1_854' title='bbox 2254 1523 2282 1544; x_wconf 85' lang='lat'><strong>¹⁷</strong></span> <span class='ocrx_word' id='word_1_855' title='bbox 2302 1532 2346 1558; x_wconf 88' lang='lat' dir='ltr'><strong>ea</strong></span> <span class='ocrx_word' id='word_1_856' title='bbox 2363 1522 2471 1559; x_wconf 91' lang='lat' dir='ltr'><strong>inter-</strong></span> <span class='ocrx_word' id='word_1_857' title='bbox 2526 1555 2528 1557; x_wconf 87' lang='lat'><strong>.</strong></span> 
     </span>
     <span class='ocr_line' id='line_1_112' title="bbox 1386 1564 2470 1613; baseline 0.005 -14"><span class='ocrx_word' id='word_1_858' title='bbox 1386 1564 1476 1607; x_wconf 89' lang='lat' dir='ltr'><strong>ierit,</strong></span> <span class='ocrx_word' id='word_1_859' title='bbox 1500 1565 1632 1610; x_wconf 87' lang='lat' dir='ltr'><strong>poterit</strong></span> <span class='ocrx_word' id='word_1_860' title='bbox 1655 1565 1752 1611; x_wconf 88' lang='lat' dir='ltr'><strong>quod</strong></span> <span class='ocrx_word' id='word_1_861' title='bbox 1773 1566 1985 1611; x_wconf 89' lang='lat' dir='ltr'><strong>impenderit</strong></span> <span class='ocrx_word' id='word_1_862' title='bbox 2002 1566 2133 1602; x_wconf 89' lang='lat' dir='ltr'><strong>iudicio</strong></span> <span class='ocrx_word' id='word_1_863' title='bbox 2154 1567 2376 1612; x_wconf 87' lang='lat' dir='ltr'><strong>negotiorum</strong></span> <span class='ocrx_word' id='word_1_864' title='bbox 2394 1578 2470 1613; x_wconf 91' lang='lat' dir='ltr'><strong>ges-</strong></span> 
     </span>
     <span class='ocr_line' id='line_1_113' title="bbox 1386 1611 2470 1656; baseline 0.004 -12"><span class='ocrx_word' id='word_1_865' title='bbox 1386 1613 1505 1645; x_wconf 86' lang='lat' dir='ltr'><strong>torum</strong></span> <span class='ocrx_word' id='word_1_866' title='bbox 1537 1611 1724 1656; x_wconf 90' lang='lat' dir='ltr'><strong>consequi:</strong></span> <span class='ocrx_word' id='word_1_867' title='bbox 1756 1611 1865 1647; x_wconf 86' lang='lat' dir='ltr'><strong>veluti</strong></span> <span class='ocrx_word' id='word_1_868' title='bbox 1897 1612 1929 1647; x_wconf 92' lang='lat' dir='ltr'><strong>si</strong></span> <span class='ocrx_word' id='word_1_869' title='bbox 1949 1611 2167 1648; x_wconf 89' lang='lat' dir='ltr'><strong>frumentum</strong></span> <span class='ocrx_word' id='word_1_870' title='bbox 2190 1616 2254 1648; x_wconf 88' lang='lat' dir='ltr'><strong>aut</strong></span> <span class='ocrx_word' id='word_1_871' title='bbox 2275 1613 2395 1648; x_wconf 91' lang='lat' dir='ltr'><strong>vinum</strong></span> <span class='ocrx_word' id='word_1_872' title='bbox 2417 1613 2470 1648; x_wconf 88' lang='lat' dir='ltr'><strong>fa-</strong></span> 
     </span>
     <span class='ocr_line' id='line_1_114' title="bbox 1386 1654 2472 1736; baseline 0.004 -47"><span class='ocrx_word' id='word_1_873' title='bbox 1386 1654 1503 1689; x_wconf 91' lang='lat' dir='ltr'><strong>miliae</strong></span> <span class='ocrx_word' id='word_1_874' title='bbox 1519 1655 1706 1706; x_wconf 40' lang='lat' dir='ltr'><strong>·paraverit</strong></span> <span class='ocrx_word' id='word_1_875' title='bbox 1727 1655 1834 1736; x_wconf 60' lang='lat' dir='ltr'><strong>idgue</strong></span> <span class='ocrx_word' id='word_1_876' title='bbox 1858 1667 1945 1692; x_wconf 86' lang='lat' dir='ltr'><strong>casu</strong></span> <span class='ocrx_word' id='word_1_877' title='bbox 1968 1657 2123 1702; x_wconf 89' lang='lat' dir='ltr'><strong>quodam</strong></span> <span class='ocrx_word' id='word_1_878' title='bbox 2153 1657 2347 1701; x_wconf 84' lang='lat' dir='ltr'><strong>interierit,</strong></span> <span class='ocrx_word' id='word_1_879' title='bbox 2379 1657 2472 1694; x_wconf 89' lang='lat' dir='ltr'><strong>forte</strong></span> 
     </span>
     <span class='ocr_line' id='line_1_115' title="bbox 1386 1699 2472 1752; baseline 0.004 -18"><span class='ocrx_word' id='word_1_880' title='bbox 1386 1699 1549 1752; x_wconf 76' lang='lat' dir='ltr'><strong>incendio</strong></span> <span class='ocrx_word' id='word_1_881' title='bbox 1574 1700 1689 1735; x_wconf 90' lang='lat' dir='ltr'><strong>ruina.</strong></span> <span class='ocrx_word' id='word_1_882' title='bbox 1712 1711 1764 1752; x_wconf 40' lang='grc'><strong>,88</strong></span> <span class='ocrx_word' id='word_1_883' title='bbox 1821 1701 1873 1736; x_wconf 86' lang='grc'><strong>118</strong></span> <span class='ocrx_word' id='word_1_884' title='bbox 1904 1702 2039 1737; x_wconf 86' lang='grc'>88111881</span> <span class='ocrx_word' id='word_1_885' title='bbox 2070 1702 2140 1738; x_wconf 89' lang='lat' dir='ltr'><strong>hoc</strong></span> <span class='ocrx_word' id='word_1_886' title='bbox 2171 1702 2242 1738; x_wconf 91' lang='lat' dir='ltr'><strong>dici</strong></span> <span class='ocrx_word' id='word_1_887' title='bbox 2271 1706 2410 1748; x_wconf 89' lang='lat' dir='ltr'><strong>potest,</strong></span> <span class='ocrx_word' id='word_1_888' title='bbox 2441 1703 2472 1739; x_wconf 91' lang='lat' dir='ltr'><strong>si</strong></span> 
     </span>
     <span class='ocr_line' id='line_1_116' title="bbox 1386 1746 2470 1790; baseline 0.003 -10"><span class='ocrx_word' id='word_1_889' title='bbox 1386 1754 1466 1790; x_wconf 83' lang='lat' dir='ltr'><strong>ipsa</strong></span> <span class='ocrx_word' id='word_1_890' title='bbox 1487 1755 1593 1780; x_wconf 87' lang='lat' dir='ltr'><strong>ruina</strong></span> <span class='ocrx_word' id='word_1_891' title='bbox 1622 1746 1679 1781; x_wconf 89' lang='lat' dir='ltr'><strong>vel</strong></span> <span class='ocrx_word' id='word_1_892' title='bbox 1709 1746 1914 1781; x_wconf 90' lang='lat' dir='ltr'><strong>incendium</strong></span> <span class='ocrx_word' id='word_1_893' title='bbox 1945 1747 2022 1783; x_wconf 91' lang='lat' dir='ltr'><strong>sine</strong></span> <span class='ocrx_word' id='word_1_894' title='bbox 2050 1747 2135 1783; x_wconf 86' lang='lat' dir='ltr'><strong>vitio</strong></span> <span class='ocrx_word' id='word_1_895' title='bbox 2171 1747 2248 1783; x_wconf 92' lang='lat' dir='ltr'><strong>eius</strong></span> <span class='ocrx_word' id='word_1_896' title='bbox 2281 1747 2470 1783; x_wconf 88' lang='lat' dir='ltr'><strong>acciderit:</strong></span> 
     </span>
     <span class='ocr_line' id='line_1_117' title="bbox 1386 1791 2470 1836; baseline 0.004 -12"><span class='ocrx_word' id='word_1_897' title='bbox 1386 1799 1470 1824; x_wconf 92' lang='lat' dir='ltr'><strong>nain</strong></span> <span class='ocrx_word' id='word_1_898' title='bbox 1494 1800 1575 1825; x_wconf 87' lang='lat' dir='ltr'><strong>cum</strong></span> <span class='ocrx_word' id='word_1_899' title='bbox 1597 1793 1742 1836; x_wconf 89' lang='lat' dir='ltr'><strong>propter</strong></span> <span class='ocrx_word' id='word_1_900' title='bbox 1763 1791 1879 1836; x_wconf 87' lang='lat' dir='ltr'><strong>ipsam</strong></span> <span class='ocrx_word' id='word_1_901' title='bbox 1901 1792 2042 1827; x_wconf 91' lang='lat' dir='ltr'><strong>ruinam</strong></span> <span class='ocrx_word' id='word_1_902' title='bbox 2065 1795 2129 1827; x_wconf 90' lang='lat' dir='ltr'><strong>aut</strong></span> <span class='ocrx_word' id='word_1_903' title='bbox 2150 1792 2353 1828; x_wconf 90' lang='lat' dir='ltr'><strong>incendium</strong></span> <span class='ocrx_word' id='word_1_904' title='bbox 2373 1792 2470 1828; x_wconf 89' lang='lat' dir='ltr'><strong>dam-</strong></span> 
     </span>
     <span class='ocr_line' id='line_1_118' title="bbox 1386 1834 2470 1880; baseline 0.004 -11"><span class='ocrx_word' id='word_1_905' title='bbox 1386 1834 1528 1870; x_wconf 87' lang='lat' dir='ltr'><strong>nandus</strong></span> <span class='ocrx_word' id='word_1_906' title='bbox 1549 1835 1606 1878; x_wconf 92' lang='lat' dir='ltr'><strong>sit,</strong></span> <span class='ocrx_word' id='word_1_907' title='bbox 1627 1835 1824 1871; x_wconf 90' lang='lat' dir='ltr'><strong>absurdum</strong></span> <span class='ocrx_word' id='word_1_908' title='bbox 1843 1839 1898 1872; x_wconf 90' lang='lat' dir='ltr'><strong>est</strong></span> <span class='ocrx_word' id='word_1_909' title='bbox 1919 1847 2000 1872; x_wconf 92' lang='lat' dir='ltr'><strong>eum</strong></span> <span class='ocrx_word' id='word_1_910' title='bbox 2020 1837 2170 1872; x_wconf 89' lang='lat' dir='ltr'><strong>istarum</strong></span> <span class='ocrx_word' id='word_1_911' title='bbox 2189 1847 2308 1872; x_wconf 90' lang='lat' dir='ltr'><strong>rerum</strong></span> <span class='ocrx_word' id='word_1_912' title='bbox 2320 1838 2470 1880; x_wconf 83' lang='lat' dir='ltr'><strong>nomine,</strong></span> 
     </span>
     <span class='ocr_line' id='line_1_119' title="bbox 1387 1880 2349 1935; baseline 0.004 -21"><span class='ocrx_word' id='word_1_913' title='bbox 1387 1889 1480 1925; x_wconf 87' lang='lat' dir='ltr'><strong>quae</strong></span> <span class='ocrx_word' id='word_1_914' title='bbox 1502 1880 1554 1915; x_wconf 89' lang='lat' dir='ltr'><strong>ita</strong></span> <span class='ocrx_word' id='word_1_915' title='bbox 1578 1884 1812 1926; x_wconf 89' lang='lat' dir='ltr'><strong>consumptae</strong></span> <span class='ocrx_word' id='word_1_916' title='bbox 1836 1885 1930 1924; x_wconf 89' lang='lat' dir='ltr'><strong>sunt,</strong></span> <span class='ocrx_word' id='word_1_917' title='bbox 1955 1882 2145 1935; x_wconf 78' lang='lat' dir='ltr'><strong>quicquam</strong></span> <span class='ocrx_word' id='word_1_918' title='bbox 2169 1883 2349 1935; x_wconf 84' lang='lat' dir='ltr'><strong>consequi.</strong></span> 
     </span>
    </p>
   </div>
   <div class='ocr_carea' id='block_1_10' title="bbox 1386 1922 2528 2025">
    <p class='ocr_par' dir='ltr' id='par_1_18' title="bbox 1386 1922 2528 2025">
     <span class='ocr_line' id='line_1_120' title="bbox 1433 1922 2528 1967; baseline 0.002 -6"><span class='ocrx_word' id='word_1_919' title='bbox 1433 1922 1486 1961; x_wconf 86' lang='lat'><strong>22</strong></span> <span class='ocrx_word' id='word_1_920' title='bbox 1512 1922 1593 1967; x_wconf 87' lang='lat'><strong>(23)</strong></span> <span class='ocrx_word' id='word_1_921' title='bbox 1625 1925 1786 1961; x_wconf 73' lang='grc' dir='ltr'><em>ΡΑυισε</em></span> <span class='ocrx_word' id='word_1_922' title='bbox 1813 1926 1904 1962; x_wconf 84' lang='lat' dir='ltr'><strong>libro</strong></span> <span class='ocrx_word' id='word_1_923' title='bbox 1934 1928 2124 1962; x_wconf 64' lang='lat' dir='ltr'><strong>vicensimo</strong></span> <span class='ocrx_word' id='word_1_924' title='bbox 2156 1926 2206 1962; x_wconf 90' lang='lat' dir='ltr'><strong>ad</strong></span> <span class='ocrx_word' id='word_1_925' title='bbox 2234 1927 2388 1963; x_wconf 76' lang='lat' dir='ltr'><strong>edzctum</strong></span> <span class='ocrx_word' id='word_1_926' title='bbox 2434 1927 2472 1963; x_wconf 90' lang='lat' dir='ltr'><strong>Si</strong></span> <span class='ocrx_word' id='word_1_927' title='bbox 2526 1924 2528 1929; x_wconf 46' lang='lat'>¹</span> 
     </span>
     <span class='ocr_line' id='line_1_121' title="bbox 1386 1970 2528 2025; baseline 0.003 -20"><span class='ocrx_word' id='word_1_928' title='bbox 1386 1970 1466 2015; x_wconf 89' lang='lat' dir='ltr'><strong>quis</strong></span> <span class='ocrx_word' id='word_1_929' title='bbox 1489 1970 1631 2015; x_wconf 89' lang='lat' dir='ltr'><strong>negotia</strong></span> <span class='ocrx_word' id='word_1_930' title='bbox 1653 1971 1770 2006; x_wconf 89' lang='lat' dir='ltr'><strong>aliena</strong></span> <span class='ocrx_word' id='word_1_931' title='bbox 1791 1981 1917 2016; x_wconf 88' lang='lat' dir='ltr'><strong>gerens</strong></span> <span class='ocrx_word' id='word_1_932' title='bbox 1940 1971 2137 2007; x_wconf 90' lang='lat' dir='ltr'><strong>indebitum</strong></span> <span class='ocrx_word' id='word_1_933' title='bbox 2161 1972 2336 2025; x_wconf 85' lang='lat' dir='ltr'><strong>exegerit,</strong></span> <span class='ocrx_word' id='word_1_934' title='bbox 2367 1973 2470 2008; x_wconf 87' lang='lat' dir='ltr'><strong>resti·</strong></span> <span class='ocrx_word' id='word_1_935' title='bbox 2524 1991 2528 1994; x_wconf 96' lang='lat'>·</span> 
     </span>
    </p>
   </div>
   <div class='ocr_carea' id='block_1_11' title="bbox 1385 2015 2469 2153">
    <p class='ocr_par' dir='ltr' id='par_1_19' title="bbox 1385 2015 2469 2153">
     <span class='ocr_line' id='line_1_122' title="bbox 1385 2015 2469 2062; baseline 0.003 -12"><span class='ocrx_word' id='word_1_936' title='bbox 1385 2019 1487 2050; x_wconf 88' lang='lat' dir='ltr'><strong>tuere</strong></span> <span class='ocrx_word' id='word_1_937' title='bbox 1511 2015 1667 2060; x_wconf 84' lang='lat' dir='ltr'><strong>cogitur:</strong></span> <span class='ocrx_word' id='word_1_938' title='bbox 1692 2015 1737 2052; x_wconf 91' lang='lat' dir='ltr'><strong>de</strong></span> <span class='ocrx_word' id='word_1_939' title='bbox 1761 2026 1803 2052; x_wconf 92' lang='grc'><strong>80</strong></span> <span class='ocrx_word' id='word_1_940' title='bbox 1828 2020 1966 2059; x_wconf 90' lang='lat' dir='ltr'><strong>autem,</strong></span> <span class='ocrx_word' id='word_1_941' title='bbox 2000 2016 2097 2062; x_wconf 90' lang='lat' dir='ltr'><strong>quod</strong></span> <span class='ocrx_word' id='word_1_942' title='bbox 2126 2017 2323 2053; x_wconf 88' lang='lat' dir='ltr'><strong>indebitum</strong></span> <span class='ocrx_word' id='word_1_943' title='bbox 2356 2017 2469 2059; x_wconf 89' lang='lat' dir='ltr'><strong>solvit,</strong></span> 
     </span>
     <span class='ocr_line' id='line_1_123' title="bbox 1385 2059 2095 2107; baseline 0.003 -12"><span class='ocrx_word' id='word_1_944' title='bbox 1385 2071 1421 2095; x_wconf 93' lang='lat' dir='ltr'><strong>m</strong></span> <span class='ocrx_word' id='word_1_945' title='bbox 1469 2059 1497 2095; x_wconf 86' lang='lat' dir='ltr'><strong>&#39;s</strong></span> <span class='ocrx_word' id='word_1_946' title='bbox 1521 2064 1577 2095; x_wconf 91' lang='lat' dir='ltr'><strong>est</strong></span> <span class='ocrx_word' id='word_1_947' title='bbox 1599 2065 1640 2096; x_wconf 90' lang='lat' dir='ltr'><strong>ut</strong></span> <span class='ocrx_word' id='word_1_948' title='bbox 1663 2061 1732 2096; x_wconf 90' lang='lat' dir='ltr'><strong>sibi</strong></span> <span class='ocrx_word' id='word_1_949' title='bbox 1754 2061 1933 2107; x_wconf 88' lang='lat' dir='ltr'><strong>imputare</strong></span> <span class='ocrx_word' id='word_1_950' title='bbox 1956 2062 2095 2097; x_wconf 91' lang='lat' dir='ltr'><strong>debeat.</strong></span> 
     </span>
     <span class='ocr_line' id='line_1_124' title="bbox 1460 2102 2468 2153; baseline -0.001 -11"><span class='ocrx_word' id='word_1_951' title='bbox 1460 2102 1484 2142; x_wconf 89' lang='lat'><strong>3</strong></span> <span class='ocrx_word' id='word_1_952' title='bbox 1512 2102 1592 2147; x_wconf 88' lang='grc'><strong>(24)</strong></span> <span class='ocrx_word' id='word_1_953' title='bbox 1617 2105 1727 2141; x_wconf 72' lang='lat' dir='ltr'><em>IDEM</em></span> <span class='ocrx_word' id='word_1_954' title='bbox 1752 2107 1844 2142; x_wconf 81' lang='lat' dir='ltr'><strong>libro</strong></span> <span class='ocrx_word' id='word_1_955' title='bbox 1875 2108 2067 2143; x_wconf 81' lang='lat' dir='ltr'><strong>vicensimo</strong></span> <span class='ocrx_word' id='word_1_956' title='bbox 2091 2111 2222 2153; x_wconf 84' lang='lat' dir='ltr'><strong>quarto</strong></span> <span class='ocrx_word' id='word_1_957' title='bbox 2246 2107 2296 2142; x_wconf 85' lang='lat' dir='ltr'><strong>ad</strong></span> <span class='ocrx_word' id='word_1_958' title='bbox 2317 2106 2468 2143; x_wconf 78' lang='lat' dir='ltr'><strong>edictum</strong></span> 
     </span>
    </p>
   </div>
   <div class='ocr_carea' id='block_1_12' title="bbox 1384 2149 2528 2242">
    <p class='ocr_par' dir='ltr' id='par_1_20' title="bbox 1384 2149 2528 2242">
     <span class='ocr_line' id='line_1_125' title="bbox 1386 2149 2528 2197; baseline 0.002 -12"><span class='ocrx_word' id='word_1_959' title='bbox 1386 2149 1424 2185; x_wconf 91' lang='lat' dir='ltr'><strong>Si</strong></span> <span class='ocrx_word' id='word_1_960' title='bbox 1446 2160 1511 2196; x_wconf 91' lang='lat' dir='ltr'><strong>ego</strong></span> <span class='ocrx_word' id='word_1_961' title='bbox 1535 2150 1605 2186; x_wconf 91' lang='grc'>1188</span> <span class='ocrx_word' id='word_1_962' title='bbox 1618 2151 1647 2172; x_wconf 86' lang='lat'><strong>¹⁸</strong></span> <span class='ocrx_word' id='word_1_963' title='bbox 1669 2155 1788 2186; x_wconf 90' lang='lat' dir='ltr'><strong>mente</strong></span> <span class='ocrx_word' id='word_1_964' title='bbox 1820 2152 2009 2197; x_wconf 90' lang='lat' dir='ltr'><strong>pecuniam</strong></span> <span class='ocrx_word' id='word_1_965' title='bbox 2039 2152 2264 2197; x_wconf 89' lang='lat' dir='ltr'><strong>procuratori</strong></span> <span class='ocrx_word' id='word_1_966' title='bbox 2295 2152 2395 2194; x_wconf 92' lang='lat' dir='ltr'><strong>dem,</strong></span> <span class='ocrx_word' id='word_1_967' title='bbox 2430 2156 2470 2187; x_wconf 91' lang='lat' dir='ltr'><strong>ut</strong></span> <span class='ocrx_word' id='word_1_968' title='bbox 2515 2160 2528 2192; x_wconf 62' lang='lat'><strong>„7</strong></span> 
     </span>
     <span class='ocr_line' id='line_1_126' title="bbox 1384 2195 2524 2242; baseline 0.002 -12"><span class='ocrx_word' id='word_1_969' title='bbox 1384 2205 1428 2230; x_wconf 89' lang='lat' dir='ltr'><strong>ea</strong></span> <span class='ocrx_word' id='word_1_970' title='bbox 1449 2195 1530 2240; x_wconf 88' lang='lat' dir='ltr'><strong>ipsa</strong></span> <span class='ocrx_word' id='word_1_971' title='bbox 1554 2195 1739 2232; x_wconf 89' lang='lat' dir='ltr'><strong>creditoris</strong></span> <span class='ocrx_word' id='word_1_972' title='bbox 1763 2196 1875 2239; x_wconf 85' lang='lat' dir='ltr'><strong>fieret,</strong></span> <span class='ocrx_word' id='word_1_973' title='bbox 1905 2197 2144 2242; x_wconf 67' lang='lat' dir='ltr'><strong>¹”proprietas</strong></span> <span class='ocrx_word' id='word_1_974' title='bbox 2156 2196 2298 2242; x_wconf 88' lang='lat' dir='ltr'><strong>quidem</strong></span> <span class='ocrx_word' id='word_1_975' title='bbox 2310 2207 2374 2242; x_wconf 91' lang='lat' dir='ltr'><strong>per</strong></span> <span class='ocrx_word' id='word_1_976' title='bbox 2385 2207 2468 2242; x_wconf 89' lang='lat' dir='ltr'><strong>pro·</strong></span> <span class='ocrx_word' id='word_1_977' title='bbox 2515 2202 2524 2214; x_wconf 77' lang='grc'><strong>·’</strong></span> 
     </span>
    </p>
   </div>
   <div class='ocr_carea' id='block_1_13' title="bbox 1372 2241 2525 3453">
    <p class='ocr_par' dir='ltr' id='par_1_21' title="bbox 1382 2241 2469 2420">
     <span class='ocr_line' id='line_1_127' title="bbox 1385 2241 2469 2287; baseline 0.004 -13"><span class='ocrx_word' id='word_1_978' title='bbox 1385 2244 1587 2276; x_wconf 90' lang='lat' dir='ltr'><strong>curatorem</strong></span> <span class='ocrx_word' id='word_1_979' title='bbox 1598 2251 1671 2277; x_wconf 90' lang='lat' dir='ltr'><strong>non</strong></span> <span class='ocrx_word' id='word_1_980' title='bbox 1683 2241 1894 2287; x_wconf 88' lang='lat' dir='ltr'><strong>adquiritur,</strong></span> <span class='ocrx_word' id='word_1_981' title='bbox 1913 2245 2032 2287; x_wconf 88' lang='lat' dir='ltr'><strong>potest</strong></span> <span class='ocrx_word' id='word_1_982' title='bbox 2051 2245 2171 2277; x_wconf 89' lang='lat' dir='ltr'><strong>tamen</strong></span> <span class='ocrx_word' id='word_1_983' title='bbox 2191 2242 2346 2277; x_wconf 92' lang='lat' dir='ltr'><strong>creditor</strong></span> <span class='ocrx_word' id='word_1_984' title='bbox 2363 2242 2469 2278; x_wconf 87' lang='lat' dir='ltr'><strong>etiam</strong></span> 
     </span>
     <span class='ocr_line' id='line_1_128' title="bbox 1383 2285 2469 2332; baseline 0.003 -13"><span class='ocrx_word' id='word_1_985' title='bbox 1383 2285 1493 2320; x_wconf 88' lang='lat' dir='ltr'><strong>invito</strong></span> <span class='ocrx_word' id='word_1_986' title='bbox 1506 2295 1563 2320; x_wconf 91' lang='lat' dir='ltr'><strong>me</strong></span> <span class='ocrx_word' id='word_1_987' title='bbox 1583 2289 1702 2321; x_wconf 91' lang='lat' dir='ltr'><strong>ratum</strong></span> <span class='ocrx_word' id='word_1_988' title='bbox 1718 2286 1883 2322; x_wconf 89' lang='lat' dir='ltr'><strong>habendo</strong></span> <span class='ocrx_word' id='word_1_989' title='bbox 1904 2286 2092 2332; x_wconf 90' lang='lat' dir='ltr'><strong>pecuniam</strong></span> <span class='ocrx_word' id='word_1_990' title='bbox 2111 2296 2214 2322; x_wconf 86' lang='lat' dir='ltr'><strong>suam</strong></span> <span class='ocrx_word' id='word_1_991' title='bbox 2232 2286 2364 2329; x_wconf 89' lang='lat' dir='ltr'><strong>facere,</strong></span> <span class='ocrx_word' id='word_1_992' title='bbox 2386 2286 2469 2332; x_wconf 89' lang='lat' dir='ltr'><strong>quia</strong></span> 
     </span>
     <span class='ocr_line' id='line_1_129' title="bbox 1382 2330 2467 2377; baseline 0.003 -13"><span class='ocrx_word' id='word_1_993' title='bbox 1382 2333 1596 2375; x_wconf 89' lang='lat' dir='ltr'><strong>procurator</strong></span> <span class='ocrx_word' id='word_1_994' title='bbox 1626 2330 1664 2366; x_wconf 91' lang='lat' dir='ltr'><strong>in</strong></span> <span class='ocrx_word' id='word_1_995' title='bbox 1694 2331 1902 2376; x_wconf 89' lang='lat' dir='ltr'><strong>accipiendo</strong></span> <span class='ocrx_word' id='word_1_996' title='bbox 1935 2331 2120 2367; x_wconf 89' lang='lat' dir='ltr'><strong>creditoris</strong></span> <span class='ocrx_word' id='word_1_997' title='bbox 2152 2331 2339 2366; x_wconf 88' lang='lat' dir='ltr'><strong>dumtaxat</strong></span> <span class='ocrx_word' id='word_1_998' title='bbox 2361 2341 2467 2377; x_wconf 88' lang='lat' dir='ltr'><strong>nego-</strong></span> 
     </span>
     <span class='ocr_line' id='line_1_130' title="bbox 1383 2375 2465 2420; baseline 0.002 -10"><span class='ocrx_word' id='word_1_999' title='bbox 1383 2375 1471 2414; x_wconf 89' lang='lat' dir='ltr'><strong>tium</strong></span> <span class='ocrx_word' id='word_1_1000' title='bbox 1499 2375 1628 2420; x_wconf 86' lang='lat' dir='ltr'><strong>gessit:</strong></span> <span class='ocrx_word' id='word_1_1001' title='bbox 1661 2379 1699 2411; x_wconf 91' lang='lat' dir='ltr'><strong>et</strong></span> <span class='ocrx_word' id='word_1_1002' title='bbox 1728 2375 1808 2411; x_wconf 86' lang='lat' dir='ltr'><strong>ideo</strong></span> <span class='ocrx_word' id='word_1_1003' title='bbox 1841 2375 2027 2413; x_wconf 72' lang='lat' dir='ltr'><strong>creditoris</strong></span> <span class='ocrx_word' id='word_1_1004' title='bbox 2049 2376 2301 2412; x_wconf 87' lang='lat' dir='ltr'><strong>ratihabitione</strong></span> <span class='ocrx_word' id='word_1_1005' title='bbox 2324 2377 2465 2412; x_wconf 89' lang='lat' dir='ltr'><strong>liberor.</strong></span> 
     </span>
    </p>

    <p class='ocr_par' dir='ltr' id='par_1_22' title="bbox 1429 2417 2465 2468">
     <span class='ocr_line' id='line_1_131' title="bbox 1429 2417 2465 2468; baseline -0.001 -11"><span class='ocrx_word' id='word_1_1006' title='bbox 1429 2417 1483 2457; x_wconf 83' lang='lat'><strong>24</strong></span> <span class='ocrx_word' id='word_1_1007' title='bbox 1508 2417 1589 2463; x_wconf 87' lang='grc'><strong>(25)</strong></span> <span class='ocrx_word' id='word_1_1008' title='bbox 1613 2419 1723 2456; x_wconf 67' lang='lat' dir='ltr'><strong>low</strong></span> <span class='ocrx_word' id='word_1_1009' title='bbox 1740 2421 1831 2457; x_wconf 77' lang='lat' dir='ltr'><strong>libro</strong></span> <span class='ocrx_word' id='word_1_1010' title='bbox 1855 2421 2045 2457; x_wconf 81' lang='lat' dir='ltr'><strong>vicensimo</strong></span> <span class='ocrx_word' id='word_1_1011' title='bbox 2068 2422 2219 2468; x_wconf 77' lang='lat' dir='ltr'><strong>septimo</strong></span> <span class='ocrx_word' id='word_1_1012' title='bbox 2243 2421 2293 2457; x_wconf 88' lang='lat' dir='ltr'><strong>ad</strong></span> <span class='ocrx_word' id='word_1_1013' title='bbox 2314 2421 2465 2458; x_wconf 78' lang='lat' dir='ltr'><strong>edictum</strong></span> 
     </span>
    </p>

    <p class='ocr_par' dir='ltr' id='par_1_23' title="bbox 1384 2464 2465 2591">
     <span class='ocr_line' id='line_1_132' title="bbox 1384 2464 2465 2519; baseline 0.002 -19"><span class='ocrx_word' id='word_1_1014' title='bbox 1384 2464 1422 2500; x_wconf 92' lang='lat' dir='ltr'><strong>Si</strong></span> <span class='ocrx_word' id='word_1_1015' title='bbox 1468 2465 1523 2500; x_wconf 92' lang='lat' dir='ltr'><strong>uis</strong></span> <span class='ocrx_word' id='word_1_1016' title='bbox 1547 2466 1690 2510; x_wconf 89' lang='lat' dir='ltr'><strong>negotia</strong></span> <span class='ocrx_word' id='word_1_1017' title='bbox 1712 2466 1831 2501; x_wconf 86' lang='lat' dir='ltr'><strong>aliena</strong></span> <span class='ocrx_word' id='word_1_1018' title='bbox 1852 2476 1979 2511; x_wconf 88' lang='lat' dir='ltr'><strong>gerens</strong></span> <span class='ocrx_word' id='word_1_1019' title='bbox 2001 2466 2083 2519; x_wconf 83' lang='lat' dir='ltr'><strong>plus</strong></span> <span class='ocrx_word' id='word_1_1020' title='bbox 2107 2476 2214 2512; x_wconf 89' lang='lat' dir='ltr'><strong>quain</strong></span> <span class='ocrx_word' id='word_1_1021' title='bbox 2237 2470 2380 2512; x_wconf 89' lang='lat' dir='ltr'><strong>oportet</strong></span> <span class='ocrx_word' id='word_1_1022' title='bbox 2401 2466 2465 2502; x_wconf 91' lang='lat' dir='ltr'><strong>im·</strong></span> 
     </span>
     <span class='ocr_line' id='line_1_133' title="bbox 1407 2476 2464 2590; baseline 0.001 -45"><span class='ocrx_word' id='word_1_1023' title='bbox 1407 2476 1566 2590; x_wconf 37' lang='lat' dir='ltr'><strong>eiiii-em,</strong></span> <span class='ocrx_word' id='word_1_1024' title='bbox 1597 2511 1879 2556; x_wconf 89' lang='lat' dir='ltr'><strong>reciperaturum</strong></span> <span class='ocrx_word' id='word_1_1025' title='bbox 1903 2521 1983 2546; x_wconf 89' lang='lat' dir='ltr'><strong>eum</strong></span> <span class='ocrx_word' id='word_1_1026' title='bbox 2005 2511 2062 2554; x_wconf 91' lang='lat' dir='ltr'><strong>id,</strong></span> <span class='ocrx_word' id='word_1_1027' title='bbox 2086 2510 2182 2557; x_wconf 85' lang='lat' dir='ltr'><strong>quod</strong></span> <span class='ocrx_word' id='word_1_1028' title='bbox 2204 2511 2382 2557; x_wconf 87' lang='lat' dir='ltr'><strong>praestari</strong></span> <span class='ocrx_word' id='word_1_1029' title='bbox 2405 2510 2464 2547; x_wconf 89' lang='lat' dir='ltr'><strong>de·</strong></span> 
     </span>
     <span class='ocr_line' id='line_1_134' title="bbox 1407 2565 1509 2591; baseline 0 -1"><span class='ocrx_word' id='word_1_1030' title='bbox 1407 2565 1483 2591; x_wconf 91' lang='lat' dir='ltr'><strong>ueri</strong></span> <span class='ocrx_word' id='word_1_1031' title='bbox 1502 2582 1509 2590; x_wconf 93' lang='lat'><strong>.</strong></span> 
     </span>
    </p>

    <p class='ocr_par' dir='ltr' id='par_1_24' title="bbox 1372 2597 2525 3399">
     <span class='ocr_line' id='line_1_135' title="bbox 1428 2597 2464 2654; baseline -0.001 -17"><span class='ocrx_word' id='word_1_1032' title='bbox 1428 2597 1481 2637; x_wconf 86' lang='lat'><strong>25</strong></span> <span class='ocrx_word' id='word_1_1033' title='bbox 1497 2597 1576 2643; x_wconf 88' lang='grc'><strong>(26)</strong></span> <span class='ocrx_word' id='word_1_1034' title='bbox 1589 2598 1634 2635; x_wconf 88' lang='lat' dir='ltr'><em>M</em></span> <span class='ocrx_word' id='word_1_1035' title='bbox 1634 2609 1842 2636; x_wconf 68' lang='lat' dir='ltr'><strong>onesrmms</strong></span> <span class='ocrx_word' id='word_1_1036' title='bbox 1851 2600 1941 2636; x_wconf 79' lang='lat' dir='ltr'><strong>libro</strong></span> <span class='ocrx_word' id='word_1_1037' title='bbox 1946 2601 2070 2654; x_wconf 65' lang='lat' dir='ltr'><strong>primo</strong></span> <span class='ocrx_word' id='word_1_1038' title='bbox 2085 2611 2343 2647; x_wconf 82' lang='lat' dir='ltr'><strong>responsorum</strong></span> <span class='ocrx_word' id='word_1_1039' title='bbox 2377 2600 2464 2636; x_wconf 85' lang='lat' dir='ltr'><strong>Cum</strong></span> 
     </span>
     <span class='ocr_line' id='line_1_136' title="bbox 1381 2644 2465 2690; baseline 0.002 -10"><span class='ocrx_word' id='word_1_1040' title='bbox 1381 2645 1489 2680; x_wconf 87' lang='lat' dir='ltr'><strong>alicui</strong></span> <span class='ocrx_word' id='word_1_1041' title='bbox 1512 2644 1647 2681; x_wconf 90' lang='lat' dir='ltr'><strong>civitati</strong></span> <span class='ocrx_word' id='word_1_1042' title='bbox 1669 2655 1734 2690; x_wconf 92' lang='lat' dir='ltr'><strong>per</strong></span> <span class='ocrx_word' id='word_1_1043' title='bbox 1756 2645 2067 2682; x_wconf 88' lang='lat' dir='ltr'><strong>fideicommissum</strong></span> <span class='ocrx_word' id='word_1_1044' title='bbox 2089 2645 2229 2681; x_wconf 87' lang='lat' dir='ltr'><strong>restitui</strong></span> <span class='ocrx_word' id='word_1_1045' title='bbox 2251 2645 2350 2681; x_wconf 90' lang='lat' dir='ltr'><strong>iussa</strong></span> <span class='ocrx_word' id='word_1_1046' title='bbox 2371 2649 2465 2682; x_wconf 82' lang='lat' dir='ltr'><strong>esset</strong></span> 
     </span>
     <span class='ocr_line' id='line_1_137' title="bbox 1380 2690 2463 2736; baseline 0.001 -11"><span class='ocrx_word' id='word_1_1047' title='bbox 1380 2690 1579 2732; x_wconf 89' lang='lat' dir='ltr'><strong>hereditas,</strong></span> <span class='ocrx_word' id='word_1_1048' title='bbox 1611 2690 1840 2736; x_wconf 85' lang='lat' dir='ltr'><strong>magistratus</strong></span> <span class='ocrx_word' id='word_1_1049' title='bbox 1871 2694 2012 2726; x_wconf 89' lang='lat' dir='ltr'><strong>actores</strong></span> <span class='ocrx_word' id='word_1_1050' title='bbox 2041 2690 2169 2726; x_wconf 83' lang='lat' dir='ltr'><strong>horum</strong></span> <span class='ocrx_word' id='word_1_1051' title='bbox 2198 2690 2373 2726; x_wconf 91' lang='lat' dir='ltr'><strong>bonorum</strong></span> <span class='ocrx_word' id='word_1_1052' title='bbox 2403 2690 2463 2726; x_wconf 87' lang='lat' dir='ltr'><strong>Ti-</strong></span> 
     </span>
     <span class='ocr_line' id='line_1_138' title="bbox 1380 2734 2463 2781; baseline 0.001 -11"><span class='ocrx_word' id='word_1_1053' title='bbox 1380 2735 1469 2770; x_wconf 91' lang='lat' dir='ltr'><strong>tium</strong></span> <span class='ocrx_word' id='word_1_1054' title='bbox 1493 2738 1529 2770; x_wconf 92' lang='lat' dir='ltr'><strong>et</strong></span> <span class='ocrx_word' id='word_1_1055' title='bbox 1552 2734 1671 2770; x_wconf 89' lang='lat' dir='ltr'><strong>Seium</strong></span> <span class='ocrx_word' id='word_1_1056' title='bbox 1703 2739 1740 2771; x_wconf 90' lang='lat' dir='ltr'><strong>et</strong></span> <span class='ocrx_word' id='word_1_1057' title='bbox 1763 2735 1893 2771; x_wconf 88' lang='lat' dir='ltr'><strong>Gaium</strong></span> <span class='ocrx_word' id='word_1_1058' title='bbox 1922 2735 2070 2771; x_wconf 87' lang='lat' dir='ltr'><strong>idoneos</strong></span> <span class='ocrx_word' id='word_1_1059' title='bbox 2103 2739 2330 2771; x_wconf 89' lang='lat' dir='ltr'><strong>creaverunt:</strong></span> <span class='ocrx_word' id='word_1_1060' title='bbox 2363 2739 2463 2781; x_wconf 82' lang='lat' dir='ltr'><strong>post-</strong></span> 
     </span>
     <span class='ocr_line' id='line_1_139' title="bbox 1380 2779 2463 2816; baseline 0.001 -1"><span class='ocrx_word' id='word_1_1061' title='bbox 1380 2780 1524 2815; x_wconf 91' lang='lat' dir='ltr'><strong>modum</strong></span> <span class='ocrx_word' id='word_1_1062' title='bbox 1535 2780 1573 2815; x_wconf 89' lang='lat' dir='ltr'><strong>hi</strong></span> <span class='ocrx_word' id='word_1_1063' title='bbox 1584 2784 1724 2816; x_wconf 85' lang='lat' dir='ltr'><strong>actores</strong></span> <span class='ocrx_word' id='word_1_1064' title='bbox 1742 2780 1836 2816; x_wconf 87' lang='lat' dir='ltr'><strong>inter</strong></span> <span class='ocrx_word' id='word_1_1065' title='bbox 1853 2790 1892 2815; x_wconf 91' lang='lat' dir='ltr'><strong>se</strong></span> <span class='ocrx_word' id='word_1_1066' title='bbox 1910 2780 2105 2816; x_wconf 88' lang='lat' dir='ltr'><strong>diviserunt</strong></span> <span class='ocrx_word' id='word_1_1067' title='bbox 2123 2779 2463 2816; x_wconf 87' lang='lat' dir='ltr'><strong>administrationem</strong></span> 
     </span>
     <span class='ocr_line' id='line_1_140' title="bbox 1379 2824 2520 2870; baseline 0.002 -10"><span class='ocrx_word' id='word_1_1068' title='bbox 1379 2825 1556 2861; x_wconf 91' lang='lat' dir='ltr'><strong>bonorum</strong></span> <span class='ocrx_word' id='word_1_1069' title='bbox 1577 2824 1684 2870; x_wconf 89' lang='lat' dir='ltr'><strong>idque</strong></span> <span class='ocrx_word' id='word_1_1070' title='bbox 1707 2828 1855 2870; x_wconf 86' lang='lat' dir='ltr'><strong>egerunt</strong></span> <span class='ocrx_word' id='word_1_1071' title='bbox 1877 2825 1955 2860; x_wconf 91' lang='lat' dir='ltr'><strong>sine</strong></span> <span class='ocrx_word' id='word_1_1072' title='bbox 1977 2825 2193 2860; x_wconf 88' lang='lat' dir='ltr'><strong>auctoritate</strong></span> <span class='ocrx_word' id='word_1_1073' title='bbox 2216 2828 2253 2860; x_wconf 90' lang='lat' dir='ltr'><strong>et</strong></span> <span class='ocrx_word' id='word_1_1074' title='bbox 2275 2825 2352 2860; x_wconf 90' lang='lat' dir='ltr'><strong>sine</strong></span> <span class='ocrx_word' id='word_1_1075' title='bbox 2376 2835 2461 2862; x_wconf 91' lang='lat' dir='ltr'><strong>con·</strong></span> <span class='ocrx_word' id='word_1_1076' title='bbox 2518 2858 2520 2862; x_wconf 79' lang='grc'>,</span> 
     </span>
     <span class='ocr_line' id='line_1_141' title="bbox 1379 2869 2525 2916; baseline 0.001 -11"><span class='ocrx_word' id='word_1_1077' title='bbox 1379 2879 1487 2906; x_wconf 88' lang='grc'>881180</span> <span class='ocrx_word' id='word_1_1078' title='bbox 1517 2870 1800 2915; x_wconf 89' lang='lat' dir='ltr'><strong>magistratuum.</strong></span> <span class='ocrx_word' id='word_1_1079' title='bbox 1835 2873 1918 2915; x_wconf 90' lang='lat' dir='ltr'><strong>post</strong></span> <span class='ocrx_word' id='word_1_1080' title='bbox 1941 2870 1988 2905; x_wconf 89' lang='lat' dir='ltr'><strong>ali</strong></span> <span class='ocrx_word' id='word_1_1081' title='bbox 2013 2869 2085 2905; x_wconf 89' lang='lat' dir='ltr'><strong>uod</strong></span> <span class='ocrx_word' id='word_1_1082' title='bbox 2106 2873 2247 2915; x_wconf 88' lang='lat' dir='ltr'><strong>tempus</strong></span> <span class='ocrx_word' id='word_1_1083' title='bbox 2271 2874 2461 2906; x_wconf 87' lang='lat' dir='ltr'><strong>testamen-</strong></span> <span class='ocrx_word' id='word_1_1084' title='bbox 2511 2908 2525 2916; x_wconf 60' lang='lat'><strong>„</strong></span> 
     </span>
     <span class='ocr_line' id='line_1_142' title="bbox 1377 2914 2523 2967; baseline -0.002 -17"><span class='ocrx_word' id='word_1_1085' title='bbox 1377 2919 1464 2958; x_wconf 92' lang='lat' dir='ltr'><strong>tum,</strong></span> <span class='ocrx_word' id='word_1_1086' title='bbox 1489 2924 1554 2960; x_wconf 89' lang='lat' dir='ltr'><strong>per</strong></span> <span class='ocrx_word' id='word_1_1087' title='bbox 1573 2915 1668 2967; x_wconf 85' lang='lat' dir='ltr'><strong>quod</strong></span> <span class='ocrx_word' id='word_1_1088' title='bbox 1686 2914 1827 2950; x_wconf 86' lang='lat' dir='ltr'><strong>restitui</strong></span> <span class='ocrx_word' id='word_1_1089' title='bbox 1845 2914 1980 2950; x_wconf 86' lang='lat' dir='ltr'><strong>civitati</strong></span> <span class='ocrx_word' id='word_1_1090' title='bbox 2022 2914 2177 2950; x_wconf 89' lang='lat' dir='ltr'><strong>ereditas</strong></span> <span class='ocrx_word' id='word_1_1091' title='bbox 2189 2914 2462 2951; x_wconf 76' lang='lat' dir='ltr'><strong>fideicommissa</strong></span> <span class='ocrx_word' id='word_1_1092' title='bbox 2507 2921 2523 2960; x_wconf 61' lang='lat' dir='ltr'><strong>j,</strong></span> 
     </span>
     <span class='ocr_line' id='line_1_143' title="bbox 1378 2959 2462 3005; baseline 0 -10"><span class='ocrx_word' id='word_1_1093' title='bbox 1378 2963 1492 3002; x_wconf 89' lang='lat' dir='ltr'><strong>esset,</strong></span> <span class='ocrx_word' id='word_1_1094' title='bbox 1523 2959 1662 2995; x_wconf 90' lang='lat' dir='ltr'><strong>irritum</strong></span> <span class='ocrx_word' id='word_1_1095' title='bbox 1691 2959 1882 3005; x_wconf 89' lang='lat' dir='ltr'><strong>probatum</strong></span> <span class='ocrx_word' id='word_1_1096' title='bbox 1912 2963 1969 2995; x_wconf 87' lang='lat' dir='ltr'><strong>est</strong></span> <span class='ocrx_word' id='word_1_1097' title='bbox 1998 2970 2064 3005; x_wconf 92' lang='lat' dir='ltr'><strong>pro</strong></span> <span class='ocrx_word' id='word_1_1098' title='bbox 2089 2959 2259 2995; x_wconf 88' lang='lat' dir='ltr'><strong>tribunali</strong></span> <span class='ocrx_word' id='word_1_1099' title='bbox 2281 2963 2389 3005; x_wconf 88' lang='lat' dir='ltr'><strong>atque</strong></span> <span class='ocrx_word' id='word_1_1100' title='bbox 2410 2960 2462 2995; x_wconf 88' lang='lat' dir='ltr'><strong>ita</strong></span> 
     </span>
     <span class='ocr_line' id='line_1_144' title="bbox 1377 3003 2459 3050; baseline 0.001 -11"><span class='ocrx_word' id='word_1_1101' title='bbox 1377 3005 1422 3039; x_wconf 86' lang='lat' dir='ltr'><strong>ab</strong></span> <span class='ocrx_word' id='word_1_1102' title='bbox 1446 3004 1615 3040; x_wconf 88' lang='lat' dir='ltr'><strong>intestato</strong></span> <span class='ocrx_word' id='word_1_1103' title='bbox 1641 3003 1869 3050; x_wconf 87' lang='lat' dir='ltr'><strong>Sempronius</strong></span> <span class='ocrx_word' id='word_1_1104' title='bbox 1891 3003 2068 3050; x_wconf 89' lang='lat' dir='ltr'><strong>legitimus</strong></span> <span class='ocrx_word' id='word_1_1105' title='bbox 2090 3004 2194 3040; x_wconf 85' lang='lat' dir='ltr'><strong>lieres</strong></span> <span class='ocrx_word' id='word_1_1106' title='bbox 2218 3003 2377 3040; x_wconf 88' lang='lat' dir='ltr'><strong>defuncti</strong></span> <span class='ocrx_word' id='word_1_1107' title='bbox 2398 3014 2459 3040; x_wconf 86' lang='lat' dir='ltr'><strong>ex·</strong></span> 
     </span>
     <span class='ocr_line' id='line_1_145' title="bbox 1377 3048 2458 3085; baseline 0.001 -1"><span class='ocrx_word' id='word_1_1108' title='bbox 1377 3049 1467 3084; x_wconf 87' lang='lat' dir='ltr'><strong>titit:</strong></span> <span class='ocrx_word' id='word_1_1109' title='bbox 1492 3048 1556 3084; x_wconf 90' lang='lat' dir='ltr'><strong>sed</strong></span> <span class='ocrx_word' id='word_1_1110' title='bbox 1579 3059 1624 3084; x_wconf 89' lang='lat' dir='ltr'><strong>ex</strong></span> <span class='ocrx_word' id='word_1_1111' title='bbox 1645 3049 1702 3084; x_wconf 90' lang='lat' dir='ltr'><strong>his</strong></span> <span class='ocrx_word' id='word_1_1112' title='bbox 1725 3049 1906 3084; x_wconf 90' lang='lat' dir='ltr'><strong>actoribus</strong></span> <span class='ocrx_word' id='word_1_1113' title='bbox 1929 3060 2023 3085; x_wconf 92' lang='lat' dir='ltr'><strong>unus</strong></span> <span class='ocrx_word' id='word_1_1114' title='bbox 2045 3059 2119 3085; x_wconf 90' lang='lat' dir='ltr'><strong>non</strong></span> <span class='ocrx_word' id='word_1_1115' title='bbox 2142 3049 2312 3085; x_wconf 89' lang='lat' dir='ltr'><strong>solvendo</strong></span> <span class='ocrx_word' id='word_1_1116' title='bbox 2337 3049 2458 3085; x_wconf 83' lang='lat' dir='ltr'><strong>deces-</strong></span> 
     </span>
     <span class='ocr_line' id='line_1_146' title="bbox 1375 3093 2458 3140; baseline 0.002 -12"><span class='ocrx_word' id='word_1_1117' title='bbox 1375 3094 1424 3129; x_wconf 88' lang='lat' dir='ltr'><strong>sit</strong></span> <span class='ocrx_word' id='word_1_1118' title='bbox 1446 3097 1482 3129; x_wconf 89' lang='lat' dir='ltr'><strong>et</strong></span> <span class='ocrx_word' id='word_1_1119' title='bbox 1504 3103 1606 3129; x_wconf 92' lang='lat' dir='ltr'><strong>nemo</strong></span> <span class='ocrx_word' id='word_1_1120' title='bbox 1630 3093 1733 3129; x_wconf 88' lang='lat' dir='ltr'><strong>heres</strong></span> <span class='ocrx_word' id='word_1_1121' title='bbox 1757 3094 1833 3129; x_wconf 89' lang='lat' dir='ltr'><strong>eius</strong></span> <span class='ocrx_word' id='word_1_1122' title='bbox 1856 3094 1984 3130; x_wconf 87' lang='lat' dir='ltr'><strong>extitit.</strong></span> <span class='ocrx_word' id='word_1_1123' title='bbox 2017 3104 2163 3140; x_wconf 86' lang='lat' dir='ltr'><strong>quaero,</strong></span> <span class='ocrx_word' id='word_1_1124' title='bbox 2187 3094 2219 3130; x_wconf 91' lang='lat' dir='ltr'><strong>si</strong></span> <span class='ocrx_word' id='word_1_1125' title='bbox 2231 3093 2458 3139; x_wconf 87' lang='lat' dir='ltr'><strong>Sempronius</strong></span> 
     </span>
     <span class='ocr_line' id='line_1_147' title="bbox 1376 3138 2458 3184; baseline 0.001 -11"><span class='ocrx_word' id='word_1_1126' title='bbox 1376 3138 1560 3174; x_wconf 91' lang='lat' dir='ltr'><strong>conveniet</strong></span> <span class='ocrx_word' id='word_1_1127' title='bbox 1583 3142 1724 3174; x_wconf 89' lang='lat' dir='ltr'><strong>actores</strong></span> <span class='ocrx_word' id='word_1_1128' title='bbox 1747 3139 1875 3174; x_wconf 91' lang='lat' dir='ltr'><strong>horum</strong></span> <span class='ocrx_word' id='word_1_1129' title='bbox 1898 3139 2093 3182; x_wconf 87' lang='lat' dir='ltr'><strong>bonorum,</strong></span> <span class='ocrx_word' id='word_1_1130' title='bbox 2110 3138 2321 3184; x_wconf 80' lang='lat' dir='ltr'><strong>&#39;periculum</strong></span> <span class='ocrx_word' id='word_1_1131' title='bbox 2342 3138 2458 3184; x_wconf 88' lang='lat' dir='ltr'><strong>inopis</strong></span> 
     </span>
     <span class='ocr_line' id='line_1_148' title="bbox 1375 3183 2456 3229; baseline 0 -10"><span class='ocrx_word' id='word_1_1132' title='bbox 1375 3183 1534 3219; x_wconf 81' lang='lat' dir='ltr'><strong>defuncti</strong></span> <span class='ocrx_word' id='word_1_1133' title='bbox 1558 3183 1604 3218; x_wconf 87' lang='lat' dir='ltr'><strong>ad</strong></span> <span class='ocrx_word' id='word_1_1134' title='bbox 1650 3194 1717 3219; x_wconf 92' lang='lat' dir='ltr'><strong>uos</strong></span> <span class='ocrx_word' id='word_1_1135' title='bbox 1740 3184 1920 3229; x_wconf 80' lang='lat' dir='ltr'><strong>pertinet?</strong></span> <span class='ocrx_word' id='word_1_1136' title='bbox 1953 3183 2154 3220; x_wconf 89' lang='lat' dir='ltr'><strong>Herennius</strong></span> <span class='ocrx_word' id='word_1_1137' title='bbox 2166 3183 2456 3220; x_wconf 84' lang='lat' dir='ltr'><strong>Modestinusre-</strong></span> 
     </span>
     <span class='ocr_line' id='line_1_149' title="bbox 1377 3227 2456 3274; baseline 0 -10"><span class='ocrx_word' id='word_1_1138' title='bbox 1377 3227 1530 3273; x_wconf 89' lang='lat' dir='ltr'><strong>spondit,</strong></span> <span class='ocrx_word' id='word_1_1139' title='bbox 1555 3238 1625 3273; x_wconf 90' lang='lat' dir='ltr'><strong>quo</strong></span> <span class='ocrx_word' id='word_1_1140' title='bbox 1674 3229 1719 3264; x_wconf 89' lang='lat' dir='ltr'><strong>ab</strong></span> <span class='ocrx_word' id='word_1_1141' title='bbox 1744 3239 1815 3264; x_wconf 92' lang='lat' dir='ltr'><strong>uno</strong></span> <span class='ocrx_word' id='word_1_1142' title='bbox 1839 3238 1885 3264; x_wconf 84' lang='lat' dir='ltr'><strong>ex</strong></span> <span class='ocrx_word' id='word_1_1143' title='bbox 1907 3229 2089 3265; x_wconf 90' lang='lat' dir='ltr'><strong>actoribus</strong></span> <span class='ocrx_word' id='word_1_1144' title='bbox 2111 3228 2158 3264; x_wconf 92' lang='lat' dir='ltr'><strong>ob</strong></span> <span class='ocrx_word' id='word_1_1145' title='bbox 2182 3237 2226 3264; x_wconf 88' lang='lat' dir='ltr'><strong>ea</strong></span> <span class='ocrx_word' id='word_1_1146' title='bbox 2249 3238 2342 3274; x_wconf 85' lang='lat' dir='ltr'><strong>quae</strong></span> <span class='ocrx_word' id='word_1_1147' title='bbox 2360 3227 2456 3264; x_wconf 86' lang='lat' dir='ltr'><strong>solus</strong></span> 
     </span>
     <span class='ocr_line' id='line_1_150' title="bbox 1374 3272 2456 3326; baseline 0.001 -19"><span class='ocrx_word' id='word_1_1148' title='bbox 1374 3272 1486 3319; x_wconf 79' lang='lat' dir='ltr'><strong>gessit</strong></span> <span class='ocrx_word' id='word_1_1149' title='bbox 1507 3283 1533 3307; x_wconf 91' lang='lat' dir='ltr'><strong>n</strong></span> <span class='ocrx_word' id='word_1_1150' title='bbox 1576 3273 1730 3309; x_wconf 90' lang='lat' dir='ltr'><strong>otiorum</strong></span> <span class='ocrx_word' id='word_1_1151' title='bbox 1753 3278 1935 3326; x_wconf 84' lang='lat' dir='ltr'><strong>gestorum</strong></span> <span class='ocrx_word' id='word_1_1152' title='bbox 1957 3274 2099 3310; x_wconf 90' lang='lat' dir='ltr'><strong>actione</strong></span> <span class='ocrx_word' id='word_1_1153' title='bbox 2122 3273 2255 3308; x_wconf 86' lang='lat' dir='ltr'><strong>servari</strong></span> <span class='ocrx_word' id='word_1_1154' title='bbox 2278 3283 2351 3309; x_wconf 90' lang='lat' dir='ltr'><strong>non</strong></span> <span class='ocrx_word' id='word_1_1155' title='bbox 2390 3282 2456 3318; x_wconf 91' lang='lat' dir='ltr'><strong>po·</strong></span> 
     </span>
     <span class='ocr_line' id='line_1_151' title="bbox 1372 3316 2456 3364; baseline 0 -11"><span class='ocrx_word' id='word_1_1156' title='bbox 1372 3321 1454 3360; x_wconf 88' lang='lat' dir='ltr'><strong>test,</strong></span> <span class='ocrx_word' id='word_1_1157' title='bbox 1474 3316 1521 3352; x_wconf 87' lang='lat' dir='ltr'><strong>ad</strong></span> <span class='ocrx_word' id='word_1_1158' title='bbox 1569 3327 1712 3353; x_wconf 86' lang='lat' dir='ltr'><strong>aninum</strong></span> <span class='ocrx_word' id='word_1_1159' title='bbox 1735 3328 1812 3355; x_wconf 91' lang='lat' dir='ltr'><strong>eius</strong></span> <span class='ocrx_word' id='word_1_1160' title='bbox 1836 3318 1894 3354; x_wconf 89' lang='lat' dir='ltr'><strong>cui</strong></span> <span class='ocrx_word' id='word_1_1161' title='bbox 1916 3318 2070 3364; x_wconf 89' lang='lat' dir='ltr'><strong>legitima</strong></span> <span class='ocrx_word' id='word_1_1162' title='bbox 2091 3317 2270 3353; x_wconf 87' lang='lat' dir='ltr'><strong>hereditas</strong></span> <span class='ocrx_word' id='word_1_1163' title='bbox 2294 3317 2456 3363; x_wconf 78' lang='lat' dir='ltr'><strong>quaesita</strong></span> 
     </span>
     <span class='ocr_line' id='line_1_152' title="bbox 1373 3362 1640 3399; baseline -0.004 0"><span class='ocrx_word' id='word_1_1164' title='bbox 1373 3366 1430 3399; x_wconf 87' lang='lat' dir='ltr'><strong>est</strong></span> <span class='ocrx_word' id='word_1_1165' title='bbox 1477 3362 1640 3398; x_wconf 88' lang='lat' dir='ltr'><strong>ertinere.</strong></span> 
     </span>
    </p>

    <p class='ocr_par' dir='ltr' id='par_1_25' title="bbox 1418 3404 2453 3453">
     <span class='ocr_line' id='line_1_153' title="bbox 1418 3404 2453 3453; baseline -0.003 -9"><span class='ocrx_word' id='word_1_1166' title='bbox 1418 3404 1444 3444; x_wconf 89' lang='lat'>2</span> <span class='ocrx_word' id='word_1_1167' title='bbox 1498 3404 1577 3449; x_wconf 91' lang='grc'><strong>(27)</strong></span> <span class='ocrx_word' id='word_1_1168' title='bbox 1601 3407 1710 3443; x_wconf 68' lang='lat' dir='ltr'><strong>Imm</strong></span> <span class='ocrx_word' id='word_1_1169' title='bbox 1724 3407 1814 3444; x_wconf 77' lang='lat' dir='ltr'><strong>libro</strong></span> <span class='ocrx_word' id='word_1_1170' title='bbox 1833 3405 1990 3443; x_wconf 82' lang='lat' dir='ltr'><strong>secundo</strong></span> <span class='ocrx_word' id='word_1_1171' title='bbox 2009 3416 2264 3453; x_wconf 64' lang='lat' dir='ltr'><strong>responsorum</strong></span> <span class='ocrx_word' id='word_1_1172' title='bbox 2297 3405 2453 3442; x_wconf 81' lang='lat' dir='ltr'><strong>Exduo-</strong></span> 
     </span>
    </p>
   </div>
   <div class='ocr_carea' id='block_1_14' title="bbox 1607 3517 2454 3739">
    <p class='ocr_par' dir='ltr' id='par_1_26' title="bbox 1657 3517 2454 3562">
     <span class='ocr_line' id='line_1_154' title="bbox 1657 3517 2454 3562; baseline -0.004 -8"><span class='ocrx_word' id='word_1_1173' title='bbox 1657 3521 1718 3562; x_wconf 86' lang='lat' dir='ltr'><strong>(io)</strong></span> <span class='ocrx_word' id='word_1_1174' title='bbox 1741 3518 1890 3561; x_wconf 66' lang='lat' dir='ltr'><strong>eieffls,</strong></span> <span class='ocrx_word' id='word_1_1175' title='bbox 1903 3519 2082 3562; x_wconf 76' lang='lat' dir='ltr'><strong>suscepisti</strong></span> <span class='ocrx_word' id='word_1_1176' title='bbox 2093 3518 2147 3553; x_wconf 67' lang='grc' dir='ltr'><strong>Γ*</strong></span> <span class='ocrx_word' id='word_1_1177' title='bbox 2233 3520 2287 3560; x_wconf 82' lang='lat' dir='ltr'><strong>(n)</strong></span> <span class='ocrx_word' id='word_1_1178' title='bbox 2312 3517 2454 3561; x_wconf 83' lang='lat' dir='ltr'><strong>recipiat</strong></span> 
     </span>
    </p>

    <p class='ocr_par' dir='ltr' id='par_1_27' title="bbox 1607 3559 2449 3607">
     <span class='ocr_line' id='line_1_155' title="bbox 1607 3559 2449 3607; baseline -0.005 -7"><span class='ocrx_word' id='word_1_1179' title='bbox 1607 3566 1666 3607; x_wconf 81' lang='lat'><strong>(12)</strong></span> <span class='ocrx_word' id='word_1_1180' title='bbox 1689 3566 1739 3599; x_wconf 74' lang='lat' dir='ltr'><strong>eie</strong></span> <span class='ocrx_word' id='word_1_1181' title='bbox 1758 3565 1845 3605; x_wconf 62' lang='lat' dir='ltr'><strong>deu„</strong></span> <span class='ocrx_word' id='word_1_1182' title='bbox 1866 3563 2048 3597; x_wconf 82' lang='lat' dir='ltr'><strong>committit</strong></span> <span class='ocrx_word' id='word_1_1183' title='bbox 2065 3563 2178 3603; x_wconf 61' lang='lat' dir='ltr'><strong>IMR»,</strong></span> <span class='ocrx_word' id='word_1_1184' title='bbox 2198 3563 2384 3596; x_wconf 79' lang='lat' dir='ltr'><strong>committet</strong></span> <span class='ocrx_word' id='word_1_1185' title='bbox 2401 3559 2449 3596; x_wconf 72' lang='lat' dir='ltr'><strong>F*</strong></span> 
     </span>
    </p>

    <p class='ocr_par' dir='ltr' id='par_1_28' title="bbox 1837 3603 2452 3650">
     <span class='ocr_line' id='line_1_156' title="bbox 1837 3603 2452 3650; baseline -0.008 -7"><span class='ocrx_word' id='word_1_1186' title='bbox 1837 3609 1896 3650; x_wconf 78' lang='lat' dir='ltr'><strong>(u)</strong></span> <span class='ocrx_word' id='word_1_1187' title='bbox 1919 3610 1968 3642; x_wconf 73' lang='lat' dir='ltr'><strong>sic</strong></span> <span class='ocrx_word' id='word_1_1188' title='bbox 1979 3609 2052 3642; x_wconf 71' lang='lat' dir='ltr'><strong>deu.</strong></span> <span class='ocrx_word' id='word_1_1189' title='bbox 2066 3621 2134 3642; x_wconf 75' lang='lat' dir='ltr'><strong>cum</strong></span> <span class='ocrx_word' id='word_1_1190' title='bbox 2147 3607 2195 3648; x_wconf 88' lang='lat' dir='ltr'><strong>B,</strong></span> <span class='ocrx_word' id='word_1_1191' title='bbox 2207 3607 2385 3640; x_wconf 79' lang='lat' dir='ltr'><strong>redidissot</strong></span> <span class='ocrx_word' id='word_1_1192' title='bbox 2394 3603 2452 3639; x_wconf 73' lang='lat' dir='ltr'><strong>FB</strong></span> 
     </span>
    </p>

    <p class='ocr_par' dir='ltr' id='par_1_29' title="bbox 1717 3651 2450 3739">
     <span class='ocr_line' id='line_1_157' title="bbox 1755 3651 2450 3696; baseline -0.007 -8"><span class='ocrx_word' id='word_1_1193' title='bbox 1755 3654 1815 3695; x_wconf 77' lang='lat' dir='ltr'><strong>(w)</strong></span> <span class='ocrx_word' id='word_1_1194' title='bbox 1839 3656 1971 3696; x_wconf 70' lang='lat' dir='ltr'><strong>prestes</strong></span> <span class='ocrx_word' id='word_1_1195' title='bbox 1995 3653 2030 3685; x_wconf 78' lang='lat' dir='ltr'><em>F</em></span> <span class='ocrx_word' id='word_1_1196' title='bbox 2103 3653 2162 3695; x_wconf 77' lang='grc'>(17)</span> <span class='ocrx_word' id='word_1_1197' title='bbox 2186 3652 2284 3686; x_wconf 81' lang='lat' dir='ltr'><strong>emit:</strong></span> <span class='ocrx_word' id='word_1_1198' title='bbox 2298 3651 2378 3684; x_wconf 78' lang='lat' dir='ltr'><strong>licet</strong></span> <span class='ocrx_word' id='word_1_1199' title='bbox 2387 3661 2450 3684; x_wconf 73' lang='lat' dir='ltr'><strong>scr.</strong></span> 
     </span>
     <span class='ocr_line' id='line_1_158' title="bbox 1717 3696 2002 3739; baseline -0.004 -7"><span class='ocrx_word' id='word_1_1200' title='bbox 1717 3698 1777 3739; x_wconf 76' lang='lat'><strong>(1⁹)</strong></span> <span class='ocrx_word' id='word_1_1201' title='bbox 1802 3707 1864 3730; x_wconf 85' lang='lat' dir='ltr'><strong>nec</strong></span> <span class='ocrx_word' id='word_1_1202' title='bbox 1877 3696 2002 3731; x_wconf 56' lang='lat' dir='ltr'><strong>iuml*</strong></span> 
     </span>
    </p>
   </div>
   <div class='ocr_carea' id='block_1_15' title="bbox 1370 3520 1566 3599">
    <p class='ocr_par' dir='ltr' id='par_1_30' title="bbox 1370 3520 1566 3599">
     <span class='ocr_line' id='line_1_159' title="bbox 1373 3520 1566 3576; baseline 0.005 -23"><span class='ocrx_word' id='word_1_1203' title='bbox 1373 3524 1510 3576; x_wconf 72' lang='lat' dir='ltr'><strong>tunsum</strong></span> <span class='ocrx_word' id='word_1_1204' title='bbox 1520 3520 1566 3554; x_wconf 72' lang='grc' dir='ltr'><strong>Ρ</strong></span> 
     </span>
     <span class='ocr_line' id='line_1_160' title="bbox 1370 3577 1430 3599; baseline -0.05 1"><span class='ocrx_word' id='word_1_1205' title='bbox 1370 3577 1430 3599; x_wconf 63' lang='lat' dir='ltr'><strong>SM-</strong></span> 
     </span>
    </p>
   </div>
   <div class='ocr_carea' id='block_1_16' title="bbox 1371 3653 1663 3740">
    <p class='ocr_par' dir='ltr' id='par_1_31' title="bbox 1371 3653 1663 3740">
     <span class='ocr_line' id='line_1_161' title="bbox 1371 3653 1663 3696; baseline -0.007 -8"><span class='ocrx_word' id='word_1_1206' title='bbox 1371 3655 1430 3696; x_wconf 72' lang='lat'><strong>(15)</strong></span> <span class='ocrx_word' id='word_1_1207' title='bbox 1455 3653 1589 3696; x_wconf 87' lang='lat' dir='ltr'><strong>quando</strong></span> <span class='ocrx_word' id='word_1_1208' title='bbox 1600 3666 1663 3687; x_wconf 75' lang='lat' dir='ltr'><strong>scr.</strong></span> 
     </span>
     <span class='ocr_line' id='line_1_162' title="bbox 1371 3698 1603 3740; baseline -0.009 -7"><span class='ocrx_word' id='word_1_1209' title='bbox 1371 3699 1433 3740; x_wconf 84' lang='grc'>(18)</span> <span class='ocrx_word' id='word_1_1210' title='bbox 1457 3698 1544 3731; x_wconf 80' lang='lat' dir='ltr'><strong>hanc</strong></span> <span class='ocrx_word' id='word_1_1211' title='bbox 1567 3698 1603 3732; x_wconf 75' lang='lat' dir='ltr'><em>F</em></span> 
     </span>
    </p>
   </div>
  </div>
 </body>
</html>
