2528 3918
176 103 324 149 ms'r.
354 103 433 158 111,
465 104 504 145 5.
527 104 553 145 e

176 239 248 265 non
272 227 378 264 etiam
401 227 521 263 liberis
546 236 678 268 eorum,
703 236 793 271 quos
816 225 874 262 lex
892 226 1156 263 Anastasiana¹
1182 236 1263 261 cum

176 273 346 309 fratribus
377 272 503 317 integri
539 271 627 306 iuris
662 271 866 307 constitutis
899 275 1006 308 vocat
1041 271 1181 317 quidem
1216 270 1264 306 ad

175 319 365 364 legitimam
388 317 511 352 fratris
535 315 767 352 hereditatem
786 316 860 353 sive
878 317 1023 359 sororis,
1047 327 1120 351 non
1139 315 1262 361 aequis

174 368 293 399 tamen
323 362 503 408 partibuS‚
535 361 597 396 sed
621 372 702 397 cum
725 362 845 408 aliqua
867 362 1123 404 deminutione,
1155 371 1262 406 quam

174 409 280 444 facile
314 412 368 443 est
403 417 448 442 ex
480 406 593 451 ipsius
629 407 894 444 constitutionis
926 407 1043 442 verbis
1085 405 1261 450 colligere,

174 454 252 489 aliis
276 463 357 488 vero
383 451 545 497 adgnatis
569 451 746 487 inferioris
769 452 919 498 gradus,
942 452 1026 487 licet
1049 451 1176 496 capitis
1201 451 1261 486 de-

173 498 405 533 minutionem
454 497 526 531 assi
549 506 622 532 non
646 501 748 539 sunt,
780 502 899 533 tamen
931 507 991 532 eos
1016 496 1203 545 anteponit
1226 499 1262 531 et

174 547 194 578 2
220 546 266 585 (1)
313 552 400 595 proc
475 541 584 577 dubio
619 543 790 587 cognatis.
838 543 913 578 Hos
945 542 1069 584 etiam,
1109 541 1169 586 qui
1200 550 1264 587 per

173 587 332 623 feminini
351 596 458 622 sexus
477 597 650 632 personas
670 597 714 623 ex
733 591 936 623 transverso
958 586 1170 631 cognatione
1182 586 1260 621 iun-

172 637 323 678 guntur,
352 632 458 667 tertio
489 632 601 678 gradu
624 633 861 679 proximitatis
886 632 1026 667 nomine
1048 634 1193 677 praetor
1216 631 1262 666 ad

178 683 199 714 3
223 681 272 722 (2)
319 679 581 713 successionem
605 683 719 713 vocat.
773 682 792 699 ¹·
803 677 932 714 'Liberi
956 685 1114 721 quoque,
1139 676 1200 720 qui
1223 675 1260 709 in

179 722 358 768 ’adoptiva
376 722 514 758 familia
531 727 626 765 sunt,
651 723 697 758 ad
715 722 932 758 naturalium
951 724 1140 766 parentum
1158 720 1260 755 here-

178 772 200 803 4
224 771 273 811 (3)
319 768 475 804 'ditatem
505 768 575 805 hoc
605 769 728 804 eodem
759 767 871 811 gradu
902 766 1098 802 vocantur.⁴
1145 765 1260 810 Vulgo

173 812 354 858 quaesitos
384 812 521 848 nullum
550 812 684 849 habere
714 812 906 858 adgnatum
937 811 1164 848 manifestum
1195 815 1260 855 est,

174 869 254 893 cum
278 857 325 893 ad
374 858 447 894 atio
472 868 494 893 a
516 862 636 904 patre,
669 858 832 904 cognatio
858 858 904 892 sit
927 868 949 892 a
972 861 1103 900 matre,
1136 858 1173 892 hi
1196 867 1260 893 au-

172 907 244 939 tem
266 914 291 939 n
344 914 404 939 um
426 907 564 949 patrem
588 904 721 939 habere
751 903 1012 948 intelleguntur.
1050 902 1174 938 eadem
1201 913 1260 938 ra-

171 949 269 984 tione
291 959 358 984 nec
379 949 473 984 inter
490 959 529 985 se
550 949 688 994 quidem
708 952 859 994 possunt
878 948 989 983 videri
1008 948 1261 993 consanguinei

173 1004 267 1037 esse,
299 994 384 1040 quia
408 995 725 1039 consanguinitatis
749 994 804 1029 ius
829 994 965 1039 speeies
990 996 1045 1029 est
1075 993 1259 1039 adgnatio-

171 1040 245 1075 nis:
277 1042 416 1074 tantum
440 1039 547 1084 igitur
571 1040 711 1085 cognati
735 1042 820 1075 sunt
842 1039 929 1082 sibi,
961 1039 1055 1074 sicut
1079 1042 1115 1074 et
1137 1039 1260 1074 matris

172 1085 332 1130 cognatis
342 1085 368 1120 ².
413 1085 534 1130 itaque
565 1085 729 1120 omnibus
761 1085 838 1120 istis
876 1094 919 1120 ea
953 1087 1057 1129 parte
1092 1084 1261 1130 competit

171 1130 345 1166 bonorum
368 1130 565 1175 possessio,
599 1140 670 1175 qua
692 1130 928 1175 proximitatis
953 1129 1094 1165 nomine
1118 1140 1160 1165 co
1186 1129 1261 1165 nati

171 1178 191 1210 5
218 1178 264 1217 (4)
310 1179 496 1211 vocantur.
543 1175 622 1211 Hoc
636 1176 716 1211 loco
741 1179 777 1210 et
798 1175 886 1211 illud
909 1175 1111 1210 necessario
1136 1185 1158 1210 a
1183 1185 1259 1211 mo-

171 1221 278 1256 nendi
301 1231 424 1256 sumus
448 1220 672 1265 adgnationis
694 1220 834 1266 quidem
852 1221 928 1256 iure
948 1220 1087 1255 admitti
1106 1221 1259 1266 aliquem

171 1266 218 1301 ad
241 1266 473 1302 hereditatem
497 1270 534 1301 et
556 1266 587 1301 si
611 1266 746 1301 decimo
770 1266 883 1311 gradu
907 1266 972 1308 sit,
1003 1266 1076 1301 sive
1109 1265 1153 1301 de
1183 1266 1260 1311 lege

171 1311 358 1347 duodecim
382 1311 587 1347 tabularum
634 1321 843 1355 uaeramus,
876 1311 948 1347 sive
980 1311 1024 1347 de
1048 1310 1163 1347 edicto
1188 1321 1259 1357 quo

170 1361 314 1409 praetor
336 1357 500 1402 legitimis
522 1322 712 1392 heregibus
737 1356 903 1392 daturum
923 1366 962 1392 se
981 1357 1157 1392 bonorum
1174 1367 1258 1402 pos-

171 1412 365 1438 sessionem
396 1402 595 1447 pollieetur.
636 1402 872 1447 proximitatis
907 1412 990 1438 vero
1026 1402 1169 1438 nomine
1203 1402 1259 1437 his

170 1448 255 1483 solis
291 1450 436 1493 praetor
469 1447 645 1493 promittit
675 1448 850 1484 bonorum
884 1447 1164 1501 possessionem,
1200 1447 1260 1493 qui

171 1503 284 1538 usque
315 1493 360 1528 ad
396 1496 535 1528 sextum
568 1492 718 1538 gradum
753 1494 972 1539 cognationis
1007 1496 1109 1536 sunt,
1145 1495 1182 1529 et
1216 1503 1261 1529 ex

171 1538 320 1584 septimo
345 1548 368 1574 a
391 1538 534 1575 sobrino
558 1538 774 1585 sobrinaque
795 1542 881 1575 nato
905 1542 1056 1575 nataeve
1065 1539 1091 1574 ⁸.

673 1632 750 1672 v1⁴

322 1733 325 1736 Α
385 1698 447 1731 DE
473 1698 699 1732 GRADIBUS
724 1698 1039 1732 COGNATIONIS.

214 1765 293 1801 Hoc
316 1764 396 1801 loco
415 1765 654 1801 necessarium
675 1769 730 1802 est
749 1775 938 1811 exponere,
962 1765 1259 1811 quemadmodum

168 1811 300 1856 gradus
326 1811 545 1863 cognationis
575 1814 815 1847 numerentur.
860 1821 932 1856 qua
961 1811 999 1847 in
1030 1821 1069 1847 re
1098 1811 1258 1857 inprimis

169 1855 383 1892 admonendi
414 1866 538 1892 sumus
570 1857 815 1902 cognationem
851 1856 957 1892 aliam
991 1866 1100 1902 supra
1134 1866 1257 1892 nume-

169 1902 260 1944 rari,
292 1901 398 1936 aliam
428 1901 542 1944 infra,
576 1902 682 1936 aliam
706 1912 751 1937 ex
773 1906 998 1945 transverso,
1031 1912 1122 1948 quae
1153 1902 1258 1937 etiam

169 1948 217 1982 a⁵
247 1947 360 1982 latere
393 1946 532 1982 dicitur.
570 1947 734 1992 superior
764 1947 928 1992 cognatio
960 1951 1015 1983 est
1044 1947 1258 1993 parentium,

168 1992 317 2028 inferior
339 1992 551 2035 liberorum,
584 2002 628 2027 ex
651 1995 853 2028 transverso
877 1991 1030 2027 fratrum
1053 2003 1259 2029 sororumve

170 2037 460 2089 eorumque-qui
483 2047 527 2072 ex
550 2037 606 2073 his
630 2041 924 2090 progenerantur,
949 2042 985 2073 et
1009 2037 1259 2074 convenienter

169 2083 290 2128 patrui
319 2086 450 2118 amitae
475 2083 641 2118 avuncuh
668 2086 892 2119 materterae.
929 2087 965 2118 et
988 2083 1152 2128 superior
1179 2083 1257 2129 qui-

170 2128 250 2163 dem
274 2130 311 2163 et
327 2126 476 2163 inferior
496 2128 659 2173 cognatio
679 2138 703 2163 a
718 2129 833 2174 primo
853 2128 966 2174 gradu
986 2128 1128 2174 incipit:
1154 2132 1193 2163 at
1204 2138 1258 2171 ea,

173 2177 186 2209 1
238 2182 330 2218 quae
343 2183 387 2208 ex
405 2176 608 2209 transverso
628 2177 847 2216 numeratur,
868 2184 891 2209 a
909 2173 1078 2210 secundo.
1117 2173 1258 2209 6Ρ1·11110

170 2221 190 2254 2
236 2218 350 2263 gradu
363 2221 418 2254 est
437 2228 546 2264 supra
564 2222 667 2263 pater
685 2222 809 2262 mater,
833 2218 928 2254 infra
947 2218 1041 2254 filius
1060 2218 1146 2254 filia.
1195 2218 1258 2254 Se-

170 2263 287 2299 cundo
312 2273 422 2309 supra
444 2273 532 2299 avus
555 2264 645 2307 avia,
670 2263 766 2299 infra
788 2274 900 2309 nepos
924 2264 1052 2309 neptis,
1077 2273 1121 2299 ex
1140 2267 1258 2299 trans-

170 2312 190 2344 3
237 2318 339 2344 verso
363 2307 477 2344 frater
496 2319 608 2344 soror.
657 2309 778 2345 Tertio
799 2319 910 2354 supra
927 2319 1081 2354 proavus
1101 2309 1257 2354 proavia,

169 2354 263 2389 infra
285 2364 465 2399 pronepos
488 2354 694 2399 proneptis,
720 2365 764 2390 ex
787 2358 989 2390 transverso
1012 2353 1133 2390 fratris
1157 2364 1257 2390 soro-

169 2401 289 2444 risque
310 2398 405 2435 filius
428 2399 503 2434 filia
526 2403 562 2435 et
586 2400 834 2435 convenienter
850 2402 1000 2452 patruus
1019 2400 1129 2435 amita
1148 2410 1256 2435 avun-

170 2445 271 2480 culus
283 2448 485 2480 matertera.
522 2448 673 2490 patruus
694 2448 749 2480 est
767 2449 880 2491 patris
899 2445 1023 2488 frater,
1047 2445 1108 2490 qui
1121 2444 1259 2480 Graece

169 2490 246 2525 πάτ
270 2502 318 2525 ως
352 2493 519 2525 vocatur:
556 2491 753 2526 avunculus
790 2494 845 2526 est
877 2490 1000 2526 matris
1030 2489 1161 2533 frater,
1197 2490 1258 2536 qui

170 2545 243 2580 apu
301 2534 458 2571 Graecos
493 2535 637 2581 proprie
670 2534 814 2581 μήτρως
848 2536 1067 2581 appellatur:
1104 2539 1140 2571 et
1174 2546 1257 2581 pro-

170 2581 306 2615 miscue
328 2580 431 2616 θεῖος
455 2580 593 2616 dicitur.
638 2581 747 2616 amita
771 2584 826 2616 est
873 2581 960 2617 atris
984 2591 1104 2623 soror,
1128 2584 1258 2616 mater-

169 2629 248 2661 tera
269 2635 353 2660 vero
377 2625 500 2661 matris
525 2636 644 2662 soror:
669 2630 750 2661 utra
774 2636 820 2661 ue
876 2629 931 2660 εία
953 2626 1010 2662 vel
1034 2625 1131 2671 apud
1150 2636 1257 2671 quos-

170 2673 192 2706 4
239 2670 321 2705 dam
343 2670 451 2713 τηθίε
482 2671 693 2716 appellatur.
741 2637 877 2716 &uarto
900 2671 1014 2716 gradu
1037 2681 1148 2717 supra
1170 2671 1257 2706 aba·

170 2726 235 2751 vus
267 2715 413 2758 abavia,
447 2715 542 2751 infra
573 2716 731 2761 abnepos
763 2717 947 2762 abneptis,
980 2726 1024 2752 ex
1053 2719 1256 2752 transverso

169 2760 293 2796 fratris
324 2761 529 2807 sororisque
558 2772 669 2806 nepos
700 2762 817 2806 neptis
849 2765 884 2797 et
919 2761 1170 2797 convenienter
1191 2771 1257 2806 pa-

170 2809 274 2841 truus
303 2815 451 2851 magnus
483 2806 592 2841 amita
622 2816 751 2851 magna
774 2806 823 2849 (id
846 2810 901 2842 est
924 2806 980 2842 avi
1002 2806 1115 2841 frater
1139 2809 1175 2841 et
1198 2816 1256 2842 so-

170 2855 263 2894 ror),
297 2850 382 2886 item
413 2851 607 2886 avunculus
640 2862 788 2897 magnus
819 2855 1013 2887 matertera
1045 2861 1175 2896 magna
1209 2851 1257 2892 (id

171 2900 227 2932 est
250 2895 350 2931 aviae
371 2895 484 2931 frater
507 2900 543 2932 et
567 2903 692 2939 soror),
718 2897 952 2933 consobrinus
974 2897 1188 2932 consobrina
1208 2896 1257 2936 (id

171 2941 228 2978 est
259 2941 321 2987 qui
351 2951 486 2986 quaeve
516 2952 560 2976 ex
589 2941 762 2978 fratribus
793 2946 857 2977 aut
879 2941 1060 2978 sororibus
1084 2952 1256 2987 progene-

170 2989 322 3029 rantur).
358 2986 422 3022 sed
453 2986 596 3031 quidam
627 2990 726 3022 recte
756 2987 990 3023 consobrinos
1022 2997 1082 3023 eos
1114 2986 1258 3032 proprie

170 3034 301 3078 putant
324 3031 414 3075 dici,
446 3031 507 3077 qui
530 3041 574 3066 ex
598 3031 736 3067 duabus
760 3032 941 3068 sororibus
965 3035 1256 3078 progenerantur,

171 3076 275 3123 quasi
299 3077 568 3113 consororinos:
601 3086 662 3112 808
686 3087 788 3119 vero,
821 3078 881 3122 qui
905 3088 950 3114 ex
973 3077 1114 3113 duobus
1137 3077 1257 3112 fratri-

170 3123 240 3159 bus
271 3125 569 3168 progenerantur,
600 3122 744 3167 proprie
773 3122 904 3158 fratres
934 3122 1115 3168 patrueles
1138 3122 1259 3158 vocari

172 3167 216 3211 (si
240 3172 359 3203 autem
383 3177 427 3203 ex
457 3166 597 3202 duobus
626 3166 798 3203 fratribus
830 3167 924 3203 filiae
954 3170 1167 3210 nascantur,
1199 3177 1257 3202 so-

171 3223 271 3250 rores
293 3212 473 3258 patrueles
496 3211 752 3257 appellantur):
777 3215 816 3247 at
841 3223 913 3256 eos,
938 3213 1000 3259 qui
1023 3223 1067 3249 ex
1088 3213 1200 3248 fratre
1223 3214 1259 3247 et

170 3324 213 3366 (1)
226 3325 259 3358 r'n
271 3323 350 3358 God.
360 3331 457 3367 repet.
467 3324 623 3367 praelect.
634 3328 764 3366 recepta
774 3334 838 3356 *non
853 3331 918 3356 est:
936 3325 978 3367 qs.
990 3324 1037 3357 ad
1048 3323 1127 3357 cod.
1136 3324 1169 3362 5,
1179 3321 1227 3364 ³10,
1237 3330 1254 3356 ⁶

173 3370 228 3412 (ι’)
246 3368 324 3404 Gai,
334 3370 408 3411 3,11
453 3370 499 3410 (2)
514 3370 562 3402 nic
574 3369 655 3410 Bo,
672 3367 807 3410 cognati
818 3370 898 3400 sunt
913 3368 946 3402 T
985 3369 1029 3410 (s)
1047 3369 1166 3401 natm
1180 3367 1257 3401 libri

219 3418 260 3459 (4)
289 3416 341 3460 C's.
354 3416 436 3460 Diq.
449 3415 503 3457 38,
515 3421 549 3448 ιο
653 3416 695 3451 (5)
721 3415 751 3454 a]
768 3414 855 3454 BP,
870 3424 909 3445 ex
921 3414 1004 3447 ATv
1096 3416 1141 3456 (6)
1169 3417 1186 3453 5
1200 3421 1256 3448 1..5

172 3462 294 3496 n‘mt'lu
305 3461 389 3506 Diq.
401 3460 455 3501 38,
471 3466 517 3499 io,
530 3466 555 3498 1,
567 3466 625 3493 30¹1
640 3458 734 3498 (Gai.
750 3459 770 3491 l.
784 3465 801 3492 8
815 3459 862 3491 ad
871 3459 920 3492 ed.
929 3460 1037 3502 prov.)
1143 3459 1186 3500 (7)
1210 3459 1259 3492 82⁸0

174 3507 253 3541 libri
264 3507 295 3541 Θ
307 3513 337 3540 et
346 3507 380 3540 ἰη
391 3505 510 3548 Βίῳῗ
517 3504 538 3545 ¹,
552 3503 690 3546 propior
699 3502 837 3547 Di9.F²
951 3505 996 3545 (8)
1019 3506 1067 3538 sic
1079 3504 1115 3537 Β
1120 3504 1191 3544 ΤΘ,
1205 3513 1256 3536 so-

171 3551 273 3584 brino
285 3551 398 3596 ADiy.
500 3552 544 3591 (9)
572 3553 589 3588 5
605 3556 621 3582 6
633 3550 748 3582 similis
759 3549 841 3592 Diq.
855 3549 909 3589 38,
922 3555 966 3589 10,
981 3555 997 3583 8
1007 3562 1061 3593 pr.
1074 3549 1169 3589 (Gai.
1183 3549 1203 3582 l.
1217 3549 1257 3590 0.)

174 3599 235 3639 (10)
257 3598 307 3631 eie
327 3597 405 3630 libri
423 3607 491 3629 cum
505 3595 554 3628 0:
575 3594 655 3627 item
676 3593 790 3636 patrui
810 3594 924 3636 magni
936 3594 1058 3626 amitae
1069 3603 1210 3636 magnae
1223 3603 1258 3626 a·

174 3641 314 3674 vunculi
325 3641 441 3684 magni
452 3641 647 3673 materteras
655 3648 797 3681 magnae
804 3648 909 3681 nepos
916 3639 1040 3681 neptis,
1055 3640 1134 3671 item
1144 3638 1258 3671 fratris

173 3686 338 3729 patruelis
358 3686 482 3719 sororis
502 3683 666 3728 patruelis
684 3684 879 3716 consobrini
890 3684 1110 3717 consobrinae
1123 3683 1257 3716 amitini

174 3732 336 3766 amitina·
352 3742 457 3776 nepos
476 3730 600 3774 neptis,
627 3729 804 3775 propatrui
831 3730 1017 3772 proamitae
1035 3727 1259 3773 proavunculi

1273 98 1331 149 32
1401 150 1404 152 ,
1764 113 1828 148 mi
1857 115 2081 153 ammos
2109 116 2414 157 coenauoms

1294 226 1301 241 ¹
1332 235 1455 261 sorore
1488 229 1750 279 propagantur,
1793 227 1958 263 amitinos
1992 228 2135 274 proprie
2168 229 2238 265 dici
2272 230 2415 273 (amitae

1330 274 1415 323 tuae
1437 269 1500 323 filil
1520 271 1773 308 consobrinum
1792 275 1829 308 te
1848 272 2040 318 appellant,
2063 277 2105 309 tu
2123 274 2204 310 illos
2223 274 2412 356 amitina?-

1331 320 1350 351 5
1399 315 1530 360 Qumto
1561 326 1671 362 supra
1701 320 1826 353 atavus
1858 317 1995 361 atavia,
2029 318 2124 354 infra
2158 319 2316 366 adnepos
2397 339 2413 348 -

1331 362 1458 407 neptis,
1482 372 1527 397 ex
1549 364 1751 398 transverso
1769 362 1892 398 fratris
1911 363 2114 409 sororisque
2131 374 2310 410 pronepos
2330 375 2413 411 pro-

1331 407 1447 452 neptis
1478 410 1514 442 et
1547 407 1794 444 convenienter
1823 411 2041 453 propatruus
2096 410 2250 445 roamita
2281 409 2330 452 (id
2360 413 2415 446 est

1330 451 1454 496 proavi
1486 451 1599 487 frater
1630 455 1666 488 et
1695 458 1828 496 soror),
1861 463 2044 499 proavunc
2084 464 2126 490 us
2156 458 2415 500 promatertera

1332 497 1381 539 (id
1406 499 1460 532 est
1483 497 1650 542 proaviae
1667 497 1779 533 frater
1798 502 1833 534 et
1852 497 1978 538 soror),
2001 498 2086 534 item
2105 499 2227 535 fratris
2244 501 2414 545 patruelis

1331 542 1462 577 sororis
1498 542 1689 595 patruelis,
1729 543 1932 579 consobrini
1965 546 2002 579 et
2035 544 2288 588 consobrinae,
2326 545 2414 581 ami-

1330 587 1395 622 tini
1438 587 1605 622 amltinae
1642 587 1736 623 filius
1775 588 1868 631 filia,
1911 588 2098 641 proprior⁷
2134 590 2323 625 sobrinus⁸
2356 601 2413 626 so-

1330 632 1433 667 brina
1465 632 1514 674 (hi
1538 635 1623 667 sunt
1644 633 1764 678 patrui
1787 634 1903 678 magni
1927 637 2056 669 amitae
2079 644 2228 680 magnae
2251 635 2415 671 avunculi

1331 680 1351 713 6
1397 677 1515 722 magni
1527 680 1739 714 materterae
1750 689 1898 724 magnae
1910 678 2004 714 filius
2016 678 2113 722 filia).
2159 680 2174 701 ⁹
2182 679 2289 716 Sexto
2301 680 2414 726 gradu

1330 725 1414 758 sunt
1436 732 1547 768 supra
1570 722 1721 759 tritavus
1744 723 1904 766 tritavia,
1935 724 2029 759 infra
2058 724 2217 771 trinepos
2240 725 2415 771 trineptis,

1330 778 1374 803 ex
1396 771 1598 803 transverso
1622 767 1744 804 fratris
1767 770 1970 814 sororisque
1993 770 2152 815 abnepos
2183 770 2347 824 abneptis
2381 774 2416 806 et

1330 813 1579 849 convenienter
1602 813 1800 859 abpatruus
1825 815 1982 850 abamita
2015 815 2063 853 (id
2092 818 2148 851 est
2178 816 2282 851 abavi
2303 815 2416 852 frater

1330 862 1367 894 et
1401 861 1515 901 soror)
1552 858 1798 894 abavunculus
1833 860 2072 895 abmatertera
2102 860 2152 902 (id
2182 864 2238 896 est
2267 861 2416 896 abaviae

1328 905 1441 939 frater
1465 907 1501 939 et
1524 906 1659 947 soror),
1689 904 1808 940 ¹⁰item
1832 905 1966 940 sobrini
1989 905 2222 951 sobrinaeque
2235 907 2261 927 ¹¹
2287 905 2338 948 (id
2361 910 2416 942 est

1329 950 1391 995 qui
1414 958 1548 994 quaeve
1572 959 1617 984 ex
1638 948 1810 985 fratribus
1833 950 1889 985 vel
1912 950 2094 986 sororibus
2117 950 2337 996 patruelibus
2360 951 2415 987 vel

1331 998 1348 1029 7
1398 994 1619 1030 consobrinis
1636 995 1691 1030 vel
1710 995 1863 1030 amitinis
1881 999 2185 1041 progenerantur).
2231 995 2415 1032 Hactenus

1329 1039 1527 1075 ostendisse
1551 1038 1724 1083 sufficiet,
1758 1040 2054 1086 quemadmodum
2118 1041 2208 1077 adus
2232 1041 2414 1095 cognatio-

1329 1085 1384 1121 nis
1414 1088 1654 1120 numerentur.
1698 1095 1852 1131 namque
1875 1096 1920 1121 ex
1949 1085 2004 1122 his
2035 1097 2059 1132 p
2096 1096 2153 1122 am
2187 1090 2243 1122 est
2274 1086 2411 1122 intelle-

1328 1140 1428 1176 gere,
1484 1129 1755 1166 uemadmodum
1785 1131 1934 1167 ulterius
1965 1141 2106 1177 quoque
2135 1131 2268 1177 gradus
2291 1141 2414 1167 nume-

1327 1185 1409 1211 rare
1432 1175 1476 1211 de
1502 1185 1618 1211 emus:
1666 1175 1775 1228 uippe
1797 1186 1937 1222 semper
1982 1180 2128 1212 enerata
2151 1186 2311 1223 quaeque
2320 1187 2414 1258 dper-

1328 1231 1419 1257 sona
1440 1220 1588 1266 gradum
1612 1230 1634 1256 a
1673 1226 1754 1264 ciat,
1778 1225 1820 1257 ut
1841 1221 1944 1267 longe
1979 1221 2104 1258 acilius
2123 1221 2170 1258 sit
2187 1231 2319 1268 respon
2345 1232 2415 1265 ere,

1329 1270 1437 1312 quoto
1462 1265 1612 1312 quisque
1634 1266 1748 1312 gradu
1779 1267 1846 1309 sit,
1902 1277 1985 1302 uam
2015 1277 2080 1312 pro
2106 1267 2162 1304 ria
2192 1267 2413 1313 cognationis

1329 1315 1350 1348 8
1396 1312 1635 1357 appellatione
1647 1322 1858 1357 quemquam
1897 1316 2052 1348 enotare.
2112 1312 2313 1358 dgnationis
2325 1323 2414 1358 quo-

1329 1360 1349 1392 9
1397 1367 1466 1410 que
1489 1356 1621 1402 gradus
1647 1357 1771 1393 eodem
1801 1357 1907 1393 modo
1939 1361 2184 1394 numerantur.
2232 1357 2304 1394 Sed
2334 1368 2415 1394 cum

1328 1412 1441 1448 magis
1475 1402 1604 1438 veritas
1638 1402 1783 1438 oculata
1816 1402 1887 1438 fide
1922 1413 2028 1448 quam
2058 1412 2123 1448 per
2151 1413 2256 1439 aures
2289 1403 2414 1439 animis

1327 1448 1510 1484 hominum
1543 1447 1718 1493 infigitur,
1753 1447 1835 1484 ideo
1866 1448 2106 1484 necessarium
2137 1447 2301 1484 duximus
2331 1451 2415 1494 post

1328 1493 1571 1530 narrationem
1598 1493 1773 1538 graduum
1805 1493 1912 1529 etiam
1941 1503 2003 1529 eos
2034 1493 2214 1539 praesenti
2245 1493 2336 1529 libro
2359 1493 2413 1529 in-

1328 1539 1454 1582 scribi,
1490 1541 1666 1584 quatenus
1701 1538 1841 1584 possint
1874 1542 1910 1574 et
1943 1538 2090 1575 auribus
2125 1541 2162 1575 81
2193 1538 2415 1585 inspectione

1328 1584 1574 1651 adulegcentes
1604 1582 1898 1629 perfectissimam
1920 1583 2094 1629 graduum
2118 1583 2315 1620 doctrinam
2338 1583 2413 1619 adi-

1352 1640 1417 1665 1801
1460 1657 1467 1664 .

1327 1641 1372 1710 110
1467 1674 1594 1711 ¹³Illud
1614 1678 1751 1710 certum
1771 1678 1825 1711 est
1843 1674 1890 1710 ad
1908 1674 2052 1711 serviles
2072 1674 2300 1721 cognationes
2318 1674 2415 1710 illam

1328 1723 1465 1766 partem
1485 1719 1602 1763 edicti,
1627 1730 1699 1766 qua
1717 1720 1954 1766 proximitatis
1973 1720 2115 1756 nomine
2135 1720 2311 1756 bonorum
2329 1729 2414 1765 pos-

1328 1765 1438 1801 sessio
1462 1765 1692 1811 promittitur,
1716 1776 1788 1801 non
1811 1765 2006 1811 pertinere:
2030 1775 2114 1801 nam
2137 1775 2204 1801 nec
2226 1765 2300 1800 ulla
2321 1764 2413 1800 anti-

1328 1821 1399 1856 qua
1433 1811 1509 1856 lege
1542 1811 1625 1846 talis
1659 1811 1823 1856 cognatio
1859 1811 2145 1856 computabatur.
2193 1809 2257 1846 sed
2290 1813 2415 1846 nostra

1328 1856 1642 1899 constitutione¹⁴,
1675 1866 1781 1901 quam
1810 1866 1876 1901 pro
1908 1856 1986 1891 iure
2019 1858 2231 1901 patronatus
2264 1854 2414 1891 fecimus

1329 1901 1438 1947 (quod
1460 1901 1517 1937 ius
1540 1911 1583 1937 us
1608 1911 1654 1936 ue
1677 1901 1724 1936 ad
1757 1904 1882 1937 nostra
1911 1904 2073 1946 tempora
2103 1900 2191 1936 satis
2222 1900 2414 1936 obscurum

1327 1951 1436 1993 atque
1459 1946 1555 1982 nube
1578 1957 1602 1991 p
1617 1957 1721 1982 enum
1745 1949 1781 1982 et
1811 1945 1967 1992 undique
1998 1945 2186 1982 confusum
2215 1944 2347 1989 fuerat)
2379 1949 2415 1980 et

1326 1992 1396 2028 1100
1419 1991 1641 2027 humanitate
1672 1994 1880 2037 suggerente
1912 1991 2171 2034 concessimus,
2204 1994 2246 2026 ut
2275 1991 2307 2026 si
2335 1991 2414 2036 quis

1326 2037 1364 2073 in
1398 2037 1515 2073 servili
1550 2037 1728 2073 consortio
1764 2036 1980 2073 constitutus
2012 2036 2163 2072 liberum
2191 2035 2248 2072 vel
2281 2035 2413 2072 liberos

1326 2082 1494 2118 habuerit
1521 2082 1594 2118 sive
1623 2092 1668 2118 ex
1697 2082 1811 2117 libera
1840 2081 1912 2118 sive
1935 2081 2070 2117 servilis
2095 2081 2312 2118 condicionis
2335 2091 2413 2116 mu-

1326 2128 1423 2171 liere,
1447 2127 1502 2164 vel
1526 2131 1652 2163 contra
1675 2137 1778 2163 serva
1799 2126 1925 2162 mulier
1948 2137 1991 2162 ex
2013 2127 2125 2162 libero
2148 2126 2205 2162 vel
2227 2136 2328 2162 servo
2347 2126 2413 2161 ha-

1327 2173 1445 2209 buerit
1466 2173 1598 2209 liberos
1630 2172 1884 2218 cuiuscumque
1915 2182 2042 2215 sexus,
2073 2174 2109 2207 et
2137 2171 2185 2207 ad
2213 2171 2414 2207 libertatem

1326 2219 1381 2254 his
1404 2217 1690 2264 pervenientibus
1714 2220 1751 2253 et
1779 2218 1836 2260 hi,
1869 2217 1930 2262 qui
1960 2227 2006 2252 ex
2036 2216 2153 2252 servili
2182 2219 2304 2252 ventre
2334 2216 2411 2251 nati

1327 2267 1420 2306 sunt,
1444 2263 1645 2299 libertatem
1668 2265 1883 2305 meruerunt,
1906 2262 1963 2297 vel
1986 2262 2070 2298 dum
2092 2261 2258 2297 mulieres
2280 2261 2414 2296 liberae

1328 2312 1446 2351 erant,
1477 2308 1547 2353 ipsi
1576 2308 1614 2343 in
1644 2307 1848 2343 servitutem
1879 2317 1940 2343 eos
1963 2307 2207 2343 habuerunt¹⁵
2230 2309 2266 2342 et
2287 2309 2414 2352 postea

1326 2354 1373 2389 ad
1395 2353 1593 2389 libertatem
1616 2356 1870 2398 pervenerunt,
1902 2355 1942 2387 ut
1973 2352 2011 2387 hi
2042 2361 2164 2388 omnes
2195 2351 2243 2387 ad
2267 2361 2410 2388 succes-

1326 2400 1462 2435 sionem
1485 2398 1541 2434 vel
1563 2398 1676 2443 patris
1700 2398 1756 2433 vel
1778 2398 1900 2433 matris
1923 2397 2078 2440 veniant,
2101 2399 2314 2443 patronatus
2336 2397 2414 2432 iure

1327 2445 1365 2480 in
1388 2445 1459 2480 hac
1481 2447 1585 2489 parte
1608 2443 1742 2488 sopito:
1774 2443 1841 2479 hos
1873 2442 1966 2478 enim
1988 2442 2119 2478 liberos
2143 2453 2215 2478 non
2239 2442 2353 2478 solum
2375 2441 2413 2477 in

1327 2500 1474 2526 suorum
1497 2488 1697 2534 parentium
1719 2488 2000 2531 successionem,
2031 2487 2096 2523 sed
2125 2487 2231 2523 etiam
2262 2487 2413 2523 alterum

1326 2535 1363 2571 in
1387 2534 1532 2570 alterius
1556 2536 1716 2569 mutuam
1740 2533 2002 2569 successionem
2024 2532 2245 2575 vocavimus,
2277 2542 2323 2568 ex
2351 2532 2413 2567 illa

1326 2581 1402 2625 lege
1437 2579 1639 2625 specialiter
1674 2589 1734 2615 eos
1770 2581 1958 2621 vocantes,
1990 2577 2063 2614 sive
2093 2577 2160 2614 soli
2188 2577 2413 2613 inveniantur

1327 2625 1388 2671 qui
1409 2625 1447 2660 in
1471 2624 1640 2660 servitute
1662 2623 1738 2659 nati
1761 2627 1798 2660 et
1819 2627 1947 2669 postea
1968 2622 2176 2658 manumissi
2206 2625 2308 2665 811111,
2339 2621 2413 2658 sive

1326 2680 1400 2706 una
1430 2681 1511 2706 cum
1539 2669 1635 2711 aliis,
1668 2669 1729 2714 qui
1757 2672 1844 2749 post
1873 2668 2073 2704 libertatem
2102 2667 2303 2713 parentium
2326 2677 2411 2703 con-

1327 2715 1421 2761 cepti
1445 2718 1528 2750 sunt
1551 2715 1623 2750 sive
1647 2724 1691 2750 ex
1715 2724 1757 2750 ea
1783 2724 1838 2750 em
1859 2717 1974 2749 matre
1995 2713 2052 2749 vel
2071 2713 2196 2749 eodem
2215 2715 2319 2758 patre
2339 2712 2412 2748 sive

1326 2771 1371 2796 ex
1394 2760 1471 2796 aliis
1494 2759 1640 2805 nuptiis,
1665 2759 1712 2795 ad
1727 2758 1990 2795 similitudinem
2013 2768 2135 2794 eorum
2159 2758 2218 2803 qui
2242 2768 2287 2793 ex
2308 2757 2412 2793 iustis

1326 2806 1459 2851 nuptiis
1482 2804 1662 2850 procreati
1684 2807 1780 2840 sunt.

1328 2854 1365 2886 11
1460 2850 1635 2895 Repetitis
1665 2849 1787 2895 itaque
1808 2847 1971 2900 omnibus
1994 2857 2086 2893 quae
2107 2847 2179 2883 iam
2201 2846 2411 2882 tradidimus

1326 2906 1439 2977 {13¹3ss
1441 2899 1794 2986 Εέρὲἰῖηῗῗὲθὲιὲἓ
1797 2904 1927 2975 ἱὸοὲἓῗ
1941 2891 2410 2983 esszffaffiffi‘zffi

1326 2986 1478 3032 quidem,
1503 2986 1564 3031 qui
1586 2985 1781 3030 proximior
1802 2984 1849 3020 sit
1872 2987 2055 3028 cognatus,
2079 2992 2220 3028 semper
2263 2982 2410 3018 otiorem

1327 3041 1415 3067 esse.
1461 3041 1542 3066 cum
1574 3030 1666 3066 enim
1695 3029 1811 3075 prima
1841 3038 1952 3064 causa
1985 3029 2032 3064 sit
2062 3038 2207 3063 suorum
2267 3026 2410 3063 eredum

1327 3085 1486 3122 quosque
1508 3075 1602 3110 inter
1624 3085 1709 3110 suos
1732 3073 1880 3110 heredes
1910 3073 1982 3109 iam
2013 3072 2313 3115 enumeravimus,
2345 3082 2409 3117 ap-

1325 3124 1429 3166 paret
1458 3130 1570 3166 prone
1596 3123 1690 3156 otem
1720 3119 1775 3155 vel
1805 3118 2018 3164 abnepotem
2048 3116 2207 3154 defuncti
2284 3117 2410 3152 tiorem

1327 3176 1406 3202 esse
1429 3175 1535 3211 quam
1574 3168 1705 3200 ratrem
1729 3167 1794 3200 aut
1821 3166 1959 3210 patrem
1989 3165 2209 3207 matremque
2264 3161 2410 3204 eiuncti,

1328 3222 1410 3247 cum
1433 3210 1591 3255 alioquin
1614 3213 1716 3256 pater
1739 3208 1879 3255 quidem
1904 3211 1939 3244 et
1961 3211 2092 3251 mater,
2123 3211 2166 3242 ut
2187 3216 2298 3252 supra
2320 3216 2409 3252 quo-

1325 3325 1585 3366 promaterterae
1597 3323 1687 3356 filius
1700 3322 1770 3355 filia
1781 3324 1842 3356 ins.
1855 3323 1936 3366 Diq.
2015 3321 2070 3363 (11)
2093 3322 2141 3354 sic
2152 3320 2227 3354 BT
2233 3332 2302 3354 cum
2314 3321 2409 3365 Dry„

1323 3367 1518 3420 consobrini
1541 3365 1830 3419 copsobrinacque
1859 3365 1893 3398 Δ
1921 3375 1991 3417 carp
2014 3363 2114 3396 Paua.
2138 3364 2172 3415 «i,
2195 3370 2238 3405 11,
2263 3370 2280 3397 e
2309 3370 2340 3397 et
2363 3364 2414 3398 9.·

1322 3414 1467 3499 3ῢῖἶῇ
1486 3412 1569 3499 :3⁰30
1577 3410 1779 3490 ‘’0222''ssssss
1780 3409 1983 3498 ’8111Ὺῶ
2003 3407 2414 3499 οὲἲὶῗιῖἳέἒῖἒζῗῗὲῧ

1325 3503 1445 3536 fratres
1468 3499 1636 3544 patrueles
1666 3496 1688 3544 ἢ
1716 3496 1792 3534 ἀπὸ
1819 3499 1899 3533 τῶν
1922 3497 2167 3532 consobrinimn
2192 3494 2214 3541 ἢ
2236 3498 2411 3531 amitinum

1327 3545 1534 3590 δτόχθησαν
1565 3547 1625 3588 (3ἰο
1650 3546 1728 3579 libri
1750 3545 1851 3579 Meas.
1884 3543 2108 3578 Lam-enniani
2134 3545 2275 3586 quinque
2299 3543 2411 3577 Paris.

1327 3599 1408 3628 130⁴.
1431 3594 1517 3634 1360)
1633 3591 1693 3633 (1·2)
1715 3591 1889 3636 ysnuinum
1912 3595 2044 3622 stemma
2067 3590 2290 3632 coynationum
2311 3589 2412 3631 periit

1344 3639 1390 3680 18)
1420 3638 1583 3671 rubricam
1612 3636 1643 3669 11.
1670 3637 1690 3669 l.
1720 3637 1795 3670 dete.
1826 3635 1972 3669 inserunt
2001 3632 2043 3666 de
2070 3632 2183 3666 servili
2214 3632 2411 3675 cognatione

1344 3685 1389 3725 u)
1418 3682 1498 3717 cod.
1512 3684 1545 3724 6,
1558 3689 1586 3724 ⁴,
1598 3688 1723 3724 ⁴,10-11
1794 3680 1855 3723 (15)
1878 3689 1933 3713 eo·
1951 3678 2155 3720 habuerunt]
2174 3690 2236 3712 scr.
2257 3677 2412 3711 abierunt

1328 3727 1537 3773 (Mommsen)
1986 3733 1988 3735 ·

2519 201 2528 220 1.·
2526 187 2528 191 .
2503 0 2528 175 ‚amsa-vsa&
