2528 3918
163 155 416 198 XXXXllll
446 157 486 197 6.
511 155 535 195 7

162 281 282 312 tamen
313 285 394 311 cum
426 277 659 321 procuratore
698 277 818 310 tutore
848 277 1056 310 curatoreve
1093 274 1244 310 alicuius

162 321 329 358 iudicium
353 323 540 364 acceptum
563 319 626 361 sit,
657 329 877 365 consequens
900 319 970 355 erit
992 319 1119 362 dicere,
1144 318 1246 364 quasi

163 377 245 402 cum
275 365 352 411 ipso
385 365 558 410 litigetur,
589 364 641 399 ita
670 374 751 400 eum
780 363 850 400 ad¹
885 364 1130 409 exceptionem
1164 373 1243 409 per-

162 412 287 447 tinere.

209 453 236 493 2
258 455 366 491 locu
392 453 483 491 libro
512 456 618 489 sexto
646 453 1002 499 fideicommissorum
1054 453 1092 488 Si
1123 463 1245 488 servus

164 511 245 537 cum
266 499 392 536 emerit
410 498 490 542 scit,
509 498 684 544 ignoravit
703 502 822 534 autem
842 497 1014 541 dominus,
1037 498 1091 533 vel
1109 502 1244 540 contra,

163 544 353 581 videndum
377 547 441 586 est,
466 544 567 579 cuius
590 543 710 597 potius
732 543 928 588 spectanda
950 542 997 578 sit
1019 542 1180 578 scientia.
1211 546 1247 577 et

165 590 277 635 magis
299 593 372 632 est,
403 593 445 624 ut
476 589 626 624 scientia
647 587 867 634 inspicienda
897 588 943 622 sit
965 588 1041 623 eius
1065 588 1127 633 qui
1150 598 1245 623 com-

164 634 313 680 paravit,
337 645 410 669 non
431 632 520 677 eius,
546 634 603 669 cui
625 633 848 679 adquiretur‚
874 636 910 668 et
930 631 1011 668 ideo
1035 642 1153 677 poena
1174 632 1245 668 liti-

163 679 253 724 giosi
276 678 463 725 competit,
498 678 551 714 sic
581 683 718 721 tamen,
752 678 783 713 si
811 688 883 713 non
913 677 1083 713 mandatu
1115 676 1246 713 domini

166 724 267 760 emit:
291 734 375 760 nam
398 723 429 759 si
450 723 640 767 mandatu,
663 722 803 758 etiamsi
825 722 895 758 scit
917 732 1058 764 servus,
1082 722 1245 758 dominus

165 773 285 805 autem
307 768 500 821 ignoravit,
531 768 681 804 scientia
703 779 774 803 non
798 771 920 803 nocet:
955 771 991 803 et
1014 767 1066 803 ita
1088 767 1245 803 Iulianus

164 814 203 850 in
225 824 264 850 re
286 813 440 859 litigiosa
461 813 598 850 scribit.

211 856 237 897 3
265 858 388 895 Galus
415 858 506 894 libro
534 861 640 894 sexto
671 858 722 893 ad
750 857 863 903 leqem
893 856 1080 893 duodecim
1111 856 1246 892 tabula-

165 914 246 939 rum
291 903 382 939 Rem
411 902 456 939 de
487 914 558 948 qua
587 902 829 938 controversia
860 904 917 938 est
951 902 1181 947 prohibemur
1211 901 1248 935 in

167 958 310 985 sacrum
345 947 525 984 dedicare:
566 947 723 992 alioquin
762 946 861 992 dupli
891 957 1044 992 poenam
1106 945 1246 989 atimur‚

167 1004 233 1029 nec
255 993 443 1035 immerito,
468 1003 513 1028 ne
536 993 644 1029 liceat
668 1002 709 1027 eo
729 991 835 1028 modo
859 991 1038 1027 duriorem
1055 1002 1077 1027 a
1103 991 1248 1026 versarii

167 1038 411 1074 condicionem
435 1038 564 1073 facere.
602 1037 665 1073 sed
689 1037 835 1090 duplum
859 1041 979 1072 utrum
1002 1036 1090 1072 fisco
1115 1046 1162 1071 an
1185 1035 1247 1071 ad-

167 1083 322 1119 versario
346 1082 600 1128 praestandum
623 1082 690 1125 sit,
715 1082 803 1117 mhil
827 1081 1052 1127 exprimitur:
1085 1081 1248 1117 fortassis

166 1132 286 1164 autem
308 1127 421 1173 magis
441 1127 656 1170 adversario,
682 1130 722 1162 ut
740 1127 777 1162 id
795 1126 906 1163 veluti
928 1126 1101 1162 solacium
1116 1126 1250 1162 habeat

167 1184 232 1219 pro
257 1183 311 1217 eo,
335 1172 432 1218 quod
454 1172 646 1219 potentiori
669 1171 872 1208 adversario
897 1171 1048 1206 traditus
1073 1174 1136 1206 est⁷

654 1309 731 1348 VH
739 1307 767 1347 ².

282 1375 342 1407 DE
367 1374 750 1409 OBLIGATIONIBUS
773 1374 833 1407 ET
856 1373 1139 1407 ACTIONIBUS.

218 1440 235 1478 1
267 1442 390 1477 GAws
422 1441 514 1477 libro
545 1440 703 1476 secundo
735 1450 928 1476 aureorum
983 1439 1250 1485 ³Obligationes

168 1490 232 1522 aut
262 1496 307 1538 ex
339 1489 527 1522 contractu
540 1489 755 1538 ,nascuntur
784 1488 847 1538 aut
879 1484 947 1520 εκ*
981 1484 1156 1520 maleficio
1188 1488 1251 1536 aut

168 1530 504 1629 imss‘ssi’igfflssssssln
517 1529 1252 1627 elmisstssaa'tffliufftffffzssmiffi

169 1625 189 1656 2
236 1625 300 1656 aut
335 1621 452 1657 verbis
484 1625 548 1656 aut
579 1630 766 1656 consensu.
822 1619 877 1655 Re
906 1620 1130 1655 contrahitur
1161 1620 1250 1656 obli-

168 1666 288 1719 gatio¹⁵
319 1666 432 1702 mutui
463 1665 616 1701 datione.
664 1665 780 1701 mutui
810 1668 930 1701 autem
961 1665 1058 1701 datio
1089 1665 1253 1701 consistit

169 1723 207 1748 m
229 1711 285 1748 his
308 1711 436 1754 rebus,
465 1721 556 1764 quae
579 1710 737 1756 pondere
761 1720 908 1746 numero
932 1720 1142 1746 mensurave
1166 1721 1251 1746 con·

169 1760 285 1799 stant,
316 1756 425 1792 veluti
455 1766 536 1792 vino
569 1756 646 1791 oleo
679 1756 856 1791 frumento
880 1755 1033 1801 pecunia
1055 1759 1251 1797 numerata,

170 1800 1253 1892 gmina?aetatulae&322213052235atsa0⁵tt

170 1901 322 1943 quoque,
348 1891 406 1926 cui
428 1891 680 1936 remaliquam
699 1890 976 1935 commodamus,
1000 1901 1039 1926 re
1062 1890 1165 1926 nobis
1189 1891 1253 1926 ob-

170 1937 319 1981 ligatur,
352 1936 416 1972 sed
443 1936 474 1971 is
505 1935 548 1972 de
573 1946 615 1971 ea
637 1936 718 1981 ipsa
746 1947 786 1972 re
808 1946 914 1981 quam
945 1935 1127 1981 acceperit
1148 1935 1253 1971 resti-

171 1985 192 2016 4
238 1981 373 2017 tuenda
395 1983 549 2017 tenetur.
595 1981 646 2016 Et
675 1981 735 2017 ille
759 1981 900 2026 quidem
924 1980 985 2026 qui
1006 1984 1169 2017 mutuum
1192 1990 1252 2016 ac-

171 2026 282 2071 cepit,
306 2026 338 2062 si
360 2026 521 2078 quolibet
544 2036 631 2062 casu
655 2026 750 2072 quod
774 2026 914 2071 accepit
937 2025 1112 2069 amiserit,
1141 2025 1253 2061 nihilo

172 2071 287 2107 minus
311 2070 489 2116 obhgatus
512 2076 714 2116 permanet:
747 2071 778 2106 is
801 2081 884 2107 vero
939 2071 976 2106 ui
998 2070 1170 2107 utendum
1192 2081 1253 2106 ac·

173 2115 277 2164 cepit,
301 2115 333 2155 si
355 2115 489 2153 maiore
509 2126 606 2162 casu,
632 2116 689 2153 cui
708 2116 863 2152 humana
967 2116 1070 2151 mitas
1089 2116 1254 2152 resistere

171 2176 244 2201 non
277 2169 411 2210 potest,
457 2163 565 2199 veluti
597 2162 760 2198 incendio
795 2162 901 2197 ruina
933 2160 1136 2206 naufragio,
1178 2171 1254 2197 rem

173 2220 278 2256 quam
302 2209 443 2254 accepit
467 2208 634 2252 amiserit,
658 2217 806 2243 securus
831 2209 895 2242 est.
937 2206 1026 2242 alias
1050 2210 1170 2241 tamen
1194 2216 1253 2241 ex-

173 2254 391 2291 actissimam
420 2252 639 2298 diligentiam
670 2250 922 2288 custodiendae
953 2251 1032 2287 rei⁶
1069 2254 1254 2296 praestare

174 2299 413 2345 compellitur,
437 2309 504 2334 nec
527 2297 662 2334 sufficit
684 2297 718 2333 ei
741 2296 887 2333 eandem
911 2295 1132 2349 diligentiam
1153 2296 1254 2332 adhi-

172 2345 274 2388 bere,
306 2354 412 2389 quam
443 2344 517 2379 suis
547 2343 656 2379 rebus
687 2342 846 2385 adhibet,
878 2341 909 2377 si
939 2341 1032 2377 alius
1056 2340 1256 2386 diligentior

174 2389 354 2426 custodire
384 2388 527 2434 poterit.
575 2387 640 2424 sed
671 2391 707 2423 et
736 2387 774 2422 in
798 2386 999 2426 maioribus
1030 2386 1189 2430 casibus,
1225 2385 1256 2422 si

174 2435 281 2480 culpa
304 2433 381 2470 eius
403 2433 627 2477 interveniat,
650 2435 802 2476 tenetur,
826 2431 936 2468 veluti
955 2431 986 2467 si
1004 2431 1106 2483 quasi
1122 2431 1256 2467 amicos

173 2479 220 2515 ad
251 2489 376 2515 cenam
405 2478 619 2514 invitaturus
650 2481 836 2522 argentum
889 2476 987 2522 quod
1015 2487 1053 2512 m
1081 2486 1159 2512 eam
1181 2486 1254 2512 rem

175 2523 345 2560 utendum
364 2523 566 2569 acceperit⁷
600 2532 750 2569 peregre
770 2505 1004 2567 proficiscens
1027 2532 1148 2558 secum
1170 2531 1254 2567 por-

173 2574 253 2605 tare
288 2568 440 2605 voluerit
478 2572 514 2604 et
546 2550 584 2604 id
619 2571 684 2603 aut
717 2566 905 2612 naufragio
936 2570 1002 2603 aut
1035 2566 1255 2612 praedonum

176 2619 195 2649 5
242 2613 442 2650 hostiumve
480 2613 627 2648 incursu
665 2611 834 2648 amiserit.
888 2611 924 2647 Is
961 2622 1121 2657 quoque,
1159 2610 1256 2657 apud

176 2669 280 2705 quem
301 2669 379 2694 rem
402 2658 558 2703 aliquam
576 2657 796 2703 deponimus,
825 2667 865 2692 re
888 2656 991 2692 nobis
1015 2660 1172 2692 tenetur:
1197 2656 1256 2700 qui

176 2707 212 2740 et
234 2704 311 2749 ipse
335 2703 377 2739 de
400 2713 444 2739 ea
465 2713 505 2739 re
529 2712 635 2748 quam
657 2702 837 2747 acceperit
861 2701 1081 2737 restituenda
1102 2705 1254 2737 tenetur.

176 2748 241 2785 sed
270 2748 301 2785 is
334 2748 473 2784 etiamsi
495 2747 720 2793 neglegenter
743 2757 818 2783 rem
850 2746 1063 2798 custoditam
1087 2745 1255 2787 amiserit,

177 2804 325 2829 securus
357 2798 429 2829 est:
465 2794 549 2845 quia
573 2792 666 2828 enim
689 2803 762 2829 non
785 2802 852 2828 sua
873 2795 989 2837 gratia
1010 2791 1158 2836 accipit,
1194 2790 1256 2826 sed

177 2839 253 2874 eius
276 2849 299 2873 a
322 2849 391 2883 quo
416 2838 563 2884 accipit,
595 2838 633 2873 in
656 2848 698 2873 eo
724 2837 800 2873 solo
823 2840 985 2879 tenetur,
1009 2836 1041 2872 si
1065 2835 1150 2881 quid
1173 2836 1255 2871 dolo

177 2883 336 2929 perierit:
372 2883 613 2928 neglegentiae
635 2892 718 2919 vero
743 2882 884 2918 nomine
905 2881 985 2917 ideo
1008 2892 1080 2917 non
1103 2884 1255 2924 tenetur,

178 2928 261 2974 quia
289 2927 350 2973 qui
378 2927 575 2973 neglegenti
605 2928 720 2963 amico
752 2937 827 2962 rem
856 2925 1124 2963 custodiendam
1159 2936 1254 2962 com-

178 2973 300 3017 mittit,
326 2972 369 3007 de
393 2983 432 3008 se
455 2972 556 3026 queri
578 2972 695 3008 debet.
740 2982 904 3017 magnam
927 2974 1047 3007 tamen
1069 2971 1170 3052 1131?
1193 2981 1255 3006 en-

179 3021 199 3053 6
245 3017 332 3053 tiam
359 3017 497 3063 placuit
526 3017 563 3052 in
593 3017 666 3053 doli
697 3017 867 3053 crimine⁸
897 3016 1037 3052 cadere.
1188 3016 1257 3052 ’tor

203 3073 338 3107 uoque,
370 3062 430 3107 qui
453 3061 581 3106 pignus
604 3062 761 3108 accepit,
785 3072 825 3098 re
847 3065 1003 3097 tenetur:
1037 3061 1098 3106 qui
1120 3064 1158 3097 et
1179 3060 1256 3107 ipse

179 3075 224 3143 de
259 3117 303 3143 ea
335 3107 347 3142 i
374 3117 415 3143 sa
448 3116 488 3142 re
523 3116 628 3158 quam
667 3107 808 3160 accepit
845 3105 1065 3142 restituenda
1102 3109 1254 3142 tenetur.

180 3155 198 3185 7
246 3152 343 3187 Verb
405 3150 574 3196 obligatio
603 3152 825 3187 contrahitur
856 3162 899 3187 ex
922 3150 1198 3196 interrogatione
1221 3154 1257 3186 et

179 3195 606 3277 {⁰⁸¹3s‘12'3?¹¹‡:22⁰¹¹¹3›‘¹131¹{‚‘¹
628 3195 974 3277 Sssssiffifi'fiiffi'?
985 3195 1257 3277 Jssipuffluissi'fi

179 3286 313 3322 alieno:
338 3286 399 3331 qui
418 3252 538 3322 ailiterld
556 3285 671 3322 alieno
688 3252 829 3321 nomin}
853 3241 1257 3331 offiigatmffdeimsor

886 2115 894 2123 ο

182 3403 220 3438 (ι)
245 3398 287 3431 ad
299 3409 375 3432 eum
388 3399 461 3433 aad.

184 3446 270 3522 Eg?
283 3444 376 3527 ἐξῗῗ.
387 3450 500 3531 ¹-''²0⁰s.'
515 3442 744 3530 (,ξῖῗ’.”ἰί,2ιτὸ”κῃ
753 3442 864 3539 {ME}-
878 3449 1007 3528 {2:2⁶3}
1016 3441 1070 3521 12¹
1067 3453 1116 3521 ¹1⁰?
1114 3449 1258 3530 jaffari

183 3536 226 3574 (4)
251 3533 302 3575 ex]
316 3535 348 3566 et
361 3533 421 3574 F'1,
441 3545 499 3566 om.
511 3532 565 3565 F*
654 3534 698 3574 (5)
722 3530 828 3565 veluti
839 3543 900 3565 me.
912 3531 993 3564 Ince.
1086 3533 1130 3573 (ο)
1154 3532 1202 3565 εἰσ
1213 3531 1261 3564 ad

184 3578 276 3617 lnce..
295 3577 575 3611 custodiendaerit
587 3577 649 3619 F',
668 3575 836 3610 custodiae
845 3574 895 3609 rei
909 3574 963 3608 F*
1052 3577 1096 3617 (ι)
1118 3575 1148 3609 si
1162 3575 1258 3618 quasi

183 3622 304 3655 amico·
315 3622 358 3655 ad
369 3632 482 3655 cenam
493 3622 696 3655 invitaturus
708 3620 797 3664 quod
807 3622 982 3663 argentum
993 3618 1156 3654 utendum
1165 3630 1257 3654 acce-

184 3667 271 3709 perit
281 3679 343 3700 scr.
402 3670 446 3708 (8)
464 3666 589 3700 crimen
604 3664 671 3700 F²²
725 3667 768 3708 (9)
788 3663 999 3730 responsione
1011 3664 1064 3698 F*
1121 3667 1181 3706 (ιο)
1197 3664 1257 3698 sti-

183 3710 339 3753 pulamur
356 3711 435 3745 Inet.
537 3713 591 3753 (11)
615 3709 795 3754 stipuletur
812 3710 846 3744 F
963 3710 1022 3750 (12)
1045 3708 1107 3742 nub
1125 3710 1187 3743 del.
1205 3708 1258 3742 F*

186 3760 243 3798 (13)
270 3761 454 3795 §153⁶...1373
480 3757 520 3799 qs:
537 3756 615 3789 Inst.
636 3757 667 3797 3,
688 3763 723 3789 22
741 3768 794 3799 pr.
808 3771 854 3778 -—
873 3759 921 3794 §a
1034 3756 1092 3796 (ιι)
1117 3753 1258 3787 dicimus

1233 149 1316 197 716

1494 0 1566 103 a,

1564 115 1571 122 x

1578 126 1610 137 χ

1539 165 1601 195 DE
1629 164 1878 197 LITIGIOSIS.
1923 164 1983 196 DE
2012 165 2387 198 OBLIGATIONIBUS

1312 277 1471 309 vocatur.
1514 279 1552 310 et
1598 273 1782 320 letumque
1805 275 1851 310 ab
1875 284 1930 316 eo,
1954 284 2059 319 quem
2106 274 2226 320 ropric
2249 275 2390 311 nomine

1313 318 1529 363 obligamus,
1599 318 1651 355 'os
1686 318 1899 364 accipimus,
1931 319 1992 364 qui
2091 329 2145 355 em
2175 319 2391 365 obligatione

1312 365 1519 407 teneantur,
1552 363 1635 399 dum
1666 374 1848 407 curamus,
1888 367 1930 398 ut
1982 363 2054 399 uod
2083 364 2121 399 in
2144 364 2215 400 obli
2260 364 2390 400 tionem

1315 410 1335 443 9
1380 407 1609 459 deduximus,
1643 408 1755 445 tutius
1786 408 1888 444 nobis
1918 408 1962 444 de
1988 412 2099 444 eatur.
2145 409 2218 445 Sii
2252 436 2261 452 ,
2296 409 2391 454 quod

1314 452 1391 488 dan
1414 453 1671 497 stlpulemur¹²,
1694 453 1766 488 tale
1786 453 1844 495 sit,
1868 457 1908 488 ut
1931 453 2008 489 dari
2031 463 2103 489 non
2126 453 2249 498 possit,
2273 454 2391 499 palam

1315 501 1369 533 est
1391 497 1546 533 naturali
1568 498 1706 533 ratione
1734 498 1893 533 inutilem
1916 508 1995 534 esse
2019 498 2301 543 stipulationem,
2331 508 2390 534 ve-

1314 541 1382 577 luti
1404 542 1435 578 si
1457 541 1501 578 de
1522 542 1665 579 homine
1687 542 1798 578 libero
1827 543 1882 578 vel
1913 543 1983 577 iam
2006 547 2145 579 mortuo
2169 543 2222 578 vel
2244 542 2391 578 aedibus

1315 587 1448 623 deustis
1471 586 1569 623 facta
1591 587 1639 623 sit
1661 587 1843 633 stipulatio
1867 588 1960 623 inter
1978 597 2050 631 eos,
2075 588 2135 632 qui
2153 587 2393 632 ignoraverint

1315 642 1397 668 eum
1424 632 1602 668 hominem
1638 632 1789 668 liberum
1819 642 1897 668 esse
1929 633 1984 668 vel
2013 638 2192 668 mortuum
2227 643 2307 668 esse
2337 633 2392 668 vel

1315 677 1420 713 aedes
1451 677 1597 713 deustas
1626 686 1715 713 esse.
1761 676 1855 713 idem
1883 677 1970 713 iuris
2000 681 2071 721 est,
2106 677 2137 712 si
2167 677 2246 723 quis
2275 677 2392 712 locum

1316 732 1457 758 sacrum
1493 726 1558 758 aut
1593 721 1795 775 religiosum
1833 721 1911 757 dari
1941 722 2009 758 sibi
2045 722 2233 767 stipulatus
2273 721 2391 758 fuerit.

1318 770 1359 803 10
1405 766 1481 803 Nec
1511 767 1629 802 minus
1657 766 1792 802 inutilis
1830 771 1885 802 est
1915 766 2114 812 stipulatio,
2147 767 2179 803 si
2209 767 2288 812 quis
2318 777 2392 803 rem

1319 815 1356 847 11
1405 822 1507 848 suam
1529 812 1698 857 ignorans
1715 822 1818 848 suam
1837 821 1913 847 esse
1936 812 2127 856 stipulatus
2150 811 2269 848 fuerit.
2304 811 2391 847 Item

1315 856 1382 893 sub
1397 857 1425 878 ¹²
1467 856 1677 902 impossibili
1713 856 1921 893 condicione
1959 856 2092 892 factam
2129 857 2391 902 stipulationem

1320 904 1358 936 12
1408 906 1548 937 constat
1570 902 1730 937 inutilem
1753 911 1842 937 esse.
1884 901 2083 945 Furiosum,
2107 902 2179 937 sive
2203 902 2394 946 stipulatur

1316 947 1389 982 sive
1419 947 1622 991 promittat,
1659 946 1748 982 nihil
1777 956 1882 991 agere
1912 950 2043 982 natura
2072 946 2298 982 manifestum
2328 951 2391 982 est.

1321 995 1358 1027 13
1404 991 1499 1027 Huic
1523 992 1706 1036 proximus
1730 994 1794 1033 est,
1820 991 1880 1035 qui
1904 991 1978 1026 eius
2001 991 2129 1026 aetatis
2153 994 2218 1035 est,
2242 995 2284 1027 ut
2306 1001 2394 1027 non-

1316 1036 1399 1072 dum
1420 1036 1616 1081 intellegat,
1649 1036 1733 1082 quid
1756 1041 1902 1080 agatur:
1934 1035 1998 1071 sed
2021 1036 2116 1081 quod
2136 1035 2185 1072 ad
2213 1036 2309 1072 hunc
2331 1036 2393 1071 be-

1317 1081 1455 1162 ?{gniffi
1475 1080 1943 1180 t‘ssssffissffle‘esssrffiffl
1966 1081 2068 1162 {22⁸3
2086 1084 2215 1162 1’2‘5822
2239 1080 2396 1161 Ἣὲἑζᾙ

1316 1170 1405 1207 nihil
1440 1175 1620 1216 pertinere
1659 1171 1707 1207 ad
1752 1171 1798 1207 ob
1814 1171 1823 1179 ”
1869 1171 2003 1207 tionem
2038 1181 2099 1207 ver
2125 1182 2227 1207 orum
2267 1174 2396 1206 natura

1320 1220 1359 1252 15
1405 1216 1631 1253 manifestum
1662 1220 1728 1252 est.
1775 1215 1821 1252 Se
1875 1220 1912 1251 et
1934 1216 1978 1252 de
2001 1216 2109 1252 surdo
2138 1216 2231 1253 idem
2255 1216 2394 1258 dicitur,

1318 1261 1411 1307 quia,
1436 1261 1576 1298 etiamsi
1593 1262 1628 1298 lo
1653 1262 1691 1297 ui
1709 1261 1834 1307 possit,
1858 1261 1932 1297 sive
1947 1261 2131 1306 promittit,
2156 1261 2262 1297 verba
2282 1261 2329 1297 sti
2355 1272 2394 1296 u-

1318 1306 1424 1343 lantis
1449 1306 1617 1342 exaudire
1663 1307 1755 1350 ebet,
1779 1305 1853 1341 sive
1877 1306 2076 1351 stipuletur,
2099 1305 2206 1342 debet
2227 1315 2318 1342 exau
2346 1307 2354 1314 '
2376 1317 2396 1341 e

1318 1351 1426 1387 verba
1452 1351 1702 1397 promittentis,
1754 1351 1849 1386 unde
1885 1355 2036 1396 apparet
2066 1361 2139 1387 non
2175 1351 2221 1387 ‹le
2250 1361 2292 1387 eo
2330 1362 2395 1386 nos

1319 1397 1353 1432 lo
1379 1397 1434 1476 ui,
1466 1397 1527 1442 qui
1549 1396 1686 1432 tardius
1711 1396 1872 1438 exaudit,
1904 1395 1967 1432 sed
1990 1395 2050 1441 qui
2073 1396 2216 1432 omnino
2239 1406 2313 1432 non
2336 1406 2395 1431 ex-

1319 1452 1365 1477 au
1421 1469 1429 1477 .

1364 1484 1389 1524 2
1414 1486 1521 1522 IDEM
1539 1486 1630 1522 libro
1650 1487 1755 1522 tertio
1766 1487 1795 1507 ¹³
1812 1486 2073 1522 institutionum
2108 1485 2293 1522 consensu
2305 1484 2398 1521 fiunt

1318 1531 1552 1577 obligationes
1575 1532 1613 1566 in
1637 1530 1874 1583 emptionibus
1897 1530 2176 1574 venditionibus,
2209 1530 2395 1567 locationi-

1323 1580 1336 1611 1
1386 1577 1453 1613 bus
1478 1575 1784 1620 conductiombus,
1808 1576 2056 1620 societatibus,
2079 1575 2265 1612 mandatis.
2312 1575 2396 1611 Ideo

1318 1626 1436 1657 autem
1466 1621 1544 1658 istis
1578 1620 1693 1656 modis
1724 1631 1899 1658 consensu
1930 1621 2079 1656 dicimus
2110 1620 2397 1666 obligationem¹⁴

1320 1666 1494 1710 contrahi,
1518 1666 1602 1712 quia
1625 1676 1740 1711 neque
1756 1667 1944 1702 verborum
1966 1676 2082 1710 neque
2105 1665 2303 1718 scripturae
2324 1666 2399 1702 ulla

1318 1711 1518 1757 proprietas
1542 1711 1776 1753 desideratur,
1800 1710 1864 1747 sed
1883 1710 2018 1747 sufficit
2036 1721 2109 1752 eos,
2135 1721 2195 1756 qui
2217 1710 2398 1755 negotia¹⁵

1320 1760 1339 1792 2
1385 1759 1524 1802 gerunt,
1549 1756 1749 1792 consentire
1762 1757 1801 1792 ¹⁶.
1836 1755 1939 1791 Unde
1959 1755 2053 1791 inter
2075 1755 2242 1791 absentes
2259 1766 2398 1801 quoque

1320 1801 1407 1837 talia
1427 1801 1568 1847 negotia
1589 1801 1859 1845 contrahuntur,
1882 1800 1994 1837 veluti
2014 1810 2080 1847 per
2097 1800 2285 1845 epistulam
2303 1801 2359 1836 vel
2372 1802 2397 1822 ¹⁷

1322 1850 1340 1882 3
1387 1857 1452 1891 per
1483 1846 1698 1882 nuntiumffl.
1745 1846 1836 1882 Item
1865 1845 1904 1881 in
1940 1845 1997 1881 his
2033 1845 2276 1882 contractibus
2310 1846 2399 1880 alter

1320 1891 1424 1927 alteri
1446 1892 1625 1936 obligatur
1648 1890 1692 1927 de
1715 1901 1777 1935 eo,
1810 1890 1906 1935 quod
1935 1891 2087 1927 alterum
2111 1890 2213 1925 alteri
2237 1901 2281 1926 ex
2303 1891 2396 1926 bono

1321 1939 1358 1973 et
1379 1946 1493 1980 aequo
1517 1938 1702 1982 praestare
1725 1938 1875 1982 oportet.

1368 1979 1391 2019 3
1418 1981 1577 2018 Paetus
1604 1982 1695 2018 libro
1717 1981 1874 2018 secundo
1898 1981 2159 2016 institutionum
2206 1979 2396 2025 Obligatio-

1322 2038 1407 2063 num
1430 2026 1633 2062 substantia
1654 2037 1728 2062 non
1750 2026 1788 2062 in
1810 2037 1852 2062 eo
1878 2025 2055 2068 consistit,
2087 2029 2127 2061 ut
2150 2025 2295 2070 aliquod
2319 2036 2397 2061 cor-

1321 2083 1390 2118 pus
1414 2075 1577 2108 nostrum
1607 2076 1671 2107 aut
1701 2071 1906 2107 servitutem
1928 2074 2087 2107 nostram
2109 2070 2234 2112 faciat,
2274 2069 2338 2106 sed
2361 2076 2400 2105 ut

1323 2117 1432 2153 alium
1442 2118 1471 2138 ¹⁹
1493 2116 1597 2152 nobis
1629 2117 1829 2162 obstringat
1857 2116 1904 2151 ad
1927 2116 2082 2151 dandum
2112 2115 2246 2160 aliquid
2268 2115 2323 2151 vel
2345 2115 2398 2150 fa-

1326 2166 1340 2196 1
1392 2161 1554 2198 ciendum
1584 2162 1639 2197 vel
1670 2161 1934 2207 praestandum.
1980 2161 2064 2196 Non
2092 2160 2180 2196 satis
2204 2164 2322 2196 autem
2346 2164 2402 2196 est

1323 2207 1439 2243 dantis
1465 2217 1543 2243 esse
1565 2217 1727 2243 nummos
1751 2210 1787 2242 et
1807 2205 1886 2241 fieri
1909 2205 2134 2251 accipientis,
2166 2209 2208 2241 ut
2231 2205 2399 2250 obligatio

1321 2256 1507 2295 nascatur,
1543 2251 1606 2287 sed
1636 2250 1743 2288 etiam
1773 2252 1842 2287 hoc
1871 2251 1988 2286 animo
2020 2250 2099 2286 dari
2129 2253 2165 2286 et
2193 2250 2325 2295 accipi,
2361 2254 2401 2285 ut

1323 2297 1490 2342 obligatio
1512 2296 1762 2332 constituatur.
1796 2296 1918 2341 itaque
1941 2295 1973 2331 si
1995 2295 2074 2341 quis
2097 2295 2284 2340 pecuniam
2301 2305 2401 2330 suam

1323 2341 1480 2378 donandi
1503 2351 1613 2377 causa
1637 2341 1773 2377 dederit
1794 2341 1897 2384 mihi,
1930 2350 2144 2393 quamquam
2171 2345 2208 2376 et
2235 2339 2400 2376 donantis

1323 2387 1430 2423 fuerit
1453 2390 1490 2422 et
1517 2396 1596 2422 mea
1618 2385 1702 2430 fiat,
1733 2390 1853 2422 tamen
1882 2397 1955 2421 non
1985 2385 2055 2422 obh
2079 2385 2206 2420 abor²⁰
2238 2385 2286 2427 ei,
2317 2384 2402 2430 quia

1325 2435 1344 2467 2
1391 2442 1464 2467 non
1486 2432 1555 2468 hoc
1578 2431 1672 2467 inter
1694 2442 1760 2467 nos
1783 2435 1904 2467 actum
1926 2433 1992 2466 est.
2073 2430 2239 2466 erbcrum
2263 2440 2401 2474 quoque

1324 2476 1494 2522 obligatio
1525 2480 1684 2520 constat,
1721 2475 1753 2512 si
1779 2475 1873 2512 inter
1904 2475 2154 2511 contrahentes
2189 2474 2225 2510 id
2255 2478 2399 2520 agatur:

1323 2532 1390 2558 nec
1413 2521 1507 2557 enim
1529 2521 1560 2558 si
1591 2531 1655 2567 per
1676 2521 1794 2557 iocum
1842 2524 1905 2556 uta
1934 2520 1989 2556 vel
2013 2519 2275 2555 demonstrandi
2297 2519 2401 2555 intel-

1323 2568 1475 2603 lectus²¹
1500 2577 1612 2603 causa
1686 2577 1707 2614 o
1730 2566 1798 2602 tibi
1816 2533 1940 2602 dixero
1964 2569 1993 2601 ‘s
2020 2564 2166 2601 ondes’?
2206 2567 2242 2600 et
2264 2568 2303 2600 tu
2326 2575 2399 2600 res-

1323 2612 1492 2658 ponderis
1502 2612 1534 2633 ²²
1558 2614 1586 2647 ‘s
1613 2621 1658 2647 on
1684 2611 1750 2656 eo’,
1774 2615 1944 2646 nascetur
1965 2621 1986 2647 ο
2012 2610 2146 2655 ligatio.

1369 2656 1394 2694 4
1422 2657 1545 2693 Gaws
1593 2656 1671 2692 ibro
1701 2657 1806 2691 tertio
1816 2657 1847 2678 ²³
1885 2666 2078 2691 aureorum
2130 2653 2189 2690 Ex
2225 2652 2400 2690 maleficio

1323 2705 1522 2738 nascuntur
1539 2701 1783 2746 obligationes,
1807 2700 1915 2736 veluti
1933 2710 1979 2736 ex
1999 2699 2109 2743 furto,
2132 2709 2178 2736 ex
2194 2698 2333 2743 damno,
2357 2708 2400 2734 ex

1323 2747 1468 2792 rapina,
1501 2757 1546 2782 ex
1567 2746 1708 2782 iniuria.
1757 2756 1848 2790 quae
1871 2745 1990 2781 omnia
2011 2745 2116 2780 unius
2138 2743 2276 2789 generis
2298 2746 2399 2779 sunt:

1323 2803 1406 2828 nam
1429 2792 1498 2828 hae
1519 2802 1559 2827 re
1582 2795 1722 2826 tantum
1739 2790 1952 2832 consistunt,
1975 2789 2013 2825 id
2036 2791 2092 2825 est
2111 2789 2190 2834 ipso
2214 2788 2400 2830 maleficio,

1324 2847 1405 2873 cum
1429 2836 1588 2881 alioquin
1610 2846 1655 2872 ex
1678 2839 1865 2871 contractu
1899 2834 2132 2880 obligationes
2161 2843 2234 2870 non
2262 2835 2400 2869 tantum

1323 2893 1362 2918 re
1386 2882 1598 2925 consistant,
1623 2879 1687 2916 sed
1710 2880 1817 2916 etiam
1838 2880 1954 2916 verbis
1978 2883 2015 2915 et
2038 2888 2225 2915 consensu.

1369 2925 1393 2964 5
1418 2926 1525 2962 loen
1551 2926 1642 2962 libro
1675 2926 1780 2961 tertio
1802 2935 1995 2961 aureorum
2003 2925 2034 2946 ²⁴
2079 2923 2118 2959 Si
2140 2923 2221 2969 quis
2242 2922 2400 2959 absentis

1323 2971 1465 3017 negotia
1487 2970 1654 3016 gesserit,
1685 2970 1718 3006 si
1739 2970 1881 3016 quidem
1911 2980 1957 3006 ex
1983 2968 2171 3011 mandatu,
2199 2968 2324 3048 gualam
2347 2971 2402 3019 est

1324 3027 1371 3052 ex
1393 3019 1582 3052 contractu
1605 3015 1707 3051 nasci
1729 3014 1823 3051 inter
1846 3025 1908 3050 eos
1931 3014 2092 3051 actiones
2114 3023 2197 3048 man
2245 3016 2291 3055 ti,
2323 3023 2399 3058 qui-

1323 3061 1392 3098 bus
1425 3060 1576 3097 invicem
1607 3069 1650 3095 ex
1678 3059 1760 3095 eriri
1788 3061 1942 3105 possunt
1971 3059 2016 3095 de
2037 3069 2098 3102 eo,
2131 3056 2227 3102 quod
2250 3057 2401 3093 alterum

1323 3106 1426 3142 alteri
1458 3115 1503 3141 ex
1530 3105 1626 3142 bona
1680 3104 1725 3140 de
1755 3108 1939 3158 praestare
1963 3106 2120 3149 oportet:
2157 3102 2189 3138 si
2216 3111 2300 3138 vero
2324 3101 2402 3138 sine

1323 3150 1510 3194 mandatu,
1542 3149 1679 3203 placuit
1707 3150 1848 3202 quidem
1878 3159 1964 3185 sane
1992 3158 2055 3184 eos
2076 3147 2226 3183 invicem
2249 3147 2295 3182 ob
2313 3146 2321 3155 ⁸
2369 3147 2399 3182 ri

1323 3206 1437 3242 eoque
1459 3205 1599 3230 nomme
1623 3194 1782 3239 proditae
1813 3198 1897 3230 sunt
1920 3193 2095 3236 actiones,
2129 3202 2219 3238 quas
2241 3201 2288 3237 ap
2362 3202 2399 3226 a-

1323 3251 1402 3277 mus
1425 3239 1646 3285 negotiorum
1656 3242 1858 3319 (festorum,
1882 3239 2010 3285 quibus
2033 3247 2145 3283 aeque
2167 3236 2318 3274 invicem
2339 3246 2400 3271 ex-

1324 3285 1433 3331 periri
1468 3289 1620 3330 possunt
1681 3295 1699 3319 e
1729 3294 1788 3328 eo,
1824 3283 1921 3328 quod
1950 3293 1996 3320 ex
2023 3283 2120 3319 bona
2150 3282 2220 3318 fide
2250 3281 2403 3318 alterum

1326 3396 1546 3440 obligationes
1561 3396 1666 3431 Gaius
1678 3397 1797 3438 (Van),
1809 3395 1933 3429 dicitur
1943 3393 2105 3437 obligatio
2116 3393 2197 3429 Inst-
2259 3394 2319 3436 (15)
2342 3403 2401 3427 ne-

1323 3442 1453 3485 gotium
1470 3441 1546 3475 Gai.
1560 3442 1639 3476 Inet.
1748 3442 1808 3483 (16)
1830 3441 1878 3474 sic
1890 3441 1984 3474 etiam
1997 3440 2089 3480 Insa,
2108 3440 2307 3472 consensius
2321 3439 2399 3473 Gai·

1326 3487 1434 3530 (Ver.)
1517 3491 1573 3525 (1¹1)
1597 3489 1657 3519 aut
1671 3486 1746 3521 G'ai.
1760 3485 1840 3519 Imt.
1925 3486 1984 3526 (18)
2008 3486 2057 3518 cic
2068 3485 2162 3518 etiam
2174 3484 2266 3524 Insa,
2277 3493 2337 3526 per
2347 3483 2400 3516 in-

1326 3530 1533 3564 ternuntium
1551 3531 1626 3564 Gai.
1645 3531 1764 3572 (Vera),
1783 3530 1840 3563 ubi
1853 3531 2015 3573 sequitur.-
2035 3539 2110 3561 cum
2122 3527 2272 3571 alioquin
2283 3527 2399 3561 verbo-

1325 3586 1400 3609 rum
1410 3574 1572 3619 obligatio
1582 3575 1672 3609 inter
1683 3573 1832 3608 absentes
1842 3573 1916 3607 fieri
1926 3584 1994 3607 non
2004 3573 2108 3617 possit
2182 3575 2241 3614 (19)
2265 3571 2359 3606 aliud
2370 3571 2403 3604 F

1325 3622 1390 3662 (2ο)
1413 3619 1544 3662 obligor
1557 3619 1608 3654 F*
1654 3624 1711 3659 (21)
1731 3618 1920 3652 intellectus
1932 3620 1994 3653 dcl.
2042 3620 2105 3660 (22)
2125 3616 2336 3661 responderes
2348 3616 2398 3651 F*

1324 3666 1386 3708 (28)
1410 3675 1522 3699 rerum
1543 3664 1799 3698 cottidianarum
1815 3662 1883 3696 sive
1901 3665 1962 3697 ins.
1979 3662 2032 3697 F*
2133 3665 2194 3703 (24)
2219 3663 2314 3696 inser.
2335 3661 2397 3695 del.

1327 3708 1472 3749 F’.-§
1489 3710 1791 3751 ⁴-D.5o,1s‚c;
1815 3708 2139 3752 qfiioemlmtssnv.
2157 3708 2219 3749 4‚s
