2528 3918
195 144 423 188 XXXXVI
453 149 492 188 4.
517 149 556 189 5.
580 147 606 188 6

193 271 335 313 ceptum
359 266 489 309 fecero,
513 266 633 302 Nerva
656 266 749 302 filius
773 267 835 310 ait,
862 267 1000 304 etiamsi
1024 267 1186 302 condicio
1211 276 1273 302 ex-

194 312 320 354 titerit,
348 321 462 364 neque
485 321 530 348 ex
552 315 765 348 testamento
789 313 1061 358 competituram
1084 311 1273 354 actionem,

193 357 278 403 quia
301 361 443 394 novatio
467 355 565 392 facta
587 356 649 399 sit,
676 366 792 403 neque
815 367 859 394 ex
883 358 1074 403 stipulatu,
1099 366 1190 401 quae
1214 366 1274 392 ac·

193 412 234 438 ce
260 402 442 439 tilatione¹
466 401 586 437 soluta
607 402 666 438 sit.

234 412 293 485 {2
320 446 443 483 GAIUS
469 446 559 482 libro
583 448 688 483 tertio
719 447 764 483 de
786 448 974 483 verborum
998 446 1276 492 obliqationibus

193 491 324 528 Servus
348 502 414 527 nec
435 490 538 527 iussu
560 491 695 528 domini
716 497 903 537 acceptum
926 492 1046 527 iacere
1069 494 1199 537 potest.

239 534 292 574 2-3
317 536 451 572 LABEO
479 536 571 572 libro
602 538 728 590 quinto
752 537 935 584 pithauon
966 548 989 571 α
1013 535 1131 572 Paulo
1162 535 1275 587 epito-

193 587 370 618 matorum
424 580 464 617 Si
494 591 557 626 ego
588 582 654 618 tibi
684 587 872 627 acceptum
900 581 988 623 feci,
1021 580 1132 616 nihilo
1162 590 1275 625 magis

192 637 259 672 ego
282 637 306 662 a
327 631 364 662 te
385 626 557 663 liberatus
580 637 669 663 sum.
711 627 884 663 Panos.-
908 627 1014 661 immo
1039 636 1120 661 cum
1143 625 1274 661 locatio

194 671 400 715 conductio,
430 671 562 717 emptio
593 672 747 708 venditio
778 671 1010 708 conventione
1041 670 1139 706 facta
1162 674 1218 706 est
1239 673 1277 706 et

193 716 350 752 nondum
369 727 428 752 res
447 716 657 762 intercessit,
679 717 854 761 utrimque
872 727 937 761 per
955 715 1275 760 acceptilationem‚

192 762 333 798 tametsi
356 763 402 798 ab
425 762 599 798 alterutra
621 767 724 808 parte
746 762 932 797 dumtaxat
951 760 1163 805 intercessit,
1187 760 1275 796 libe-

192 811 318 842 rantur
341 806 567 852 obligatione.

702 966 736 1003 V
746 965 773 1005 ².

339 1042 401 1074 DE
424 1042 828 1075 STIPULATIONIBUS
852 1042 1132 1076 PRAETORIIS.

241 1118 260 1156 1
286 1117 481 1155 Utmzws
498 1119 588 1155 libro
608 1119 896 1165 septuaqensimo
913 1119 963 1154 ad
977 1118 1129 1155 edictum
1165 1117 1274 1154 Prae-

191 1163 363 1200 toriarum
393 1164 663 1209 stipulationum
700 1168 772 1199 tres
809 1163 975 1200 videntur
1011 1174 1091 1200 esse
1124 1163 1275 1209 species,

196 1213 209 1244 1
257 1208 442 1245 iudiciales
475 1208 694 1244 cautionales
726 1219 940 1245 communes.
993 1209 1183 1244 Iudiciales
1214 1219 1275 1245 eas

192 1253 352 1296 dicimus,
377 1264 468 1299 quae
490 1257 637 1299 propter
660 1253 830 1289 iudicium
853 1254 1130 1299 interponuntur
1151 1258 1193 1289 ut
1216 1264 1274 1290 ra-

191 1305 268 1335 tum
290 1299 369 1341 fiat,
400 1303 441 1334 ut
469 1298 665 1333 iudicatum
694 1299 784 1334 solvi
812 1303 848 1335 et
870 1310 915 1335 ex
938 1299 1056 1345 operis
1079 1299 1162 1335 novi
1184 1310 1275 1334 nun-

192 1347 212 1379 2
258 1343 419 1380 tiatione.
473 1343 703 1380 Cautionales
742 1348 826 1380 sunt
860 1348 998 1387 autem,
1039 1355 1131 1389 quae
1162 1344 1277 1380 instar

191 1389 342 1426 actionis
366 1389 499 1424 habent
522 1393 568 1432 et,
593 1393 635 1424 ut
657 1389 704 1425 sit
727 1400 820 1425 nova
843 1389 950 1432 actio,
972 1389 1211 1432 intercedunt,
1235 1393 1276 1424 ut

191 1434 236 1472 de
262 1434 412 1479 legatis³
441 1434 487 1469 sti
513 1434 690 1470 ulationes
719 1439 756 1470 et
787 1434 831 1470 de
859 1435 973 1471 tutela
1004 1439 1039 1470 et
1061 1439 1178 1470 ratam
1199 1445 1276 1470 rem

191 1482 211 1516 3
258 1479 383 1515 haberi
413 1482 450 1514 et
563 1479 600 1514 ni
627 1478 759 1515 infecti.
809 1479 1022 1516 Communes
1053 1484 1139 1516 sunt
1162 1480 1275 1526 stipu-

185 1528 212 1566 ,4
257 1524 427 1569 lationes,
467 1534 559 1570 quae
588 1523 681 1560 fiunt
709 1524 840 1561 iudicio
872 1525 1021 1561 sistendi
1052 1535 1173 1561 causa.
1226 1524 1277 1560 Et

190 1569 373 1606 sciendum
401 1572 456 1606 est
487 1579 609 1605 omnes
648 1570 897 1616 stipulationes
933 1574 1064 1606 natura
1099 1570 1157 1606 sui
1190 1580 1274 1605 cau·

190 1614 342 1651 tionales
366 1624 463 1651 esse:
488 1614 558 1650 hoc
581 1614 675 1650 enim
698 1615 816 1661 agitur
837 1615 876 1651 in
899 1615 1210 1661 stipulationibus,
1234 1619 1276 1650 ut

191 1659 268 1705 quis
298 1660 439 1695 cautior
469 1659 517 1696 sit
545 1663 581 1695 et
611 1660 772 1696 securior
797 1661 1010 1706 interposita
1033 1661 1077 1697 st‘
1105 1660 1274 1696 ulatione.

191 1709 209 1739 5
258 1704 536 1750 Stipulationum
548 1705 700 1741 istarum
713 1707 973 1751 praetoriarum
989 1716 1082 1751 quae
1108 1716 1165 1740 am
1181 1709 1275 1748 sunt,

194 1751 306 1795 quae⁴
340 1749 611 1786 satisdationem
648 1751 811 1796 exigunt,
850 1751 1025 1796 quaedam
1055 1750 1188 1786 nudam
1218 1760 1274 1786 re-

190 1795 478 1841 promissionem:
521 1795 587 1831 sed
625 1806 829 1841 perpaucae
871 1800 972 1839 sunt,
1013 1806 1106 1849 quae
1143 1795 1276 1831 nudam

190 1840 459 1886 promissionem
486 1839 636 1883 habent,
675 1841 804 1887 quibus
840 1846 1057 1877 enumeratis
1087 1851 1109 1876 a
1134 1841 1277 1886 parebit

191 1889 330 1922 ceteras
360 1896 434 1921 non
464 1895 543 1921 esse
571 1886 880 1931 repromissiones,
917 1886 981 1922 sed
1011 1886 1098 1922 satis
1125 1886 1275 1922 ationes.

192 1935 211 1966 6
258 1930 449 1975 stipulatio
480 1930 602 1983 itaque
626 1941 670 1967 ex
693 1932 812 1976 operis
834 1931 918 1967 novi
939 1931 1165 1967 nuntiatione
1188 1931 1276 1968 alias

190 1975 476 2019 satisdationem,
506 1975 595 2012 alias
626 1976 936 2022 repromissionem
964 1977 1084 2013 habet.
1132 1987 1178 2012 ex
1205 1987 1277 2022 qua

190 2021 308 2067 operis
331 2021 414 2056 novi
436 2021 659 2057 nuntiatione
687 2021 855 2058 satisdari
884 2025 1059 2067 oporteat.
1106 2021 1275 2067 quemad-

189 2066 333 2102 modum
357 2065 551 2102 satisdetur
560 2068 585 2101 ⁵.
633 2076 787 2111 namque
816 2067 860 2103 de
890 2078 932 2103 eo
961 2077 1088 2112 opere,
1121 2067 1216 2112 quod
1239 2067 1276 2102 in

189 2111 326 2158 privato
356 2110 491 2146 factum
523 2111 608 2154 erit,
640 2111 828 2148 satisdatio
858 2116 931 2148 est:
962 2112 1007 2147 de
1030 2123 1089 2154 eo,
1120 2112 1217 2157 quod
1239 2112 1277 2147 in

189 2156 344 2202 public0,
368 2155 566 2201 repromitti
589 2160 748 2202 oportet:
773 2157 837 2192 sed
859 2157 898 2192 hi
922 2157 1062 2202 quidem
1073 2159 1099 2199 ⁰,
1124 2157 1186 2202 qui
1209 2168 1275 2193 suo

188 2201 331 2238 nomine
359 2205 503 2245 cavent,
532 2211 572 2237 re
598 2201 805 2245 remittunt,
837 2202 899 2248 qui
922 2202 1057 2245 alieno,
1087 2201 1273 2238 satisdant.

191 2250 209 2281 7
257 2246 347 2282 Item
370 2257 416 2282 ex
439 2256 551 2282 causa
656 2246 694 2282 ni
714 2246 838 2283 infecti
860 2247 1040 2283 interdum
1058 2247 1275 2292 repromitti-

189 2296 266 2335 tur,
303 2291 483 2328 interdum
514 2291 728 2328 satisdatur:
765 2302 848 2328 nam
885 2292 917 2328 si
948 2292 1033 2338 quid
1063 2292 1100 2327 in
1130 2291 1275 2328 flumine

189 2337 333 2383 publico
356 2336 431 2379 fiat,
456 2336 663 2380 satisdatur,
688 2337 733 2373 de
751 2337 900 2373 aedibus
921 2341 1041 2373 autem
1059 2337 1274 2382 repromitti-

190 2386 210 2417 8
257 2386 327 2417 tur.
381 2381 571 2434 Stipulatio
610 2382 658 2418 du
684 2382 742 2418 lae
774 2393 815 2418 re
841 2382 1003 2419 romissio
1038 2386 1110 2426 est,
1145 2383 1215 2418 nisi
1245 2383 1276 2418 si

190 2431 210 2462 9
258 2430 473 2470 convenerit,
497 2430 539 2462 ut
560 2427 648 2464 satis
675 2432 764 2463 etur.
801 2393 904 2472 (fuod
928 2427 960 2464 si
983 2428 1029 2463 sit
1048 2427 1169 2473 aliqua
1189 2438 1275 2464 con-

190 2474 383 2514 troversia,
416 2476 456 2507 ut
508 2476 572 2508 uta
594 2473 626 2508 si
647 2472 789 2508 dicatur
806 2476 876 2517 ‘per
900 2472 1113 2508 calumniam
1137 2472 1274 2508 deside-

189 2518 281 2560 rari,
314 2521 355 2554 ut
382 2483 566 2563 stipulatio
595 2517 865 2563 interponatur,
896 2519 974 2563 ipse
1001 2521 1148 2563 praetor
1170 2517 1276 2554 debet

190 2573 298 2608 super
328 2572 372 2598 ea
397 2573 437 2598 re
457 2563 659 2598 summatim
685 2567 959 2608 cognoscereet
983 2567 1129 2598 cautum
1150 2563 1276 2599 iubere

196 2612 233 2643 lo
280 2611 345 2643 aut
367 2607 553 2653 denegare.
602 2607 673 2644 Sed
702 2612 738 2643 et
765 2608 797 2644 si
827 2608 912 2654 quid
942 2608 997 2643 vel
1028 2607 1113 2643 addi
1135 2608 1189 2644 vel
1214 2607 1274 2644 de-

189 2652 286 2688 trahi
313 2652 368 2688 vel
395 2652 578 2688 immutari
604 2653 642 2688 in
665 2653 894 2698 stipulatione
918 2657 1100 2700 oporteat,
1131 2657 1275 2699 praeto-

189 2699 264 2734 riae
289 2698 357 2733 erit
378 2697 644 2734 iurisdictionis.

236 2741 262 2780 2
287 2742 343 2778 ΡΑ
351 2752 446 2778 (aas
471 2743 563 2779 libro
594 2744 884 2790 septuaqensimo
915 2744 1019 2779 tertio
1049 2743 1099 2779 ad
1121 2743 1275 2780 edictum

190 2787 397 2824 Praetoriae
432 2787 680 2841 stipulationes
711 2792 775 2824 aut
804 2788 858 2824 rei
892 2788 1153 2825 restitutionem
1190 2798 1275 2825 con·

195 2837 209 2869 1
257 2833 373 2869 tinent
395 2837 459 2868 aut
478 2835 676 2869 mcertam⁷
700 2834 947 2879 quantitatem.
997 2833 1133 2869 ‘Sicuti
1162 2833 1275 2880 stipu-

189 2878 276 2914 latio
297 2888 342 2914 ex
361 2878 479 2923 operis
498 2878 579 2913 novi
597 2878 833 2921 nuntiatione,
855 2889 927 2924 qua
944 2882 1100 2922 cavetur,
1125 2881 1167 2915 ut
1185 2889 1275 2924 opus

190 2923 418 2960 restituatur:
448 2922 599 2968 ideoque
630 2924 703 2960 sive
734 2927 836 2960 actor
868 2924 941 2960 sive
971 2934 1054 2960 reus
1084 2923 1276 2960 decesserit

189 2967 353 3014 pluribus
383 2967 574 3004 heredibus
604 2968 758 3011 relictis,
798 2979 870 3005 uno
901 2969 1065 3005 vincente
1094 2968 1150 3005 vel
1179 2969 1274 3005 victo

190 3018 306 3050 totum
337 3023 429 3059 opus
459 3012 600 3065 restitui
630 3013 791 3050 debebit:
822 3014 991 3067 quamdiu
1019 3014 1114 3050 enim
1134 3014 1275 3066 ‚aliquid

190 3062 432 3156 ausam:
404 3057 1274 3150 “ffifflnesstteff‘sszffntfflssffifflffffl

190 3155 266 3185 tum
285 3149 374 3185 solvi
395 3153 431 3184 et
448 3159 524 3185 rem
541 3152 657 3184 ratam
678 3149 857 3185 dominum
874 3150 1080 3185 habiturum
1101 3153 1138 3186 et
1156 3149 1276 3186 damni

188 3194 314 3231 infecti
344 3198 380 3230 et
411 3193 466 3230 his
498 3193 646 3236 similes,
677 3193 715 3229 in
744 3195 872 3239 quibus
901 3194 1138 3240 respondetur
1162 3195 1274 3230 scindi

191 3249 253 3276 eas
271 3239 309 3275 in
327 3249 502 3285 personas
521 3237 701 3292 heredum,
727 3240 886 3284 quamvis
904 3240 1018 3285 possit
1038 3239 1108 3275 dici
1128 3250 1171 3275 ex
1190 3250 1272 3285 per-

190 3295 280 3321 sona
303 3284 473 3320 heredum
495 3283 721 3329 promissons
745 3294 817 3320 non
834 3295 941 3329 posse
960 3284 1232 3321 descendentem
1251 3295 1274 3320 a

191 3329 359 3366 defuncto
383 3329 650 3375 stipulationem
673 3328 846 3365 diversam
877 3330 1122 3366 condicionem
1154 3330 1273 3366 cuius·

191 3385 261 3421 que
282 3374 414 3411 facere.
461 3378 500 3410 at
522 3374 559 3410 in
582 3373 800 3411 contrarium
824 3385 961 3410 summa
983 3375 1123 3411 ratione
1144 3374 1201 3419 fit,
1235 3379 1275 3411 ut

191 3430 262 3456 uno
287 3430 330 3455 ex
353 3419 544 3456 heredibus
568 3419 789 3466 stipulatoris
805 3419 967 3455 vincente
984 3420 1022 3456 in
1037 3424 1177 3466 partem
1197 3420 1274 3457 eius

191 3465 433 3501 committatur
450 3464 653 3510 stipulatio:
678 3465 748 3501 hoc
771 3464 862 3501 enim
886 3464 1005 3500 facere
1028 3465 1138 3501 verba
1159 3465 1272 3511 stipu-

190 3582 233 3620 (1)
258 3577 505 3622 acceptilationi
519 3577 554 3610 F

238 3626 280 3664 (2)
305 3622 370 3657 Ed.
385 3630 467 3661 ¹...7;
487 3623 616 3666 Papa.
631 3630 666 3660 ος
688 3624 769 3656 Sat.
784 3629 836 3661 ¹03
855 3623 943 3665 App.
958 3629 985 3655 ιι

191 3668 234 3709 (4)
259 3671 339 3701 sunt
354 3677 439 3710 quae
458 3667 520 3701 del.
623 3669 667 3709 (5)
691 3677 731 3700 ex
750 3677 817 3709 qua
834 3667 943 3710 operis
962 3666 1041 3700 novi
1060 3667 1273 3701 nuntiatione

190 3713 344 3746 satisdari
354 3715 505 3754 oporteat
515 3711 790 3754 quemadmodum
803 3711 983 3745 satisdetm·
997 3712 1059 3746 dol.
1153 3714 1197 3754 (e)
1221 3723 1273 3746 re-

191 3758 342 3800 promitti
354 3759 485 3799 oportet
494 3757 550 3790 sed
562 3757 599 3790 hi
611 3756 745 3799 quidem
759 3758 820 3790 del.

1268 142 1354 189 758
1509 106 1604 216 Ὗχχ

1062 3624 1104 3663 (³)
1128 3620 1232 3665 legati
1245 3623 1278 3655 F

924 3758 968 3798 (7)
991 3758 1040 3791 εἰσ
1052 3756 1089 3797 S,
1108 3760 1230 3790 certam
1247 3757 1279 3790 F

1647 159 1707 189 DE
1737 158 2130 190 S'I'IPULA'HONIBUS
2159 159 2421 192 PRAETORES

1343 266 1484 319 lationis
1510 267 1645 319 ‘quanti
1666 277 1710 304 ea
1732 278 1790 304 res
1813 269 1891 304 est'.
1927 268 1991 305 sed
2009 269 2041 305 si
2059 280 2152 305 unus
2172 279 2216 305 ex
2232 269 2423 307 heredibus

1369 322 1570 347 remissoris
1604 315 1719 348 totam
1755 323 1830 348 rem
1860 313 2060 359 possideat,
2094 314 2132 349 in
2162 314 2314 351 solidum
2345 325 2423 351 eum

1369 356 1584 409 amnandum
1620 356 1807 394 Iulianus⁹
1844 358 1988 395 scribit:
2027 358 2065 394 in
2102 364 2275 405 quantum
2305 364 2424 396 autem

1343 402 1421 446 ipse
1454 411 1498 437 ea
1535 405 1583 437 sti
1609 401 1765 439 ulatione
1802 403 1858 440 vel
1896 403 2123 440 fideiussores
2137 405 2164 425 ¹⁰
2199 415 2246 439 an
2281 404 2424 440 omnino

1343 450 1549 488 teneantur,
1599 445 1729 482 ubitari
1751 452 1888 492 potest:
1921 453 1958 484 et
1980 448 2168 484 videndum
2191 449 2260 492 ait,
2284 460 2329 486 ne
2352 460 2424 485 non

1345 491 1597 527 committatur.
1652 491 1715 527 sed
1746 493 1778 528 si
1807 493 1870 529 lite
1901 498 2102 529 contestata
2137 504 2325 547 possessor
2363 494 2424 531 de-

1345 536 1511 578 cesserit,
1549 547 1660 571 unum
1690 547 1735 572 ex
1762 537 1953 574 heredibus
1983 549 2056 574 non
2085 549 2220 575 maiore
2250 550 2295 575 ex
2324 544 2425 584 parte

1346 580 1597 661 damnhandum,
1622 581 1706 617 licet
1727 586 1841 618 totum
1865 582 2014 619 fundum
2033 583 2226 629 possideat,
2250 595 2357 630 quam
2380 594 2424 620 ex

1369 635 1417 661 ua
1465 636 1544 662 eres
1568 631 1633 662 est.

1345 637 1367 672 q
1390 667 1415 709 3
1447 670 1642 707 Uzpmws
1661 671 1752 707 libro
1775 674 2062 719 septuaqemimo
2086 684 2181 709 nono
2205 673 2255 709 ad
2272 673 2425 710 edictum

1345 715 1569 752 Generaliter
1598 716 1635 751 in
1664 717 1827 752 omnibus
1858 718 2044 762 praetoriis
2077 718 2366 764 stipulationibus
2389 723 2426 755 et

1344 761 1637 807 procuratoribus
1661 762 1867 797 satisdatur.

1390 805 1416 843 4
1440 805 1599 842 Panos
1624 806 1714 843 libro
1738 807 2026 854 septuaqemimo
2051 810 2176 854 quinto
2201 808 2251 844 ad
2272 808 2425 844 edictum

1344 851 1551 887 Praetoriae
1581 851 1828 896 stipulationes
1858 852 2002 897 saepius
2025 853 2313 899 interponuntur,
2347 864 2426 889 cum

1345 896 1422 932 sine
1446 895 1553 941 culpa
1576 896 1797 942 stipulatoris
1821 901 1967 932 cautum
1989 908 2070 934 esse
2091 897 2207 934 desiit.

1391 940 1415 979 5
1448 941 1555 977 IDEM
1582 942 1673 977 libro
1705 942 2007 996 quadraqemimo
2038 947 2164 979 octavo
2195 943 2245 979 ad
2272 943 2426 979 edictum

1344 986 1386 1021 In
1409 986 1574 1022 omnibus
1597 986 1785 1032 praetoriis
1809 987 2099 1032 stipulationibus
2122 988 2192 1024 hoc
2214 987 2427 1024 servandum

1345 1036 1417 1075 est,
1449 1036 1509 1075 ut,
1541 1032 1574 1068 si
1603 1036 1817 1078 procurator
1846 1043 1946 1068 meus
1970 1033 2176 1078 stipuletur,
2207 1033 2294 1068 mihi
2318 1043 2428 1069 causa

1346 1077 1488 1122 cognita
1510 1087 1553 1112 ex
1577 1087 1621 1112 ea
1644 1077 1874 1130 stipulatione
1896 1077 1991 1113 actio
2017 1082 2205 1124 competat.
2252 1077 2345 1114 idem
2373 1083 2428 1114 est

1345 1127 1381 1157 et
1413 1132 1493 1157 cum
1522 1122 1667 1158 institor
1695 1134 1732 1157 m
1761 1132 1805 1158 ea
1833 1132 1945 1158 causa
1975 1133 2053 1158 esse
2085 1123 2219 1168 coepit,
2251 1127 2291 1158 ut
2317 1123 2427 1159 inter-

1345 1167 1463 1212 posita
1492 1177 1646 1212 persona
1678 1167 1753 1202 eius
1783 1167 1946 1202 dominus
1973 1167 2101 1204 mercis
2129 1178 2205 1203 rem
2233 1168 2427 1204 amissurus

1345 1212 1407 1254 sit,
1439 1212 1548 1248 veluti
1576 1212 1679 1248 bonis
1709 1213 1784 1248 eius
1812 1212 1979 1248 venditis:
2012 1223 2223 1249 succurrere
2246 1213 2339 1249 enim
2363 1213 2427 1249 do-

1344 1257 1439 1292 mino
1488 1261 1608 1293 raetor
1632 1257 1746 1293 debet.

1390 1299 1415 1340 6
1464 1311 1546 1338 DEM
1566 1302 1657 1338 libro
1682 1308 1813 1349 quarto
1837 1302 1973 1338 decimo
1997 1302 2047 1338 ad
2061 1301 2246 1339 Plautium
2291 1302 2334 1338 In
2353 1314 2427 1339 om-

1345 1347 1451 1383 nibus
1473 1347 1663 1393 praetoriis
1687 1347 1733 1383 sti
1760 1347 1988 1392 ulationibus,
2011 1348 2049 1383 in
2069 1348 2197 1392 quibus
2216 1348 2331 1393 primo
2351 1349 2428 1384 fieri

1345 1392 1489 1438 aliquid,
1515 1392 1653 1436 deinde,
1677 1393 1708 1428 si
1730 1358 1868 1428 factum
1889 1403 1963 1428 non
1982 1393 2038 1436 sit,
2063 1403 2215 1438 poenam
2232 1393 2427 1437 inferimus,

1344 1448 1481 1483 poenae
1503 1437 1646 1473 nomine
1669 1438 1853 1483 stipulatio
1879 1438 2122 1474 committitur.

1391 1481 1414 1520 7
1439 1482 1634 1519 Ulmanus
1651 1482 1742 1518 libro
1761 1487 1892 1529 quarto
1909 1483 2045 1519 decimo
2062 1483 2113 1519 ad
2126 1483 2280 1520 edictum
2320 1483 2428 1520 Prae-

1343 1528 1458 1563 toriae
1482 1527 1735 1564 satisdationes
1757 1538 1931 1573 personas
1951 1527 2155 1564 desiderant
2173 1539 2239 1574 pro
2261 1539 2299 1565 se
2319 1529 2427 1564 inter-

1344 1572 1559 1608 venientium
1588 1576 1626 1609 et
1647 1582 1762 1618 neque
1785 1573 1991 1618 pignoribus
2017 1573 2096 1618 quis
2120 1583 2234 1620 neque
2257 1574 2428 1620 pecuniae

1344 1618 1400 1697 {el
1423 1618 1503 1653 auri
1525 1618 1580 1654 vel
1603 1618 1739 1663 argenti
1762 1617 1982 1663 depositione
2000 1618 2038 1653 in
2054 1618 2167 1654 vicem
2185 1619 2428 1655 satisdationis

1361 1674 1407 1698 un
1433 1662 1514 1698 ’tur.

1390 1674 1688 1746 SKIPAPJMANUs
1714 1708 1805 1744 libro
1829 1708 1955 1754 quinto
1979 1709 2229 1754 quaestionum
2274 1707 2432 1745 Pamws

1344 1752 1464 1789 notat}
1488 1753 1550 1798 qui
1571 1753 1639 1789 sub
1666 1753 1875 1789 condicione
1897 1753 2082 1790 institutus
2106 1757 2171 1797 est,
2196 1753 2342 1799 adgnita
2365 1754 2428 1790 bo-

1344 1809 1471 1834 norum
1494 1798 1721 1843 possessione
1745 1798 1884 1843 cogitur
1906 1798 2100 1835 substituto
2130 1799 2167 1834 in
2190 1799 2282 1835 diem
2305 1809 2430 1835 cavere

1344 1843 1555 1888 longiorem:
1580 1847 1726 1888 praetor
1744 1844 1837 1879 enim
1854 1843 2065 1879 beneficium
2085 1854 2190 1880 suum
2208 1844 2340 1879 nemini
2354 1844 2428 1880 vult

1345 1898 1424 1924 esse
1455 1888 1655 1934 captiosum
1683 1893 1721 1924 et
1734 1890 1761 1910 ¹¹
1798 1891 1918 1934 potest
1951 1889 2063 1925 videri
2094 1889 2309 1925 calumniose
2340 1889 2428 1925 satis

1348 1937 1362 1968 1
1439 1938 1546 1976 stete,
1571 1944 1675 1978 quem
1698 1933 1790 1969 alius
1814 1934 2003 1969 antecedit.
2040 1934 2129 1970 Cum
2152 1935 2220 1970 sub
2241 1934 2428 1970 contrariis

1345 1988 1414 2014 con
1441 1978 1614 2014 'cionibus
1646 1978 1740 2014 Titio
1772 1982 1810 2014 et
1833 1978 1973 2015 Maevio
2003 1979 2160 2024 legatum
2190 1979 2255 2022 sit,
2288 1979 2429 2025 utrique

1343 2027 1510 2103 favetur,
1541 2024 1625 2069 quia
1657 2028 1807 2069 uterque
1836 2033 1881 2059 ex
1908 2024 2090 2060 voluntate
2122 2024 2280 2060 defuncti
2307 2029 2429 2070 sperat

1359 2073 1511 2113 egatum.

1390 2112 1416 2152 9
1450 2114 1677 2150 vawms
1697 2114 1787 2150 libro
1800 2115 1924 2161 primo
1944 2114 2216 2160 stipulationum
2263 2115 2305 2150 In
2348 2125 2427 2150 rae·

1344 2159 1446 2195 toriis
1485 2158 1776 2204 stipulationibus
1815 2159 1847 2194 si
1881 2159 2066 2204 ambiguus
2097 2170 2214 2196 sermo
2246 2160 2324 2196 acci
2350 2161 2427 2202 erit,

1343 2204 1519 2284 paedoris
1548 2204 1617 2240 erit
1646 2204 1913 2249 interpretatio:
1952 2204 2029 2240 eius
2067 2205 2161 2240 enim
2191 2215 2290 2241 mens
2321 2205 2427 2241 aesti-

1344 2260 1427 2284 man
1453 2260 1475 2285 a
1497 2253 1564 2285 est.

1394 2293 1443 2332 10
1475 2293 1669 2330 Uzmws
1690 2295 1780 2330 libro
1793 2295 1918 2341 primo
1937 2305 2191 2341 responsorum
2233 2294 2427 2330 Valeriano

1344 2339 1544 2385 respondit:
1578 2339 1610 2375 si
1639 2349 1802 2384 praeses,
1833 2340 1893 2384 qui
1923 2343 2006 2375 ante
2035 2339 2073 2374 in
2095 2339 2287 2375 triennium
2311 2340 2428 2375 caveri

1344 2385 1515 2427 iusserat,
1542 2388 1670 2437 postea
1693 2384 1731 2419 in
1754 2385 1897 2429 longum
1920 2388 2061 2430 tempus
2085 2384 2203 2420 caveri
2225 2386 2425 2430 praecepit:

1344 2430 1427 2475 quia
1458 2440 1480 2465 a
1508 2440 1624 2475 prima
1653 2429 1880 2474 stipulatione
1911 2440 2059 2474 prorsus
2090 2429 2224 2465 discedi
2254 2429 2426 2472 voluerat,

1343 2474 1590 2555 exgeptionem
1624 2475 1759 2520 primae
1794 2474 2014 2520 stipulationi
2045 2474 2209 2520 obligatis
2246 2474 2427 2520 peperisse

1342 2520 1376 2555 vi
1400 2524 1492 2556 etur.

1392 2563 1440 2602 11
1478 2564 1704 2601 Varamos
1737 2565 1829 2602 libro
1861 2569 1988 2601 octavo
2019 2565 2199 2600 actionum
2253 2563 2298 2600 In
2332 2564 2425 2601 eius-

1343 2609 1438 2645 modi
1469 2609 1780 2655 stipulationibus,
1814 2620 1906 2656 quae
1937 2610 2073 2655 ‘quanti
2101 2619 2145 2645 ea
2171 2620 2229 2646 res
2254 2610 2319 2646 est’
2342 2620 2426 2656 pro-

1343 2655 1546 2691 missionem
1576 2655 1726 2700 habent,
1760 2654 1977 2691 commodius
2010 2661 2066 2691 est
2096 2659 2230 2691 certam
2254 2665 2426 2691 summam

1344 2699 1653 2746 comprehendere,
1675 2701 1842 2746 quoniam
1860 2701 2069 2746 plerumque
2088 2699 2243 2736 difficilis
2261 2700 2425 2746 probatio

1343 2749 1412 2826 asti,
1433 2745 1559 2790 quanti
1582 2745 1754 2791 cuiusque
1777 2745 1926 2790 intersit,
1951 2749 1988 2781 et
2006 2745 2052 2781 ad
2071 2745 2234 2791 exiguam
2254 2755 2426 2782 summam

1368 2801 1388 2826 e
1413 2791 1543 2826 ucitur.

1832 2929 1889 2967 VI
1899 2928 1939 2968 ¹².

1387 2995 1487 3028 REM
1509 2994 1695 3028 PUPILLI
1718 2993 1811 3027 VEL
1819 2992 2179 3072 ΙιξιέἷζῐῑῖζῖιζῐῧΒΟῙΙΞΠΨΙἾΒ
2201 2991 2385 3026 SALVAM

1391 3104 1409 3142 1
1435 3104 1593 3141 Panos
1612 3104 1704 3140 libro
1725 3106 1915 3141 vicensimo
1935 3108 2065 3158 quarto
2086 3103 2305 3157 acl-edictum
2337 3104 2425 3141 Cum

1342 3150 1477 3196 pupillo
1509 3160 1584 3186 rem
1614 3149 1748 3186 salvam
1778 3148 1856 3185 fore
1886 3149 2096 3186 satisdatum
2119 3152 2182 3191 sit,
2217 3149 2275 3195 agi
2305 3159 2349 3186 em
2381 3159 2425 3186 ea

1342 3201 1429 3231 tunc
1478 3199 1581 3237 otest,
1606 3205 1687 3231 cum
1712 3199 1747 3230 et
1768 3195 1903 3231 tutelae
1926 3198 2056 3240 potest.

1387 3238 1413 3278 2
1471 3249 1638 3276 Lpulvvs
1659 3239 1751 3276 libro
1769 3239 2058 3287 septuaqensimo
2080 3249 2175 3275 nono
2199 3238 2250 3275 ad
2271 3238 2422 3275 edictum

1343 3285 1380 3321 Si
1403 3285 1559 3332 pupillus
1581 3285 1710 3321 absens
1735 3285 1782 3320 sit
1799 3285 1855 3321 vel
1874 3285 1944 3320 fari
1962 3295 2035 3320 non
2056 3284 2181 3329 possit,
2205 3294 2327 3320 servus
2347 3284 2424 3320 eius

1342 3330 1590 3376 stipulabitur:
1615 3329 1646 3366 si
1670 3340 1810 3366 servum
1834 3340 1906 3366 non
1928 3329 2076 3373 habeat,
2102 3328 2269 3366 emendus
2292 3329 2422 3365 ciser-

1341 3386 1406 3412 vus
1429 3379 1502 3412 est:
1528 3375 1590 3411 s'ed
1614 3375 1645 3411 si
1667 3386 1740 3411 non
1764 3375 1811 3411 sit
1833 3374 1927 3411 unde
1949 3378 2088 3410 ematur
2111 3379 2175 3409 aut
2196 3384 2269 3410 non
2292 3374 2339 3410 sit
2360 3383 2422 3410 ex-

1341 3420 1463 3466 pedita
1485 3420 1631 3465 emptio,
1663 3419 1824 3466 profecto
1838 3421 1865 3442 ¹³
1895 3419 2052 3455 dicemus
2076 3429 2217 3455 servum
2238 3418 2422 3465 publicum

1341 3465 1438 3512 apud
1459 3469 1661 3511 praetorem
1685 3465 1849 3510 stipulari
1872 3464 2019 3501 debere:

1343 3579 1387 3620 (8)
1410 3577 1474 3611 Rei
1485 3578 1731 3611 restitutionem
1743 3579 1803 3613 im.
1818 3578 1900 3611 Hal.

1342 3623 1401 3657 im.
1415 3624 1489 3657 edd.
1580 3625 1634 3665 (11)
1659 3623 1704 3667 et]
1716 3632 1777 3657 neo
1790 3622 1829 3656 Ρ.
1843 3622 1951 3656 Faber

1386 3668 1446 3710 (12)
1469 3667 1535 3702 Ed.
1550 3676 1574 3702 1.
1588 3675 1615 3702 2.
1629 3675 1718 3706 4...83
1743 3668 1825 3702 Sab.
1837 3674 1865 3702 ³.
1879 3674 1979 3705 9...¹l;
2006 3667 2088 3709 Pap.
2105 3674 2146 3700 η.
2160 3685 2207 3691 --
2228 3666 2312 3699 Bao.
2326 3666 2379 3703 ³8,
2391 3672 2419 3701 1¹

1342 3713 1402 3756 (1³)
1423 3713 1584 3756 profecto]
1596 3723 1659 3755 pro
1671 3723 1710 3746 eo
1722 3725 1784 3746 scr.

1976 3578 2022 3619 (ο)
2046 3577 2093 3611 D.
2107 3579 2138 3621 6,
2152 3584 2177 3619 ι,
2191 3585 2227 3611 ω
2304 3579 2365 3618 (ιο)
2389 3579 2424 3611 et
