2528 3918
210 138 432 181 XX11113

261 265 295 296 st
318 263 466 295 mortem
490 260 564 294 eius
588 259 661 294 filia
684 259 762 294 sola
784 259 829 295 de
851 259 935 295 dote
959 261 1088 304 ageret,
1112 258 1206 294 idem
1229 258 1297 294 erit

237 305 417 341 'cendumz
463 314 543 339 cum
579 304 671 339 enim
705 303 778 339 doli
811 304 972 349 exceptio
1007 303 1093 338 insit
1135 303 1180 339 de
1213 302 1297 339 dote

211 350 343 386 actioni
367 353 408 384 ut
430 349 467 383 in
491 349 618 384 ceteris
643 348 759 384 bonae
781 348 864 384 fidei
887 347 1047 390 iudiciis,
1070 351 1191 394 potest
1213 347 1295 390 dici,

212 399 252 431 at
276 399 311 428 et
335 393 438 429 Celso
462 393 610 435 videtur,
635 393 752 429 inesse
774 393 871 429 hunc
894 396 1074 437 sumptum
1097 392 1230 428 actioni
1252 392 1297 428 de

211 440 294 474 dote
331 439 481 473 maxime
505 438 535 473 si
558 448 603 473 ex
625 438 809 474 voluntate
831 438 926 472 filiae
949 437 1068 472 factus
1091 437 1149 472 sit.

258 465 311 520 2}
336 483 443 518 IDEM
473 483 563 518 libro
598 483 781 529 triqesimo
816 484 920 517 tertio
954 482 1004 517 ad
1038 481 1192 518 edictum
1247 480 1296 523 Si,

211 539 292 564 cum
317 528 434 564 dotem
459 527 560 562 daret
582 532 685 572 pater
706 528 761 563 vel
782 532 970 562 extraneus
994 537 1059 572 pro
1079 526 1235 568 muliere,
1259 526 1297 561 in

211 584 321 608 unum
345 582 468 608 casum
490 572 634 618 pepigit,
658 572 712 607 vel
735 573 773 607 in
792 572 981 607 divortium
1004 571 1058 606 vel
1080 571 1118 606 in
1135 575 1296 613 mortem,

211 617 399 653 dicendum
429 621 484 652 est
514 618 551 652 in
583 627 663 652 eum
695 627 837 658 casum,
869 617 906 651 in
929 625 1034 661 quem
1057 626 1129 651 non
1152 616 1296 661 pepigit,

214 667 227 697 1
279 673 356 698 esse
379 662 517 698 mulieri
539 663 725 698 actionem.
774 661 811 696 Si
835 664 918 706 post
940 661 1095 696 solutum
1114 661 1295 695 matrimo-

211 708 308 743 nium
332 707 406 742 filia
436 707 589 742 familias
622 707 712 742 citra
742 706 854 751 patris
886 705 1103 741 voluntatem
1135 710 1297 740 exactam

211 762 432 788 communem
455 751 574 787 dotem
595 756 792 791 consumat,
816 750 911 802 patri
934 756 970 784 et
990 750 1069 785 viva
1089 759 1132 784 ea
1151 754 1187 785 et
1203 760 1296 785 mor-

211 802 273 832 tua
297 797 392 832 actio
423 800 604 842 superest,
642 801 680 831 ut
716 796 780 830 dos
815 795 883 839 1psi
914 796 1083 830 solvatur.
1119 794 1216 839 quod
1246 795 1297 829 ita

210 853 330 877 verum
354 843 430 877 est¹
463 842 494 877 si
517 841 720 886 perditurae
744 841 946 875 solvatur²z
983 844 1139 874 ceterum
1171 840 1201 874 si
1224 849 1297 874 non

211 887 414 932 perditurae
438 891 474 922 et
498 897 541 921 ex
563 887 665 920 iustis
690 885 952 920 causis-soluta
974 885 1031 926 sit,
1056 894 1128 919 non
1151 894 1296 928 supere-

209 932 256 967 rit
280 932 385 967 actio.
418 931 482 966 sed
498 935 637 966 mortuo
646 934 761 1010 ιἕξω-ε
782 939 848 964 nec
868 930 999 964 etiam³
1021 929 1168 981 heredes
1192 933 1298 973 agent

210 979 229 1011 2
278 986 344 1012 nec
366 976 502 1011 mulier.
550 976 588 1010 Si
610 986 645 1009 m
686 975 735 1009 'er
758 974 875 1010 soluto
889 974 1113 1009 matrimomo
1137 977 1297 1018 egentem

209 1031 308 1056 reum
339 1020 432 1057 dotis
463 1031 528 1065 per
558 1020 783 1055 novationem
815 1019 965 1064 decepta
996 1019 1160 1064 accipiat,
1186 1018 1295 1053 nihilo

210 1069 230 1101 3
276 1066 392 1101 minus
423 1066 516 1100 actio
549 1065 642 1100 dotis
673 1064 705 1099 ei
734 1064 900 1099 manebit.
949 1064 986 1098 Si
1009 1067 1112 1108 pater
1135 1063 1209 1097 filia
1231 1063 1295 1096 ab·

209 1115 309 1146 sente
340 1111 385 1146 de
415 1110 498 1145 dote
529 1110 655 1154 egerit,
688 1110 755 1144 etsi
786 1109 917 1143 omissa
950 1108 997 1143 sit
1019 1108 1065 1143 de
1086 1111 1166 1141 rato
1190 1107 1295 1141 satis-

209 1156 320 1197 datio,
344 1155 438 1190 filiae
473 1154 640 1199 denegari
676 1154 782 1188 debet
817 1154 932 1193 actio,
956 1152 1030 1186 sive
1064 1151 1159 1196 patri
1192 1151 1295 1186 heres

210 1201 395 1241 exstiterit,
419 1200 492 1234 sive
515 1199 553 1232 in
583 1199 700 1242 legato
731 1200 871 1231 tantum
901 1196 1098 1241 acceperit,
1123 1200 1296 1241 quantum

208 1245 302 1280 dotis
316 1245 328 1265 ⁴
368 1243 454 1278 satis
490 1244 594 1277 esset.
632 1246 670 1277 et
707 1241 760 1276 ita
794 1241 952 1276 Iulianus
986 1241 1147 1286 pluribus
1180 1241 1270 1276 locis
1283 1243 1296 1262 ⁵

208 1289 333 1325 scribit
368 1286 671 1332 compensandum
705 1287 738 1321 ei
772 1286 810 1320 in
845 1285 964 1321 dotem
1021 1286 1094 1321 uod
1136 1295 1159 1320 a
1191 1289 1296 1331 patre

209 1334 315 1369 datur
338 1333 511 1377 lucroque
534 1332 610 1367 eius
635 1331 740 1373 cedit,
763 1331 795 1366 si
817 1334 957 1366 tantum
977 1340 1000 1366 a
1045 1340 1087 1366 eo
1103 1334 1297 1366 consecuta

208 1379 265 1420 sit,
290 1380 461 1423 quantum
486 1376 518 1411 ei
540 1376 634 1412 dotis
657 1375 799 1411 nomine
823 1375 995 1411 debeatur
1025 1385 1048 1410 a
1075 1375 1204 1410 marito
1236 1375 1296 1420 qui

208 1427 229 1458 4
275 1423 372 1468 patri
407 1422 522 1457 solvit.
582 1420 621 1456 Si
653 1421 749 1466 patri
781 1424 930 1466 propter
964 1420 1295 1456 condemnationem

207 1468 354 1509 Romae,
379 1467 442 1501 ubi
465 1466 529 1502 dos
551 1469 707 1511 petatur,
733 1475 810 1501 esse
833 1475 906 1500 non
928 1465 1055 1508 liceat,
1088 1465 1183 1500 filiae
1206 1465 1294 1500 satis

209 1513 300 1548 dotis
323 1512 402 1547 fieri
424 1515 582 1556 oportet,
604 1511 657 1546 ita
679 1514 818 1553 tamen,
848 1514 891 1545 ut
921 1513 1046 1546 caveat
1074 1513 1191 1545 ratam
1220 1520 1295 1545 rem

209 1562 227 1593 5
274 1561 411 1602 patrem
433 1556 650 1591 habiturum.
693 1555 750 1591 Eo
771 1559 890 1590 autem
912 1559 1072 1601 tempore
1096 1554 1295 1590 consentire

206 1602 315 1637 filiam
341 1601 441 1654 patri
471 1612 492 1636 o
519 1605 631 1643 ortet,
663 1611 734 1646 quo
765 1600 809 1635 lis
842 1604 1075 1636 contestatur.
1100 1599 1296 1635 secundum

207 1648 297 1683 haec
320 1656 352 1682 si
382 1646 457 1681 filia
514 1647 585 1681 'cat
615 1655 654 1681 se
685 1646 779 1698 patri
811 1645 1011 1681 consentire
1041 1649 1078 1680 et
1108 1649 1192 1680 ante
1222 1645 1295 1680 litis

208 1692 506 1728 contestationem
524 1694 713 1725 mutaverit
730 1690 949 1726 voluntatem
967 1690 1022 1726 vel
1046 1690 1152 1726 etiam
1173 1699 1294 1725 eman-

208 1741 228 1772 6
275 1736 395 1782 cipata
418 1736 475 1778 sit,
498 1735 635 1771 frustra
657 1739 760 1780 pater
783 1739 876 1780 aget.
913 1735 991 1771 Nec
1007 1745 1080 1771 non
1097 1734 1186 1770 illud
1206 1744 1294 1780 quo-

206 1789 277 1823 que
309 1782 523 1827 probamus,
559 1780 655 1826 quod
687 1780 811 1816 Labeo
846 1780 996 1833 probat,
1029 1790 1295 1825 nonnumquam

207 1826 302 1872 patri
326 1825 570 1870 denegandam
601 1826 795 1867 actionem,
827 1835 858 1860 si
887 1828 962 1860 tam
992 1825 1108 1870 turpis
1138 1834 1295 1870 persona

208 1871 320 1917 patris
344 1871 401 1913 sit,
426 1875 467 1905 ιιι
489 1870 680 1906 verendum
703 1871 761 1912 sit,
785 1880 830 1905 ne
854 1873 1041 1915 acceptam
1064 1869 1183 1906 dotem
1207 1879 1294 1905 con-

208 1920 347 1951 sumat:
378 1916 530 1961 ideoque
561 1915 719 1951 officium
750 1915 877 1950 iudicis
907 1915 1204 1961 interponendum
1227 1918 1293 1957 est,

208 1965 384 2006 quatenus
418 1966 453 1996 et
483 1961 577 1995 filiae
609 1965 645 1995 et
674 1960 769 2005 patri
804 1964 1047 2005 competenter
1077 1960 1292 1996 consuletur.

208 2006 270 2042 sed
294 2006 325 2041 si
347 2006 463 2041 latitet
484 2005 567 2048 filia,
591 2015 637 2040 ne
659 2005 747 2040 ta1i⁶
775 2006 872 2050 patri
902 2005 1102 2041 consentire
1134 2008 1293 2049 cogatur,

207 2056 295 2096 puto
319 2050 398 2086 dari
420 2050 561 2096 quidem
583 2050 679 2095 patri
701 2049 895 2092 actionem,
919 2050 983 2086 sed
1006 2059 1117 2086 causa
1141 2049 1291 2094 cognita.

208 2095 293 2142 quid
324 2096 434 2137 enim,
470 2095 501 2131 si
533 2095 607 2130 filia
640 2095 839 2130 verecunde
871 2104 937 2140 per
971 2095 1169 2130 absentiam
1225 2094 1295 2129 atri

208 2140 456 2176 contradicat?
488 2151 551 2175 cur
573 2150 646 2175 non
677 2140 835 2175 dicamus
866 2139 963 2185 patri
991 2149 1066 2175 non
1096 2149 1174 2175 esse
1228 2149 1292 2173 an-

208 2186 291 2221 dam
313 2185 514 2220 actionem?
545 2184 641 2230 quod
664 2185 695 2219 si
717 2185 747 2219 is
769 2189 873 2230 pater
903 2185 968 2227 sit,
1001 2184 1060 2220 cui
1090 2183 1292 2220 omnimodo

209 2230 408 2266 consentire
430 2229 540 2264 filiam
563 2229 677 2271 decet,
701 2229 770 2265 hoc
795 2233 849 2265 est
871 2230 964 2265 vitae
986 2229 1170 2274 probatae,
1194 2229 1293 2263 filia⁷

207 2275 293 2310 levis
328 2275 454 2310 mulier
487 2275 544 2309 vel
577 2274 766 2310 admodum
799 2274 934 2310 iuvenis
967 2274 1024 2309 vel
1054 2274 1163 2309 nimia
1197 2274 1294 2309 circa

207 2320 372 2355 maritum
404 2330 476 2354 non
506 2323 716 2361 merentem,
750 2319 937 2354 dicendum
968 2325 1023 2354 est
1051 2319 1146 2364 patri
1173 2319 1293 2364 potius

207 2365 436 2410 adquiescere
458 2368 659 2409 praetorem
684 2368 849 2408 oportere
873 2364 1029 2409 dareque
1053 2364 1085 2399 ei
1103 2364 1291 2399 actionem.

208 2413 226 2443 7
275 2409 314 2444 Si
336 2409 485 2443 maritus
508 2408 564 2443 vel
587 2418 678 2443 uxor
701 2411 889 2443 constante
919 2408 1143 2444 matrimonio
1174 2408 1293 2443 furere

208 2464 272 2490 coe
299 2454 408 2495 erint,
444 2453 528 2498 quid
559 2451 763 2487 faciendum
794 2453 858 2494 sit,
888 2455 1096 2488 tractamus.
1141 2456 1178 2488 et
1206 2452 1293 2487 illud

231 2499 267 2534 ui
294 2508 348 2534 em
370 2498 479 2534 dubio
503 2497 630 2542 procul
651 2497 862 2533 observatur
881 2507 958 2532 eam
976 2507 1177 2542 personam,
1201 2507 1293 2549 quae

207 2510 329 2579 furore
352 2543 497 2578 detenta
520 2546 585 2585 est,
610 2541 695 2588 quia
717 2544 861 2577 sensum
883 2552 957 2578 non
979 2543 1105 2584 habet,
1129 2546 1293 2577 nuntium

208 2589 346 2624 mittere
379 2598 453 2624 non
486 2597 603 2633 posse.
642 2597 690 2622 an
722 2591 843 2622 autem
874 2587 937 2622 illa
969 2587 1192 2632 repudianda
1226 2590 1291 2629 est,

209 2632 506 2669 considerandum
537 2636 600 2668 est.
644 2635 681 2667 et
710 2632 741 2667 si
794 2631 912 2667 uidem
941 2632 1165 2668 intervallum
1192 2631 1294 2667 furor

208 2679 340 2713 habeat
381 2678 436 2712 vel
476 2680 671 2723 perpetuus
707 2642 848 2722 quidem
882 2677 1027 2712 morbus
1062 2681 1139 2720 est,
1173 2680 1293 2711 tamen

207 2723 373 2758 ferendus
403 2723 458 2757 his
489 2723 550 2767 qui
580 2722 676 2757 circa
708 2731 786 2757 eam
817 2726 919 2764 sunt,
950 2725 1037 2757 tunc
1066 2721 1163 2758 nullo
1187 2722 1292 2757 modo

210 2772 350 2812 oportet
373 2766 489 2802 dirimi
507 2766 781 2809 matrimonium,
793 2767 928 2802 sciente
947 2776 990 2802 ea
1007 2776 1172 2812 persona,
1189 2777 1292 2812 quae,

210 2823 290 2847 cum
304 2822 448 2857 compos
471 2812 597 2847 mentis
620 2815 716 2847 esset
724 2812 749 2853 ⁸,
772 2812 824 2847 ita
842 2811 975 2847 furenti
999 2811 1292 2856 quemadmodum

210 2857 361 2892 diximus
396 2857 559 2892 nuntium
593 2857 747 2899 miserit,
784 2856 892 2901 culpa
935 2866 1002 2891 sua
1035 2857 1179 2902 nuptias
1215 2866 1292 2891 esse

210 2901 419 2946 diremptas:
483 2901 544 2936 uid
574 2902 666 2936 enim
695 2905 770 2936 tam
800 2902 994 2936 humanum
1025 2906 1098 2943 est,
1123 2911 1229 2947 quam
1251 2905 1294 2936 ut

208 2945 366 2998 fortuitis
402 2912 542 2981 casibus
575 2946 732 2998 mulieris
766 2947 932 2981 maritum
964 2946 1020 2982 vel
1050 2956 1197 2999 uxorem
1227 2946 1293 2981 viri

209 2992 755 3087 Ξίἷᾜὲὶῖἕέοὲῗιέῗζῗῗιέᾓῗιῗέ
771 2991 1293 3081 ἵηῖιῗῐζὲζὶξὲἓειὶῗὲἓῖὲ

210 3080 388 3115 ministros
423 3080 606 3122 tex-ubilis,
643 3085 679 3115 et
711 3080 864 3116 forsitan
898 3081 1011 3116 altera
1047 3090 1203 3126 persona
1236 3081 1292 3116 vel

210 3128 357 3171 propter
375 3124 557 3159 saevitiam
576 3125 707 3160 furoris
720 3127 748 3146 ¹⁰
766 3126 832 3167 vel,
854 3126 937 3170 quia
948 3126 1076 3161 liberos
1087 3125 1290 3167 nonhabet,

209 3168 454 3216 procreandae
476 3169 610 3203 subolis
634 3169 797 3214 cupidine
826 3174 925 3205 tenta
949 3174 1020 3205 est:
1053 3170 1197 3206 licentia
1226 3170 1292 3205 erit

211 3214 367 3266 compoti
390 3213 516 3248 mentis
566 3218 713 3249 ersonae
736 3214 868 3250 furenti
891 3215 1053 3250 nuntium
1076 3215 1227 3257 mittere,
1251 3218 1292 3250 ut

210 3259 341 3294 nulhus
366 3258 473 3310 culpa
495 3258 529 3292 vi
554 3263 657 3293 eatur
687 3269 765 3294 esse
787 3260 1049 3295 matrimonium
1080 3260 1291 3295 dissolutum

211 3306 232 3339 8
279 3313 394 3349 neque
426 3313 464 3338 ιιι
499 3302 666 3337 damnum
700 3304 871 3339 alterutra
905 3314 991 3350 pars
1024 3304 1168 3340 incidat.
1227 3304 1290 3339 Sin

211 3351 329 3383 autem
349 3348 387 3383 in
404 3347 606 3383 saevissimo
625 3347 745 3383 furore
764 3349 909 3385 muliere
928 3350 1122 3385 constituta
1142 3349 1291 3385 maritus

210 3393 373 3428 dirimere
407 3392 546 3438 quidem
582 3392 841 3428 matrimonium
874 3394 1067 3429 calliditate
1100 3404 1173 3429 non
1203 3394 1289 3435 vult,

211 3448 228 3472 s
255 3438 346 3472 ernit
376 3442 494 3473 autem
524 3436 765 3472 infelicitatem
800 3439 920 3474 uxoris
955 3443 992 3474 et
1025 3449 1097 3474 non
1132 3439 1177 3474 ad
1212 3448 1290 3474 eam

237 3483 365 3518 ectitur
403 3482 607 3527 nullamque
644 3482 675 3516 ei
712 3487 968 3527 competentem
1005 3493 1126 3518 curam
1161 3483 1291 3519 inferre

212 3597 251 3634 (ι)
277 3598 310 3626 ει
321 3596 355 3627 F
439 3598 482 3636 (2)
508 3593 597 3637 quod
609 3594 659 3627 ita
672 3621 697 3629 ..
708 3619 716 3627 .
730 3594 881 3627 solvatur
895 3597 956 3627 del.
971 3595 1024 3628 F*
1104 3598 1145 3637 (3)
1171 3596 1285 3637 etiam]

212 3639 284 3671 eius
296 3639 389 3672 Krue
413 3651 448 3672 er
524 3642 567 3681 (4)
591 3639 663 3672 doti
675 3640 757 3674 Hal.
836 3643 880 3679 (5)
904 3639 972 3672 loci
984 3640 1019 3673 F
1082 3643 1125 3682 (o)
1151 3641 1210 3673 tali
1225 3641 1285 3674 del.

212 3686 255 3724 (τ)
269 3683 356 3716 filiae
510 3686 541 3725 s)
566 3689 599 3717 οι
610 3686 670 3718 ine.
683 3684 719 3718 F
812 3685 856 3724 (s)
881 3688 915 3716 et
927 3685 1042 3718 sitim.
1135 3689 1194 3727 (ιο)
1219 3685 1286 3718 sibi

212 3728 309 3760 timet
328 3730 387 3761 ins.
550 3732 604 3767 (ιι)
627 3729 855 3771 praetermitte
875 3739 959 3771 quae
980 3729 1042 3770 F¹,
1062 3731 1283 3772 praetermitti

1285 133 1372 182 322

1844 150 2017 182 sontrro
2046 151 2332 183 mmmomo
2361 151 2470 184 nosv
2517 127 2528 179 L.

1516 184 1580 209 '‘N,

1364 253 1670 303 manifestissimus
1694 261 1760 301 est,
1783 258 1848 295 sed
1869 260 2032 295 abutitur
2054 259 2193 295 dotem:
2227 264 2316 297 tunc
2338 260 2449 297 licen-

1363 304 1451 338 tiam
1480 304 1614 339 habeat
1642 303 1698 338 vel
1727 308 1875 340 curator
1905 305 2064 340 furiosae
2093 305 2147 340 vel
2180 306 2322 351 cognati
2351 306 2450 342 adire

1364 348 1517 383 iudicem
1541 352 1810 393 competentem,
1834 354 2010 394 quatenus
2030 349 2224 385 necessitas
2246 351 2451 395 imponatur

1365 393 1492 428 marito
1516 403 1656 428 omnem
1678 393 1786 428 talem
1807 394 1962 429 mulieris
1987 394 2279 430 sustentationem
2302 394 2451 430 sufferre

1366 442 1401 472 et
1424 438 1591 472 alimenta
1614 442 1798 482 praestare
1820 443 1857 473 et
1875 439 2072 474 medicinae
2092 439 2167 474 eius
2183 449 2391 475 succurrere
2414 444 2451 475 et

1366 482 1451 517 nihil
1485 483 1770 528 praetermittere
1804 493 1945 525 eorum,
1981 485 2113 528 quae¹¹
2151 484 2317 518 maritum
2347 484 2451 520 uxori

1366 526 1505 562 adferre
1529 527 1640 568 decet,
1665 527 1860 563 secundum
1891 528 1983 563 dotis
2007 528 2252 572 quantitatem.
2288 528 2344 563 sin
2366 539 2449 564 vero

1366 571 1484 607 dotem
1506 571 1559 606 ita
1583 571 1856 616 dissipaturus¹²
1879 573 1930 607 ita
1943 574 1970 594 ¹³
1992 572 2200 608 manifestus
2224 576 2290 615 est,
2313 577 2356 608 ut
2377 584 2451 608 non

1365 616 1543 651 hominem
1565 615 1660 661 frugi
1683 626 1704 652 ο
1754 621 1835 659 rtet,
1859 621 1946 652 tunc
1970 617 2086 652 dotem
2110 617 2337 662 sequestrari,
2360 628 2449 663 qua-

1364 664 1469 696 tenus
1501 671 1544 696 ex
1576 670 1619 695 ea
1647 671 1683 695 m
1723 661 1774 696 'er
1803 666 2007 713 competens
2030 662 2161 697 habeat
2184 662 2356 698 solacium
2377 673 2452 698 una

1366 716 1447 741 cum
1471 716 1538 740 sua
1560 705 1706 747 familia,
1722 707 1837 750 pactis
1855 707 2019 741 videlicet
2038 707 2227 749 dotalibus,
2248 717 2340 752 quae
2358 707 2451 742 inter

1365 760 1427 786 eos
1458 751 1503 785 ab
1535 750 1635 785 initio
1670 751 1874 795 nuptiarum
1905 751 1993 785 inita
2025 751 2173 794 fuerint,
2203 752 2242 786 in
2264 762 2330 787 suo
2353 756 2451 788 statu

1365 795 1577 830 durantibus
1610 798 1646 830 et
1676 795 1821 830 alterius
1845 796 2135 840 exspectantibus
2164 797 2350 832 sanitatem
2375 797 2450 832 et¹⁴

1366 842 1386 875 9
1411 840 1534 874 mortis
1544 843 1719 875 eventum.
1743 840 1832 875 Item
1844 846 1946 885 pater
1956 840 2114 875 furiosae
2125 841 2258 876 utiliter
2266 841 2451 877 intendero

1365 884 1433 920 sibi
1455 884 1594 919 filiaeve
1616 894 1703 920 suae
1725 885 1825 920 reddi
1857 885 1976 920 dotem
1998 889 2134 930 potest:
2167 886 2326 930 quamvis
2357 886 2450 922 enim

1363 929 1502 965 furiosa
1535 929 1699 964 nuntium
1732 930 1870 965 mittere
1900 940 1972 964 non
2001 930 2131 975 possit,
2162 934 2300 975 patrem
2330 933 2451 966 tamen

1369 977 1409 1009 10
1456 974 1532 1009 eius
1563 983 1670 1019 posse
1701 978 1837 1009 certum
1869 976 1970 1009 est¹⁵.
2018 974 2057 1009 Si
2087 974 2203 1010 soluto
2227 975 2449 1011 matrimonio

1365 1022 1468 1063 pater
1490 1018 1646 1053 furiosus
1670 1019 1727 1060 sit,
1743 1023 1888 1054 curator
1912 1019 1988 1054 eius
2011 1019 2193 1054 voluntate
2215 1020 2310 1055 filiae
2331 1020 2449 1056 dotem

1391 1066 1486 1097 etere
1509 1063 1659 1108 poterit:
1692 1067 1756 1098 aut
1787 1064 1818 1098 si
1842 1063 2016 1099 curatoris
2041 1064 2146 1109 copia
2168 1074 2241 1099 non
2264 1065 2320 1107 sit,
2345 1075 2451 1110 agere

1379 1107 1386 1115 ¹
1405 1107 1459 1142 'ae
1508 1107 1757 1143 ermittendum
1790 1108 1858 1143 erit
1881 1110 2067 1153 caverique
2090 1109 2268 1154 oportebit
2291 1109 2335 1145 de
2356 1114 2448 1146 rato.

1370 1155 1406 1186 11
1454 1152 1472 1186 I
1499 1161 1554 1187 em
1578 1153 1838 1188 decernendum
1862 1158 1917 1188 est
1940 1157 1976 1188 et
1998 1154 2029 1188 si
2052 1153 2097 1188 ab
2129 1154 2291 1189 hostibus
2323 1159 2450 1200 captus

1364 1197 1412 1231 sit
1425 1201 1538 1242 pater,
1555 1197 1695 1242 puellae
1713 1197 1867 1232 dandam
1887 1198 2063 1233 actionem
2083 1198 2127 1233 de
2145 1199 2228 1234 dote
2245 1209 2284 1234 re
2311 1199 2447 1234 etenda.

1368 1244 1408 1276 12
1467 1241 1786 1287 Transgrediamur
1824 1253 1920 1278 nunc
1954 1243 2001 1278 ad
2035 1243 2131 1278 hunc
2165 1244 2255 1278 artic
2294 1254 2376 1286 um,
2410 1249 2451 1279 ut

1365 1296 1597 1331 quaeramus,
1630 1287 1799 1322 adversus
1832 1298 1921 1332 quos
1953 1289 2123 1333 competit
2152 1289 2196 1323 de
2226 1288 2311 1323 dote
2341 1289 2447 1324 actio.

1365 1334 1402 1366 ει
1434 1331 1605 1367 adversus
1638 1332 1755 1377 ipsum
1790 1333 1954 1367 maritum
1997 1336 2196 1378 competere
2230 1333 2349 1378 palam
2382 1338 2449 1374 est,

1364 1375 1438 1412 sive
1467 1377 1480 1411 i
1506 1377 1536 1412 si
1567 1376 1631 1412 dos
1662 1376 1748 1412 data
1779 1377 1826 1412 sit
1855 1378 1927 1412 sive
1957 1377 2016 1412 alii
2047 1388 2091 1413 ex
2120 1378 2302 1413 voluntate
2332 1379 2450 1414 mariti

1362 1420 1420 1456 vel
1442 1431 1486 1457 su
1510 1422 1604 1457 iecto
1633 1421 1703 1456 iuri
1726 1422 1800 1457 eius
1823 1422 1879 1457 vel
1901 1432 1974 1458 non
1997 1423 2168 1458 subiecto.
2216 1422 2280 1458 sed
2302 1423 2333 1458 si
2355 1423 2449 1458 filius

1362 1465 1516 1501 familias
1539 1466 1587 1502 sit
1608 1467 1756 1501 maritus
1780 1470 1816 1502 et
1838 1467 1902 1502 dos
1926 1477 2051 1502 socero
2075 1468 2160 1502 data
2189 1468 2254 1509 sit,
2279 1468 2449 1504 adversus

1364 1521 1527 1546 socerum
1558 1515 1692 1556 agetur.
1740 1511 1847 1556 plane
1877 1512 1908 1547 si
1939 1512 2011 1547 filio
2042 1512 2128 1547 data
2157 1512 2221 1554 sit,
2254 1512 2285 1547 si
2307 1513 2449 1558 quidem

1362 1555 1464 1591 iussu
1496 1556 1630 1598 soceri,
1664 1556 1782 1591 adhuc
1814 1557 1977 1592 absolute
1999 1567 2102 1592 socer
2124 1557 2320 1592 tenebitur:
2352 1557 2449 1603 quod

1364 1601 1395 1636 si
1416 1600 1490 1636 filio
1515 1601 1601 1636 data
1623 1601 1671 1636 sit
1684 1612 1765 1654 ’non
1788 1602 1888 1653 iussu
1911 1602 2035 1646 patris,
2060 1601 2213 1637 Sabinus
2244 1605 2281 1636 et
2303 1601 2448 1637 Cassius

1361 1646 1785 1726 ffissssn‘ssffltafflia
1798 1657 2027 1736 Πὲΐὲέηῗεξῗ

1363 1739 1418 1770 est
1439 1736 1638 1787 peculium:
1663 1736 1797 1771 sufficit
1820 1740 1940 1771 autem
1959 1736 2006 1771 ad
2029 1737 2066 1772 id
2089 1736 2330 1772 damnandum
2352 1737 2449 1782 quod

1362 1783 1418 1816 est
1439 1791 1477 1815 ιιι
1508 1781 1647 1826 peculio
1683 1781 1738 1816 vel
1772 1781 1803 1816 si
1837 1781 1922 1826 quid
1952 1782 1990 1816 in
2017 1792 2092 1817 rem
2123 1782 2236 1826 patris
2266 1791 2407 1817 versum
2420 1783 2448 1803 ¹⁶

1363 1828 1428 1860 est.
1476 1825 1531 1861 sin
1563 1830 1682 1861 autem
1713 1835 1837 1861 socero
1873 1826 1992 1862 dotem
2023 1826 2177 1869 dederit,
2209 1837 2291 1862 cum
2320 1827 2447 1862 marito

1365 1873 1406 1905 13
1453 1881 1525 1905 non
1544 1871 1675 1915 poterit
1694 1871 1857 1915 experiri,
1869 1871 1937 1906 nisi
1956 1873 2051 1916 patri
2068 1872 2171 1907 heres
2190 1871 2374 1907 exstiterit.
2410 1870 2448 1907 si

1362 1915 1488 1951 mulier
1521 1916 1558 1950 in
1593 1915 1802 1951 condicione
1835 1917 1952 1951 mariti
1996 1917 2164 1952 erraverit
2202 1916 2448 1961 putaveritque

1363 1969 1442 1995 esse
1463 1960 1625 2002 liberum,
1647 1971 1728 1996 cum
1745 1971 1867 1996 servus
1891 1966 1995 2004 esset,
2016 1961 2164 1997 concedi
2181 1964 2323 2006 oportet
2345 1961 2448 2006 quasi

1360 2004 1580 2050 privilegium
1602 2006 1639 2040 in
1662 2005 1765 2041 bonis
1788 2005 1853 2040 viri
1875 2006 2024 2048 mulieri,
2048 2006 2212 2041 videlicet
2240 2009 2298 2048 ut,
2323 2006 2354 2041 si
2376 2006 2448 2041 sint

1362 2053 1399 2085 et
1420 2050 1481 2085 alii
1505 2050 1716 2092 creditores,
1748 2050 1838 2086 haec
1869 2051 2093 2096 praeferatur
2123 2051 2219 2086 circa
2241 2050 2286 2086 de
2307 2050 2446 2096 peculio

1361 2095 1538 2130 actionem
1569 2099 1623 2137 et,
1655 2096 1686 2130 si
1715 2094 1809 2131 forte
1843 2095 1984 2131 domino
2009 2096 2055 2131 ali
2080 2096 2142 2131 uid
2164 2095 2290 2131 debeat
2313 2105 2446 2137 servus,

1362 2149 1434 2174 non
1467 2139 1693 2185 praeferatur
1726 2141 1853 2176 mulier
1891 2142 1960 2176 nisi
1992 2142 2030 2176 in
2091 2142 2098 2148 '
2152 2143 2293 2175 tantum
2326 2141 2446 2182 rebus,

1362 2194 1452 2229 quae
1474 2185 1530 2219 vel
1552 2185 1590 2219 in
1614 2185 1697 2220 dote
1720 2185 1825 2221 datae
1849 2190 1934 2220 sunt
1955 2186 2010 2220 vel
2034 2196 2077 2221 ex
2100 2186 2183 2221 dote
2206 2188 2446 2230 comparatae,

1362 2229 1464 2274 quasi
1488 2233 1525 2264 et
1547 2229 1616 2264 hae
1639 2230 1775 2265 dotales
1799 2231 1880 2265 sint.

1408 2271 1461 2312 23
1486 2274 1647 2309 PAULUS
1666 2275 1757 2310 libro
1782 2276 1965 2321 traeyesimo
1994 2279 2100 2310 sexto
2124 2276 2174 2310 ad
2195 2275 2350 2311 edictum
2395 2274 2446 2310 Et

1361 2319 1393 2354 si
1439 2319 1502 2354 uid
1524 2318 1563 2353 in
1586 2329 1665 2354 eam
1688 2318 1806 2355 dotem
1837 2320 2033 2363 impensum
2064 2323 2120 2355 est
2150 2330 2217 2355 nec
2247 2330 2270 2355 a
2299 2319 2447 2355 muliere

1360 2363 1423 2399 red
1449 2367 1538 2405 etur,
1561 2373 1627 2408 per
1650 2363 1722 2399 doli
1743 2364 1828 2398 mali
1851 2364 2093 2409 exceptionem
2116 2364 2322 2400 servabitur.

1407 2407 1462 2446 24
1475 2410 1502 2430 ¹⁷
1534 2409 1728 2444 Usamus
1755 2408 1847 2445 libro
1879 2410 2060 2455 triqesimo
2092 2410 2197 2445 tertio
2220 2409 2270 2444 ad
2291 2409 2445 2446 edictum

1361 2452 1399 2488 Si
1434 2458 1623 2489 constante
1666 2453 1890 2489 matrimonio
1935 2458 2082 2499 propter
2126 2454 2283 2499 inopiam
2327 2454 2446 2490 mariti

1359 2498 1485 2533 mulier
1508 2508 1611 2543 agere
1634 2498 1737 2540 volet,
1761 2498 1857 2533 unde
1868 2498 2088 2534 exactionem
2111 2498 2204 2534 dotis
2227 2499 2366 2534 initium
2382 2509 2444 2535 ac-

1361 2543 1479 2589 cipere
1502 2544 1701 2588 ponamus?
1733 2546 1769 2578 et
1792 2547 1933 2578 constat
1956 2543 2082 2579 exinde
2105 2544 2198 2579 dotis
2224 2544 2446 2580 exactionem

1361 2597 1440 2624 com
1467 2590 1583 2630 etere,
1616 2598 1659 2623 ex
1691 2598 1761 2633 quo
1794 2588 2052 2623 evidentissime
2089 2589 2295 2634 apparuerit
2326 2589 2445 2624 mariti

1366 2636 1378 2667 1
1443 2633 1617 2668 acultates
1641 2632 1688 2668 ad
1719 2632 1812 2668 dotis
1835 2633 2056 2669 exactionem
2079 2644 2150 2669 non
2182 2633 2358 2669 sufficere.
2405 2633 2445 2669 Si

1361 2677 1576 2713 exheredato
1599 2677 1726 2713 marito
1750 2677 1875 2713 mulier
1898 2682 1992 2723 agat,
2016 2679 2126 2723 magis
2159 2683 2231 2721 est,
2254 2682 2297 2713 ut
2319 2688 2364 2714 ex
2386 2678 2444 2715 die

1360 2722 1478 2758 aditae
1511 2723 1623 2767 patris
1664 2723 1871 2758 hereditatis
1905 2723 1975 2758 inci
2001 2723 2052 2758 iat
2096 2724 2128 2759 ei
2162 2724 2255 2759 dotis
2291 2724 2442 2760 exactio.

1359 2769 1380 2802 2
1428 2766 1600 2812 Quotiens
1634 2767 1773 2802 mulieri
1808 2767 1966 2803 satisdan
1992 2778 2051 2803 um
2086 2773 2141 2803 est
2181 2768 2226 2804 de
2266 2768 2443 2804 solutione

1360 2812 1453 2848 dotis
1475 2816 1558 2858 post
1582 2817 1717 2847 certum
1741 2818 1898 2858 tempus,
1931 2813 1961 2848 si
1991 2813 2138 2848 maritus
2169 2812 2343 2848 satisdare
2370 2823 2442 2848 non

1358 2857 1484 2902 possit,
1506 2859 1594 2893 tunc
1617 2857 1771 2892 deducto
1795 2857 1980 2893 commodo
2003 2858 2171 2902 temporis
2195 2858 2441 2893 condemnatio

1359 2901 1492 2937 residui
1514 2905 1802 2947 repraesentatur
1815 2903 1859 2937 ¹⁸:
1893 2902 1956 2937 sed
1987 2902 2035 2944 si,
2060 2913 2140 2937 cum
2164 2903 2313 2938 maritus
2335 2902 2440 2937 satis-

1359 2946 1445 2982 dare
1466 2950 1599 2992 posset,
1623 2947 1743 2989 nollet,
1776 2947 1813 2982 in
1845 2947 1995 2983 solidum
2026 2957 2106 2982 eum
2134 2947 2441 2983 condemnandum

1359 2991 1456 3027 Mela
1478 2991 1528 3026 ait
1550 3001 1623 3026 non
1645 2991 1769 3026 habita
1791 2992 1930 3028 ratione
1950 2992 2124 3028 commodi
2146 2992 2325 3044 temporis.
2348 2991 2439 3027 iudi-

1359 3037 1410 3071 cis
1432 3035 1539 3082 igitur
1561 3035 1680 3071 officio
1706 3037 1880 3079 convenit,
1906 3040 1946 3071 ut
1977 3041 2040 3071 aut
2070 3037 2302 3072 satisdatione
2330 3036 2439 3071 inter·

1358 3080 1476 3126 posita
1498 3080 1661 3116 absolvat
1683 3082 1848 3116 maritum
1872 3086 1935 3116 aut
1965 3082 2089 3117 habita
2110 3082 2249 3117 ratione
2272 3091 2438 3127 compen-

1357 3125 1506 3161 sationis
1536 3134 1617 3160 eum
1648 3126 1874 3169 condemnet,
1908 3126 2182 3179 quod-quidem·
2200 3125 2306 3162 hodie
2348 3171 2356 3178 ι
2410 3126 2417 3133 ”

1357 3170 1924 3261 fflffiasssstf‘ffidzuffi
1937 3171 2439 3295 ”ilhssffloedssffissffff

2355 3270 2375 3295 c
2414 3270 2436 3295 ο

2085 1651 2161 1682 atre
2183 1646 2241 1691 agi
2262 1650 2446 1692 oportere:

2075 1696 2187 1734 otem‚
2210 1701 2321 1737 penes
2344 1701 2449 1737 quem

1359 3263 1379 3295 3
1426 3259 1639 3295 ductionem.
1676 3259 1756 3295 Sive
1778 3267 1898 3296 autem
1917 3261 2033 3295 mariti
2055 3261 2127 3296 sive
2145 3260 2266 3296 uxoris

1358 3304 1423 3340 dos
1451 3303 1540 3346 fuit,
1572 3304 1681 3339 nihilo
1714 3305 1829 3340 minus
1859 3305 2011 3349 legitimo
2041 3309 2200 3350 tempore
2229 3305 2274 3340 de
2299 3309 2336 3340 et
2365 3305 2436 3340 sol·

1357 3351 1379 3384 4
1425 3357 1506 3384 vere
1540 3349 1699 3384 maritus.
1758 3349 1796 3385 Si
1829 3350 1883 3384 vir
1916 3349 2098 3385 voluntate
2126 3349 2280 3385 mulieris
2315 3359 2436 3385 servos

1358 3393 1495 3429 dotales
1529 3394 1792 3437 manumiserit,
1827 3395 1857 3430 si
1891 3394 2032 3439 quidem
2070 3394 2204 3430 donare
2246 3395 2278 3430 ei
2312 3394 2437 3429 mulier

1356 3438 1479 3480 voluit,
1503 3448 1569 3473 nec
1592 3438 1637 3473 de
1659 3438 1833 3474 libertatis
1857 3448 1968 3474 causa
1997 3439 2169 3484 impositis
2192 3439 2226 3474 ei
2248 3443 2434 3484 praestan·

1358 3483 1411 3518 dis
1445 3482 1640 3518 tenebitur:
1683 3483 1780 3528 quod
1813 3483 1844 3519 si
1878 3483 2055 3527 negotium
2085 3485 2177 3519 inter
2207 3493 2267 3519 eos
2297 3487 2434 3528 gestum

1355 3606 1493 3638 quorum
1507 3595 1560 3628 Γ*
1685 3599 1744 3638 (12)
1768 3596 1933 3638 dissipare
1945 3595 1998 3628 F²
2122 3597 2181 3638 (13)
2205 3596 2255 3628 ita
2273 3596 2336 3630 dal.
2358 3595 2431 3629 odd.

1355 3643 1413 3681 (¹⁴)
1438 3644 1498 3673 ant
1508 3653 1571 3674 scr.
1666 3644 1723 3682 (15)
1750 3646 1767 3681 θ
1782 3648 1800 3675 9
1815 3642 1876 3674 del.
1890 3639 1943 3673 F²
2033 3641 2093 3682 (10)
2115 3651 2230 3673 verum
2242 3639 2278 3674 F
2370 3641 2431 3680 (17)

1357 3690 1373 3725 5
1388 3693 1405 3719 ⁴
1418 3703 1458 3714 =
1474 3687 1502 3718 h.
1518 3693 1538 3719 t.
1554 3686 1575 3719 ι.
1588 3693 1625 3720 οι
1717 3688 1776 3726 (ts)
1801 3689 2027 3728 repraestatur
2037 3686 2072 3719 F
