2528 3918
108 125 152 155 m
181 124 284 155 mm]
314 123 550 154 FACIENDIS

105 235 148 269 ad
173 235 427 280 interrogatum
458 244 529 268 non
560 231 761 278 respondit,
793 231 830 266 id
864 235 918 267 est
947 230 1036 276 πρὸς
1069 234 1153 267 ἔπος
1168 233 1189 266 ¹.

105 284 124 314 6
173 280 210 314 Si
233 280 468 324 interrogatus
494 278 590 323 quis,
626 288 673 312 an
698 287 740 312 ex
765 287 845 312 asse
869 277 972 312 heres
997 281 1109 320 esset,
1134 287 1188 312 re-

103 325 311 370 sponderit²
334 335 377 359 ex
400 327 522 369 parte,
548 323 578 358 si
603 333 646 357 ex
667 322 811 357 dimidia
830 326 942 365 esset,
967 323 1054 358 nihil
1074 323 1105 358 ei
1126 333 1188 357 no-

105 374 120 403 7
171 381 249 405 cere
263 380 487 415 responsum:
515 378 606 413 quae
626 368 802 403 sententia
822 368 979 402 humana
991 373 1056 403 est.
1093 368 1190 403 Nihil

103 416 256 456 interest,
282 418 384 459 neget
408 414 486 458 quis
507 424 553 447 an
574 417 693 448 taceat
712 413 949 457 interrogatus
971 424 1018 455 an
1038 414 1191 449 obscure

103 463 122 495 8
170 459 623 505 respondeat,utincertum
634 458 1097 503 dimittatinterrogatorem.
1132 458 1190 492 Ex

104 516 213 540 causa
245 505 404 540 succurri
436 504 486 546 ei,
521 505 579 548 qui
611 504 849 548 interrogatus
881 504 1084 548 respondit,
1117 514 1189 538 non

102 551 321 585 dubitamus:
358 560 440 584 nam
474 554 510 584 et
545 549 574 583 si
611 550 688 593 quis
721 549 979 593 interrogatus,
1015 560 1062 584 an
1096 549 1189 594 patri

102 596 203 630 heres
228 598 336 636 esset,
372 594 631 639 ³responderit,
664 605 747 629 mox
779 594 943 638 prolato⁴
976 598 1188 630 testamento

101 641 260 675 inventus
293 640 338 674 sit
370 639 623 681 exheredatus,
660 640 910 684 aequissimum
942 644 996 675 est
1028 640 1190 675 succurri

101 686 149 720 ei:
184 688 217 720 et
242 685 292 719 ita
317 684 439 720 Celsus
464 685 608 726 scribit,
634 685 691 720 hic
717 685 857 729 quidem
883 688 918 720 et
942 686 1012 720 alia
1036 686 1186 727 ratione,

101 730 193 775 quod
220 740 260 764 ea
285 740 376 775 quae
400 734 525 775 postea
545 735 727 775 emergunt
748 730 879 764 auxilio
901 730 1077 776 indigent:
1104 730 1188 775 quid

100 775 191 810 enim
216 776 245 810 si
270 776 433 810 occultae
458 776 602 810 tabulae
627 781 661 810 et
685 779 842 811 remotae
865 780 992 820 postea
1024 776 1186 821 prolatae

99 820 207 856 sunt?
251 831 315 855 cur
345 825 474 856 noceat
505 821 554 862 ei,
589 821 649 865 qui
681 821 718 855 id
749 821 993 865 responderit,
1028 821 1121 866 quod
1152 821 1188 855 in

98 866 380 946 praesentiarum
411 866 622 901 videbatur?
658 866 751 901 idem
783 866 862 901 dico
889 870 923 901 et
948 867 978 901 si
1002 868 1062 911 qui
1086 867 1187 901 here-

123 921 177 946 em
201 921 239 946 se
262 911 503 956 responderit,
537 922 619 946 mox
642 911 772 946 falsum
796 912 850 946 vel
874 912 1111 947 inofficiosum
1135 912 1189 946 vel

97 956 234 991 irritum
258 960 509 991 testamentum
533 956 640 992 fuerit
670 957 957 1002 pronuntiatum:
993 969 1065 993 non
1097 957 1189 992 enim

98 1004 118 1036 9
165 1002 325 1046 improbe
359 1002 560 1046 respondit,
604 1002 667 1037 sed
702 1003 882 1047 scriptura
919 1002 1058 1038 ductus.

97 1047 334 1091 interrogatus
358 1047 599 1092 responderit,
633 1048 683 1082 sic
716 1051 858 1083 tenetur
891 1049 993 1092 quasi
1027 1059 1070 1083 ex
1103 1059 1186 1082 con-

97 1096 215 1127 tractu
240 1093 415 1137 obligatus
439 1104 503 1138 pro
530 1103 599 1138 quo
623 1093 842 1137 pulsabitur,
876 1093 961 1128 dum
992 1094 1037 1128 ab
1064 1093 1186 1128 adver-

97 1138 252 1173 versario
266 1138 522 1183 interrogatur:
547 1138 610 1173 sed
631 1142 665 1173 et
685 1139 715 1173 si
733 1149 754 1173 a
774 1142 940 1183 praetore
960 1138 1068 1174 fuerit
1080 1139 1187 1173 inter-

97 1187 262 1227 rogatus,
296 1184 383 1218 nihil
414 1184 503 1218 facit
534 1184 710 1228 praetoris
735 1184 949 1226 auctoritas,
981 1185 1044 1220 sed
1076 1184 1188 1229 ipsius

100 1231 140 1263 10
187 1239 398 1273 responsum
434 1229 507 1264 sive
542 1229 778 1264 mendacium.
834 1229 903 1273 Qui
936 1230 1031 1265 iusto
1069 1239 1188 1264 errore

100 1276 135 1307 11
187 1274 315 1309 ductus
329 1274 508 1319 negaverit
521 1284 558 1309 se
570 1274 746 1317 heredem,
760 1275 863 1309 venia
877 1275 1002 1320 dignus
1014 1279 1078 1310 est.
1117 1274 1187 1309 Sed

97 1322 131 1353 et
156 1319 184 1353 si
209 1320 287 1364 quis
313 1320 388 1355 sine
413 1320 493 1355 dolo
518 1320 632 1362 malo,
667 1320 772 1365 culpa
804 1323 922 1355 tamen
946 1320 1182 1365 responderit,

97 1364 283 1399 dicendum
308 1365 375 1399 erit
407 1365 544 1401 absolvi
576 1375 655 1400 eum
687 1365 833 1407 debere,
867 1366 934 1400 nisi
967 1366 1074 1410 culpa
1106 1365 1186 1400 dolo

99 1413 137 1461 12
187 1411 348 1454 proxima
380 1411 435 1446 sit.
486 1410 610 1446 Celsus
642 1411 765 1446 scribit
787 1411 894 1446 licere
918 1411 1079 1456 responsi
1102 1421 1186 1456 pae-

97 1459 218 1498 nitere,
243 1456 273 1490 si
297 1456 395 1491 nulla
420 1456 536 1501 captio
562 1467 606 1491 ex
625 1457 701 1491 eius
722 1457 943 1502 paenitentia
963 1457 1009 1492 sit
1029 1457 1178 1491 actoris:

96 1500 189 1545 quod
213 1501 431 1536 verissimum
454 1502 539 1536 mihi
562 1501 711 1544 videtur,
736 1502 889 1537 maxime
913 1502 944 1537 si
963 1502 1042 1547 quis
1062 1505 1188 1547 postea

95 1546 232 1591 plenius
256 1548 451 1582 instructus
476 1546 561 1592 quid
584 1547 715 1590 faciat,
747 1547 990 1583 instrumentis
1015 1548 1070 1582 vel
1095 1548 1186 1592 epis-

95 1591 177 1626 tulis
202 1592 396 1627 amicorum
419 1593 504 1627 iuris
530 1593 584 1628 sui
610 1593 758 1628 edoctus
769 1595 793 1628 ⁵.

144 1635 194 1672 12
219 1636 275 1671 ΡΑ
284 1647 379 1672 Utus
407 1638 497 1673 libro
528 1639 679 1684 septimo
712 1639 848 1674 decimo
873 1638 923 1674 ad
946 1638 1100 1673 edictum
1150 1637 1188 1672 Si

96 1682 206 1724 filius,
243 1683 303 1727 qui
334 1683 507 1718 abstinuit
539 1694 577 1718 se
607 1687 760 1729 paterna
792 1684 1007 1725 hereditate,
1043 1683 1080 1717 in
1110 1683 1187 1718 iure

95 1727 332 1772 interrogatus
356 1729 581 1773 responderit
604 1740 642 1764 se
665 1729 832 1765 heredem
855 1740 953 1772 esse,
986 1728 1185 1764 tenebitur:

96 1783 177 1807 nam
200 1773 251 1807 ita
274 1774 522 1819 respondendo
547 1785 612 1819 pro
634 1775 764 1810 herede
782 1775 935 1820 gessisse
954 1774 1104 1809 videtur.
1131 1774 1186 1809 sin

96 1822 214 1853 autem
238 1818 352 1861 filius,
386 1820 447 1864 qui
471 1830 509 1855 se
533 1820 724 1863 abstinuit,
757 1821 997 1865 interrogatus
1021 1819 1185 1862 tacuerit,

96 1864 375 1899 succurrendum
409 1869 462 1900 est
487 1865 538 1900 ei:
574 1866 657 1910 quia
680 1866 776 1901 hunc
802 1866 863 1911 qui
886 1865 1060 1901 abstinuit
1082 1875 1186 1910 prae-

99 1912 113 1943 1
162 1913 219 1944 tor
235 1916 315 1944 'non
339 1910 448 1945 habet
471 1911 611 1946 heredis
636 1912 725 1946 loco.
774 1911 1070 1956 Exceptionibus,
1095 1920 1186 1955 quae

95 1954 266 1989 institutis
290 1955 326 1989 in
350 1956 481 1991 iudicio
508 1960 634 1991 contra
658 1967 738 1992 reos
763 1957 965 1992 actionibus
998 1966 1186 2001 opponun-

95 2003 164 2041 tur,
190 2000 295 2035 etiam
318 2001 348 2035 is
373 2002 425 2035 uti
448 2005 578 2046 potest,
603 2003 663 2047 qui
689 2013 732 2037 ex
757 2013 822 2037 sua
846 2013 902 2037 res
929 2002 1076 2037 onsione
1101 2012 1186 2036 con-

95 2046 250 2088 venitur,
287 2046 395 2081 veluti
430 2047 527 2091 pacti
563 2048 745 2089 conventi,
778 2048 829 2083 rei
857 2047 894 2082 iu
920 2048 1036 2082 icatae
1064 2050 1100 2082 et
1129 2057 1186 2082 ce-

97 2091 193 2125 teris.

145 2134 193 2173 13
219 2135 326 2171 IDEM
346 2136 435 2171 libro
459 2138 616 2173 secundo
641 2138 691 2173 ad
717 2138 898 2173 Plautium
947 2136 1185 2172 Confessioni-

97 2181 162 2216 bus
180 2181 280 2216 falsis
300 2181 557 2226 respondentes
576 2183 627 2217 ita
647 2183 861 2228 obligantur,
886 2183 917 2218 si
937 2183 1013 2218 eius
1033 2183 1185 2225 nomine,

97 2226 139 2262 de
163 2238 231 2271 quo
257 2227 335 2271 quis
367 2227 603 2272 interrogatus
637 2229 701 2270 sit,
737 2240 816 2264 cum
850 2228 968 2273 aliquo
1001 2229 1048 2263 sit
1079 2228 1185 2271 actio,

96 2272 178 2317 quia
203 2283 293 2317 quae
318 2283 397 2307 cum
421 2273 490 2307 alio
515 2274 609 2308 actio
635 2278 747 2316 esset,
773 2274 802 2309 si
827 2274 990 2309 dominus
1015 2277 1125 2316 esset,
1150 2274 1187 2308 in

97 2322 235 2353 nosmet
266 2318 491 2354 confessione
523 2323 646 2354 nostra
679 2319 927 2355 conferimus0.
966 2322 1001 2354 et
1033 2319 1063 2354 si
1095 2330 1185 2361 eum,

98 2363 155 2407 qui
190 2364 226 2398 in
261 2367 439 2408 potestate
474 2364 586 2409 patris
621 2368 731 2407 esset,
777 2365 1040 2410 respondissem
1075 2364 1186 2399 filium

97 2419 212 2443 meum
237 2419 332 2451 esse,
358 2409 409 2443 ita
433 2420 488 2444 me
512 2410 679 2455 obligari,
713 2411 743 2445 si
768 2415 866 2445 aetas
892 2410 966 2445 eius
990 2414 1184 2455 pateretur,

96 2457 136 2488 ut
159 2454 251 2488 filius
275 2465 375 2489 meus
400 2465 479 2489 esse
511 2456 645 2500 possit,
679 2456 763 2500 quia
794 2456 910 2491 falsae
941 2455 1185 2491 confessiones

97 2499 318 2534 naturalibus
338 2501 525 2535 convenire
547 2501 727 2536 deberent.
765 2505 912 2546 propter
932 2511 1025 2547 quae
1045 2500 1121 2543 fiat,
1146 2504 1187 2535 ut

97 2545 206 2589 patris
249 2544 400 2580 familias
446 2546 587 2581 nomine
622 2547 869 2591 respondendo
907 2557 980 2581 non
1016 2547 1150 2590 obliger
1160 2547 1183 2580 ⁷.

102 2592 115 2623 1
163 2590 273 2633 Eum,
307 2590 366 2635 qui
396 2595 534 2635 patrem
558 2591 711 2627 familias
735 2603 839 2627 suum
864 2602 942 2627 esse
964 2592 1186 2636 responderit

98 2644 253 2678 servum,
286 2646 358 2670 non
382 2637 493 2671 teneri
518 2638 638 2672 noxali
662 2638 822 2673 actione:
857 2649 900 2672 ac
931 2649 994 2678 ne,
1028 2637 1058 2671 si
1090 2637 1186 2671 bona

98 2679 166 2715 fide
189 2681 277 2716 liber
300 2681 407 2716 homo
432 2682 516 2716 mihi
550 2683 697 2724 serviat,
733 2693 872 2718 mecum
903 2682 1025 2718 noxali
1056 2682 1185 2716 iudicio

100 2725 153 2769 agi
176 2730 295 2770 potest
320 2731 373 2769 et,
399 2727 428 2762 si
453 2731 573 2762 actum
597 2728 724 2770 fuerit,
749 2729 908 2763 manebit
930 2729 1068 2772 integra
1092 2727 1185 2762 actio

99 2780 178 2805 cum
201 2771 278 2816 ipso
305 2772 366 2816 qui
390 2772 541 2807 admisit.

148 2814 197 2852 14
221 2817 267 2852 ΙΑ
278 2827 447 2853 VOLENUS
468 2818 560 2854 libro
584 2829 678 2853 nono
704 2829 754 2853 ex
781 2817 900 2853 Cassio
949 2817 986 2852 Si
1009 2818 1059 2859 is,
1086 2818 1186 2852 cuius

101 2861 238 2912 nomine
262 2873 378 2897 noxae
401 2863 569 2898 iudicium
594 2867 782 2909 acceptum
807 2866 879 2905 est,
905 2867 1071 2898 manente
1094 2862 1185 2897 iudi-

101 2914 153 2941 cio
177 2906 266 2942 liber
288 2907 465 2943 iudicatus
490 2913 554 2951 est,
578 2920 662 2944 reus
686 2909 823 2944 absolvi
847 2908 970 2951 debet,
997 2919 1062 2943 nec
1087 2909 1186 2953 quic-

101 2960 203 2995 quam
226 2952 452 2998 interrogatio
477 2954 514 2988 in
544 2954 621 2990 iure
653 2954 753 2989 facta
785 2953 961 2999 proderit,
995 2954 1079 2998 quia
1110 2953 1185 2988 eius

99 3005 279 3039 personae,
306 2999 405 3033 cuius
426 3000 568 3034 nomine
588 3000 666 3045 quis
688 3011 768 3034 cum
787 2999 856 3034 alio
878 2999 1055 3034 actionem
1066 2998 1185 3040 habet,

100 3040 345 3086 obligationem
368 3043 561 3079 transferre
583 3046 726 3090 potest⁸
749 3045 786 3080 in
819 3055 917 3086 eum,
951 3044 1012 3089 qui
1043 3045 1080 3078 in
1110 3044 1186 3079 iure

100 3095 199 3121 suum
220 3098 296 3123 esse
314 3089 515 3133 confitetur,
539 3091 636 3125 velut
654 3091 809 3126 alienum
831 3100 971 3124 servum
991 3100 1095 3124 suum
1109 3100 1186 3124 esse

102 3131 317 3168 confitendo:
352 3134 453 3169 liberi
486 3139 605 3171 autem
636 3136 787 3171 hominis
820 3135 962 3170 nomine
994 3135 1078 3180 quia
1105 3146 1185 3169 cum

102 3175 170 3211 alio
201 3178 293 3213 actio
327 3190 398 3214 non
432 3184 504 3223 est,
536 3192 581 3216 ne
613 3191 677 3226 per
707 3180 1019 3225 interrogationem
1045 3180 1186 3225 quidem

102 3225 162 3255 aut
186 3223 442 3259 confessionem
466 3226 651 3261 transferri
673 3226 815 3271 poterit.
853 3236 924 3271 quo
938 3236 1025 3260 casu
1039 3226 1184 3267 eveniet,

101 3269 141 3299 ut
162 3277 234 3302 non
256 3272 353 3304 recte
376 3270 551 3306 hominis⁹
574 3271 675 3306 liberi
698 3272 841 3307 nomine
873 3274 994 3306 actum
1026 3271 1073 3305 sit
1105 3282 1186 3305 cum

105 3312 119 3344 1
169 3322 209 3363 eo
234 3314 292 3357 qui
317 3314 501 3351 confessus
526 3320 590 3351 est.
638 3317 681 3351 In
705 3321 821 3352 totum
845 3320 966 3351 autem
990 3315 1184 3351 confessio-

102 3365 168 3407 nes.
186 3360 236 3391 ita
259 3362 359 3393 ratae
382 3364 475 3403 sunt,
501 3361 531 3396 si
553 3362 601 3403 id,
627 3362 722 3406 quod
741 3362 779 3397 in
800 3361 1061 3397 confessionem
1080 3361 1186 3403 venit,

103 3403 138 3434 et
159 3412 214 3436 ius
239 3407 274 3437 et
296 3407 460 3440 naturam
475 3407 503 3427 ¹⁰
526 3407 685 3451 recipere
708 3411 838 3452 potest.

130 3444 198 3497 ‘15
223 3447 451 3500 Poinpoivws
479 3451 570 3487 libro
603 3455 727 3488 octavo
760 3453 896 3488 decimo
930 3452 981 3487 ad
1011 3451 1185 3487 Sabinum

103 3487 140 3524 81
158 3496 239 3527 ante
259 3493 390 3528 aditam
409 3495 640 3531 hereditatem
652 3507 791 3532 servum
803 3497 1057 3533 hereditarium
1069 3507 1185 3531 meum

104 3544 180 3570 esse
203 3538 454 3582 respondeam,
486 3545 631 3583 teneor,
666 3543 749 3587 quia
774 3543 906 3578 domini
930 3542 1009 3577 loco
1034 3542 1187 3577 habetur

1182 104 1253 152 151

1121 1002 1188 1046 Qui
1205 998 1209 1003 ·

2231 108 2344 149 X11

1262 234 1275 266 1
1326 231 1514 266 hereditas.
1563 230 1707 265 Mortuo
1729 241 1841 273 servo,
1867 242 1971 275 quem
1994 230 2031 265 in
2054 230 2131 264 iure
2155 229 2351 274 iuterroga-

1258 280 1315 311 tus
1341 287 1444 311 suum
1470 287 1547 312 esse
1572 275 1757 311 confessus
1782 276 1845 318 sit,
1879 286 1951 310 non
1983 279 2124 311 tenetur
2156 274 2187 310 is
2212 275 2271 320 qui
2296 286 2351 310 re-

1259 321 1404 365 spondit,
1422 321 1730 367 quemadmodum,
1756 322 1786 356 si
1809 322 1975 367 proprius
2001 321 2076 356 eius
2100 320 2245 363 fuisset,
2269 325 2352 365 post

1255 368 1407 401 ‘mortem
1432 367 1506 402 eius
1531 378 1603 402 non
1628 370 1820 401 teneretur.

1309 409 1358 448 16
1391 411 1586 448 ΠιΡΙΑΝυε
1607 412 1699 446 libro
1726 412 1933 457 trz'qensimo
1957 412 2108 457 septimo
2129 411 2179 446 ad
2197 411 2350 446 edictum

1260 456 1296 491 Si
1321 467 1442 492 servus
1468 457 1512 492 ab
1538 457 1700 492 hostibus
1726 460 1853 501 captus
1879 457 1935 498 sit,
1961 457 2004 491 de
2027 467 2096 502 quo
2121 456 2199 502 quis
2220 456 2257 491 in
2277 457 2353 491 iure

1259 502 1497 547 interrogatus
1522 502 1745 547 responderit
1768 502 1805 536 in
1829 512 1895 536 sua
1914 506 2092 546 potestate
2114 512 2202 544 esse,
2229 512 2351 547 quam-

1258 548 1310 582 vis
1333 548 1413 582 iura
1436 548 1734 592 postliminiorum
1759 547 1898 592 possint
1922 546 2063 582 efficere
2088 547 2251 582 dubitare
2274 558 2351 589 nOS,

1259 595 1418 626 attamen
1449 604 1521 628 non
1545 596 1632 638 puto
1658 593 1778 628 locum
1803 603 1881 628 esse
1906 593 2025 626 noxali
2050 593 2183 628 actioni
2198 594 2243 635 ¹¹,
2268 593 2352 638 quia

1262 641 1274 672 1
1326 649 1398 673 non
1432 642 1486 673 est
1516 639 1553 673 in
1586 641 1710 673 nostra
1742 641 1931 683 potestate.
1982 637 2202 682 Quamquam
2234 642 2352 673 autem

1258 684 1376 763 placet
1401 684 1508 718 etiam
1533 695 1614 718 eum
1637 684 1769 725 teneri,
1807 683 1867 728 qui
1900 683 2053 717 alienum
2087 693 2226 718 servum
2250 694 2352 719 suum

1274 739 1378 764 assus
1404 733 1507 772 esset,
1542 732 1700 763 attamen
1725 729 1922 763 rectissime
1946 728 2082 773 placuit
2107 739 2186 763 eum
2212 728 2351 764 demum

1258 775 1388 817 teneri,
1423 775 1484 819 qui
1515 785 1619 809 suum
1651 774 1769 819 potuit
1792 774 1943 816 habere,
1977 777 2153 816 ceterum,
2187 774 2218 809 si
2242 774 2351 809 domi-

1258 820 1355 864 nium
1380 830 1551 864 quaerere
1576 830 1647 855 non
1671 819 1800 864 potuit,
1826 830 1898 854 non
1923 819 2047 854 teneri.

1308 862 1356 901 17
1383 865 1491 899 IDEM
1516 865 1607 900 libro
1642 865 1850 910 triqensz'mo
1883 870 2009 899 octavo
2034 863 2084 899 ad
2106 864 2259 899 edictum
2309 864 2346 899 Si

1259 920 1381 945 servus
1405 921 1478 945 non
1502 911 1547 945 sit
1571 910 1695 952 unius,
1730 910 1793 945 sed
1824 910 1978 955 plurium
2013 913 2048 944 et
2071 920 2193 944 omnes
2217 910 2353 945 mentiti

1258 960 1342 990 sunt
1375 966 1455 990 eum
1486 956 1523 990 in
1555 966 1622 991 sua
1653 958 1833 1000 potestate
1866 966 1936 990 non
1963 965 2039 990 esse
2062 955 2117 990 vel
2143 955 2286 999 quidam
2311 966 2353 991 ex

1257 1001 1345 1042 illis,
1380 1005 1443 1035 aut
1477 1001 1557 1037 dolo
1591 1001 1755 1045 fecerunt
1787 1011 1856 1053 quo
1890 1001 2005 1035 minus
2031 1000 2077 1035 sit
2101 1001 2136 1035 in
2162 1004 2351 1045 potestate.

1258 1047 1503 1091 unusquisque
1526 1047 1669 1082 illorum
1693 1047 1872 1081 tenebitur
1905 1046 1942 1080 in
1977 1045 2150 1087 solidum,
2185 1046 2351 1090 quemad-

1258 1092 1401 1127 modum
1425 1096 1642 1134 tenerentur,
1668 1092 1697 1126 si
1721 1092 1895 1126 haberent
1918 1092 1955 1126 in
1979 1094 2177 1136 potestate:
2204 1091 2233 1126 is
2258 1102 2351 1133 vero,

1258 1138 1318 1182 qui
1342 1137 1430 1172 nihil
1454 1138 1535 1173 dolo
1560 1137 1687 1172 fecerit
1711 1148 1780 1182 quo
1806 1137 1923 1172 minus
1949 1137 1985 1171 in
2009 1140 2189 1182 potestate
2208 1137 2354 1172 haberet

1257 1183 1311 1217 vel
1336 1193 1407 1217 non
1431 1183 1583 1228 negavit,
1609 1193 1682 1217 non
1704 1182 1893 1217 tenebitur.

1308 1226 1357 1265 18
1393 1227 1587 1264 IULIANUS
1615 1228 1706 1264 libro
1740 1230 1871 1273 quarto
1905 1228 1954 1263 ad
1992 1227 2152 1263 Urseium
2185 1227 2353 1263 Ferocem

1258 1273 1326 1317 Qui
1351 1284 1393 1308 ex
1416 1277 1521 1318 parte
1545 1273 1690 1308 dimidia
1713 1273 1815 1308 heres
1840 1277 1919 1308 erat
1939 1284 2020 1308 cum
2041 1273 2225 1308 absentem
2247 1273 2352 1308 cohe-

1258 1319 1377 1354 redem
1402 1330 1506 1354 suum
1531 1318 1722 1354 defendere
1753 1319 1878 1361 vellet,
1912 1322 1952 1353 ut
1985 1318 2230 1354 satisdationis
2263 1329 2353 1353 onus

1258 1365 1390 1399 evitare
1413 1365 1544 1409 possit,
1577 1363 1762 1409 respondit
1792 1374 1832 1399 se
1864 1365 1978 1400 solum
2010 1364 2177 1399 heredem
2209 1373 2288 1399 esse
2320 1368 2354 1398 et

1259 1410 1516 1445 condemnatus
1539 1413 1610 1445 est:
1637 1410 1833 1454 quaerebat
1853 1414 1966 1452 actor,
1988 1420 2070 1444 cum
2090 1409 2166 1454 ipse
2186 1409 2353 1444 solvendo

1257 1466 1329 1490 non
1355 1459 1468 1497 esset,
1493 1466 1541 1490 an
1564 1456 1716 1490 rescisso
1743 1455 1926 1535 superiore
1950 1454 2080 1491 iudicio
2105 1455 2143 1489 in
2167 1464 2266 1497 eum,
2292 1454 2353 1500 qui

1257 1511 1295 1536 re
1318 1511 1402 1535 vera
1425 1501 1528 1536 heres
1554 1505 1641 1543 erat,
1667 1500 1761 1536 actio
1812 1500 1865 1535 ari
1890 1500 2047 1536 deberet.
2096 1500 2272 1536 Proculus
2296 1510 2352 1535 re-

1258 1546 1403 1591 spondit
1425 1547 1578 1582 rescisso
1603 1546 1733 1581 iudicio
1757 1556 1865 1591 posse
1888 1546 1963 1591 agi,
1995 1545 2103 1590 idque
2136 1549 2190 1581 est
2220 1556 2351 1581 verum.

1307 1590 1357 1628 19
1384 1591 1633 1627 PAPJNJANUS
1650 1591 1742 1627 libro
1764 1594 1889 1627 octavo
1911 1592 2160 1637 quaestionum
2197 1590 2235 1626 Si
2246 1590 2350 1634 filius,
2384 1606 2385 1609 ¹

1258 1648 1339 1673 cum
1388 1647 1427 1672 ro
1452 1641 1556 1682 patre
1576 1647 1641 1673 suo
1663 1640 1793 1681 ageret,
1818 1640 1939 1672 taceat
1958 1637 2209 1681 interrogatus,
2235 1636 2353 1672 omnia

1256 1683 1357 1728 perin
1385 1693 1403 1717 e
1427 1682 1650 1718 observanda
1676 1686 1798 1725 erunt,
1833 1693 1876 1717 ac
1909 1682 1939 1717 si
1971 1693 2044 1718 non
2076 1685 2169 1717 esset
2201 1682 2352 1717 interro-

1255 1731 1371 1773 gatus.

1303 1771 1356 1811 20
1382 1773 1543 1809 Pavws
1570 1773 1662 1809 libro
1694 1773 1854 1809 secundo
1879 1773 2130 1819 quaestionum
2178 1772 2246 1816 Qui
2278 1783 2351 1807 ser—

1257 1830 1339 1854 vum
1363 1819 1518 1853 alienum
1541 1818 1766 1863 responderit
1790 1830 1895 1854 suum
1915 1828 2003 1860 esse,
2029 1818 2060 1853 si
2080 1818 2202 1853 noxali
2221 1817 2352 1853 iudicio

1258 1868 1453 1900 conventus
1479 1864 1543 1907 sit,
1578 1864 1759 1899 dominum
1782 1864 1927 1899 liberat:
1960 1864 2064 1899 aliter
2087 1867 2196 1908 atque
2219 1863 2249 1898 si
2273 1864 2352 1908 quis

1258 1910 1444 1946 confessus
1469 1910 1516 1945 sit
1539 1920 1578 1945 se
1603 1909 1777 1945 occidisse
1801 1920 1942 1945 servum
1967 1919 2072 1954 quem
2096 1909 2186 1944 alius
2207 1909 2349 1951 occidit,

1256 1956 1311 1991 vel
1335 1956 1365 1991 si
1390 1955 1468 2000 quis
1493 1955 1718 2000 responderit
1741 1965 1780 1990 se
1803 1955 1987 1990 heredem:
2022 1965 2105 1989 nam
2129 1955 2185 1989 his
2210 1954 2352 1989 casibus

1257 2012 1328 2036 non
1360 2001 1533 2036 liberatur
1564 2000 1624 2046 qui
1655 2000 1743 2035 fecit
1775 2001 1829 2035 vel
1854 2001 1915 2046 qui
1938 2001 2041 2035 heres
2067 2003 2132 2035 est.
2171 2010 2237 2035 nec
2265 2000 2352 2034 haec

1256 2047 1349 2082 inter
1373 2056 1412 2081 se
1437 2046 1619 2081 contraria
1643 2050 1744 2081 sunt:
1779 2057 1862 2081 nam
1886 2046 2068 2090 superiore
2094 2056 2179 2080 casu
2205 2055 2248 2080 ex
2272 2055 2351 2090 per-

1257 2103 1347 2127 sona
1371 2091 1462 2126 servi
1487 2091 1557 2127 duo
1583 2095 1762 2134 tenentur,
1788 2092 1883 2126 sicut
1904 2091 1942 2126 in
1966 2101 2068 2127 servo
2094 2091 2274 2126 communi
2299 2090 2350 2125 di-

1258 2138 1381 2179 cimus,
1406 2137 1469 2171 ubi
1493 2137 1605 2172 altero
1631 2140 1806 2172 convento
1828 2138 1918 2172 alter
1938 2140 2079 2181 quoqu'e
2098 2136 2289 2171 liberatur:
2316 2140 2353 2170 at

1256 2183 1286 2218 is
1312 2183 1372 2228 qui
1397 2181 1588 2217 confitetur
1613 2193 1652 2217 se
1677 2182 1851 2217 occidisse
1875 2182 1930 2217 vel
1952 2182 2157 2217 vulnerasse
2190 2192 2255 2217 suo
2288 2192 2351 2216 no-

1257 2229 1349 2263 mine
1382 2231 1546 2270 tenetur,
1588 2238 1654 2263 nec
1686 2228 1792 2263 debet
1826 2228 2040 2280 impunitum
2072 2238 2150 2263 esse
2185 2227 2352 2262 delictum

1257 2274 1333 2309 eius
1359 2273 1419 2318 qui
1442 2273 1529 2308 fecit
1552 2277 1698 2318 propter
1723 2285 1804 2309 eum
1852 2285 1890 2308 ui
1913 2272 2116 2318 respondit:
2151 2272 2219 2307 nisi
2251 2273 2352 2317 quasi

1257 2319 1424 2354 defensor
1447 2319 1523 2354 eius
1548 2319 1608 2363 qui
1633 2318 1775 2354 admisit
1798 2330 1839 2354 ve
1877 2319 2017 2354 heredis
2037 2318 2133 2353 litem
2154 2317 2264 2353 subiit
2283 2318 2352 2352 hoc

1256 2375 1401 2409 genere:
1427 2367 1515 2399 tunc
1534 2364 1626 2399 enim
1646 2364 1684 2398 in
1703 2363 1840 2399 factum
1862 2364 2070 2409 exceptione
2089 2363 2175 2398 data
2198 2373 2350 2398 summo-

1256 2410 1392 2445 vendus
1418 2413 1472 2444 est
1496 2413 1616 2452 actor,
1650 2410 1733 2454 quia
1764 2410 1825 2444 ille
1849 2410 2071 2454 negotiorum
2093 2412 2274 2453 gestorum
2298 2409 2350 2443 vel

1257 2455 1416 2490 mandati
1441 2455 1583 2490 actione
1607 2459 1816 2500 recepturus
1841 2458 1895 2490 est
1919 2454 2015 2500 quod
2059 2454 2232 2489 raestitit:
2258 2453 2349 2488 idem

1258 2505 1312 2536 est
1334 2501 1371 2535 in
1396 2511 1457 2542 eo,
1491 2500 1551 2546 qui
1584 2500 1755 2535 mandatu
1778 2500 1918 2536 heredis
1944 2500 2027 2535 here
2055 2509 2109 2534 em
2133 2509 2171 2534 se
2196 2509 2273 2534 esse
2296 2510 2351 2533 re-

1261 2550 1272 2580 1
1325 2546 1469 2591 spondit
1499 2546 1554 2581 vel
1586 2557 1667 2581 cum
1702 2556 1782 2580 eum
1814 2546 1902 2580 alias
1928 2545 2117 2580 defendere
2142 2544 2258 2579 vellet.
2308 2544 2349 2579 In

1255 2592 1332 2626 iure
1355 2592 1615 2636 interrogatus,
1647 2601 1694 2625 an
1726 2590 1876 2626 fundum
1908 2590 2106 2635 possideat,
2140 2599 2271 2634 quaero
2305 2600 2351 2624 an

1256 2637 1472 2681 respondere
1504 2635 1684 2681 cogendus
1717 2636 1764 2671 sit
1795 2640 1830 2670 et
1861 2639 1972 2680 quota
2005 2646 2049 2670 ex
2073 2639 2175 2680 parte
2199 2634 2350 2670 fundum

1282 2682 1449 2717 ossideat.
1495 2681 1682 2726 respondi:
1728 2681 1915 2716 Iavolenus
1950 2680 2075 2716 scribit
2108 2691 2350 2725 possessorem

1255 2693 1358 2762 fundi
1384 2727 1460 2772 cogi
1482 2727 1610 2762 debere
1632 2726 1857 2771 respondere,
1884 2730 1994 2771 quota
2015 2736 2058 2761 ex
2104 2730 2180 2761 arte
2200 2726 2350 2761 fundum

1256 2772 1458 2817 possideat,
1492 2776 1533 2807 ut
1565 2773 1595 2807 si
1618 2772 1755 2807 minore
1780 2782 1824 2806 ex
1874 2775 1951 2806 arte
1973 2772 2070 2817 possi
2098 2781 2156 2806 ere
2181 2782 2219 2806 se
2244 2771 2349 2814 dicat,

1255 2819 1293 2852 in
1317 2818 1424 2852 aliam
1447 2821 1603 2862 partem,
1629 2827 1721 2862 quae
1746 2828 1818 2852 non
1867 2816 2112 2859 efenderetur,
2146 2817 2183 2851 in
2207 2827 2348 2862 posses-

1257 2866 1276 2897 2
1325 2863 1459 2898 sionem
1492 2866 1592 2897 actor
1626 2863 1799 2897 mittatur.
1847 2862 1945 2897 Idem
1969 2866 2005 2897 et
2028 2863 2059 2897 si
2083 2862 2204 2897 damni
2228 2862 2350 2897 infecti

1257 2918 1463 2943 caveamus:
1496 2918 1579 2942 nam
1611 2911 1646 2942 et
1677 2907 1735 2942 hic
1767 2907 1982 2953 respondere
2007 2907 2132 2950 debet,
2166 2912 2275 2952 quota
2307 2918 2349 2942 ex

1255 2957 1359 2998 parte
1383 2953 1458 2988 eius
1483 2953 1529 2987 sit
1551 2953 1755 2997 praedium,
1789 2957 1830 2987 ut
1861 2953 1907 2987 ad
1932 2964 2010 2988 eam
2033 2956 2173 2998 partem
2198 2953 2347 2998 stipula-

1255 2999 1387 3033 tionem
1411 2998 1740 3033 accommodemus:
1774 3009 1891 3042 poena
1923 3002 2042 3033 autem
2066 3009 2138 3033 non
2163 2999 2348 3043 repromit-

1255 3044 1362 3079 tentis
1386 3045 1475 3078 haec
1501 3047 1564 3085 est,
1590 3047 1631 3077 ut
1652 3043 1689 3077 iu
1709 3044 1971 3095 possessionem
1991 3054 2124 3086 eamus,
2150 3047 2185 3078 et
2204 3043 2284 3079 ideo
2307 3053 2347 3078 eo

1255 3089 1410 3134 pertinet
1434 3088 1526 3124 scire
1550 3099 1597 3123 an
1620 3088 1813 3133 possideat.

1302 3132 1351 3170 21
1387 3133 1583 3169 Utefflws
1610 3134 1701 3169 libro
1724 3135 1915 3170 vicensimo
1940 3134 2097 3169 secundo
2123 3133 2172 3169 ad
2194 3134 2346 3169 edictum

1255 3180 1478 3223 Ubicumque
1501 3179 1654 3214 iudicem
1678 3179 1837 3224 aequitas
1862 3179 2021 3221 moverit,
2047 3189 2159 3224 aeque
2183 3183 2347 3224 oportere

1254 3224 1332 3260 fieri
1356 3224 1669 3269 interrogationem
1693 3224 1840 3259 dubium
1864 3235 1936 3260 non
1961 3228 2024 3259 est.

1302 3268 1355 3306 22
1381 3268 1584 3304 SOAEVOLA
1617 3270 1708 3305 libro
1740 3274 1872 3315 quarto
1904 3270 2124 3315 diqestorum
2170 3269 2345 3303 Procura-

1255 3319 1331 3350 tore
1369 3314 1531 3350 Caesaris
1564 3315 1610 3350 ob
1643 3315 1800 3350 debitum
1831 3315 1954 3350 fiscale
1982 3315 2223 3359 interrogante
2255 3324 2346 3347 unus

1256 3371 1299 3395 ex
1331 3360 1431 3402 filiis,
1467 3360 1528 3404 qui
1559 3370 1625 3395 nec
1657 3360 1831 3395 bonorum
1862 3360 2122 3405 possessionem
2158 3362 2346 3402 acceperat

1255 3416 1322 3440 nec
1346 3406 1449 3440 heres
1476 3408 1571 3447 erat,
1596 3405 1781 3450 respondit
1804 3416 1842 3440 se
1865 3405 2030 3440 heredem
2055 3415 2149 3439 esse:
2175 3414 2221 3437 an
2245 3403 2345 3447 quasi

1254 3450 1528 3495 interrogatoria
1549 3450 1783 3486 creditoribus
1804 3451 1930 3486 ceteris
1949 3450 2138 3484 teneatur?
2161 3447 2345 3492 respondit

1256 3496 1301 3530 ab
1326 3496 1402 3538 his,
1435 3496 1496 3540 qui
1518 3495 1555 3530 in
1578 3497 1655 3531 iure
1679 3506 1751 3531 non
1774 3496 2071 3540 interrogassent,
2105 3504 2148 3529 ex
2170 3502 2343 3537 responso

1257 3552 1321 3576 suo
1348 3541 1528 3576 conveniri
1552 3552 1624 3576 non
1649 3551 1766 3586 posse.

106 3646 144 3687 (1)
169 3649 205 3680 id
216 3656 261 3682 est
273 3650 315 3682 ad
326 3652 460 3683 verbum
569 3657 611 3696 (2)
637 3666 671 3687 se
685 3657 745 3689 ins.
759 3657 794 3688 F
797 3655 812 3674 ²

106 3690 148 3732 (4)
172 3694 311 3733 probato
324 3695 368 3727 F¹
445 3699 486 3738 (5)
513 3698 642 3731 edictus
655 3701 689 3732 F

106 3734 151 3778 (7)
176 3743 312 3780 propter
324 3750 408 3783 quae
418 3765 425 3772 .
438 3741 604 3786 ..obliger
624 3757 687 3778 non
705 3753 780 3778 sunt
790 3746 900 3786 Pauli,
921 3747 980 3779 sed
991 3758 1030 3779 ez·
1042 3747 1187 3790 maryine

927 3656 968 3697 (3)
995 3666 1065 3687 esse
1078 3667 1112 3687 se
1126 3658 1186 3688 ins.

760 3700 804 3741 (6)
830 3703 877 3734 sic
890 3701 926 3743 S,
942 3701 1148 3733 conferemus
1162 3702 1193 3732 F

2080 3653 2124 3693 (8)
2149 3654 2261 3692 potest
2274 3663 2341 3683 cum

1259 3662 1478 3698 aryumentum
1492 3657 1539 3688 ad
1552 3660 1567 3694 §
1583 3663 1595 3689 1
1608 3662 1787 3698 sequentem
1801 3655 1997 3695 adscriptum

2098 3698 2156 3738 (10)
2182 3699 2303 3728 natura
2315 3696 2344 3728 S

1260 3700 1294 3732 B
1308 3701 1394 3738 dett„
1407 3710 1474 3731 non
1487 3704 1599 3742 potest
1611 3701 1670 3733 FS
1761 3702 1805 3740 (9)
1830 3698 1976 3730 nominis
1988 3698 2023 3730 F

1260 3746 1314 3786 (11)
1340 3745 1470 3777 actione
1482 3745 1518 3778 F
