<?xml version="1.0" encoding="UTF-8"?>
<!DOCTYPE html PUBLIC "-//W3C//DTD XHTML 1.0 Transitional//EN"
    "http://www.w3.org/TR/xhtml1/DTD/xhtml1-transitional.dtd">
<html xmlns="http://www.w3.org/1999/xhtml" xml:lang="en" lang="en">
 <head>
  <title>
</title>
<meta http-equiv="Content-Type" content="text/html;charset=utf-8" />
  <meta name='ocr-system' content='tesseract 3.04.00' />
  <meta name='ocr-capabilities' content='ocr_page ocr_carea ocr_par ocr_line ocrx_word'/>
</head>
<body>
  <div class='ocr_page' id='page_1' title='image "./corpusjuriscivil01krueuoft_0852.png"; bbox 0 0 2528 3918; ppageno 0'>
   <div class='ocr_carea' id='block_1_1' title="bbox 157 123 483 167">
    <p class='ocr_par' dir='ltr' id='par_1_1' title="bbox 157 123 483 167">
     <span class='ocr_line' id='line_1_1' title="bbox 157 123 483 167; baseline -0.006 0"><span class='ocrx_word' id='word_1_1' title='bbox 157 123 364 167; x_wconf 89' lang='lat' dir='ltr'>XXXXV</span> <span class='ocrx_word' id='word_1_2' title='bbox 393 126 483 166; x_wconf 73' lang='lat'>23</span> 
     </span>
    </p>
   </div>
   <div class='ocr_carea' id='block_1_2' title="bbox 153 245 1246 1425">
    <p class='ocr_par' dir='ltr' id='par_1_2' title="bbox 155 245 1246 513">
     <span class='ocr_line' id='line_1_2' title="bbox 157 245 1242 292; baseline 0 -10"><span class='ocrx_word' id='word_1_3' title='bbox 157 257 217 283; x_wconf 89' lang='lat' dir='ltr'>eos</span> <span class='ocrx_word' id='word_1_4' title='bbox 242 246 331 282; x_wconf 89' lang='lat' dir='ltr'>duos</span> <span class='ocrx_word' id='word_1_5' title='bbox 361 256 442 282; x_wconf 89' lang='lat' dir='ltr'>reos</span> <span class='ocrx_word' id='word_1_6' title='bbox 465 245 680 292; x_wconf 78' lang='lat' dir='ltr'>stipulandi,</span> <span class='ocrx_word' id='word_1_7' title='bbox 713 257 794 282; x_wconf 90' lang='lat' dir='ltr'>cum</span> <span class='ocrx_word' id='word_1_8' title='bbox 817 246 912 282; x_wconf 89' lang='lat' dir='ltr'>Titio</span> <span class='ocrx_word' id='word_1_9' title='bbox 946 246 1068 283; x_wconf 90' lang='lat' dir='ltr'>decem</span> <span class='ocrx_word' id='word_1_10' title='bbox 1090 250 1242 291; x_wconf 88' lang='lat' dir='ltr'>tantum,</span> 
     </span>
     <span class='ocr_line' id='line_1_3' title="bbox 156 291 1246 345; baseline 0 -18"><span class='ocrx_word' id='word_1_11' title='bbox 156 292 238 328; x_wconf 89' lang='lat' dir='ltr'>Seio</span> <span class='ocrx_word' id='word_1_12' title='bbox 269 291 414 327; x_wconf 89' lang='lat' dir='ltr'>Stichus</span> <span class='ocrx_word' id='word_1_13' title='bbox 445 294 510 327; x_wconf 87' lang='lat' dir='ltr'>aut</span> <span class='ocrx_word' id='word_1_14' title='bbox 539 291 663 327; x_wconf 89' lang='lat' dir='ltr'>decem</span> <span class='ocrx_word' id='word_1_15' title='bbox 693 291 907 328; x_wconf 87' lang='lat' dir='ltr'>debeantur:</span> <span class='ocrx_word' id='word_1_16' title='bbox 944 302 1036 345; x_wconf 79' lang='lat' dir='ltr'>quae</span> <span class='ocrx_word' id='word_1_17' title='bbox 1068 291 1246 328; x_wconf 87' lang='lat' dir='ltr'>sententia</span> 
     </span>
     <span class='ocr_line' id='line_1_4' title="bbox 156 336 1244 436; baseline 0 -19"><span class='ocrx_word' id='word_1_18' title='bbox 156 336 1244 436; x_wconf 39' lang='lat' dir='ltr'>essrffezzifs‘as‘s’tissffiissni&#39;ssthffiff&amp;aeswig</span> 
     </span>
     <span class='ocr_line' id='line_1_5' title="bbox 155 427 1243 471; baseline 0.002 -9"><span class='ocrx_word' id='word_1_19' title='bbox 155 431 285 462; x_wconf 88' lang='lat' dir='ltr'>manet.</span> <span class='ocrx_word' id='word_1_20' title='bbox 334 427 399 463; x_wconf 90' lang='lat' dir='ltr'>sed</span> <span class='ocrx_word' id='word_1_21' title='bbox 428 427 618 464; x_wconf 90' lang='lat' dir='ltr'>dicendum</span> <span class='ocrx_word' id='word_1_22' title='bbox 639 431 712 471; x_wconf 90' lang='lat' dir='ltr'>est,</span> <span class='ocrx_word' id='word_1_23' title='bbox 743 431 800 471; x_wconf 89' lang='lat' dir='ltr'>ut,</span> <span class='ocrx_word' id='word_1_24' title='bbox 833 428 864 464; x_wconf 91' lang='lat' dir='ltr'>si</span> <span class='ocrx_word' id='word_1_25' title='bbox 893 427 1015 463; x_wconf 87' lang='lat' dir='ltr'>decem</span> <span class='ocrx_word' id='word_1_26' title='bbox 1044 427 1149 463; x_wconf 85' lang='lat' dir='ltr'>alten</span> <span class='ocrx_word' id='word_1_27' title='bbox 1172 428 1243 464; x_wconf 89' lang='lat' dir='ltr'>sol-</span> 
     </span>
     <span class='ocr_line' id='line_1_6' title="bbox 157 472 671 513; baseline 0.002 -6"><span class='ocrx_word' id='word_1_28' title='bbox 157 472 255 513; x_wconf 90' lang='lat' dir='ltr'>verit,</span> <span class='ocrx_word' id='word_1_29' title='bbox 279 473 326 508; x_wconf 91' lang='lat' dir='ltr'>ab</span> <span class='ocrx_word' id='word_1_30' title='bbox 351 473 464 508; x_wconf 85' lang='lat' dir='ltr'>altero</span> <span class='ocrx_word' id='word_1_31' title='bbox 488 473 671 509; x_wconf 83' lang='lat' dir='ltr'>liberetur.</span> 
     </span>
    </p>

    <p class='ocr_par' dir='ltr' id='par_1_3' title="bbox 156 515 1245 654">
     <span class='ocr_line' id='line_1_7' title="bbox 206 515 1245 564; baseline -0.002 -10"><span class='ocrx_word' id='word_1_32' title='bbox 206 515 256 555; x_wconf 89' lang='grc'>16</span> <span class='ocrx_word' id='word_1_33' title='bbox 280 517 388 553; x_wconf 73' lang='lat' dir='ltr'><em>IDEM</em></span> <span class='ocrx_word' id='word_1_34' title='bbox 415 518 506 554; x_wconf 80' lang='lat' dir='ltr'>libro</span> <span class='ocrx_word' id='word_1_35' title='bbox 539 519 644 554; x_wconf 80' lang='lat' dir='ltr'>tertio</span> <span class='ocrx_word' id='word_1_36' title='bbox 674 518 718 554; x_wconf 80' lang='lat' dir='ltr'>dc</span> <span class='ocrx_word' id='word_1_37' title='bbox 747 518 934 554; x_wconf 80' lang='lat' dir='ltr'>verborum</span> <span class='ocrx_word' id='word_1_38' title='bbox 966 517 1245 564; x_wconf 73' lang='lat' dir='ltr'>obliqationibus</span> 
     </span>
     <span class='ocr_line' id='line_1_8' title="bbox 156 562 1245 610; baseline 0 -12"><span class='ocrx_word' id='word_1_39' title='bbox 156 563 215 598; x_wconf 83' lang='lat' dir='ltr'>Ex</span> <span class='ocrx_word' id='word_1_40' title='bbox 237 563 376 599; x_wconf 91' lang='lat' dir='ltr'>duobus</span> <span class='ocrx_word' id='word_1_41' title='bbox 396 564 467 599; x_wconf 89' lang='lat' dir='ltr'>reis</span> <span class='ocrx_word' id='word_1_42' title='bbox 487 563 683 610; x_wconf 87' lang='lat' dir='ltr'>stipulandi</span> <span class='ocrx_word' id='word_1_43' title='bbox 706 564 738 600; x_wconf 92' lang='lat' dir='ltr'>si</span> <span class='ocrx_word' id='word_1_44' title='bbox 756 563 865 599; x_wconf 88' lang='lat' dir='ltr'>semel</span> <span class='ocrx_word' id='word_1_45' title='bbox 882 574 975 598; x_wconf 90' lang='lat' dir='ltr'>unus</span> <span class='ocrx_word' id='word_1_46' title='bbox 994 563 1114 608; x_wconf 84' lang='lat' dir='ltr'>egerit,</span> <span class='ocrx_word' id='word_1_47' title='bbox 1140 562 1245 599; x_wconf 90' lang='lat' dir='ltr'>alteri</span> 
     </span>
     <span class='ocr_line' id='line_1_9' title="bbox 156 607 987 654; baseline -0.001 -10"><span class='ocrx_word' id='word_1_48' title='bbox 156 609 351 653; x_wconf 89' lang='lat' dir='ltr'>promissor</span> <span class='ocrx_word' id='word_1_49' title='bbox 375 607 556 644; x_wconf 85' lang='lat' dir='ltr'>offerendo</span> <span class='ocrx_word' id='word_1_50' title='bbox 579 609 769 654; x_wconf 90' lang='lat' dir='ltr'>pecuniam</span> <span class='ocrx_word' id='word_1_51' title='bbox 791 608 879 644; x_wconf 87' lang='lat' dir='ltr'>nihil</span> <span class='ocrx_word' id='word_1_52' title='bbox 902 608 987 654; x_wconf 83' lang='lat' dir='ltr'>agit.</span> 
     </span>
    </p>

    <p class='ocr_par' dir='ltr' id='par_1_4' title="bbox 156 651 1245 917">
     <span class='ocr_line' id='line_1_10' title="bbox 206 651 1245 691; baseline -0.002 0"><span class='ocrx_word' id='word_1_53' title='bbox 206 651 255 691; x_wconf 93' lang='lat'>17</span> <span class='ocrx_word' id='word_1_54' title='bbox 290 653 449 690; x_wconf 68' lang='lat' dir='ltr'>PAULvs</span> <span class='ocrx_word' id='word_1_55' title='bbox 490 653 581 691; x_wconf 79' lang='lat' dir='ltr'>libro</span> <span class='ocrx_word' id='word_1_56' title='bbox 618 659 744 690; x_wconf 81' lang='lat' dir='ltr'>octavo</span> <span class='ocrx_word' id='word_1_57' title='bbox 783 654 834 689; x_wconf 86' lang='lat' dir='ltr'>ad</span> <span class='ocrx_word' id='word_1_58' title='bbox 870 653 1055 689; x_wconf 81' lang='lat' dir='ltr'>Plautium</span> <span class='ocrx_word' id='word_1_59' title='bbox 1111 652 1191 690; x_wconf 86' lang='lat' dir='ltr'>Sive</span> <span class='ocrx_word' id='word_1_60' title='bbox 1223 664 1245 689; x_wconf 90' lang='lat' dir='ltr'>a</span> 
     </span>
     <span class='ocr_line' id='line_1_11' title="bbox 157 699 1243 752; baseline 0 -18"><span class='ocrx_word' id='word_1_61' title='bbox 157 699 264 735; x_wconf 85' lang='lat' dir='ltr'>certis</span> <span class='ocrx_word' id='word_1_62' title='bbox 302 699 466 745; x_wconf 89' lang='lat' dir='ltr'>personis</span> <span class='ocrx_word' id='word_1_63' title='bbox 505 699 676 735; x_wconf 86' lang='lat' dir='ltr'><strong>heredum</strong></span> <span class='ocrx_word' id='word_1_64' title='bbox 706 699 915 735; x_wconf 87' lang='lat' dir='ltr'>nominatim</span> <span class='ocrx_word' id='word_1_65' title='bbox 952 699 1108 752; x_wconf 73' lang='lat' dir='ltr'>legatum</span> <span class='ocrx_word' id='word_1_66' title='bbox 1137 703 1243 742; x_wconf 90' lang='lat' dir='ltr'>esset,</span> 
     </span>
     <span class='ocr_line' id='line_1_12' title="bbox 156 743 1244 798; baseline 0.001 -19"><span class='ocrx_word' id='word_1_67' title='bbox 156 745 230 780; x_wconf 89' lang='lat' dir='ltr'>sive</span> <span class='ocrx_word' id='word_1_68' title='bbox 260 745 307 780; x_wconf 91' lang='lat' dir='ltr'>ab</span> <span class='ocrx_word' id='word_1_69' title='bbox 338 744 502 781; x_wconf 91' lang='lat' dir='ltr'>omnibus</span> <span class='ocrx_word' id='word_1_70' title='bbox 525 748 676 798; x_wconf 85' lang='lat' dir='ltr'>excepto</span> <span class='ocrx_word' id='word_1_71' title='bbox 702 744 751 780; x_wconf 89' lang='lat' dir='ltr'>ali</span> <span class='ocrx_word' id='word_1_72' title='bbox 776 755 841 787; x_wconf 94' lang='lat' dir='ltr'>uo,</span> <span class='ocrx_word' id='word_1_73' title='bbox 873 743 1065 779; x_wconf 84' lang='lat' dir='ltr'>Atilicinus</span> <span class='ocrx_word' id='word_1_74' title='bbox 1089 743 1244 780; x_wconf 87' lang='lat' dir='ltr'>Sabinus</span> 
     </span>
     <span class='ocr_line' id='line_1_13' title="bbox 157 789 1244 836; baseline 0.001 -12"><span class='ocrx_word' id='word_1_75' title='bbox 157 789 301 826; x_wconf 78' lang='lat' dir='ltr'>Cassius</span> <span class='ocrx_word' id='word_1_76' title='bbox 324 801 391 835; x_wconf 89' lang='lat' dir='ltr'>pro</span> <span class='ocrx_word' id='word_1_77' title='bbox 414 789 638 826; x_wconf 77' lang='lat' dir='ltr'>hereditariis</span> <span class='ocrx_word' id='word_1_78' title='bbox 660 791 755 836; x_wconf 89' lang='lat' dir='ltr'>parti</span> <span class='ocrx_word' id='word_1_79' title='bbox 781 800 824 825; x_wconf 90' lang='lat' dir='ltr'>us</span> <span class='ocrx_word' id='word_1_80' title='bbox 848 791 985 825; x_wconf 76' lang='lat' dir='ltr'>totum¹</span> <span class='ocrx_word' id='word_1_81' title='bbox 1010 800 1071 826; x_wconf 86' lang='lat' dir='ltr'>eos</span> <span class='ocrx_word' id='word_1_82' title='bbox 1088 790 1244 835; x_wconf 83' lang='lat' dir='ltr'>legatum</span> 
     </span>
     <span class='ocr_line' id='line_1_14' title="bbox 156 834 1243 880; baseline -0.001 -9"><span class='ocrx_word' id='word_1_83' title='bbox 156 835 340 871; x_wconf 90' lang='lat' dir='ltr'>debituros</span> <span class='ocrx_word' id='word_1_84' title='bbox 364 835 474 879; x_wconf 89' lang='lat' dir='ltr'>aiunt,</span> <span class='ocrx_word' id='word_1_85' title='bbox 522 836 583 871; x_wconf 90' lang='lat' dir='ltr'>uia</span> <span class='ocrx_word' id='word_1_86' title='bbox 606 835 785 871; x_wconf 84' lang='lat' dir='ltr'>hereditas</span> <span class='ocrx_word' id='word_1_87' title='bbox 809 844 871 871; x_wconf 91' lang='lat' dir='ltr'>eos</span> <span class='ocrx_word' id='word_1_88' title='bbox 891 834 1037 880; x_wconf 83' lang='lat' dir='ltr'>obligat.</span> <span class='ocrx_word' id='word_1_89' title='bbox 1061 834 1154 871; x_wconf 92' lang='lat' dir='ltr'>idem</span> <span class='ocrx_word' id='word_1_90' title='bbox 1179 839 1243 878; x_wconf 84' lang='lat' dir='ltr'>est,</span> 
     </span>
     <span class='ocr_line' id='line_1_15' title="bbox 156 880 820 917; baseline -0.002 -1"><span class='ocrx_word' id='word_1_91' title='bbox 156 891 237 916; x_wconf 90' lang='lat' dir='ltr'>cum</span> <span class='ocrx_word' id='word_1_92' title='bbox 261 890 384 917; x_wconf 91' lang='lat' dir='ltr'>omnes</span> <span class='ocrx_word' id='word_1_93' title='bbox 406 881 492 917; x_wconf 91' lang='lat' dir='ltr'>here</span> <span class='ocrx_word' id='word_1_94' title='bbox 519 891 556 916; x_wconf 90' lang='lat' dir='ltr'>es</span> <span class='ocrx_word' id='word_1_95' title='bbox 580 880 820 916; x_wconf 84' lang='lat' dir='ltr'>nominantur.</span> 
     </span>
    </p>

    <p class='ocr_par' dir='ltr' id='par_1_5' title="bbox 154 922 1244 1062">
     <span class='ocr_line' id='line_1_16' title="bbox 205 922 1243 971; baseline 0 -9"><span class='ocrx_word' id='word_1_96' title='bbox 205 922 255 963; x_wconf 89' lang='lat'>18</span> <span class='ocrx_word' id='word_1_97' title='bbox 281 926 511 962; x_wconf 70' lang='lat' dir='ltr'><em>POMPONIUS</em></span> <span class='ocrx_word' id='word_1_98' title='bbox 539 927 630 962; x_wconf 84' lang='lat' dir='ltr'>libro</span> <span class='ocrx_word' id='word_1_99' title='bbox 655 927 780 971; x_wconf 79' lang='lat' dir='ltr'>quinto</span> <span class='ocrx_word' id='word_1_100' title='bbox 804 936 855 961; x_wconf 80' lang='lat' dir='ltr'>ex</span> <span class='ocrx_word' id='word_1_101' title='bbox 878 924 1024 962; x_wconf 79' lang='lat' dir='ltr'>Plautio</span> <span class='ocrx_word' id='word_1_102' title='bbox 1071 926 1131 961; x_wconf 83' lang='lat' dir='ltr'>Ex</span> <span class='ocrx_word' id='word_1_103' title='bbox 1154 926 1243 962; x_wconf 89' lang='lat' dir='ltr'>duo-</span> 
     </span>
     <span class='ocr_line' id='line_1_17' title="bbox 155 970 1244 1016; baseline 0.001 -9"><span class='ocrx_word' id='word_1_104' title='bbox 155 971 223 1007; x_wconf 89' lang='lat' dir='ltr'>bus</span> <span class='ocrx_word' id='word_1_105' title='bbox 253 971 326 1007; x_wconf 90' lang='lat' dir='ltr'>reis</span> <span class='ocrx_word' id='word_1_106' title='bbox 357 971 515 1007; x_wconf 92' lang='lat' dir='ltr'>eiusdem</span> <span class='ocrx_word' id='word_1_107' title='bbox 548 971 662 1006; x_wconf 87' lang='lat' dir='ltr'><strong>Stichi</strong></span> <span class='ocrx_word' id='word_1_108' title='bbox 691 970 923 1016; x_wconf 89' lang='lat' dir='ltr'>promittendi</span> <span class='ocrx_word' id='word_1_109' title='bbox 960 970 1066 1007; x_wconf 89' lang='lat' dir='ltr'>factis</span> <span class='ocrx_word' id='word_1_110' title='bbox 1096 971 1244 1008; x_wconf 83' lang='lat' dir='ltr'>alterius</span> 
     </span>
     <span class='ocr_line' id='line_1_18' title="bbox 154 1016 725 1062; baseline -0.002 -10"><span class='ocrx_word' id='word_1_111' title='bbox 154 1016 290 1052; x_wconf 88' lang='lat' dir='ltr'>factum</span> <span class='ocrx_word' id='word_1_112' title='bbox 315 1017 420 1053; x_wconf 89' lang='lat' dir='ltr'>alteri</span> <span class='ocrx_word' id='word_1_113' title='bbox 467 1027 585 1062; x_wconf 90' lang='lat' dir='ltr'>uoque</span> <span class='ocrx_word' id='word_1_114' title='bbox 608 1020 725 1052; x_wconf 88' lang='lat' dir='ltr'>nocet.</span> 
     </span>
    </p>

    <p class='ocr_par' dir='ltr' id='par_1_6' title="bbox 153 1060 1246 1425">
     <span class='ocr_line' id='line_1_19' title="bbox 203 1060 1244 1108; baseline -0.002 -9"><span class='ocrx_word' id='word_1_115' title='bbox 203 1060 254 1100; x_wconf 88' lang='lat'>19</span> <span class='ocrx_word' id='word_1_116' title='bbox 286 1061 394 1098; x_wconf 66' lang='lat' dir='ltr'>loru</span> <span class='ocrx_word' id='word_1_117' title='bbox 424 1062 452 1098; x_wconf 77' lang='lat' dir='ltr'>l·</span> <span class='ocrx_word' id='word_1_118' title='bbox 473 1073 515 1098; x_wconf 87' lang='lat' dir='ltr'>ro</span> <span class='ocrx_word' id='word_1_119' title='bbox 554 1062 763 1108; x_wconf 77' lang='lat' dir='ltr'>triqensimo</span> <span class='ocrx_word' id='word_1_120' title='bbox 801 1061 953 1108; x_wconf 76' lang='lat' dir='ltr'>septimo</span> <span class='ocrx_word' id='word_1_121' title='bbox 992 1061 1043 1097; x_wconf 86' lang='lat' dir='ltr'>ad</span> <span class='ocrx_word' id='word_1_122' title='bbox 1071 1060 1244 1104; x_wconf 79' lang='lat' dir='ltr'>Quintum</span> 
     </span>
     <span class='ocr_line' id='line_1_20' title="bbox 155 1106 1244 1152; baseline -0.001 -9"><span class='ocrx_word' id='word_1_123' title='bbox 155 1107 315 1144; x_wconf 76' lang='lat' dir='ltr'>Mucium</span> <span class='ocrx_word' id='word_1_124' title='bbox 372 1107 461 1143; x_wconf 88' lang='lat' dir='ltr'>Cum</span> <span class='ocrx_word' id='word_1_125' title='bbox 498 1107 568 1143; x_wconf 91' lang='lat' dir='ltr'>duo</span> <span class='ocrx_word' id='word_1_126' title='bbox 609 1106 759 1143; x_wconf 91' lang='lat' dir='ltr'>eandem</span> <span class='ocrx_word' id='word_1_127' title='bbox 796 1107 985 1152; x_wconf 88' lang='lat' dir='ltr'>pecuniam</span> <span class='ocrx_word' id='word_1_128' title='bbox 1025 1106 1172 1151; x_wconf 88' lang='lat' dir='ltr'>debent,</span> <span class='ocrx_word' id='word_1_129' title='bbox 1214 1108 1244 1143; x_wconf 88' lang='lat' dir='ltr'>si</span> 
     </span>
     <span class='ocr_line' id='line_1_21' title="bbox 154 1152 1243 1199; baseline -0.001 -11"><span class='ocrx_word' id='word_1_130' title='bbox 154 1163 247 1188; x_wconf 90' lang='lat' dir='ltr'>unus</span> <span class='ocrx_word' id='word_1_131' title='bbox 282 1153 410 1199; x_wconf 90' lang='lat' dir='ltr'>capitis</span> <span class='ocrx_word' id='word_1_132' title='bbox 443 1153 684 1188; x_wconf 86' lang='lat' dir='ltr'>deminutione</span> <span class='ocrx_word' id='word_1_133' title='bbox 714 1156 900 1197; x_wconf 85' lang='lat' dir='ltr'>exemptus</span> <span class='ocrx_word' id='word_1_134' title='bbox 931 1156 987 1188; x_wconf 90' lang='lat' dir='ltr'>est</span> <span class='ocrx_word' id='word_1_135' title='bbox 1014 1152 1243 1198; x_wconf 84' lang='lat' dir='ltr'>obligatione,</span> 
     </span>
     <span class='ocr_line' id='line_1_22' title="bbox 154 1198 1245 1242; baseline 0 -9"><span class='ocrx_word' id='word_1_136' title='bbox 154 1198 246 1234; x_wconf 89' lang='lat' dir='ltr'>alter</span> <span class='ocrx_word' id='word_1_137' title='bbox 275 1209 348 1233; x_wconf 92' lang='lat' dir='ltr'>non</span> <span class='ocrx_word' id='word_1_138' title='bbox 376 1198 560 1234; x_wconf 88' lang='lat' dir='ltr'>liberatur.</span> <span class='ocrx_word' id='word_1_139' title='bbox 616 1198 767 1233; x_wconf 91' lang='lat' dir='ltr'>multum</span> <span class='ocrx_word' id='word_1_140' title='bbox 801 1198 894 1232; x_wconf 93' lang='lat' dir='ltr'>enim</span> <span class='ocrx_word' id='word_1_141' title='bbox 925 1198 1090 1242; x_wconf 89' lang='lat' dir='ltr'>interest,</span> <span class='ocrx_word' id='word_1_142' title='bbox 1123 1201 1245 1233; x_wconf 91' lang='lat' dir='ltr'>utrum</span> 
     </span>
     <span class='ocr_line' id='line_1_23' title="bbox 154 1243 1246 1289; baseline 0 -10"><span class='ocrx_word' id='word_1_143' title='bbox 154 1254 211 1279; x_wconf 92' lang='lat' dir='ltr'>res</span> <span class='ocrx_word' id='word_1_144' title='bbox 235 1244 314 1289; x_wconf 87' lang='lat' dir='ltr'>ipsa</span> <span class='ocrx_word' id='word_1_145' title='bbox 338 1244 497 1279; x_wconf 89' lang='lat' dir='ltr'>solvatur</span> <span class='ocrx_word' id='word_1_146' title='bbox 519 1253 566 1278; x_wconf 87' lang='lat' dir='ltr'>an</span> <span class='ocrx_word' id='word_1_147' title='bbox 617 1253 746 1279; x_wconf 88' lang='lat' dir='ltr'>ersona</span> <span class='ocrx_word' id='word_1_148' title='bbox 769 1243 951 1278; x_wconf 86' lang='lat' dir='ltr'>liberetur.</span> <span class='ocrx_word' id='word_1_149' title='bbox 986 1253 1068 1278; x_wconf 89' lang='lat' dir='ltr'>cum</span> <span class='ocrx_word' id='word_1_150' title='bbox 1116 1253 1246 1279; x_wconf 83' lang='lat' dir='ltr'>ersona</span> 
     </span>
     <span class='ocr_line' id='line_1_24' title="bbox 154 1288 1244 1334; baseline 0 -10"><span class='ocrx_word' id='word_1_151' title='bbox 154 1289 330 1324; x_wconf 88' lang='lat' dir='ltr'>liberatur</span> <span class='ocrx_word' id='word_1_152' title='bbox 353 1293 518 1324; x_wconf 84' lang='lat' dir='ltr'>manente</span> <span class='ocrx_word' id='word_1_153' title='bbox 543 1289 590 1324; x_wconf 93' lang='lat' dir='ltr'>ob</span> <span class='ocrx_word' id='word_1_154' title='bbox 605 1288 777 1333; x_wconf 78' lang='lat' dir='ltr'>igatione‚</span> <span class='ocrx_word' id='word_1_155' title='bbox 804 1288 895 1323; x_wconf 89' lang='lat' dir='ltr'>alter</span> <span class='ocrx_word' id='word_1_156' title='bbox 919 1288 1026 1323; x_wconf 90' lang='lat' dir='ltr'>durat</span> <span class='ocrx_word' id='word_1_157' title='bbox 1048 1299 1069 1324; x_wconf 96' lang='lat' dir='ltr'>o</span> <span class='ocrx_word' id='word_1_158' title='bbox 1109 1289 1244 1334; x_wconf 86' lang='lat' dir='ltr'>igatus:</span> 
     </span>
     <span class='ocr_line' id='line_1_25' title="bbox 154 1333 1244 1380; baseline 0.001 -11"><span class='ocrx_word' id='word_1_159' title='bbox 154 1338 191 1370; x_wconf 90' lang='lat' dir='ltr'>et</span> <span class='ocrx_word' id='word_1_160' title='bbox 212 1334 293 1370; x_wconf 92' lang='lat' dir='ltr'>ideo</span> <span class='ocrx_word' id='word_1_161' title='bbox 317 1334 347 1369; x_wconf 90' lang='lat' dir='ltr'>si</span> <span class='ocrx_word' id='word_1_162' title='bbox 372 1344 467 1380; x_wconf 89' lang='lat' dir='ltr'>aqua</span> <span class='ocrx_word' id='word_1_163' title='bbox 489 1338 526 1370; x_wconf 91' lang='lat' dir='ltr'>et</span> <span class='ocrx_word' id='word_1_164' title='bbox 549 1334 621 1379; x_wconf 82' lang='lat' dir='ltr'>igni</span> <span class='ocrx_word' id='word_1_165' title='bbox 643 1333 871 1369; x_wconf 89' lang='lat' dir='ltr'>interdictum</span> <span class='ocrx_word' id='word_1_166' title='bbox 890 1337 956 1376; x_wconf 84' lang='lat' dir='ltr'>est,</span> <span class='ocrx_word' id='word_1_167' title='bbox 980 1333 1133 1370; x_wconf 86' lang='lat' dir='ltr'>alicuius</span> <span class='ocrx_word' id='word_1_168' title='bbox 1156 1334 1244 1370; x_wconf 92' lang='lat' dir='ltr'>fide-</span> 
     </span>
     <span class='ocr_line' id='line_1_26' title="bbox 153 1379 889 1425; baseline -0.001 -10"><span class='ocrx_word' id='word_1_169' title='bbox 153 1380 271 1415; x_wconf 89' lang='lat' dir='ltr'>iussor</span> <span class='ocrx_word' id='word_1_170' title='bbox 294 1383 422 1425; x_wconf 87' lang='lat' dir='ltr'>postea</span> <span class='ocrx_word' id='word_1_171' title='bbox 444 1380 492 1415; x_wconf 92' lang='lat' dir='ltr'>ab</span> <span class='ocrx_word' id='word_1_172' title='bbox 517 1389 558 1415; x_wconf 92' lang='lat' dir='ltr'>eo</span> <span class='ocrx_word' id='word_1_173' title='bbox 584 1379 689 1415; x_wconf 87' lang='lat' dir='ltr'>datus</span> <span class='ocrx_word' id='word_1_174' title='bbox 712 1380 889 1415; x_wconf 82' lang='lat' dir='ltr'>tenetur2.</span> 
     </span>
    </p>
   </div>
   <div class='ocr_carea' id='block_1_3' title="bbox 350 1517 1051 1619">
    <p class='ocr_par' dir='ltr' id='par_1_7' title="bbox 350 1517 1051 1619">
     <span class='ocr_line' id='line_1_27' title="bbox 650 1517 746 1558; baseline 0.01 -1"><span class='ocrx_word' id='word_1_175' title='bbox 650 1519 711 1558; x_wconf 92' lang='lat'>111</span> <span class='ocrx_word' id='word_1_176' title='bbox 719 1517 746 1558; x_wconf 84' lang='lat'>⁸.</span> 
     </span>
     <span class='ocr_line' id='line_1_28' title="bbox 350 1583 1051 1619; baseline -0.004 0"><span class='ocrx_word' id='word_1_177' title='bbox 350 1586 412 1619; x_wconf 86' lang='lat' dir='ltr'>DE</span> <span class='ocrx_word' id='word_1_178' title='bbox 437 1584 772 1618; x_wconf 78' lang='lat' dir='ltr'>STIPULATIONE</span> <span class='ocrx_word' id='word_1_179' title='bbox 796 1583 1051 1617; x_wconf 80' lang='lat' dir='ltr'>SERVORUM.</span> 
     </span>
    </p>
   </div>
   <div class='ocr_carea' id='block_1_4' title="bbox 152 1649 1245 3554">
    <p class='ocr_par' dir='ltr' id='par_1_8' title="bbox 152 1649 1245 3554">
     <span class='ocr_line' id='line_1_29' title="bbox 204 1649 1243 1697; baseline -0.002 -9"><span class='ocrx_word' id='word_1_180' title='bbox 204 1651 248 1690; x_wconf 83' lang='lat'>1⁴</span> <span class='ocrx_word' id='word_1_181' title='bbox 282 1651 307 1687; x_wconf 91' lang='lat' dir='ltr'><em>I</em></span> <span class='ocrx_word' id='word_1_182' title='bbox 310 1661 475 1688; x_wconf 72' lang='lat' dir='ltr'><strong><em>UMANUS</em></strong></span> <span class='ocrx_word' id='word_1_183' title='bbox 508 1652 600 1687; x_wconf 79' lang='lat' dir='ltr'>libro</span> <span class='ocrx_word' id='word_1_184' title='bbox 639 1652 727 1697; x_wconf 83' lang='lat' dir='ltr'>quin</span> <span class='ocrx_word' id='word_1_185' title='bbox 779 1651 964 1697; x_wconf 76' lang='lat' dir='ltr'>aqcnsimo</span> <span class='ocrx_word' id='word_1_186' title='bbox 995 1649 1153 1686; x_wconf 79' lang='lat' dir='ltr'>secundo</span> <span class='ocrx_word' id='word_1_187' title='bbox 1191 1650 1243 1686; x_wconf 81' lang='lat' dir='ltr'>di-</span> 
     </span>
     <span class='ocr_line' id='line_1_30' title="bbox 152 1695 1244 1745; baseline -0.002 -12"><span class='ocrx_word' id='word_1_188' title='bbox 152 1703 335 1745; x_wconf 77' lang='lat' dir='ltr'>qestorum</span> <span class='ocrx_word' id='word_1_189' title='bbox 384 1697 472 1732; x_wconf 88' lang='lat' dir='ltr'>Cum</span> <span class='ocrx_word' id='word_1_190' title='bbox 496 1707 619 1733; x_wconf 84' lang='lat' dir='ltr'>servus</span> <span class='ocrx_word' id='word_1_191' title='bbox 644 1696 740 1742; x_wconf 90' lang='lat' dir='ltr'>stipu</span> <span class='ocrx_word' id='word_1_192' title='bbox 755 1699 850 1740; x_wconf 87' lang='lat' dir='ltr'>etur,</span> <span class='ocrx_word' id='word_1_193' title='bbox 881 1695 970 1731; x_wconf 92' lang='lat' dir='ltr'>nihil</span> <span class='ocrx_word' id='word_1_194' title='bbox 992 1695 1150 1738; x_wconf 90' lang='lat' dir='ltr'>interest,</span> <span class='ocrx_word' id='word_1_195' title='bbox 1176 1695 1244 1731; x_wconf 90' lang='lat' dir='ltr'>sibi</span> 
     </span>
     <span class='ocr_line' id='line_1_31' title="bbox 153 1740 1245 1778; baseline -0.001 0"><span class='ocrx_word' id='word_1_196' title='bbox 153 1754 200 1778; x_wconf 88' lang='lat' dir='ltr'>an</span> <span class='ocrx_word' id='word_1_197' title='bbox 225 1743 367 1778; x_wconf 85' lang='lat' dir='ltr'>domino</span> <span class='ocrx_word' id='word_1_198' title='bbox 392 1753 440 1778; x_wconf 90' lang='lat' dir='ltr'>an</span> <span class='ocrx_word' id='word_1_199' title='bbox 463 1753 545 1778; x_wconf 89' lang='lat' dir='ltr'>vero</span> <span class='ocrx_word' id='word_1_200' title='bbox 570 1742 647 1778; x_wconf 89' lang='lat' dir='ltr'>sine</span> <span class='ocrx_word' id='word_1_201' title='bbox 671 1743 844 1777; x_wconf 88' lang='lat' dir='ltr'>alterutra</span> <span class='ocrx_word' id='word_1_202' title='bbox 867 1742 1016 1777; x_wconf 84' lang='lat' dir='ltr'>eorum⁵</span> <span class='ocrx_word' id='word_1_203' title='bbox 1044 1740 1245 1777; x_wconf 88' lang='lat' dir='ltr'>adiectione</span> 
     </span>
     <span class='ocr_line' id='line_1_32' title="bbox 156 1786 1244 1834; baseline -0.002 -11"><span class='ocrx_word' id='word_1_204' title='bbox 156 1794 167 1823; x_wconf 86' lang='lat'>1</span> <span class='ocrx_word' id='word_1_205' title='bbox 221 1787 299 1823; x_wconf 87' lang='lat' dir='ltr'>dari</span> <span class='ocrx_word' id='word_1_206' title='bbox 334 1788 536 1834; x_wconf 84' lang='lat' dir='ltr'>stipuletur.</span> <span class='ocrx_word' id='word_1_207' title='bbox 584 1787 621 1823; x_wconf 90' lang='lat' dir='ltr'>Si</span> <span class='ocrx_word' id='word_1_208' title='bbox 653 1797 776 1823; x_wconf 75' lang='lat' dir='ltr'>servus</span> <span class='ocrx_word' id='word_1_209' title='bbox 807 1790 909 1830; x_wconf 91' lang='lat' dir='ltr'>tuus,</span> <span class='ocrx_word' id='word_1_210' title='bbox 947 1786 1007 1832; x_wconf 92' lang='lat' dir='ltr'>qui</span> <span class='ocrx_word' id='word_1_211' title='bbox 1039 1786 1125 1821; x_wconf 85' lang='lat' dir='ltr'>mihi</span> <span class='ocrx_word' id='word_1_212' title='bbox 1149 1787 1244 1822; x_wconf 88' lang='lat' dir='ltr'>bona</span> 
     </span>
     <span class='ocr_line' id='line_1_33' title="bbox 152 1831 1242 1879; baseline -0.002 -10"><span class='ocrx_word' id='word_1_213' title='bbox 152 1833 222 1869; x_wconf 87' lang='lat' dir='ltr'>fide</span> <span class='ocrx_word' id='word_1_214' title='bbox 257 1833 450 1877; x_wconf 89' lang='lat' dir='ltr'>serviebat,</span> <span class='ocrx_word' id='word_1_215' title='bbox 488 1833 668 1879; x_wconf 88' lang='lat' dir='ltr'>peculium</span> <span class='ocrx_word' id='word_1_216' title='bbox 691 1832 873 1875; x_wconf 87' lang='lat' dir='ltr'>habuerit,</span> <span class='ocrx_word' id='word_1_217' title='bbox 906 1831 1002 1878; x_wconf 90' lang='lat' dir='ltr'>quod</span> <span class='ocrx_word' id='word_1_218' title='bbox 1025 1831 1071 1867; x_wconf 91' lang='lat' dir='ltr'>ad</span> <span class='ocrx_word' id='word_1_219' title='bbox 1102 1835 1138 1867; x_wconf 91' lang='lat' dir='ltr'>te</span> <span class='ocrx_word' id='word_1_220' title='bbox 1161 1842 1242 1877; x_wconf 91' lang='lat' dir='ltr'>per-</span> 
     </span>
     <span class='ocr_line' id='line_1_34' title="bbox 152 1877 1244 1924; baseline -0.002 -10"><span class='ocrx_word' id='word_1_221' title='bbox 152 1880 274 1922; x_wconf 88' lang='lat' dir='ltr'>tineat,</span> <span class='ocrx_word' id='word_1_222' title='bbox 298 1882 335 1914; x_wconf 89' lang='lat' dir='ltr'>et</span> <span class='ocrx_word' id='word_1_223' title='bbox 352 1889 417 1924; x_wconf 86' lang='lat' dir='ltr'>ego</span> <span class='ocrx_word' id='word_1_224' title='bbox 439 1889 483 1914; x_wconf 86' lang='lat' dir='ltr'>ex</span> <span class='ocrx_word' id='word_1_225' title='bbox 501 1889 543 1914; x_wconf 91' lang='lat' dir='ltr'>eo</span> <span class='ocrx_word' id='word_1_226' title='bbox 590 1878 754 1914; x_wconf 88' lang='lat' dir='ltr'>ecuniam</span> <span class='ocrx_word' id='word_1_227' title='bbox 772 1877 866 1913; x_wconf 86' lang='lat' dir='ltr'>Titio</span> <span class='ocrx_word' id='word_1_228' title='bbox 888 1877 1086 1921; x_wconf 85' lang='lat' dir='ltr'>credidero,</span> <span class='ocrx_word' id='word_1_229' title='bbox 1109 1877 1244 1912; x_wconf 85' lang='lat' dir='ltr'>nummi</span> 
     </span>
     <span class='ocr_line' id='line_1_35' title="bbox 152 1923 1244 1969; baseline -0.001 -10"><span class='ocrx_word' id='word_1_230' title='bbox 152 1925 206 1959; x_wconf 90' lang='lat' dir='ltr'>tui</span> <span class='ocrx_word' id='word_1_231' title='bbox 228 1924 435 1967; x_wconf 91' lang='lat' dir='ltr'>manebunt,</span> <span class='ocrx_word' id='word_1_232' title='bbox 461 1924 558 1969; x_wconf 90' lang='lat' dir='ltr'>stipu</span> <span class='ocrx_word' id='word_1_233' title='bbox 574 1924 668 1959; x_wconf 90' lang='lat' dir='ltr'>ando</span> <span class='ocrx_word' id='word_1_234' title='bbox 693 1927 814 1958; x_wconf 91' lang='lat' dir='ltr'>autem</span> <span class='ocrx_word' id='word_1_235' title='bbox 837 1923 925 1958; x_wconf 85' lang='lat' dir='ltr'>mihi</span> <span class='ocrx_word' id='word_1_236' title='bbox 947 1933 1071 1959; x_wconf 90' lang='lat' dir='ltr'>servus</span> <span class='ocrx_word' id='word_1_237' title='bbox 1094 1923 1244 1958; x_wconf 88' lang='lat' dir='ltr'>eandem</span> 
     </span>
     <span class='ocr_line' id='line_1_36' title="bbox 152 1968 1243 2015; baseline -0.002 -9"><span class='ocrx_word' id='word_1_238' title='bbox 152 1970 341 2015; x_wconf 88' lang='lat' dir='ltr'>pecuniam</span> <span class='ocrx_word' id='word_1_239' title='bbox 366 1969 454 2004; x_wconf 88' lang='lat' dir='ltr'>nihil</span> <span class='ocrx_word' id='word_1_240' title='bbox 478 1973 576 2015; x_wconf 87' lang='lat' dir='ltr'>aget:</span> <span class='ocrx_word' id='word_1_241' title='bbox 607 1968 819 2004; x_wconf 88' lang='lat' dir='ltr'>vindicando</span> <span class='ocrx_word' id='word_1_242' title='bbox 845 1978 928 2014; x_wconf 85' lang='lat' dir='ltr'>ergo</span> <span class='ocrx_word' id='word_1_243' title='bbox 953 1978 1030 2004; x_wconf 87' lang='lat' dir='ltr'>eam</span> <span class='ocrx_word' id='word_1_244' title='bbox 1053 1969 1243 2014; x_wconf 90' lang='lat' dir='ltr'>pecuniam</span> 
     </span>
     <span class='ocr_line' id='line_1_37' title="bbox 154 2013 1243 2060; baseline -0.001 -10"><span class='ocrx_word' id='word_1_245' title='bbox 154 2019 172 2050; x_wconf 85' lang='lat'><strong>2</strong></span> <span class='ocrx_word' id='word_1_246' title='bbox 219 2019 260 2050; x_wconf 88' lang='lat' dir='ltr'>tu</span> <span class='ocrx_word' id='word_1_247' title='bbox 292 2015 462 2060; x_wconf 79' lang='lat' dir='ltr'>consequi</span> <span class='ocrx_word' id='word_1_248' title='bbox 489 2014 634 2060; x_wconf 88' lang='lat' dir='ltr'>poteris.</span> <span class='ocrx_word' id='word_1_249' title='bbox 691 2014 729 2049; x_wconf 89' lang='lat' dir='ltr'>Si</span> <span class='ocrx_word' id='word_1_250' title='bbox 759 2024 883 2050; x_wconf 87' lang='lat' dir='ltr'>servus</span> <span class='ocrx_word' id='word_1_251' title='bbox 915 2013 1112 2049; x_wconf 91' lang='lat' dir='ltr'>communis</span> <span class='ocrx_word' id='word_1_252' title='bbox 1143 2024 1243 2050; x_wconf 90' lang='lat' dir='ltr'>meus</span> 
     </span>
     <span class='ocr_line' id='line_1_38' title="bbox 152 2059 1242 2106; baseline -0.002 -10"><span class='ocrx_word' id='word_1_253' title='bbox 152 2065 189 2096; x_wconf 92' lang='lat' dir='ltr'>et</span> <span class='ocrx_word' id='word_1_254' title='bbox 218 2064 303 2096; x_wconf 88' lang='lat' dir='ltr'>tuus</span> <span class='ocrx_word' id='word_1_255' title='bbox 332 2070 377 2096; x_wconf 85' lang='lat' dir='ltr'>ex</span> <span class='ocrx_word' id='word_1_256' title='bbox 407 2060 568 2106; x_wconf 90' lang='lat' dir='ltr'>peculio,</span> <span class='ocrx_word' id='word_1_257' title='bbox 609 2059 706 2105; x_wconf 89' lang='lat' dir='ltr'>quod</span> <span class='ocrx_word' id='word_1_258' title='bbox 736 2059 783 2094; x_wconf 90' lang='lat' dir='ltr'>ad</span> <span class='ocrx_word' id='word_1_259' title='bbox 815 2063 851 2095; x_wconf 85' lang='lat' dir='ltr'>te</span> <span class='ocrx_word' id='word_1_260' title='bbox 883 2059 999 2095; x_wconf 87' lang='lat' dir='ltr'>solum</span> <span class='ocrx_word' id='word_1_261' title='bbox 1029 2059 1242 2105; x_wconf 80' lang='lat' dir='ltr'>pertinebat,</span> 
     </span>
     <span class='ocr_line' id='line_1_39' title="bbox 152 2104 1244 2151; baseline -0.002 -10"><span class='ocrx_word' id='word_1_262' title='bbox 152 2109 312 2141; x_wconf 89' lang='lat' dir='ltr'>mutuam</span> <span class='ocrx_word' id='word_1_263' title='bbox 335 2106 526 2151; x_wconf 90' lang='lat' dir='ltr'>pecuniam</span> <span class='ocrx_word' id='word_1_264' title='bbox 546 2104 691 2148; x_wconf 82' lang='lat' dir='ltr'>dederit,</span> <span class='ocrx_word' id='word_1_265' title='bbox 717 2105 969 2150; x_wconf 80' lang='lat' dir='ltr'>obligationem</span> <span class='ocrx_word' id='word_1_266' title='bbox 992 2105 1059 2140; x_wconf 91' lang='lat' dir='ltr'>tibi</span> <span class='ocrx_word' id='word_1_267' title='bbox 1079 2104 1244 2150; x_wconf 84' lang='lat' dir='ltr'>adquiret</span> 
     </span>
     <span class='ocr_line' id='line_1_40' title="bbox 153 2150 1241 2195; baseline 0 -9"><span class='ocrx_word' id='word_1_268' title='bbox 153 2155 205 2193; x_wconf 87' lang='lat' dir='ltr'>et,</span> <span class='ocrx_word' id='word_1_269' title='bbox 237 2151 268 2186; x_wconf 90' lang='lat' dir='ltr'>si</span> <span class='ocrx_word' id='word_1_270' title='bbox 293 2151 441 2186; x_wconf 89' lang='lat' dir='ltr'>eandem</span> <span class='ocrx_word' id='word_1_271' title='bbox 462 2151 548 2185; x_wconf 90' lang='lat' dir='ltr'>mihi</span> <span class='ocrx_word' id='word_1_272' title='bbox 571 2150 779 2186; x_wconf 88' lang='lat' dir='ltr'>nominatim</span> <span class='ocrx_word' id='word_1_273' title='bbox 811 2150 1002 2195; x_wconf 88' lang='lat' dir='ltr'>stipulatus</span> <span class='ocrx_word' id='word_1_274' title='bbox 1025 2150 1150 2194; x_wconf 82' lang='lat' dir='ltr'>fuerit,</span> <span class='ocrx_word' id='word_1_275' title='bbox 1181 2150 1241 2186; x_wconf 92' lang='lat' dir='ltr'>de-</span> 
     </span>
     <span class='ocr_line' id='line_1_41' title="bbox 156 2195 1242 2241; baseline 0 -10"><span class='ocrx_word' id='word_1_276' title='bbox 156 2197 306 2232; x_wconf 89' lang='lat' dir='ltr'>bitorem</span> <span class='ocrx_word' id='word_1_277' title='bbox 337 2206 360 2231; x_wconf 90' lang='lat' dir='ltr'>a</span> <span class='ocrx_word' id='word_1_278' title='bbox 390 2199 428 2231; x_wconf 91' lang='lat' dir='ltr'>te</span> <span class='ocrx_word' id='word_1_279' title='bbox 463 2206 536 2231; x_wconf 90' lang='lat' dir='ltr'>non</span> <span class='ocrx_word' id='word_1_280' title='bbox 573 2195 759 2238; x_wconf 87' lang='lat' dir='ltr'>liberabit,</span> <span class='ocrx_word' id='word_1_281' title='bbox 794 2195 857 2231; x_wconf 89' lang='lat' dir='ltr'>sed</span> <span class='ocrx_word' id='word_1_282' title='bbox 895 2199 1044 2241; x_wconf 90' lang='lat' dir='ltr'>uterque</span> <span class='ocrx_word' id='word_1_283' title='bbox 1080 2199 1242 2231; x_wconf 91' lang='lat' dir='ltr'>nostrum</span> 
     </span>
     <span class='ocr_line' id='line_1_42' title="bbox 154 2241 1242 2321; baseline -0.001 -44"><span class='ocrx_word' id='word_1_284' title='bbox 154 2241 300 2277; x_wconf 86' lang='lat' dir='ltr'>habebit</span> <span class='ocrx_word' id='word_1_285' title='bbox 323 2241 517 2284; x_wconf 86' lang='lat' dir='ltr'>actionem,</span> <span class='ocrx_word' id='word_1_286' title='bbox 542 2251 607 2286; x_wconf 84' lang='lat' dir='ltr'>ego</span> <span class='ocrx_word' id='word_1_287' title='bbox 633 2252 676 2276; x_wconf 88' lang='lat' dir='ltr'>ex</span> <span class='ocrx_word' id='word_1_288' title='bbox 699 2241 882 2286; x_wconf 86' lang='lat' dir='ltr'>stipulatu,</span> <span class='ocrx_word' id='word_1_289' title='bbox 907 2244 948 2276; x_wconf 91' lang='lat' dir='ltr'>tu</span> <span class='ocrx_word' id='word_1_290' title='bbox 969 2241 1068 2321; x_wconf 59' lang='lat' dir='ltr'>guod</span> <span class='ocrx_word' id='word_1_291' title='bbox 1089 2242 1242 2286; x_wconf 89' lang='lat' dir='ltr'>pecunia</span> 
     </span>
     <span class='ocr_line' id='line_1_43' title="bbox 152 2286 1240 2322; baseline -0.001 0"><span class='ocrx_word' id='word_1_292' title='bbox 152 2291 217 2322; x_wconf 88' lang='lat' dir='ltr'>tua</span> <span class='ocrx_word' id='word_1_293' title='bbox 247 2290 434 2322; x_wconf 88' lang='lat' dir='ltr'>numerata</span> <span class='ocrx_word' id='word_1_294' title='bbox 464 2286 530 2322; x_wconf 86' lang='lat' dir='ltr'>sit:</span> <span class='ocrx_word' id='word_1_295' title='bbox 566 2286 705 2322; x_wconf 90' lang='lat' dir='ltr'>debitor</span> <span class='ocrx_word' id='word_1_296' title='bbox 733 2290 853 2322; x_wconf 88' lang='lat' dir='ltr'>tamen</span> <span class='ocrx_word' id='word_1_297' title='bbox 882 2296 939 2322; x_wconf 91' lang='lat' dir='ltr'>me</span> <span class='ocrx_word' id='word_1_298' title='bbox 995 2286 1042 2322; x_wconf 92' lang='lat' dir='ltr'>oli</span> <span class='ocrx_word' id='word_1_299' title='bbox 1072 2286 1157 2322; x_wconf 89' lang='lat' dir='ltr'>mali</span> <span class='ocrx_word' id='word_1_300' title='bbox 1180 2297 1240 2322; x_wconf 90' lang='lat' dir='ltr'>ex-</span> 
     </span>
     <span class='ocr_line' id='line_1_44' title="bbox 154 2331 1242 2378; baseline 0.002 -12"><span class='ocrx_word' id='word_1_301' title='bbox 154 2337 173 2367; x_wconf 80' lang='lat'><strong>3</strong></span> <span class='ocrx_word' id='word_1_302' title='bbox 222 2332 386 2378; x_wconf 85' lang='lat' dir='ltr'>ceptione</span> <span class='ocrx_word' id='word_1_303' title='bbox 416 2342 637 2368; x_wconf 86' lang='lat' dir='ltr'>summovere</span> <span class='ocrx_word' id='word_1_304' title='bbox 667 2332 811 2377; x_wconf 89' lang='lat' dir='ltr'>poterit.</span> <span class='ocrx_word' id='word_1_305' title='bbox 859 2331 964 2376; x_wconf 82' lang='lat' dir='ltr'>Quod</span> <span class='ocrx_word' id='word_1_306' title='bbox 993 2342 1117 2367; x_wconf 90' lang='lat' dir='ltr'>servus</span> <span class='ocrx_word' id='word_1_307' title='bbox 1141 2342 1242 2368; x_wconf 89' lang='lat' dir='ltr'>meus</span> 
     </span>
     <span class='ocr_line' id='line_1_45' title="bbox 153 2377 1241 2423; baseline -0.001 -10"><span class='ocrx_word' id='word_1_308' title='bbox 153 2388 231 2413; x_wconf 90' lang='lat' dir='ltr'>meo</span> <span class='ocrx_word' id='word_1_309' title='bbox 265 2388 366 2413; x_wconf 86' lang='lat' dir='ltr'>servo</span> <span class='ocrx_word' id='word_1_310' title='bbox 398 2377 476 2413; x_wconf 88' lang='lat' dir='ltr'>dari</span> <span class='ocrx_word' id='word_1_311' title='bbox 507 2377 718 2423; x_wconf 82' lang='lat' dir='ltr'>stipulatur,</span> <span class='ocrx_word' id='word_1_312' title='bbox 742 2377 790 2412; x_wconf 75' lang='lat' dir='ltr'>idv</span> <span class='ocrx_word' id='word_1_313' title='bbox 803 2377 951 2423; x_wconf 89' lang='lat' dir='ltr'>perinde</span> <span class='ocrx_word' id='word_1_314' title='bbox 974 2377 1100 2413; x_wconf 89' lang='lat' dir='ltr'>haberi</span> <span class='ocrx_word' id='word_1_315' title='bbox 1124 2377 1241 2420; x_wconf 90' lang='lat' dir='ltr'>debet,</span> 
     </span>
     <span class='ocr_line' id='line_1_46' title="bbox 154 2422 1241 2468; baseline -0.001 -10"><span class='ocrx_word' id='word_1_316' title='bbox 154 2434 197 2459; x_wconf 87' lang='lat' dir='ltr'>ac</span> <span class='ocrx_word' id='word_1_317' title='bbox 222 2422 253 2458; x_wconf 88' lang='lat' dir='ltr'>si</span> <span class='ocrx_word' id='word_1_318' title='bbox 275 2423 362 2458; x_wconf 90' lang='lat' dir='ltr'>mihi</span> <span class='ocrx_word' id='word_1_319' title='bbox 390 2423 596 2468; x_wconf 87' lang='lat' dir='ltr'>stipuletur:</span> <span class='ocrx_word' id='word_1_320' title='bbox 629 2423 714 2459; x_wconf 90' lang='lat' dir='ltr'>item</span> <span class='ocrx_word' id='word_1_321' title='bbox 744 2422 841 2468; x_wconf 94' lang='lat' dir='ltr'>quod</span> <span class='ocrx_word' id='word_1_322' title='bbox 871 2427 934 2458; x_wconf 92' lang='lat' dir='ltr'>tuo</span> <span class='ocrx_word' id='word_1_323' title='bbox 959 2433 1062 2459; x_wconf 89' lang='lat' dir='ltr'>servo</span> <span class='ocrx_word' id='word_1_324' title='bbox 1092 2422 1241 2468; x_wconf 86' lang='lat' dir='ltr'>stipula-</span> 
     </span>
     <span class='ocr_line' id='line_1_47' title="bbox 154 2468 1241 2521; baseline 0 -18"><span class='ocrx_word' id='word_1_325' title='bbox 154 2473 222 2512; x_wconf 88' lang='lat' dir='ltr'>tur,</span> <span class='ocrx_word' id='word_1_326' title='bbox 247 2468 395 2521; x_wconf 80' lang='lat' dir='ltr'>perinde</span> <span class='ocrx_word' id='word_1_327' title='bbox 419 2479 462 2504; x_wconf 89' lang='lat' dir='ltr'>ac</span> <span class='ocrx_word' id='word_1_328' title='bbox 486 2469 516 2504; x_wconf 93' lang='lat' dir='ltr'>si</span> <span class='ocrx_word' id='word_1_329' title='bbox 538 2469 606 2503; x_wconf 91' lang='lat' dir='ltr'>tibi</span> <span class='ocrx_word' id='word_1_330' title='bbox 629 2468 822 2513; x_wconf 89' lang='lat' dir='ltr'>stipulatus</span> <span class='ocrx_word' id='word_1_331' title='bbox 846 2472 952 2510; x_wconf 92' lang='lat' dir='ltr'>esset,</span> <span class='ocrx_word' id='word_1_332' title='bbox 977 2471 1018 2503; x_wconf 92' lang='lat' dir='ltr'>ut</span> <span class='ocrx_word' id='word_1_333' title='bbox 1041 2468 1155 2504; x_wconf 88' lang='lat' dir='ltr'>altera</span> <span class='ocrx_word' id='word_1_334' title='bbox 1178 2468 1241 2504; x_wconf 91' lang='lat' dir='ltr'>sti-</span> 
     </span>
     <span class='ocr_line' id='line_1_48' title="bbox 153 2513 1242 2560; baseline -0.001 -11"><span class='ocrx_word' id='word_1_335' title='bbox 153 2514 291 2560; x_wconf 85' lang='lat' dir='ltr'>pulatio</span> <span class='ocrx_word' id='word_1_336' title='bbox 323 2513 573 2559; x_wconf 87' lang='lat' dir='ltr'>obligationem</span> <span class='ocrx_word' id='word_1_337' title='bbox 604 2514 738 2558; x_wconf 86' lang='lat' dir='ltr'>pariat,</span> <span class='ocrx_word' id='word_1_338' title='bbox 771 2513 885 2548; x_wconf 90' lang='lat' dir='ltr'>altera</span> <span class='ocrx_word' id='word_1_339' title='bbox 916 2513 1050 2549; x_wconf 90' lang='lat' dir='ltr'>nullius</span> <span class='ocrx_word' id='word_1_340' title='bbox 1072 2513 1242 2550; x_wconf 89' lang='lat' dir='ltr'>momenti</span> 
     </span>
     <span class='ocr_line' id='line_1_49' title="bbox 154 2558 1241 2604; baseline -0.001 -9"><span class='ocrx_word' id='word_1_341' title='bbox 154 2563 175 2595; x_wconf 83' lang='lat'>4</span> <span class='ocrx_word' id='word_1_342' title='bbox 221 2558 279 2595; x_wconf 92' lang='lat' dir='ltr'>sit.</span> <span class='ocrx_word' id='word_1_343' title='bbox 317 2559 520 2595; x_wconf 90' lang='lat' dir='ltr'>Communis</span> <span class='ocrx_word' id='word_1_344' title='bbox 541 2569 663 2594; x_wconf 89' lang='lat' dir='ltr'>servus</span> <span class='ocrx_word' id='word_1_345' title='bbox 684 2559 833 2594; x_wconf 91' lang='lat' dir='ltr'>duorum</span> <span class='ocrx_word' id='word_1_346' title='bbox 853 2569 1035 2594; x_wconf 87' lang='lat' dir='ltr'>servorum</span> <span class='ocrx_word' id='word_1_347' title='bbox 1052 2569 1241 2604; x_wconf 84' lang='lat' dir='ltr'>personam</span> 
     </span>
     <span class='ocr_line' id='line_1_50' title="bbox 154 2604 1241 2649; baseline 0.001 -10"><span class='ocrx_word' id='word_1_348' title='bbox 154 2604 316 2640; x_wconf 89' lang='lat' dir='ltr'>sustinet.</span> <span class='ocrx_word' id='word_1_349' title='bbox 364 2604 497 2639; x_wconf 90' lang='lat' dir='ltr'>idcirco</span> <span class='ocrx_word' id='word_1_350' title='bbox 530 2605 560 2640; x_wconf 91' lang='lat' dir='ltr'>si</span> <span class='ocrx_word' id='word_1_351' title='bbox 591 2605 757 2649; x_wconf 88' lang='lat' dir='ltr'>proprius</span> <span class='ocrx_word' id='word_1_352' title='bbox 787 2615 886 2640; x_wconf 91' lang='lat' dir='ltr'>meus</span> <span class='ocrx_word' id='word_1_353' title='bbox 916 2614 1039 2640; x_wconf 87' lang='lat' dir='ltr'>servus</span> <span class='ocrx_word' id='word_1_354' title='bbox 1064 2605 1241 2640; x_wconf 90' lang='lat' dir='ltr'>communi</span> 
     </span>
     <span class='ocr_line' id='line_1_51' title="bbox 155 2649 1242 2695; baseline 0 -11"><span class='ocrx_word' id='word_1_355' title='bbox 155 2660 232 2685; x_wconf 90' lang='lat' dir='ltr'>meo</span> <span class='ocrx_word' id='word_1_356' title='bbox 270 2654 305 2685; x_wconf 91' lang='lat' dir='ltr'>et</span> <span class='ocrx_word' id='word_1_357' title='bbox 333 2653 396 2685; x_wconf 88' lang='lat' dir='ltr'>tuo</span> <span class='ocrx_word' id='word_1_358' title='bbox 429 2660 530 2685; x_wconf 86' lang='lat' dir='ltr'>servo</span> <span class='ocrx_word' id='word_1_359' title='bbox 563 2650 756 2695; x_wconf 88' lang='lat' dir='ltr'>stipulatus</span> <span class='ocrx_word' id='word_1_360' title='bbox 787 2649 913 2692; x_wconf 85' lang='lat' dir='ltr'>fuerit,</span> <span class='ocrx_word' id='word_1_361' title='bbox 946 2649 1040 2685; x_wconf 89' lang='lat' dir='ltr'>idem</span> <span class='ocrx_word' id='word_1_362' title='bbox 1062 2650 1149 2686; x_wconf 89' lang='lat' dir='ltr'>iuris</span> <span class='ocrx_word' id='word_1_363' title='bbox 1173 2650 1242 2686; x_wconf 89' lang='lat' dir='ltr'>erit</span> 
     </span>
     <span class='ocr_line' id='line_1_52' title="bbox 153 2694 1241 2740; baseline 0.001 -10"><span class='ocrx_word' id='word_1_364' title='bbox 153 2695 191 2730; x_wconf 89' lang='lat' dir='ltr'>in</span> <span class='ocrx_word' id='word_1_365' title='bbox 226 2695 296 2730; x_wconf 88' lang='lat' dir='ltr'>hac</span> <span class='ocrx_word' id='word_1_366' title='bbox 334 2705 406 2730; x_wconf 90' lang='lat' dir='ltr'>una</span> <span class='ocrx_word' id='word_1_367' title='bbox 442 2695 674 2740; x_wconf 89' lang='lat' dir='ltr'>conceptione</span> <span class='ocrx_word' id='word_1_368' title='bbox 709 2695 914 2736; x_wconf 86' lang='lat' dir='ltr'>verborum,</span> <span class='ocrx_word' id='word_1_369' title='bbox 953 2695 1049 2740; x_wconf 88' lang='lat' dir='ltr'>quod</span> <span class='ocrx_word' id='word_1_370' title='bbox 1079 2694 1241 2731; x_wconf 87' lang='lat' dir='ltr'>futurum</span> 
     </span>
     <span class='ocr_line' id='line_1_53' title="bbox 154 2740 1241 2793; baseline 0.001 -18"><span class='ocrx_word' id='word_1_371' title='bbox 154 2744 266 2782; x_wconf 87' lang='lat' dir='ltr'>esset,</span> <span class='ocrx_word' id='word_1_372' title='bbox 312 2740 342 2775; x_wconf 91' lang='lat' dir='ltr'>si</span> <span class='ocrx_word' id='word_1_373' title='bbox 381 2740 575 2785; x_wconf 85' lang='lat' dir='ltr'>separatim</span> <span class='ocrx_word' id='word_1_374' title='bbox 619 2740 712 2775; x_wconf 85' lang='lat' dir='ltr'>duae</span> <span class='ocrx_word' id='word_1_375' title='bbox 751 2740 1000 2793; x_wconf 84' lang='lat' dir='ltr'>stipulationes</span> <span class='ocrx_word' id='word_1_376' title='bbox 1045 2744 1241 2786; x_wconf 87' lang='lat' dir='ltr'>conceptae</span> 
     </span>
     <span class='ocr_line' id='line_1_54' title="bbox 154 2785 1239 2831; baseline 0.001 -11"><span class='ocrx_word' id='word_1_377' title='bbox 154 2785 317 2826; x_wconf 87' lang='lat' dir='ltr'>fuissent,</span> <span class='ocrx_word' id='word_1_378' title='bbox 343 2785 457 2821; x_wconf 86' lang='lat' dir='ltr'>altera</span> <span class='ocrx_word' id='word_1_379' title='bbox 474 2786 510 2820; x_wconf 93' lang='lat' dir='ltr'>in</span> <span class='ocrx_word' id='word_1_380' title='bbox 533 2795 723 2831; x_wconf 83' lang='lat' dir='ltr'>personam</span> <span class='ocrx_word' id='word_1_381' title='bbox 747 2795 814 2821; x_wconf 76' lang='lat' dir='ltr'>mei</span> <span class='ocrx_word' id='word_1_382' title='bbox 834 2786 937 2828; x_wconf 86' lang='lat' dir='ltr'>servi,</span> <span class='ocrx_word' id='word_1_383' title='bbox 962 2785 1077 2821; x_wconf 89' lang='lat' dir='ltr'>altera</span> <span class='ocrx_word' id='word_1_384' title='bbox 1099 2786 1135 2820; x_wconf 90' lang='lat' dir='ltr'>in</span> <span class='ocrx_word' id='word_1_385' title='bbox 1158 2796 1239 2831; x_wconf 89' lang='lat' dir='ltr'>per-</span> 
     </span>
     <span class='ocr_line' id='line_1_55' title="bbox 154 2830 1240 2876; baseline 0 -10"><span class='ocrx_word' id='word_1_386' title='bbox 154 2841 279 2866; x_wconf 84' lang='lat' dir='ltr'>sonam</span> <span class='ocrx_word' id='word_1_387' title='bbox 301 2830 355 2865; x_wconf 91' lang='lat' dir='ltr'>tui</span> <span class='ocrx_word' id='word_1_388' title='bbox 379 2830 486 2865; x_wconf 85' lang='lat' dir='ltr'>servi:</span> <span class='ocrx_word' id='word_1_389' title='bbox 522 2842 547 2866; x_wconf 91' lang='lat' dir='ltr'>n</span> <span class='ocrx_word' id='word_1_390' title='bbox 593 2841 640 2866; x_wconf 91' lang='lat' dir='ltr'>ue</span> <span class='ocrx_word' id='word_1_391' title='bbox 671 2831 872 2866; x_wconf 86' lang='lat' dir='ltr'>existimare</span> <span class='ocrx_word' id='word_1_392' title='bbox 901 2830 1071 2866; x_wconf 90' lang='lat' dir='ltr'>debemus</span> <span class='ocrx_word' id='word_1_393' title='bbox 1102 2836 1240 2876; x_wconf 86' lang='lat' dir='ltr'>partem</span> 
     </span>
     <span class='ocr_line' id='line_1_56' title="bbox 155 2875 1240 2922; baseline 0.002 -12"><span class='ocrx_word' id='word_1_394' title='bbox 155 2875 335 2911; x_wconf 88' lang='lat' dir='ltr'>dimidiam</span> <span class='ocrx_word' id='word_1_395' title='bbox 366 2879 507 2911; x_wconf 89' lang='lat' dir='ltr'>tantum</span> <span class='ocrx_word' id='word_1_396' title='bbox 536 2886 583 2911; x_wconf 79' lang='lat' dir='ltr'>mi</span> <span class='ocrx_word' id='word_1_397' title='bbox 612 2876 620 2884; x_wconf 89' lang='grc'><em>“</em></span> <span class='ocrx_word' id='word_1_398' title='bbox 653 2876 811 2921; x_wconf 88' lang='lat' dir='ltr'>adquiri,</span> <span class='ocrx_word' id='word_1_399' title='bbox 843 2880 983 2922; x_wconf 89' lang='lat' dir='ltr'>partem</span> <span class='ocrx_word' id='word_1_400' title='bbox 1006 2876 1137 2912; x_wconf 90' lang='lat' dir='ltr'>nullius</span> <span class='ocrx_word' id='word_1_401' title='bbox 1161 2886 1240 2912; x_wconf 90' lang='lat' dir='ltr'>esse</span> 
     </span>
     <span class='ocr_line' id='line_1_57' title="bbox 157 2920 1239 2966; baseline 0.002 -11"><span class='ocrx_word' id='word_1_402' title='bbox 157 2920 340 2962; x_wconf 84' lang='lat' dir='ltr'>momenti,</span> <span class='ocrx_word' id='word_1_403' title='bbox 373 2921 456 2966; x_wconf 88' lang='lat' dir='ltr'>quia</span> <span class='ocrx_word' id='word_1_404' title='bbox 486 2931 642 2966; x_wconf 88' lang='lat' dir='ltr'>persona</span> <span class='ocrx_word' id='word_1_405' title='bbox 673 2922 764 2957; x_wconf 90' lang='lat' dir='ltr'>servi</span> <span class='ocrx_word' id='word_1_406' title='bbox 797 2921 992 2957; x_wconf 84' lang='lat' dir='ltr'>communis</span> <span class='ocrx_word' id='word_1_407' title='bbox 1015 2922 1093 2957; x_wconf 88' lang='lat' dir='ltr'>eius</span> <span class='ocrx_word' id='word_1_408' title='bbox 1117 2922 1239 2957; x_wconf 90' lang='lat' dir='ltr'>condi-</span> 
     </span>
     <span class='ocr_line' id='line_1_58' title="bbox 156 2965 1241 3012; baseline 0.002 -11"><span class='ocrx_word' id='word_1_409' title='bbox 156 2966 266 3002; x_wconf 89' lang='lat' dir='ltr'>cionis</span> <span class='ocrx_word' id='word_1_410' title='bbox 289 2969 359 3009; x_wconf 87' lang='lat' dir='ltr'>est,</span> <span class='ocrx_word' id='word_1_411' title='bbox 391 2965 492 3000; x_wconf 91' lang='lat' dir='ltr'>utin</span> <span class='ocrx_word' id='word_1_412' title='bbox 522 2976 584 3009; x_wconf 91' lang='lat' dir='ltr'>eo,</span> <span class='ocrx_word' id='word_1_413' title='bbox 621 2966 714 3011; x_wconf 91' lang='lat' dir='ltr'>quod</span> <span class='ocrx_word' id='word_1_414' title='bbox 745 2966 838 3002; x_wconf 86' lang='lat' dir='ltr'>alter</span> <span class='ocrx_word' id='word_1_415' title='bbox 867 2977 912 3002; x_wconf 83' lang='lat' dir='ltr'>ex</span> <span class='ocrx_word' id='word_1_416' title='bbox 946 2966 1098 3002; x_wconf 83' lang='lat' dir='ltr'>dominis</span> <span class='ocrx_word' id='word_1_417' title='bbox 1121 2970 1241 3012; x_wconf 89' lang='lat' dir='ltr'>potest</span> 
     </span>
     <span class='ocr_line' id='line_1_59' title="bbox 156 3010 1239 3057; baseline 0.002 -11"><span class='ocrx_word' id='word_1_418' title='bbox 156 3010 361 3057; x_wconf 86' lang='lat' dir='ltr'>adquirere,</span> <span class='ocrx_word' id='word_1_419' title='bbox 386 3011 477 3046; x_wconf 87' lang='lat' dir='ltr'>alter</span> <span class='ocrx_word' id='word_1_420' title='bbox 500 3022 571 3047; x_wconf 91' lang='lat' dir='ltr'>non</span> <span class='ocrx_word' id='word_1_421' title='bbox 595 3016 729 3056; x_wconf 87' lang='lat' dir='ltr'>potest,</span> <span class='ocrx_word' id='word_1_422' title='bbox 754 3012 902 3057; x_wconf 90' lang='lat' dir='ltr'>perinde</span> <span class='ocrx_word' id='word_1_423' title='bbox 925 3011 1117 3055; x_wconf 82' lang='lat' dir='ltr'>habeatur,</span> <span class='ocrx_word' id='word_1_424' title='bbox 1141 3022 1185 3048; x_wconf 86' lang='lat' dir='ltr'>ac</span> <span class='ocrx_word' id='word_1_425' title='bbox 1208 3013 1239 3048; x_wconf 91' lang='lat' dir='ltr'>si</span> 
     </span>
     <span class='ocr_line' id='line_1_60' title="bbox 155 3056 1237 3101; baseline 0.001 -10"><span class='ocrx_word' id='word_1_426' title='bbox 155 3056 232 3092; x_wconf 90' lang='lat' dir='ltr'>eius</span> <span class='ocrx_word' id='word_1_427' title='bbox 256 3056 367 3091; x_wconf 87' lang='lat' dir='ltr'>solius</span> <span class='ocrx_word' id='word_1_428' title='bbox 390 3059 501 3100; x_wconf 85' lang='lat' dir='ltr'>esset,</span> <span class='ocrx_word' id='word_1_429' title='bbox 534 3057 591 3092; x_wconf 91' lang='lat' dir='ltr'>cui</span> <span class='ocrx_word' id='word_1_430' title='bbox 624 3057 832 3101; x_wconf 87' lang='lat' dir='ltr'>adquirendi</span> <span class='ocrx_word' id='word_1_431' title='bbox 863 3057 1072 3093; x_wconf 84' lang='lat' dir='ltr'>facultatem</span> <span class='ocrx_word' id='word_1_432' title='bbox 1094 3057 1237 3093; x_wconf 87' lang='lat' dir='ltr'>habeat.</span> 
     </span>
     <span class='ocr_line' id='line_1_61' title="bbox 156 3101 1239 3147; baseline 0.003 -12"><span class='ocrx_word' id='word_1_433' title='bbox 156 3106 175 3135; x_wconf 87' lang='lat'>5</span> <span class='ocrx_word' id='word_1_434' title='bbox 223 3101 260 3138; x_wconf 91' lang='lat' dir='ltr'>Si</span> <span class='ocrx_word' id='word_1_435' title='bbox 291 3101 511 3137; x_wconf 84' lang='lat' dir='ltr'>fructuarius</span> <span class='ocrx_word' id='word_1_436' title='bbox 540 3112 662 3138; x_wconf 85' lang='lat' dir='ltr'>servus</span> <span class='ocrx_word' id='word_1_437' title='bbox 693 3102 885 3147; x_wconf 89' lang='lat' dir='ltr'>stipulatus</span> <span class='ocrx_word' id='word_1_438' title='bbox 917 3106 1012 3138; x_wconf 89' lang='lat' dir='ltr'>esset</span> <span class='ocrx_word' id='word_1_439' title='bbox 1041 3102 1239 3139; x_wconf 86' lang='lat' dir='ltr'>fructuario</span> 
     </span>
     <span class='ocr_line' id='line_1_62' title="bbox 156 3146 1239 3193; baseline 0.002 -11"><span class='ocrx_word' id='word_1_440' title='bbox 156 3151 219 3182; x_wconf 90' lang='lat' dir='ltr'>aut</span> <span class='ocrx_word' id='word_1_441' title='bbox 241 3146 494 3192; x_wconf 86' lang='lat' dir='ltr'>proprietario,</span> <span class='ocrx_word' id='word_1_442' title='bbox 527 3146 557 3182; x_wconf 91' lang='lat' dir='ltr'>si</span> <span class='ocrx_word' id='word_1_443' title='bbox 582 3147 722 3192; x_wconf 88' lang='lat' dir='ltr'>quidem</span> <span class='ocrx_word' id='word_1_444' title='bbox 745 3158 789 3183; x_wconf 89' lang='lat' dir='ltr'>ex</span> <span class='ocrx_word' id='word_1_445' title='bbox 812 3157 852 3183; x_wconf 94' lang='lat' dir='ltr'>re</span> <span class='ocrx_word' id='word_1_446' title='bbox 875 3147 1065 3183; x_wconf 82' lang='lat' dir='ltr'>fructuarii</span> <span class='ocrx_word' id='word_1_447' title='bbox 1088 3148 1239 3193; x_wconf 85' lang='lat' dir='ltr'>stipula-</span> 
     </span>
     <span class='ocr_line' id='line_1_63' title="bbox 154 3192 1240 3245; baseline 0.001 -17"><span class='ocrx_word' id='word_1_448' title='bbox 154 3196 214 3228; x_wconf 90' lang='lat' dir='ltr'>tus</span> <span class='ocrx_word' id='word_1_449' title='bbox 237 3196 348 3233; x_wconf 86' lang='lat' dir='ltr'>esset,</span> <span class='ocrx_word' id='word_1_450' title='bbox 380 3192 516 3227; x_wconf 90' lang='lat' dir='ltr'>inutilis</span> <span class='ocrx_word' id='word_1_451' title='bbox 540 3197 594 3227; x_wconf 87' lang='lat' dir='ltr'>est</span> <span class='ocrx_word' id='word_1_452' title='bbox 618 3192 820 3244; x_wconf 81' lang='lat' dir='ltr'>stipulatio,</span> <span class='ocrx_word' id='word_1_453' title='bbox 853 3193 938 3245; x_wconf 84' lang='lat' dir='ltr'>quia</span> <span class='ocrx_word' id='word_1_454' title='bbox 967 3193 1040 3228; x_wconf 90' lang='lat' dir='ltr'>utri</span> <span class='ocrx_word' id='word_1_455' title='bbox 1065 3203 1111 3229; x_wconf 90' lang='lat' dir='ltr'>ue</span> <span class='ocrx_word' id='word_1_456' title='bbox 1133 3203 1177 3228; x_wconf 88' lang='lat' dir='ltr'>ex</span> <span class='ocrx_word' id='word_1_457' title='bbox 1201 3204 1240 3229; x_wconf 94' lang='lat' dir='ltr'>re</span> 
     </span>
     <span class='ocr_line' id='line_1_64' title="bbox 154 3236 1240 3282; baseline 0.001 -9"><span class='ocrx_word' id='word_1_458' title='bbox 154 3237 344 3273; x_wconf 81' lang='lat' dir='ltr'>fructuarii</span> <span class='ocrx_word' id='word_1_459' title='bbox 367 3237 542 3273; x_wconf 84' lang='lat' dir='ltr'>actionem</span> <span class='ocrx_word' id='word_1_460' title='bbox 567 3236 754 3281; x_wconf 77' lang='lat' dir='ltr'>adquirere</span> <span class='ocrx_word' id='word_1_461' title='bbox 777 3241 969 3282; x_wconf 78' lang='lat' dir='ltr'>potuisset:</span> <span class='ocrx_word' id='word_1_462' title='bbox 1003 3248 1042 3274; x_wconf 88' lang='lat' dir='ltr'>se</span> <span class='ocrx_word' id='word_1_463' title='bbox 1090 3238 1120 3274; x_wconf 90' lang='lat' dir='ltr'>si</span> <span class='ocrx_word' id='word_1_464' title='bbox 1143 3238 1240 3274; x_wconf 90' lang='lat' dir='ltr'>aliud</span> 
     </span>
     <span class='ocr_line' id='line_1_65' title="bbox 156 3281 1240 3335; baseline 0.001 -17"><span class='ocrx_word' id='word_1_465' title='bbox 156 3283 347 3328; x_wconf 86' lang='lat' dir='ltr'>stipulatus</span> <span class='ocrx_word' id='word_1_466' title='bbox 371 3281 514 3326; x_wconf 86' lang='lat' dir='ltr'>fuisset,</span> <span class='ocrx_word' id='word_1_467' title='bbox 546 3282 819 3335; x_wconf 83' lang='lat' dir='ltr'>proprietarium</span> <span class='ocrx_word' id='word_1_468' title='bbox 842 3287 964 3328; x_wconf 89' lang='lat' dir='ltr'>petere</span> <span class='ocrx_word' id='word_1_469' title='bbox 986 3293 1108 3328; x_wconf 87' lang='lat' dir='ltr'>posse,</span> <span class='ocrx_word' id='word_1_470' title='bbox 1133 3287 1186 3326; x_wconf 93' lang='lat' dir='ltr'>et,</span> <span class='ocrx_word' id='word_1_471' title='bbox 1210 3284 1240 3319; x_wconf 87' lang='lat' dir='ltr'>si</span> 
     </span>
     <span class='ocr_line' id='line_1_66' title="bbox 156 3327 1239 3373; baseline 0.001 -10"><span class='ocrx_word' id='word_1_472' title='bbox 156 3331 176 3362; x_wconf 82' lang='lat'><strong>6</strong></span> <span class='ocrx_word' id='word_1_473' title='bbox 223 3328 418 3373; x_wconf 87' lang='lat' dir='ltr'>promissor</span> <span class='ocrx_word' id='word_1_474' title='bbox 455 3327 654 3363; x_wconf 77' lang='lat' dir='ltr'>fructuario</span> <span class='ocrx_word' id='word_1_475' title='bbox 693 3327 872 3370; x_wconf 86' lang='lat' dir='ltr'>solvisset,</span> <span class='ocrx_word' id='word_1_476' title='bbox 911 3328 1095 3364; x_wconf 90' lang='lat' dir='ltr'>liberatur.</span> <span class='ocrx_word' id='word_1_477' title='bbox 1151 3328 1239 3364; x_wconf 91' lang='lat' dir='ltr'>Cum</span> 
     </span>
     <span class='ocr_line' id='line_1_67' title="bbox 156 3372 1239 3419; baseline 0.001 -11"><span class='ocrx_word' id='word_1_478' title='bbox 156 3383 278 3408; x_wconf 84' lang='lat' dir='ltr'>servus</span> <span class='ocrx_word' id='word_1_479' title='bbox 311 3373 507 3408; x_wconf 89' lang='lat' dir='ltr'>communis</span> <span class='ocrx_word' id='word_1_480' title='bbox 531 3372 618 3408; x_wconf 87' lang='lat' dir='ltr'>Titii</span> <span class='ocrx_word' id='word_1_481' title='bbox 640 3375 676 3408; x_wconf 87' lang='lat' dir='ltr'>et</span> <span class='ocrx_word' id='word_1_482' title='bbox 698 3372 828 3408; x_wconf 88' lang='lat' dir='ltr'>Maevii</span> <span class='ocrx_word' id='word_1_483' title='bbox 860 3373 1052 3419; x_wconf 87' lang='lat' dir='ltr'>stipulatur</span> <span class='ocrx_word' id='word_1_484' title='bbox 1082 3374 1120 3409; x_wconf 93' lang='lat' dir='ltr'>in</span> <span class='ocrx_word' id='word_1_485' title='bbox 1143 3373 1239 3409; x_wconf 91' lang='lat' dir='ltr'>hunc</span> 
     </span>
     <span class='ocr_line' id='line_1_68' title="bbox 156 3417 1239 3463; baseline 0.003 -11"><span class='ocrx_word' id='word_1_486' title='bbox 156 3418 315 3453; x_wconf 88' lang='lat' dir='ltr'>modum:</span> <span class='ocrx_word' id='word_1_487' title='bbox 342 3417 473 3453; x_wconf 92' lang='lat' dir='ltr'>‘decem</span> <span class='ocrx_word' id='word_1_488' title='bbox 497 3417 660 3454; x_wconf 88' lang='lat' dir='ltr'>kalendis</span> <span class='ocrx_word' id='word_1_489' title='bbox 684 3417 777 3453; x_wconf 92' lang='lat' dir='ltr'>Titio</span> <span class='ocrx_word' id='word_1_490' title='bbox 803 3417 888 3453; x_wconf 87' lang='lat' dir='ltr'>dare</span> <span class='ocrx_word' id='word_1_491' title='bbox 912 3417 1092 3463; x_wconf 80' lang='lat' dir='ltr'>spondes?</span> <span class='ocrx_word' id='word_1_492' title='bbox 1124 3419 1154 3454; x_wconf 90' lang='lat' dir='ltr'>si</span> <span class='ocrx_word' id='word_1_493' title='bbox 1178 3418 1239 3455; x_wconf 91' lang='lat' dir='ltr'>de-</span> 
     </span>
     <span class='ocr_line' id='line_1_69' title="bbox 156 3461 1240 3508; baseline 0.002 -11"><span class='ocrx_word' id='word_1_494' title='bbox 156 3465 242 3498; x_wconf 82' lang='lat' dir='ltr'>‘cem</span> <span class='ocrx_word' id='word_1_495' title='bbox 268 3463 429 3498; x_wconf 84' lang='lat' dir='ltr'>kalendis</span> <span class='ocrx_word' id='word_1_496' title='bbox 454 3463 548 3499; x_wconf 89' lang='lat' dir='ltr'>Titio</span> <span class='ocrx_word' id='word_1_497' title='bbox 572 3473 644 3499; x_wconf 89' lang='lat' dir='ltr'>nou</span> <span class='ocrx_word' id='word_1_498' title='bbox 668 3461 819 3505; x_wconf 86' lang='lat' dir='ltr'>dederis,</span> <span class='ocrx_word' id='word_1_499' title='bbox 843 3467 929 3498; x_wconf 90' lang='lat' dir='ltr'>tunc</span> <span class='ocrx_word' id='word_1_500' title='bbox 954 3463 1093 3500; x_wconf 82' lang='lat' dir='ltr'>Maevio</span> <span class='ocrx_word' id='word_1_501' title='bbox 1117 3464 1240 3508; x_wconf 84' lang='lat' dir='ltr'>viginti</span> 
     </span>
     <span class='ocr_line' id='line_1_70' title="bbox 157 3507 1237 3554; baseline 0.002 -11"><span class='ocrx_word' id='word_1_502' title='bbox 157 3508 255 3544; x_wconf 86' lang='lat' dir='ltr'>‘dare</span> <span class='ocrx_word' id='word_1_503' title='bbox 292 3507 481 3553; x_wconf 58' lang='lat' dir='ltr'>spondes?</span> <span class='ocrx_word' id='word_1_504' title='bbox 529 3508 621 3544; x_wconf 87' lang='lat' dir='ltr'>duae</span> <span class='ocrx_word' id='word_1_505' title='bbox 659 3507 907 3554; x_wconf 86' lang='lat' dir='ltr'>stipulationes</span> <span class='ocrx_word' id='word_1_506' title='bbox 946 3518 1024 3544; x_wconf 86' lang='lat' dir='ltr'>esse</span> <span class='ocrx_word' id='word_1_507' title='bbox 1062 3508 1237 3552; x_wconf 83' lang='lat' dir='ltr'>videntur,</span> 
     </span>
    </p>
   </div>
   <div class='ocr_carea' id='block_1_5' title="bbox 157 3620 1239 3755">
    <p class='ocr_par' dir='ltr' id='par_1_9' title="bbox 157 3620 1239 3755">
     <span class='ocr_line' id='line_1_71' title="bbox 157 3620 1239 3665; baseline -0.003 -9"><span class='ocrx_word' id='word_1_508' title='bbox 157 3625 199 3665; x_wconf 80' lang='grc' dir='ltr'>(ι)</span> <span class='ocrx_word' id='word_1_509' title='bbox 224 3626 355 3655; x_wconf 76' lang='lat' dir='ltr'>tantum</span> <span class='ocrx_word' id='word_1_510' title='bbox 372 3635 434 3656; x_wconf 75' lang='lat' dir='ltr'>scr.</span> <span class='ocrx_word' id='word_1_511' title='bbox 553 3625 595 3659; x_wconf 72' lang='lat'>(2)</span> <span class='ocrx_word' id='word_1_512' title='bbox 619 3621 836 3655; x_wconf 85' lang='lat' dir='ltr'>interdictum</span> <span class='ocrx_word' id='word_1_513' title='bbox 856 3623 905 3654; x_wconf 88' lang='lat' dir='ltr'>est</span> <span class='ocrx_word' id='word_1_514' title='bbox 924 3620 1044 3663; x_wconf 85' lang='lat' dir='ltr'>alicui,</span> <span class='ocrx_word' id='word_1_515' title='bbox 1067 3621 1239 3655; x_wconf 80' lang='lat' dir='ltr'>fideiussor</span> 
     </span>
     <span class='ocr_line' id='line_1_72' title="bbox 158 3667 784 3710; baseline 0 -10"><span class='ocrx_word' id='word_1_516' title='bbox 158 3678 223 3700; x_wconf 90' lang='lat' dir='ltr'>uon</span> <span class='ocrx_word' id='word_1_517' title='bbox 235 3670 349 3710; x_wconf 78' lang='lat' dir='ltr'>postea</span> <span class='ocrx_word' id='word_1_518' title='bbox 360 3667 401 3700; x_wconf 83' lang='lat' dir='ltr'>ab</span> <span class='ocrx_word' id='word_1_519' title='bbox 414 3678 453 3700; x_wconf 91' lang='lat' dir='ltr'>eo</span> <span class='ocrx_word' id='word_1_520' title='bbox 465 3667 563 3700; x_wconf 69' lang='lat' dir='ltr'>datus</span> <span class='ocrx_word' id='word_1_521' title='bbox 572 3669 707 3700; x_wconf 81' lang='lat' dir='ltr'>tenetur</span> <span class='ocrx_word' id='word_1_522' title='bbox 721 3679 784 3701; x_wconf 74' lang='lat' dir='ltr'>scr.</span> 
     </span>
     <span class='ocr_line' id='line_1_73' title="bbox 202 3711 1237 3755; baseline -0.001 -8"><span class='ocrx_word' id='word_1_523' title='bbox 202 3716 245 3754; x_wconf 72' lang='lat' dir='ltr'>(a)</span> <span class='ocrx_word' id='word_1_524' title='bbox 271 3713 351 3746; x_wconf 75' lang='lat' dir='ltr'>sab.</span> <span class='ocrx_word' id='word_1_525' title='bbox 373 3721 450 3747; x_wconf 80' lang='lat'>¹...·1.</span> <span class='ocrx_word' id='word_1_526' title='bbox 478 3720 571 3746; x_wconf 58' lang='lat' dir='ltr'>9...st</span> <span class='ocrx_word' id='word_1_527' title='bbox 597 3719 714 3750; x_wconf 60' lang='lat' dir='ltr'>ias-1:</span> <span class='ocrx_word' id='word_1_528' title='bbox 746 3711 831 3755; x_wconf 79' lang='lat' dir='ltr'>Pap.</span> <span class='ocrx_word' id='word_1_529' title='bbox 853 3718 882 3746; x_wconf 88' lang='lat' dir='ltr'>s.</span> <span class='ocrx_word' id='word_1_530' title='bbox 906 3717 950 3745; x_wconf 64' lang='grc' dir='ltr'>ιε.</span> <span class='ocrx_word' id='word_1_531' title='bbox 972 3718 1087 3744; x_wconf 77' lang='lat' dir='ltr'>is...22.</span> <span class='ocrx_word' id='word_1_532' title='bbox 1111 3718 1237 3750; x_wconf 58' lang='lat' dir='ltr'>umas:</span> 
     </span>
    </p>
   </div>
   <div class='ocr_carea' id='block_1_6' title="bbox 161 3756 1237 3800">
    <p class='ocr_par' dir='ltr' id='par_1_10' title="bbox 161 3756 1237 3800">
     <span class='ocr_line' id='line_1_74' title="bbox 161 3756 1237 3800; baseline -0.003 -8"><span class='ocrx_word' id='word_1_533' title='bbox 161 3758 221 3792; x_wconf 80' lang='lat' dir='ltr'>Ed.</span> <span class='ocrx_word' id='word_1_534' title='bbox 237 3764 282 3792; x_wconf 75' lang='lat'>2³.</span> <span class='ocrx_word' id='word_1_535' title='bbox 296 3764 416 3792; x_wconf 74' lang='lat'>2⁹...40.</span> <span class='ocrx_word' id='word_1_536' title='bbox 431 3775 476 3781; x_wconf 92' lang='lat'>-—</span> <span class='ocrx_word' id='word_1_537' title='bbox 490 3758 571 3790; x_wconf 77' lang='lat' dir='ltr'>Bas.</span> <span class='ocrx_word' id='word_1_538' title='bbox 588 3758 642 3799; x_wconf 85' lang='grc'>43,</span> <span class='ocrx_word' id='word_1_539' title='bbox 655 3764 672 3790; x_wconf 79' lang='lat' dir='ltr'>a</span> <span class='ocrx_word' id='word_1_540' title='bbox 777 3759 819 3798; x_wconf 73' lang='grc'>(4)</span> <span class='ocrx_word' id='word_1_541' title='bbox 845 3757 891 3789; x_wconf 81' lang='lat' dir='ltr'>ad</span> <span class='ocrx_word' id='word_1_542' title='bbox 904 3760 920 3795; x_wconf 68' lang='grc' dir='ltr'><strong>ς</strong></span> <span class='ocrx_word' id='word_1_543' title='bbox 935 3763 952 3790; x_wconf 72' lang='grc' dir='ltr'>ιι</span> <span class='ocrx_word' id='word_1_544' title='bbox 965 3757 1008 3799; x_wconf 84' lang='lat' dir='ltr'>cs.</span> <span class='ocrx_word' id='word_1_545' title='bbox 1023 3756 1044 3791; x_wconf 85' lang='lat'>1.</span> <span class='ocrx_word' id='word_1_546' title='bbox 1059 3763 1095 3789; x_wconf 71' lang='lat' dir='ltr'>as</span> <span class='ocrx_word' id='word_1_547' title='bbox 1104 3768 1157 3800; x_wconf 80' lang='lat' dir='ltr'>pr.</span> <span class='ocrx_word' id='word_1_548' title='bbox 1172 3757 1201 3789; x_wconf 82' lang='grc' dir='ltr'>Ιι.</span> <span class='ocrx_word' id='word_1_549' title='bbox 1217 3765 1237 3790; x_wconf 80' lang='lat' dir='ltr'>e.</span> 
     </span>
    </p>
   </div>
   <div class='ocr_carea' id='block_1_7' title="bbox 1235 109 1595 170">
    <p class='ocr_par' dir='ltr' id='par_1_11' title="bbox 1235 109 1595 170">
     <span class='ocr_line' id='line_1_75' title="bbox 1235 109 1595 170; baseline 0 -1"><span class='ocrx_word' id='word_1_550' title='bbox 1235 119 1323 170; x_wconf 80' lang='lat'>736</span> <span class='ocrx_word' id='word_1_551' title='bbox 1556 109 1595 130; x_wconf 19' lang='lat' dir='ltr'>N*</span> 
     </span>
    </p>
   </div>
   <div class='ocr_carea' id='block_1_8' title="bbox 1486 0 1493 22">
    <p class='ocr_par' dir='ltr' id='par_1_12' title="bbox 1486 0 1493 22">
     <span class='ocr_line' id='line_1_76' title="bbox 1486 0 1493 22; baseline 0 0"><span class='ocrx_word' id='word_1_552' title='bbox 1486 0 1493 22; x_wconf 66' lang='lat' dir='ltr'>i</span> 
     </span>
    </p>
   </div>
   <div class='ocr_carea' id='block_1_9' title="bbox 1496 19 1557 56">
    <p class='ocr_par' dir='ltr' id='par_1_13' title="bbox 1496 19 1557 56">
     <span class='ocr_line' id='line_1_77' title="bbox 1496 19 1557 56; baseline 0 -27"><span class='ocrx_word' id='word_1_553' title='bbox 1496 19 1557 56; x_wconf 31' lang='grc' dir='ltr'>Ὗ</span> 
     </span>
    </p>
   </div>
   <div class='ocr_carea' id='block_1_10' title="bbox 1546 59 1550 99">
    <p class='ocr_par' dir='ltr' id='par_1_14' title="bbox 1546 59 1550 99">
     <span class='ocr_line' id='line_1_78' title="bbox 1547 59 1550 74; baseline 0 0"><span class='ocrx_word' id='word_1_554' title='bbox 1547 59 1550 74; x_wconf 70' lang='lat' dir='ltr'><em>s</em></span> 
     </span>
     <span class='ocr_line' id='line_1_79' title="bbox 1546 79 1549 99; baseline 0 0"><span class='ocrx_word' id='word_1_555' title='bbox 1546 79 1549 99; x_wconf 60' lang='lat' dir='ltr'>l</span> 
     </span>
    </p>
   </div>
   <div class='ocr_carea' id='block_1_11' title="bbox 1983 142 2399 177">
    <p class='ocr_par' dir='ltr' id='par_1_15' title="bbox 1983 142 2399 177">
     <span class='ocr_line' id='line_1_80' title="bbox 1983 142 2399 177; baseline 0.012 -5"><span class='ocrx_word' id='word_1_556' title='bbox 1983 142 2045 173; x_wconf 83' lang='lat' dir='ltr'>DE</span> <span class='ocrx_word' id='word_1_557' title='bbox 2075 143 2399 177; x_wconf 67' lang='lat' dir='ltr'>smULA&#39;rlonss</span> 
     </span>
    </p>
   </div>
   <div class='ocr_carea' id='block_1_12' title="bbox 1311 246 2402 1733">
    <p class='ocr_par' dir='ltr' id='par_1_16' title="bbox 1312 246 2401 420">
     <span class='ocr_line' id='line_1_81' title="bbox 1312 246 2399 300; baseline 0.006 -17"><span class='ocrx_word' id='word_1_558' title='bbox 1312 246 1398 284; x_wconf 82' lang='lat' dir='ltr'>sed⁸</span> <span class='ocrx_word' id='word_1_559' title='bbox 1436 247 1467 283; x_wconf 87' lang='lat' dir='ltr'>si</span> <span class='ocrx_word' id='word_1_560' title='bbox 1497 247 1661 285; x_wconf 83' lang='lat' dir='ltr'>kalendis</span> <span class='ocrx_word' id='word_1_561' title='bbox 1690 249 1813 286; x_wconf 88' lang='lat' dir='ltr'>decem</span> <span class='ocrx_word' id='word_1_562' title='bbox 1842 250 1927 287; x_wconf 87' lang='lat' dir='ltr'>data</span> <span class='ocrx_word' id='word_1_563' title='bbox 1958 261 2030 288; x_wconf 91' lang='lat' dir='ltr'>non</span> <span class='ocrx_word' id='word_1_564' title='bbox 2058 251 2211 297; x_wconf 83' lang='lat' dir='ltr'>fuerint,</span> <span class='ocrx_word' id='word_1_565' title='bbox 2250 256 2399 300; x_wconf 82' lang='lat' dir='ltr'>uterque</span> 
     </span>
     <span class='ocr_line' id='line_1_82' title="bbox 1313 292 2400 345; baseline 0.008 -18"><span class='ocrx_word' id='word_1_566' title='bbox 1313 292 1477 345; x_wconf 78' lang='lat' dir='ltr'>dominus</span> <span class='ocrx_word' id='word_1_567' title='bbox 1502 303 1545 329; x_wconf 90' lang='lat' dir='ltr'>ex</span> <span class='ocrx_word' id='word_1_568' title='bbox 1569 294 1741 340; x_wconf 90' lang='lat' dir='ltr'>stipulatu</span> <span class='ocrx_word' id='word_1_569' title='bbox 1764 306 1870 341; x_wconf 85' lang='lat' dir='ltr'>agere</span> <span class='ocrx_word' id='word_1_570' title='bbox 1892 297 2044 342; x_wconf 79' lang='lat' dir='ltr'>poterit,</span> <span class='ocrx_word' id='word_1_571' title='bbox 2069 298 2133 333; x_wconf 93' lang='lat' dir='ltr'>sed</span> <span class='ocrx_word' id='word_1_572' title='bbox 2155 298 2218 334; x_wconf 88' lang='lat' dir='ltr'>in⁷</span> <span class='ocrx_word' id='word_1_573' title='bbox 2242 299 2400 335; x_wconf 84' lang='lat' dir='ltr'>secunda</span> 
     </span>
     <span class='ocr_line' id='line_1_83' title="bbox 1313 337 2401 391; baseline 0.007 -18"><span class='ocrx_word' id='word_1_574' title='bbox 1313 337 1528 391; x_wconf 75' lang='lat' dir='ltr'>obhgatlone</span> <span class='ocrx_word' id='word_1_575' title='bbox 1551 338 1691 376; x_wconf 86' lang='lat' dir='ltr'>Maevio</span> <span class='ocrx_word' id='word_1_576' title='bbox 1723 341 1913 378; x_wconf 90' lang='lat' dir='ltr'>commissa</span> <span class='ocrx_word' id='word_1_577' title='bbox 1942 341 2059 379; x_wconf 88' lang='lat' dir='ltr'>Titius</span> <span class='ocrx_word' id='word_1_578' title='bbox 2089 343 2296 390; x_wconf 87' lang='lat' dir='ltr'>exceptione</span> <span class='ocrx_word' id='word_1_579' title='bbox 2327 345 2401 381; x_wconf 90' lang='lat' dir='ltr'>doli</span> 
     </span>
     <span class='ocr_line' id='line_1_84' title="bbox 1312 383 1601 420; baseline 0.007 -2"><span class='ocrx_word' id='word_1_580' title='bbox 1312 383 1601 420; x_wconf 79' lang='lat' dir='ltr'>summovebitur.</span> 
     </span>
    </p>

    <p class='ocr_par' dir='ltr' id='par_1_17' title="bbox 1313 425 2400 614">
     <span class='ocr_line' id='line_1_85' title="bbox 1359 425 2399 481; baseline 0.006 -16"><span class='ocrx_word' id='word_1_581' title='bbox 1359 425 1385 465; x_wconf 89' lang='lat'><strong>2</strong></span> <span class='ocrx_word' id='word_1_582' title='bbox 1426 427 1621 481; x_wconf 58' lang='lat' dir='ltr'>Uzpmrvs</span> <span class='ocrx_word' id='word_1_583' title='bbox 1655 429 1746 466; x_wconf 75' lang='lat' dir='ltr'>libro</span> <span class='ocrx_word' id='word_1_584' title='bbox 1786 436 1917 477; x_wconf 82' lang='lat' dir='ltr'>quarto</span> <span class='ocrx_word' id='word_1_585' title='bbox 1958 432 2008 468; x_wconf 82' lang='lat' dir='ltr'>ad</span> <span class='ocrx_word' id='word_1_586' title='bbox 2048 432 2222 469; x_wconf 77' lang='lat' dir='ltr'>Sabinum</span> <span class='ocrx_word' id='word_1_587' title='bbox 2270 434 2399 471; x_wconf 87' lang='lat' dir='ltr'>Servus</span> 
     </span>
     <span class='ocr_line' id='line_1_86' title="bbox 1313 474 2399 525; baseline 0.007 -17"><span class='ocrx_word' id='word_1_588' title='bbox 1313 483 1510 510; x_wconf 87' lang='lat' dir='ltr'>commums</span> <span class='ocrx_word' id='word_1_589' title='bbox 1539 474 1642 520; x_wconf 79' lang='lat' dir='ltr'>ipse⁸</span> <span class='ocrx_word' id='word_1_590' title='bbox 1672 475 1740 511; x_wconf 90' lang='lat' dir='ltr'>sibi</span> <span class='ocrx_word' id='word_1_591' title='bbox 1771 476 1936 522; x_wconf 90' lang='lat' dir='ltr'>stipulari</span> <span class='ocrx_word' id='word_1_592' title='bbox 1967 488 2039 514; x_wconf 90' lang='lat' dir='ltr'>non</span> <span class='ocrx_word' id='word_1_593' title='bbox 2070 482 2207 524; x_wconf 87' lang='lat' dir='ltr'>potest,</span> <span class='ocrx_word' id='word_1_594' title='bbox 2242 481 2399 525; x_wconf 88' lang='lat' dir='ltr'>quamvis</span> 
     </span>
     <span class='ocr_line' id='line_1_87' title="bbox 1313 521 2400 569; baseline 0.007 -16"><span class='ocrx_word' id='word_1_595' title='bbox 1313 521 1496 555; x_wconf 87' lang='lat' dir='ltr'>constaret</span> <span class='ocrx_word' id='word_1_596' title='bbox 1526 529 1607 555; x_wconf 88' lang='lat' dir='ltr'>eum</span> <span class='ocrx_word' id='word_1_597' title='bbox 1630 530 1669 556; x_wconf 90' lang='lat' dir='ltr'>se</span> <span class='ocrx_word' id='word_1_598' title='bbox 1699 521 1863 567; x_wconf 90' lang='lat' dir='ltr'>stipulari</span> <span class='ocrx_word' id='word_1_599' title='bbox 1886 522 2029 559; x_wconf 85' lang='lat' dir='ltr'>domino</span> <span class='ocrx_word' id='word_1_600' title='bbox 2052 534 2175 569; x_wconf 88' lang='lat' dir='ltr'>posse:</span> <span class='ocrx_word' id='word_1_601' title='bbox 2210 535 2284 561; x_wconf 88' lang='lat' dir='ltr'>non</span> <span class='ocrx_word' id='word_1_602' title='bbox 2306 525 2400 561; x_wconf 90' lang='lat' dir='ltr'>enim</span> 
     </span>
     <span class='ocr_line' id='line_1_88' title="bbox 1313 563 2217 614; baseline 0.008 -15"><span class='ocrx_word' id='word_1_603' title='bbox 1313 573 1351 599; x_wconf 90' lang='lat' dir='ltr'>se</span> <span class='ocrx_word' id='word_1_604' title='bbox 1375 563 1518 600; x_wconf 88' lang='lat' dir='ltr'>domino</span> <span class='ocrx_word' id='word_1_605' title='bbox 1543 564 1715 610; x_wconf 87' lang='lat' dir='ltr'>adquirit,</span> <span class='ocrx_word' id='word_1_606' title='bbox 1739 566 1803 602; x_wconf 89' lang='lat' dir='ltr'>sed</span> <span class='ocrx_word' id='word_1_607' title='bbox 1825 566 1870 602; x_wconf 88' lang='lat' dir='ltr'>de</span> <span class='ocrx_word' id='word_1_608' title='bbox 1893 578 1933 604; x_wconf 91' lang='lat' dir='ltr'>se</span> <span class='ocrx_word' id='word_1_609' title='bbox 1956 568 2217 614; x_wconf 76' lang='lat' dir='ltr'>obligationem.</span> 
     </span>
    </p>

    <p class='ocr_par' dir='ltr' id='par_1_18' title="bbox 1311 605 2401 737">
     <span class='ocr_line' id='line_1_89' title="bbox 1358 605 2401 657; baseline 0.005 -10"><span class='ocrx_word' id='word_1_610' title='bbox 1358 605 1383 647; x_wconf 89' lang='lat'><strong>3</strong></span> <span class='ocrx_word' id='word_1_611' title='bbox 1408 609 1516 645; x_wconf 70' lang='lat' dir='ltr'>loru</span> <span class='ocrx_word' id='word_1_612' title='bbox 1544 609 1635 646; x_wconf 76' lang='lat' dir='ltr'>libro</span> <span class='ocrx_word' id='word_1_613' title='bbox 1669 611 1794 657; x_wconf 80' lang='lat' dir='ltr'>quinto</span> <span class='ocrx_word' id='word_1_614' title='bbox 1827 612 1877 648; x_wconf 81' lang='lat' dir='ltr'>ad</span> <span class='ocrx_word' id='word_1_615' title='bbox 1906 612 2081 650; x_wconf 78' lang='lat' dir='ltr'>Sabinum</span> <span class='ocrx_word' id='word_1_616' title='bbox 2128 613 2167 650; x_wconf 87' lang='lat' dir='ltr'>Si</span> <span class='ocrx_word' id='word_1_617' title='bbox 2196 625 2320 651; x_wconf 88' lang='lat' dir='ltr'>servus</span> <span class='ocrx_word' id='word_1_618' title='bbox 2349 616 2401 651; x_wconf 88' lang='lat' dir='ltr'>rei</span> 
     </span>
     <span class='ocr_line' id='line_1_90' title="bbox 1311 654 2400 737; baseline 0.006 -48"><span class='ocrx_word' id='word_1_619' title='bbox 1311 654 1502 736; x_wconf 54' lang='lat' dir='ltr'>ppsslligagt}</span> <span class='ocrx_word' id='word_1_620' title='bbox 1524 655 1787 737; x_wconf 52' lang='lat' dir='ltr'>ffitfflffiipfi</span> <span class='ocrx_word' id='word_1_621' title='bbox 1808 657 1865 692; x_wconf 86' lang='lat' dir='ltr'>vel</span> <span class='ocrx_word' id='word_1_622' title='bbox 1889 658 2051 695; x_wconf 89' lang='lat' dir='ltr'>coloniae</span> <span class='ocrx_word' id='word_1_623' title='bbox 2074 660 2280 706; x_wconf 86' lang='lat' dir='ltr'>stipuletur,</span> <span class='ocrx_word' id='word_1_624' title='bbox 2312 666 2400 707; x_wconf 91' lang='lat' dir='ltr'>puto</span> 
     </span>
    </p>

    <p class='ocr_par' dir='ltr' id='par_1_19' title="bbox 1312 711 2401 1007">
     <span class='ocr_line' id='line_1_91' title="bbox 1359 711 2401 801; baseline 0.005 -19"><span class='ocrx_word' id='word_1_625' title='bbox 1359 743 1386 782; x_wconf 93' lang='lat'>4</span> <span class='ocrx_word' id='word_1_626' title='bbox 1417 711 1526 781; x_wconf 52' lang='lat' dir='ltr'><em>11&gt;ssss</em></span> <span class='ocrx_word' id='word_1_627' title='bbox 1554 745 1645 782; x_wconf 82' lang='lat' dir='ltr'>libro</span> <span class='ocrx_word' id='word_1_628' title='bbox 1683 748 1874 783; x_wconf 80' lang='lat' dir='ltr'>vicensimo</span> <span class='ocrx_word' id='word_1_629' title='bbox 1902 749 2024 801; x_wconf 64' lang='lat' dir='ltr'>primo</span> <span class='ocrx_word' id='word_1_630' title='bbox 2058 750 2109 785; x_wconf 86' lang='lat' dir='ltr'>ad</span> <span class='ocrx_word' id='word_1_631' title='bbox 2141 749 2315 787; x_wconf 78' lang='lat' dir='ltr'>Sabinum</span> <span class='ocrx_word' id='word_1_632' title='bbox 2363 751 2401 787; x_wconf 87' lang='lat' dir='ltr'>Si</span> 
     </span>
     <span class='ocr_line' id='line_1_92' title="bbox 1313 792 2399 842; baseline 0.006 -16"><span class='ocrx_word' id='word_1_633' title='bbox 1313 800 1437 827; x_wconf 84' lang='lat' dir='ltr'>servus</span> <span class='ocrx_word' id='word_1_634' title='bbox 1471 792 1668 827; x_wconf 88' lang='lat' dir='ltr'>communis</span> <span class='ocrx_word' id='word_1_635' title='bbox 1701 792 1770 828; x_wconf 91' lang='lat' dir='ltr'>sibi</span> <span class='ocrx_word' id='word_1_636' title='bbox 1800 796 1836 828; x_wconf 90' lang='lat' dir='ltr'>et</span> <span class='ocrx_word' id='word_1_637' title='bbox 1864 804 1926 828; x_wconf 88' lang='lat' dir='ltr'>um</span> <span class='ocrx_word' id='word_1_638' title='bbox 1951 804 1995 829; x_wconf 86' lang='lat' dir='ltr'>ex</span> <span class='ocrx_word' id='word_1_639' title='bbox 2026 794 2175 832; x_wconf 90' lang='lat' dir='ltr'>dominis</span> <span class='ocrx_word' id='word_1_640' title='bbox 2199 795 2399 842; x_wconf 89' lang='lat' dir='ltr'>stipuletur,</span> 
     </span>
     <span class='ocr_line' id='line_1_93' title="bbox 1312 835 2401 881; baseline 0.006 -10"><span class='ocrx_word' id='word_1_641' title='bbox 1312 835 1460 881; x_wconf 87' lang='lat' dir='ltr'>perinde</span> <span class='ocrx_word' id='word_1_642' title='bbox 1490 839 1561 880; x_wconf 88' lang='lat' dir='ltr'>est,</span> <span class='ocrx_word' id='word_1_643' title='bbox 1601 847 1645 872; x_wconf 89' lang='lat' dir='ltr'>ac</span> <span class='ocrx_word' id='word_1_644' title='bbox 1676 837 1707 873; x_wconf 91' lang='lat' dir='ltr'>si</span> <span class='ocrx_word' id='word_1_645' title='bbox 1737 837 1900 874; x_wconf 90' lang='lat' dir='ltr'>omnibus</span> <span class='ocrx_word' id='word_1_646' title='bbox 1930 837 2080 876; x_wconf 90' lang='lat' dir='ltr'>dominis</span> <span class='ocrx_word' id='word_1_647' title='bbox 2113 844 2150 875; x_wconf 91' lang='lat' dir='ltr'>et</span> <span class='ocrx_word' id='word_1_648' title='bbox 2180 841 2242 877; x_wconf 93' lang='lat' dir='ltr'>uni</span> <span class='ocrx_word' id='word_1_649' title='bbox 2270 851 2316 877; x_wconf 83' lang='lat' dir='ltr'>ex</span> <span class='ocrx_word' id='word_1_650' title='bbox 2345 841 2401 877; x_wconf 89' lang='lat' dir='ltr'>his</span> 
     </span>
     <span class='ocr_line' id='line_1_94' title="bbox 1313 881 2399 933; baseline 0.006 -17"><span class='ocrx_word' id='word_1_651' title='bbox 1313 881 1359 917; x_wconf 91' lang='lat' dir='ltr'>sti</span> <span class='ocrx_word' id='word_1_652' title='bbox 1384 881 1519 933; x_wconf 80' lang='lat' dir='ltr'>uletur,</span> <span class='ocrx_word' id='word_1_653' title='bbox 1548 882 1659 918; x_wconf 83' lang='lat' dir='ltr'>veluti</span> <span class='ocrx_word' id='word_1_654' title='bbox 1690 882 1785 919; x_wconf 89' lang='lat' dir='ltr'>Titio</span> <span class='ocrx_word' id='word_1_655' title='bbox 1809 887 1846 918; x_wconf 88' lang='lat' dir='ltr'>et</span> <span class='ocrx_word' id='word_1_656' title='bbox 1867 883 2027 927; x_wconf 84' lang='lat' dir='ltr'>Maevio,</span> <span class='ocrx_word' id='word_1_657' title='bbox 2052 888 2089 920; x_wconf 85' lang='lat' dir='ltr'>et</span> <span class='ocrx_word' id='word_1_658' title='bbox 2111 885 2226 922; x_wconf 83' lang='lat' dir='ltr'>Titio:</span> <span class='ocrx_word' id='word_1_659' title='bbox 2258 891 2295 922; x_wconf 91' lang='lat' dir='ltr'>et</span> <span class='ocrx_word' id='word_1_660' title='bbox 2317 898 2399 932; x_wconf 89' lang='lat' dir='ltr'>pro-</span> 
     </span>
     <span class='ocr_line' id='line_1_95' title="bbox 1312 926 2399 1007; baseline 0.006 -46"><span class='ocrx_word' id='word_1_661' title='bbox 1312 927 1360 1007; x_wconf 55' lang='lat' dir='ltr'>Iba</span> <span class='ocrx_word' id='word_1_662' title='bbox 1382 926 1431 1006; x_wconf 45' lang='lat' dir='ltr'>{le</span> <span class='ocrx_word' id='word_1_663' title='bbox 1460 930 1533 970; x_wconf 92' lang='lat' dir='ltr'>est,</span> <span class='ocrx_word' id='word_1_664' title='bbox 1566 931 1607 963; x_wconf 91' lang='lat' dir='ltr'>ut</span> <span class='ocrx_word' id='word_1_665' title='bbox 1630 927 1724 963; x_wconf 90' lang='lat' dir='ltr'>Titio</span> <span class='ocrx_word' id='word_1_666' title='bbox 1757 928 1933 972; x_wconf 85' lang='lat' dir='ltr'>dodrans,</span> <span class='ocrx_word' id='word_1_667' title='bbox 1965 929 2106 966; x_wconf 83' lang='lat' dir='ltr'>Maevio</span> <span class='ocrx_word' id='word_1_668' title='bbox 2136 931 2316 976; x_wconf 89' lang='lat' dir='ltr'>quadrans</span> <span class='ocrx_word' id='word_1_669' title='bbox 2340 931 2399 967; x_wconf 88' lang='lat' dir='ltr'>de-</span> 
     </span>
    </p>

    <p class='ocr_par' dir='ltr' id='par_1_20' title="bbox 1338 981 1453 1008">
     <span class='ocr_line' id='line_1_96' title="bbox 1338 981 1453 1008; baseline 0.009 -1"><span class='ocrx_word' id='word_1_670' title='bbox 1338 981 1381 1007; x_wconf 86' lang='lat' dir='ltr'>ea</span> <span class='ocrx_word' id='word_1_671' title='bbox 1398 982 1453 1008; x_wconf 87' lang='lat' dir='ltr'>ur.</span> 
     </span>
    </p>

    <p class='ocr_par' dir='ltr' id='par_1_21' title="bbox 1312 1014 2402 1518">
     <span class='ocr_line' id='line_1_97' title="bbox 1358 1014 2399 1066; baseline 0.004 -12"><span class='ocrx_word' id='word_1_672' title='bbox 1358 1014 1383 1054; x_wconf 86' lang='lat'>5</span> <span class='ocrx_word' id='word_1_673' title='bbox 1407 1016 1516 1053; x_wconf 77' lang='lat' dir='ltr'>Imm</span> <span class='ocrx_word' id='word_1_674' title='bbox 1547 1017 1638 1054; x_wconf 75' lang='lat' dir='ltr'>libro</span> <span class='ocrx_word' id='word_1_675' title='bbox 1669 1017 1975 1066; x_wconf 72' lang='lat' dir='ltr'>quadraqensimo</span> <span class='ocrx_word' id='word_1_676' title='bbox 2006 1023 2131 1056; x_wconf 80' lang='lat' dir='ltr'>octavo</span> <span class='ocrx_word' id='word_1_677' title='bbox 2155 1021 2205 1057; x_wconf 85' lang='lat' dir='ltr'>ad</span> <span class='ocrx_word' id='word_1_678' title='bbox 2227 1020 2399 1058; x_wconf 82' lang='lat' dir='ltr'>Sabinum</span> 
     </span>
     <span class='ocr_line' id='line_1_98' title="bbox 1313 1062 2401 1113; baseline 0.005 -15"><span class='ocrx_word' id='word_1_679' title='bbox 1313 1062 1446 1099; x_wconf 88' lang='lat' dir='ltr'>Servus</span> <span class='ocrx_word' id='word_1_680' title='bbox 1478 1063 1675 1099; x_wconf 86' lang='lat' dir='ltr'>communis</span> <span class='ocrx_word' id='word_1_681' title='bbox 1708 1064 1760 1099; x_wconf 91' lang='lat' dir='ltr'>sic</span> <span class='ocrx_word' id='word_1_682' title='bbox 1792 1064 1950 1099; x_wconf 89' lang='lat' dir='ltr'>omnium</span> <span class='ocrx_word' id='word_1_683' title='bbox 1973 1069 2028 1101; x_wconf 92' lang='lat' dir='ltr'>est</span> <span class='ocrx_word' id='word_1_684' title='bbox 2051 1076 2124 1102; x_wconf 89' lang='lat' dir='ltr'>non</span> <span class='ocrx_word' id='word_1_685' title='bbox 2155 1067 2258 1112; x_wconf 84' lang='lat' dir='ltr'>quasi</span> <span class='ocrx_word' id='word_1_686' title='bbox 2280 1068 2401 1113; x_wconf 78' lang='lat' dir='ltr'>singu·</span> 
     </span>
     <span class='ocr_line' id='line_1_99' title="bbox 1312 1107 2400 1156; baseline 0.006 -14"><span class='ocrx_word' id='word_1_687' title='bbox 1312 1107 1430 1143; x_wconf 89' lang='lat' dir='ltr'>lorum</span> <span class='ocrx_word' id='word_1_688' title='bbox 1451 1111 1561 1152; x_wconf 86' lang='lat' dir='ltr'>totus,</span> <span class='ocrx_word' id='word_1_689' title='bbox 1587 1109 1651 1144; x_wconf 92' lang='lat' dir='ltr'>sed</span> <span class='ocrx_word' id='word_1_690' title='bbox 1673 1119 1739 1154; x_wconf 91' lang='lat' dir='ltr'>pro</span> <span class='ocrx_word' id='word_1_691' title='bbox 1790 1109 1926 1146; x_wconf 90' lang='lat' dir='ltr'>artibus</span> <span class='ocrx_word' id='word_1_692' title='bbox 1946 1110 2068 1156; x_wconf 89' lang='lat' dir='ltr'>utique</span> <span class='ocrx_word' id='word_1_693' title='bbox 2090 1111 2261 1154; x_wconf 85' lang='lat' dir='ltr'>indivisis,</span> <span class='ocrx_word' id='word_1_694' title='bbox 2284 1116 2325 1147; x_wconf 92' lang='lat' dir='ltr'>ut</span> <span class='ocrx_word' id='word_1_695' title='bbox 2347 1114 2400 1148; x_wconf 90' lang='lat' dir='ltr'>in-</span> 
     </span>
     <span class='ocr_line' id='line_1_100' title="bbox 1313 1120 2399 1210; baseline 0.005 -22"><span class='ocrx_word' id='word_1_696' title='bbox 1313 1153 1460 1205; x_wconf 78' lang='lat' dir='ltr'>tellectu</span> <span class='ocrx_word' id='word_1_697' title='bbox 1482 1154 1594 1206; x_wconf 76' lang='lat' dir='ltr'>magis</span> <span class='ocrx_word' id='word_1_698' title='bbox 1618 1158 1740 1199; x_wconf 90' lang='lat' dir='ltr'>partes</span> <span class='ocrx_word' id='word_1_699' title='bbox 1758 1120 1916 1190; x_wconf 51' lang='lat' dir='ltr'>{abeant</span> <span class='ocrx_word' id='word_1_700' title='bbox 1940 1166 2047 1201; x_wconf 88' lang='lat' dir='ltr'>quam</span> <span class='ocrx_word' id='word_1_701' title='bbox 2071 1167 2236 1210; x_wconf 86' lang='lat' dir='ltr'>corpore:</span> <span class='ocrx_word' id='word_1_702' title='bbox 2262 1163 2298 1192; x_wconf 90' lang='lat' dir='ltr'>et</span> <span class='ocrx_word' id='word_1_703' title='bbox 2320 1158 2399 1193; x_wconf 93' lang='lat' dir='ltr'>ideo</span> 
     </span>
     <span class='ocr_line' id='line_1_101' title="bbox 1314 1198 2400 1248; baseline 0.005 -15"><span class='ocrx_word' id='word_1_704' title='bbox 1314 1209 1344 1233; x_wconf 83' lang='lat' dir='ltr'>si</span> <span class='ocrx_word' id='word_1_705' title='bbox 1377 1198 1461 1243; x_wconf 76' lang='lat' dir='ltr'>quid</span> <span class='ocrx_word' id='word_1_706' title='bbox 1492 1202 1538 1234; x_wconf 79' lang='lat' dir='ltr'>sti</span> <span class='ocrx_word' id='word_1_707' title='bbox 1564 1199 1685 1235; x_wconf 87' lang='lat' dir='ltr'>ulatur</span> <span class='ocrx_word' id='word_1_708' title='bbox 1715 1199 1771 1235; x_wconf 87' lang='lat' dir='ltr'>vel</span> <span class='ocrx_word' id='word_1_709' title='bbox 1800 1211 1943 1246; x_wconf 87' lang='lat' dir='ltr'>quaqua</span> <span class='ocrx_word' id='word_1_710' title='bbox 1973 1201 2045 1236; x_wconf 89' lang='lat' dir='ltr'>alia</span> <span class='ocrx_word' id='word_1_711' title='bbox 2073 1206 2212 1238; x_wconf 81' lang='lat' dir='ltr'>ratione</span> <span class='ocrx_word' id='word_1_712' title='bbox 2235 1203 2400 1248; x_wconf 85' lang='lat' dir='ltr'>adquirit,</span> 
     </span>
     <span class='ocr_line' id='line_1_102' title="bbox 1315 1210 2399 1292; baseline 0.006 -14"><span class='ocrx_word' id='word_1_713' title='bbox 1315 1244 1480 1279; x_wconf 91' lang='lat' dir='ltr'>omnibus</span> <span class='ocrx_word' id='word_1_714' title='bbox 1516 1210 1673 1290; x_wconf 45' lang='lat' dir='ltr'>adquirit</span> <span class='ocrx_word' id='word_1_715' title='bbox 1704 1255 1770 1290; x_wconf 92' lang='lat' dir='ltr'>pro</span> <span class='ocrx_word' id='word_1_716' title='bbox 1802 1250 1925 1291; x_wconf 89' lang='lat' dir='ltr'>parte,</span> <span class='ocrx_word' id='word_1_717' title='bbox 1962 1257 2033 1292; x_wconf 90' lang='lat' dir='ltr'>qua</span> <span class='ocrx_word' id='word_1_718' title='bbox 2067 1247 2262 1283; x_wconf 88' lang='lat' dir='ltr'>dominium</span> <span class='ocrx_word' id='word_1_719' title='bbox 2289 1249 2326 1283; x_wconf 93' lang='lat' dir='ltr'>in</span> <span class='ocrx_word' id='word_1_720' title='bbox 2358 1259 2399 1284; x_wconf 93' lang='lat' dir='ltr'>eo</span> 
     </span>
     <span class='ocr_line' id='line_1_103' title="bbox 1313 1289 2399 1330; baseline 0.006 -6"><span class='ocrx_word' id='word_1_721' title='bbox 1313 1289 1459 1324; x_wconf 89' lang='lat' dir='ltr'>habent.</span> <span class='ocrx_word' id='word_1_722' title='bbox 1507 1289 1591 1325; x_wconf 91' lang='lat' dir='ltr'>licet</span> <span class='ocrx_word' id='word_1_723' title='bbox 1621 1295 1740 1326; x_wconf 90' lang='lat' dir='ltr'>autem</span> <span class='ocrx_word' id='word_1_724' title='bbox 1772 1291 1805 1326; x_wconf 93' lang='lat' dir='ltr'>ei</span> <span class='ocrx_word' id='word_1_725' title='bbox 1829 1295 1865 1326; x_wconf 90' lang='lat' dir='ltr'>et</span> <span class='ocrx_word' id='word_1_726' title='bbox 1895 1292 2103 1328; x_wconf 89' lang='lat' dir='ltr'>nominatim</span> <span class='ocrx_word' id='word_1_727' title='bbox 2133 1293 2243 1329; x_wconf 82' lang='lat' dir='ltr'>alicui</span> <span class='ocrx_word' id='word_1_728' title='bbox 2265 1303 2308 1329; x_wconf 89' lang='lat' dir='ltr'>ex</span> <span class='ocrx_word' id='word_1_729' title='bbox 2337 1294 2399 1330; x_wconf 86' lang='lat' dir='ltr'>do-</span> 
     </span>
     <span class='ocr_line' id='line_1_104' title="bbox 1313 1334 2402 1383; baseline 0.004 -14"><span class='ocrx_word' id='word_1_730' title='bbox 1313 1334 1418 1370; x_wconf 91' lang='lat' dir='ltr'>minis</span> <span class='ocrx_word' id='word_1_731' title='bbox 1442 1335 1607 1380; x_wconf 89' lang='lat' dir='ltr'>stipulari</span> <span class='ocrx_word' id='word_1_732' title='bbox 1629 1335 1685 1371; x_wconf 88' lang='lat' dir='ltr'>vel</span> <span class='ocrx_word' id='word_1_733' title='bbox 1708 1336 1878 1371; x_wconf 89' lang='lat' dir='ltr'>traditam</span> <span class='ocrx_word' id='word_1_734' title='bbox 1900 1347 1975 1372; x_wconf 91' lang='lat' dir='ltr'>rem</span> <span class='ocrx_word' id='word_1_735' title='bbox 2005 1337 2184 1383; x_wconf 86' lang='lat' dir='ltr'>accipere,</span> <span class='ocrx_word' id='word_1_736' title='bbox 2214 1341 2255 1373; x_wconf 91' lang='lat' dir='ltr'>ut</span> <span class='ocrx_word' id='word_1_737' title='bbox 2277 1339 2311 1374; x_wconf 88' lang='lat' dir='ltr'>ei</span> <span class='ocrx_word' id='word_1_738' title='bbox 2334 1339 2402 1375; x_wconf 88' lang='lat' dir='ltr'>soli</span> 
     </span>
     <span class='ocr_line' id='line_1_105' title="bbox 1315 1380 2401 1429; baseline 0.006 -15"><span class='ocrx_word' id='word_1_739' title='bbox 1315 1380 1491 1425; x_wconf 87' lang='lat' dir='ltr'>adquirat.</span> <span class='ocrx_word' id='word_1_740' title='bbox 1528 1380 1630 1416; x_wconf 88' lang='lat' dir='ltr'>sed¹⁰</span> <span class='ocrx_word' id='word_1_741' title='bbox 1654 1381 1685 1417; x_wconf 83' lang='lat' dir='ltr'>si</span> <span class='ocrx_word' id='word_1_742' title='bbox 1708 1392 1781 1416; x_wconf 92' lang='lat' dir='ltr'>non</span> <span class='ocrx_word' id='word_1_743' title='bbox 1804 1381 2011 1417; x_wconf 87' lang='lat' dir='ltr'>nominatim</span> <span class='ocrx_word' id='word_1_744' title='bbox 2035 1382 2178 1418; x_wconf 87' lang='lat' dir='ltr'>domino</span> <span class='ocrx_word' id='word_1_745' title='bbox 2197 1384 2401 1429; x_wconf 88' lang='lat' dir='ltr'>stipuletur,</span> 
     </span>
     <span class='ocr_line' id='line_1_106' title="bbox 1314 1425 2401 1474; baseline 0.004 -14"><span class='ocrx_word' id='word_1_746' title='bbox 1314 1425 1378 1461; x_wconf 89' lang='lat' dir='ltr'>sed</span> <span class='ocrx_word' id='word_1_747' title='bbox 1400 1425 1500 1461; x_wconf 85' lang='lat' dir='ltr'>iussu</span> <span class='ocrx_word' id='word_1_748' title='bbox 1524 1426 1630 1462; x_wconf 91' lang='lat' dir='ltr'>unius</span> <span class='ocrx_word' id='word_1_749' title='bbox 1649 1426 1884 1470; x_wconf 87' lang='lat' dir='ltr'>dominorum,</span> <span class='ocrx_word' id='word_1_750' title='bbox 1908 1427 1978 1463; x_wconf 91' lang='lat' dir='ltr'>hoc</span> <span class='ocrx_word' id='word_1_751' title='bbox 2001 1429 2079 1464; x_wconf 88' lang='lat' dir='ltr'>iure</span> <span class='ocrx_word' id='word_1_752' title='bbox 2101 1429 2244 1474; x_wconf 91' lang='lat' dir='ltr'>utimur,</span> <span class='ocrx_word' id='word_1_753' title='bbox 2269 1433 2309 1464; x_wconf 87' lang='lat' dir='ltr'>ut</span> <span class='ocrx_word' id='word_1_754' title='bbox 2333 1430 2401 1466; x_wconf 90' lang='lat' dir='ltr'>soli</span> 
     </span>
     <span class='ocr_line' id='line_1_107' title="bbox 1314 1471 2106 1518; baseline 0.005 -13"><span class='ocrx_word' id='word_1_755' title='bbox 1314 1471 1348 1506; x_wconf 91' lang='lat' dir='ltr'>ei</span> <span class='ocrx_word' id='word_1_756' title='bbox 1371 1471 1418 1506; x_wconf 90' lang='lat' dir='ltr'>ad</span> <span class='ocrx_word' id='word_1_757' title='bbox 1442 1471 1548 1514; x_wconf 90' lang='lat' dir='ltr'>uirat,</span> <span class='ocrx_word' id='word_1_758' title='bbox 1574 1472 1675 1507; x_wconf 91' lang='lat' dir='ltr'>cuius</span> <span class='ocrx_word' id='word_1_759' title='bbox 1698 1473 1799 1508; x_wconf 89' lang='lat' dir='ltr'>iussu</span> <span class='ocrx_word' id='word_1_760' title='bbox 1822 1473 2015 1518; x_wconf 88' lang='lat' dir='ltr'>stipulatus</span> <span class='ocrx_word' id='word_1_761' title='bbox 2038 1476 2106 1509; x_wconf 86' lang='lat' dir='ltr'>est.</span> 
     </span>
    </p>

    <p class='ocr_par' dir='ltr' id='par_1_22' title="bbox 1313 1513 2401 1732">
     <span class='ocr_line' id='line_1_108' title="bbox 1360 1513 2399 1556; baseline 0.001 -3"><span class='ocrx_word' id='word_1_762' title='bbox 1360 1513 1386 1553; x_wconf 87' lang='grc'>6</span> <span class='ocrx_word' id='word_1_763' title='bbox 1447 1525 1640 1552; x_wconf 68' lang='lat' dir='ltr'>oupomvs</span> <span class='ocrx_word' id='word_1_764' title='bbox 1667 1517 1758 1554; x_wconf 82' lang='lat' dir='ltr'>libro</span> <span class='ocrx_word' id='word_1_765' title='bbox 1789 1518 1978 1553; x_wconf 76' lang='lat' dir='ltr'>vicensimo</span> <span class='ocrx_word' id='word_1_766' title='bbox 2010 1523 2115 1554; x_wconf 79' lang='lat' dir='ltr'>sexto</span> <span class='ocrx_word' id='word_1_767' title='bbox 2147 1518 2197 1554; x_wconf 87' lang='lat' dir='ltr'>ad</span> <span class='ocrx_word' id='word_1_768' title='bbox 2226 1517 2399 1556; x_wconf 72' lang='lat' dir='ltr'>Sabinum</span> 
     </span>
     <span class='ocr_line' id='line_1_109' title="bbox 1315 1560 2399 1610; baseline 0.004 -14"><span class='ocrx_word' id='word_1_769' title='bbox 1315 1560 1440 1597; x_wconf 89' lang='lat' dir='ltr'>Ofilius</span> <span class='ocrx_word' id='word_1_770' title='bbox 1476 1565 1574 1597; x_wconf 92' lang='lat' dir='ltr'>recte</span> <span class='ocrx_word' id='word_1_771' title='bbox 1606 1562 1750 1598; x_wconf 89' lang='lat' dir='ltr'>dicebat</span> <span class='ocrx_word' id='word_1_772' title='bbox 1783 1567 1820 1599; x_wconf 89' lang='lat' dir='ltr'>et</span> <span class='ocrx_word' id='word_1_773' title='bbox 1846 1573 1912 1609; x_wconf 91' lang='lat' dir='ltr'>per</span> <span class='ocrx_word' id='word_1_774' title='bbox 1943 1563 2169 1599; x_wconf 86' lang='lat' dir='ltr'>traditionem</span> <span class='ocrx_word' id='word_1_775' title='bbox 2192 1564 2399 1610; x_wconf 88' lang='lat' dir='ltr'>accipiendo</span> 
     </span>
     <span class='ocr_line' id='line_1_110' title="bbox 1313 1606 2399 1654; baseline 0.003 -12"><span class='ocrx_word' id='word_1_776' title='bbox 1313 1607 1367 1642; x_wconf 82' lang='lat' dir='ltr'>vel</span> <span class='ocrx_word' id='word_1_777' title='bbox 1399 1606 1612 1653; x_wconf 87' lang='lat' dir='ltr'>deponendo</span> <span class='ocrx_word' id='word_1_778' title='bbox 1652 1608 1982 1653; x_wconf 86' lang='lat' dir='ltr'>commodandoque</span> <span class='ocrx_word' id='word_1_779' title='bbox 2018 1619 2123 1654; x_wconf 88' lang='lat' dir='ltr'>posse</span> <span class='ocrx_word' id='word_1_780' title='bbox 2163 1609 2232 1645; x_wconf 89' lang='lat' dir='ltr'>soli</span> <span class='ocrx_word' id='word_1_781' title='bbox 2268 1609 2302 1645; x_wconf 92' lang='lat' dir='ltr'>ei</span> <span class='ocrx_word' id='word_1_782' title='bbox 2336 1610 2399 1645; x_wconf 89' lang='lat' dir='ltr'>ad-</span> 
     </span>
     <span class='ocr_line' id='line_1_111' title="bbox 1313 1652 2401 1732; baseline 0.003 -45"><span class='ocrx_word' id='word_1_783' title='bbox 1313 1652 1423 1732; x_wconf 55' lang='lat' dir='ltr'>aiuiri,</span> <span class='ocrx_word' id='word_1_784' title='bbox 1461 1652 1522 1697; x_wconf 90' lang='lat' dir='ltr'>qui</span> <span class='ocrx_word' id='word_1_785' title='bbox 1545 1652 1667 1689; x_wconf 87' lang='lat' dir='ltr'>iussit:</span> <span class='ocrx_word' id='word_1_786' title='bbox 1698 1663 1790 1698; x_wconf 91' lang='lat' dir='ltr'>quae</span> <span class='ocrx_word' id='word_1_787' title='bbox 1813 1654 1990 1689; x_wconf 89' lang='lat' dir='ltr'>sententia</span> <span class='ocrx_word' id='word_1_788' title='bbox 2022 1658 2058 1689; x_wconf 91' lang='lat' dir='ltr'>et</span> <span class='ocrx_word' id='word_1_789' title='bbox 2081 1654 2194 1690; x_wconf 85' lang='lat' dir='ltr'>Cassii</span> <span class='ocrx_word' id='word_1_790' title='bbox 2217 1657 2254 1691; x_wconf 90' lang='lat' dir='ltr'>et</span> <span class='ocrx_word' id='word_1_791' title='bbox 2276 1654 2401 1690; x_wconf 85' lang='lat' dir='ltr'>Sabini</span> 
     </span>
    </p>

    <p class='ocr_par' dir='ltr' id='par_1_23' title="bbox 1351 1698 1454 1733">
     <span class='ocr_line' id='line_1_112' title="bbox 1351 1698 1454 1733; baseline 0 -1"><span class='ocrx_word' id='word_1_792' title='bbox 1351 1698 1454 1733; x_wconf 90' lang='lat' dir='ltr'>citur.</span> 
     </span>
    </p>
   </div>
   <div class='ocr_carea' id='block_1_13' title="bbox 1308 1740 2401 3555">
    <p class='ocr_par' dir='ltr' id='par_1_24' title="bbox 1309 1740 2401 2794">
     <span class='ocr_line' id='line_1_113' title="bbox 1360 1740 2395 1791; baseline 0.002 -13"><span class='ocrx_word' id='word_1_793' title='bbox 1360 1740 1384 1779; x_wconf 90' lang='lat'>7</span> <span class='ocrx_word' id='word_1_794' title='bbox 1417 1743 1612 1779; x_wconf 63' lang='lat' dir='ltr'>Urpmws</span> <span class='ocrx_word' id='word_1_795' title='bbox 1640 1743 1731 1779; x_wconf 79' lang='lat' dir='ltr'>libro</span> <span class='ocrx_word' id='word_1_796' title='bbox 1764 1743 2044 1791; x_wconf 75' lang='lat' dir='ltr'>quadraqesimo</span> <span class='ocrx_word' id='word_1_797' title='bbox 2075 1749 2200 1780; x_wconf 82' lang='lat' dir='ltr'>octavo</span> <span class='ocrx_word' id='word_1_798' title='bbox 2225 1745 2275 1780; x_wconf 84' lang='lat' dir='ltr'>ad</span> <span class='ocrx_word' id='word_1_799' title='bbox 2297 1744 2395 1781; x_wconf 80' lang='lat' dir='ltr'>Sabi-</span> 
     </span>
     <span class='ocr_line' id='line_1_114' title="bbox 1312 1787 2401 1834; baseline 0.004 -12"><span class='ocrx_word' id='word_1_800' title='bbox 1312 1799 1398 1823; x_wconf 82' lang='lat' dir='ltr'>num</span> <span class='ocrx_word' id='word_1_801' title='bbox 1445 1787 1601 1824; x_wconf 91' lang='lat' dir='ltr'>Proinde</span> <span class='ocrx_word' id='word_1_802' title='bbox 1625 1792 1661 1824; x_wconf 90' lang='lat' dir='ltr'>et</span> <span class='ocrx_word' id='word_1_803' title='bbox 1684 1788 1717 1824; x_wconf 91' lang='lat' dir='ltr'>si</span> <span class='ocrx_word' id='word_1_804' title='bbox 1740 1792 1910 1834; x_wconf 85' lang='lat' dir='ltr'>quattuor</span> <span class='ocrx_word' id='word_1_805' title='bbox 1932 1788 2025 1825; x_wconf 89' lang='lat' dir='ltr'>forte</span> <span class='ocrx_word' id='word_1_806' title='bbox 2049 1789 2210 1826; x_wconf 86' lang='lat' dir='ltr'>dominos</span> <span class='ocrx_word' id='word_1_807' title='bbox 2234 1790 2401 1826; x_wconf 88' lang='lat' dir='ltr'>habuerit</span> 
     </span>
     <span class='ocr_line' id='line_1_115' title="bbox 1314 1833 2398 1881; baseline 0.003 -13"><span class='ocrx_word' id='word_1_808' title='bbox 1314 1837 1350 1868; x_wconf 90' lang='lat' dir='ltr'>et</span> <span class='ocrx_word' id='word_1_809' title='bbox 1372 1833 1525 1869; x_wconf 90' lang='lat' dir='ltr'>duorum</span> <span class='ocrx_word' id='word_1_810' title='bbox 1548 1833 1649 1869; x_wconf 91' lang='lat' dir='ltr'>iussu</span> <span class='ocrx_word' id='word_1_811' title='bbox 1673 1834 1864 1879; x_wconf 87' lang='lat' dir='ltr'>stipulatus</span> <span class='ocrx_word' id='word_1_812' title='bbox 1889 1835 1945 1879; x_wconf 88' lang='lat' dir='ltr'>sit,</span> <span class='ocrx_word' id='word_1_813' title='bbox 1969 1834 2025 1870; x_wconf 89' lang='lat' dir='ltr'>his</span> <span class='ocrx_word' id='word_1_814' title='bbox 2044 1835 2130 1871; x_wconf 90' lang='lat' dir='ltr'>solis</span> <span class='ocrx_word' id='word_1_815' title='bbox 2154 1835 2318 1880; x_wconf 90' lang='lat' dir='ltr'>adquiret</span> <span class='ocrx_word' id='word_1_816' title='bbox 2341 1837 2398 1881; x_wconf 90' lang='lat' dir='ltr'>qui</span> 
     </span>
     <span class='ocr_line' id='line_1_116' title="bbox 1311 1878 2398 1927; baseline 0.003 -13"><span class='ocrx_word' id='word_1_817' title='bbox 1311 1878 1512 1922; x_wconf 90' lang='lat' dir='ltr'>iusserunt,</span> <span class='ocrx_word' id='word_1_818' title='bbox 1536 1879 1721 1924; x_wconf 83' lang='lat' dir='ltr'>magisque</span> <span class='ocrx_word' id='word_1_819' title='bbox 1744 1882 1815 1924; x_wconf 87' lang='lat' dir='ltr'>est,</span> <span class='ocrx_word' id='word_1_820' title='bbox 1839 1883 1881 1915; x_wconf 90' lang='lat' dir='ltr'>ut</span> <span class='ocrx_word' id='word_1_821' title='bbox 1903 1890 1977 1916; x_wconf 91' lang='lat' dir='ltr'>non</span> <span class='ocrx_word' id='word_1_822' title='bbox 2001 1881 2214 1925; x_wconf 85' lang='lat' dir='ltr'>aequaliter,</span> <span class='ocrx_word' id='word_1_823' title='bbox 2247 1881 2311 1917; x_wconf 89' lang='lat' dir='ltr'>sed</span> <span class='ocrx_word' id='word_1_824' title='bbox 2333 1892 2398 1927; x_wconf 90' lang='lat' dir='ltr'>pro</span> 
     </span>
     <span class='ocr_line' id='line_1_117' title="bbox 1312 1924 2399 1972; baseline 0.004 -13"><span class='ocrx_word' id='word_1_825' title='bbox 1312 1924 1476 1969; x_wconf 88' lang='lat' dir='ltr'>portione</span> <span class='ocrx_word' id='word_1_826' title='bbox 1508 1924 1686 1960; x_wconf 88' lang='lat' dir='ltr'>dominica</span> <span class='ocrx_word' id='word_1_827' title='bbox 1713 1928 1828 1960; x_wconf 91' lang='lat' dir='ltr'>totum</span> <span class='ocrx_word' id='word_1_828' title='bbox 1852 1925 1903 1961; x_wconf 89' lang='lat' dir='ltr'>eis</span> <span class='ocrx_word' id='word_1_829' title='bbox 1928 1925 2149 1971; x_wconf 87' lang='lat' dir='ltr'>adquiratur.</span> <span class='ocrx_word' id='word_1_830' title='bbox 2196 1926 2288 1962; x_wconf 89' lang='lat' dir='ltr'>idem</span> <span class='ocrx_word' id='word_1_831' title='bbox 2312 1931 2399 1972; x_wconf 91' lang='lat' dir='ltr'>puto</span> 
     </span>
     <span class='ocr_line' id='line_1_118' title="bbox 1312 1969 2399 2017; baseline 0.003 -13"><span class='ocrx_word' id='word_1_832' title='bbox 1312 1973 1349 2005; x_wconf 92' lang='lat' dir='ltr'>et</span> <span class='ocrx_word' id='word_1_833' title='bbox 1371 1970 1403 2005; x_wconf 91' lang='lat' dir='ltr'>si</span> <span class='ocrx_word' id='word_1_834' title='bbox 1425 1970 1635 2005; x_wconf 90' lang='lat' dir='ltr'>nominatim</span> <span class='ocrx_word' id='word_1_835' title='bbox 1657 1969 1709 2005; x_wconf 92' lang='lat' dir='ltr'>eis</span> <span class='ocrx_word' id='word_1_836' title='bbox 1733 1970 1925 2016; x_wconf 88' lang='lat' dir='ltr'>stipulatus</span> <span class='ocrx_word' id='word_1_837' title='bbox 1949 1981 2029 2007; x_wconf 82' lang='lat' dir='ltr'>esse</span> <span class='ocrx_word' id='word_1_838' title='bbox 2077 1975 2287 2017; x_wconf 86' lang='lat' dir='ltr'>roponatur:</span> <span class='ocrx_word' id='word_1_839' title='bbox 2318 1982 2399 2007; x_wconf 90' lang='lat' dir='ltr'>nam</span> 
     </span>
     <span class='ocr_line' id='line_1_119' title="bbox 1313 1982 2399 2061; baseline 0.002 -11"><span class='ocrx_word' id='word_1_840' title='bbox 1313 2018 1350 2050; x_wconf 90' lang='lat' dir='ltr'>et</span> <span class='ocrx_word' id='word_1_841' title='bbox 1371 2015 1403 2050; x_wconf 92' lang='lat' dir='ltr'>si</span> <span class='ocrx_word' id='word_1_842' title='bbox 1426 2015 1582 2052; x_wconf 91' lang='lat' dir='ltr'>omnium</span> <span class='ocrx_word' id='word_1_843' title='bbox 1605 2015 1707 2051; x_wconf 89' lang='lat' dir='ltr'>iussu</span> <span class='ocrx_word' id='word_1_844' title='bbox 1730 2016 1923 2061; x_wconf 88' lang='lat' dir='ltr'>stipulatus</span> <span class='ocrx_word' id='word_1_845' title='bbox 1947 2016 1995 2052; x_wconf 89' lang='lat' dir='ltr'>sit</span> <span class='ocrx_word' id='word_1_846' title='bbox 2016 1982 2075 2052; x_wconf 55' lang='lat' dir='ltr'>vell)</span> <span class='ocrx_word' id='word_1_847' title='bbox 2097 2017 2261 2053; x_wconf 89' lang='lat' dir='ltr'>omnibus</span> <span class='ocrx_word' id='word_1_848' title='bbox 2283 2018 2399 2052; x_wconf 91' lang='lat' dir='ltr'>nomi-</span> 
     </span>
     <span class='ocr_line' id='line_1_120' title="bbox 1312 2060 2399 2107; baseline 0.001 -11"><span class='ocrx_word' id='word_1_849' title='bbox 1312 2061 1442 2103; x_wconf 88' lang='lat' dir='ltr'>natim,</span> <span class='ocrx_word' id='word_1_850' title='bbox 1467 2071 1540 2096; x_wconf 91' lang='lat' dir='ltr'>non</span> <span class='ocrx_word' id='word_1_851' title='bbox 1563 2060 1808 2097; x_wconf 86' lang='lat' dir='ltr'>dubitaremus</span> <span class='ocrx_word' id='word_1_852' title='bbox 1832 2062 1996 2098; x_wconf 85' lang='lat' dir='ltr'>omnibus</span> <span class='ocrx_word' id='word_1_853' title='bbox 2020 2072 2085 2107; x_wconf 90' lang='lat' dir='ltr'>pro</span> <span class='ocrx_word' id='word_1_854' title='bbox 2110 2061 2294 2098; x_wconf 87' lang='lat' dir='ltr'>dominicis</span> <span class='ocrx_word' id='word_1_855' title='bbox 2320 2073 2399 2097; x_wconf 88' lang='lat' dir='ltr'>eum</span> 
     </span>
     <span class='ocr_line' id='line_1_121' title="bbox 1318 2106 2399 2152; baseline 0.002 -11"><span class='ocrx_word' id='word_1_856' title='bbox 1318 2109 1330 2141; x_wconf 79' lang='lat' dir='ltr'>l</span> <span class='ocrx_word' id='word_1_857' title='bbox 1379 2106 1624 2151; x_wconf 88' lang='lat' dir='ltr'>portionibus,</span> <span class='ocrx_word' id='word_1_858' title='bbox 1649 2116 1722 2142; x_wconf 91' lang='lat' dir='ltr'>non</span> <span class='ocrx_word' id='word_1_859' title='bbox 1743 2117 1810 2152; x_wconf 91' lang='lat' dir='ltr'>pro</span> <span class='ocrx_word' id='word_1_860' title='bbox 1834 2107 1994 2143; x_wconf 85' lang='lat' dir='ltr'>virilibus</span> <span class='ocrx_word' id='word_1_861' title='bbox 2018 2107 2216 2152; x_wconf 84' lang='lat' dir='ltr'>adquirere.</span> <span class='ocrx_word' id='word_1_862' title='bbox 2265 2108 2303 2143; x_wconf 89' lang='lat' dir='ltr'>Si</span> <span class='ocrx_word' id='word_1_863' title='bbox 2326 2118 2399 2143; x_wconf 91' lang='lat' dir='ltr'>ser-</span> 
     </span>
     <span class='ocr_line' id='line_1_122' title="bbox 1311 2151 2400 2198; baseline 0.002 -12"><span class='ocrx_word' id='word_1_864' title='bbox 1311 2161 1376 2187; x_wconf 84' lang='lat' dir='ltr'>vus</span> <span class='ocrx_word' id='word_1_865' title='bbox 1401 2151 1597 2187; x_wconf 89' lang='lat' dir='ltr'>communis</span> <span class='ocrx_word' id='word_1_866' title='bbox 1621 2152 1667 2187; x_wconf 91' lang='lat' dir='ltr'>ab</span> <span class='ocrx_word' id='word_1_867' title='bbox 1685 2162 1757 2187; x_wconf 90' lang='lat' dir='ltr'>uno</span> <span class='ocrx_word' id='word_1_868' title='bbox 1782 2162 1827 2187; x_wconf 82' lang='lat' dir='ltr'>ex</span> <span class='ocrx_word' id='word_1_869' title='bbox 1850 2153 1956 2188; x_wconf 87' lang='lat' dir='ltr'>sociis</span> <span class='ocrx_word' id='word_1_870' title='bbox 1977 2153 2170 2198; x_wconf 88' lang='lat' dir='ltr'>stipulatus</span> <span class='ocrx_word' id='word_1_871' title='bbox 2187 2153 2244 2195; x_wconf 89' lang='lat' dir='ltr'>sit,</span> <span class='ocrx_word' id='word_1_872' title='bbox 2268 2153 2299 2188; x_wconf 92' lang='lat' dir='ltr'>si</span> <span class='ocrx_word' id='word_1_873' title='bbox 2322 2153 2400 2198; x_wconf 90' lang='lat' dir='ltr'>qui-</span> 
     </span>
     <span class='ocr_line' id='line_1_123' title="bbox 1313 2197 2399 2241; baseline 0.003 -10"><span class='ocrx_word' id='word_1_874' title='bbox 1313 2197 1392 2232; x_wconf 90' lang='lat' dir='ltr'>dem</span> <span class='ocrx_word' id='word_1_875' title='bbox 1429 2197 1638 2232; x_wconf 86' lang='lat' dir='ltr'>nominatim</span> <span class='ocrx_word' id='word_1_876' title='bbox 1673 2197 1778 2233; x_wconf 87' lang='lat' dir='ltr'>alteri</span> <span class='ocrx_word' id='word_1_877' title='bbox 1812 2197 1927 2241; x_wconf 87' lang='lat' dir='ltr'>socio,</span> <span class='ocrx_word' id='word_1_878' title='bbox 1967 2198 2001 2234; x_wconf 90' lang='lat' dir='ltr'>ei</span> <span class='ocrx_word' id='word_1_879' title='bbox 2037 2197 2105 2234; x_wconf 91' lang='lat' dir='ltr'>soli</span> <span class='ocrx_word' id='word_1_880' title='bbox 2136 2198 2304 2234; x_wconf 86' lang='lat' dir='ltr'>debetur:</span> <span class='ocrx_word' id='word_1_881' title='bbox 2344 2199 2399 2234; x_wconf 91' lang='lat' dir='ltr'>sin</span> 
     </span>
     <span class='ocr_line' id='line_1_124' title="bbox 1312 2242 2399 2288; baseline 0.002 -11"><span class='ocrx_word' id='word_1_882' title='bbox 1312 2246 1432 2278; x_wconf 89' lang='lat' dir='ltr'>autem</span> <span class='ocrx_word' id='word_1_883' title='bbox 1463 2242 1540 2278; x_wconf 90' lang='lat' dir='ltr'>sine</span> <span class='ocrx_word' id='word_1_884' title='bbox 1569 2242 1643 2278; x_wconf 92' lang='lat' dir='ltr'>ulla</span> <span class='ocrx_word' id='word_1_885' title='bbox 1667 2242 1866 2279; x_wconf 90' lang='lat' dir='ltr'>adiectione</span> <span class='ocrx_word' id='word_1_886' title='bbox 1888 2253 1978 2288; x_wconf 90' lang='lat' dir='ltr'>pure</span> <span class='ocrx_word' id='word_1_887' title='bbox 2001 2243 2194 2288; x_wconf 88' lang='lat' dir='ltr'>stipulatus</span> <span class='ocrx_word' id='word_1_888' title='bbox 2218 2244 2282 2287; x_wconf 88' lang='lat' dir='ltr'>sit,</span> <span class='ocrx_word' id='word_1_889' title='bbox 2317 2245 2399 2280; x_wconf 92' lang='lat' dir='ltr'>reli-</span> 
     </span>
     <span class='ocr_line' id='line_1_125' title="bbox 1312 2287 2398 2334; baseline 0.002 -12"><span class='ocrx_word' id='word_1_890' title='bbox 1312 2298 1401 2332; x_wconf 90' lang='lat' dir='ltr'>quas</span> <span class='ocrx_word' id='word_1_891' title='bbox 1430 2291 1553 2333; x_wconf 89' lang='lat' dir='ltr'>partes</span> <span class='ocrx_word' id='word_1_892' title='bbox 1583 2287 1654 2323; x_wconf 87' lang='lat' dir='ltr'>is¹¹</span> <span class='ocrx_word' id='word_1_893' title='bbox 1693 2298 1816 2324; x_wconf 89' lang='lat' dir='ltr'>servus</span> <span class='ocrx_word' id='word_1_894' title='bbox 1849 2288 1976 2324; x_wconf 86' lang='lat' dir='ltr'>ceteris</span> <span class='ocrx_word' id='word_1_895' title='bbox 2008 2288 2116 2325; x_wconf 91' lang='lat' dir='ltr'>sociis</span> <span class='ocrx_word' id='word_1_896' title='bbox 2146 2292 2291 2334; x_wconf 88' lang='lat' dir='ltr'>praeter</span> <span class='ocrx_word' id='word_1_897' title='bbox 2320 2299 2398 2325; x_wconf 90' lang='lat' dir='ltr'>eam</span> 
     </span>
     <span class='ocr_line' id='line_1_126' title="bbox 1311 2333 2397 2380; baseline 0.003 -13"><span class='ocrx_word' id='word_1_898' title='bbox 1311 2336 1468 2378; x_wconf 88' lang='lat' dir='ltr'>partem,</span> <span class='ocrx_word' id='word_1_899' title='bbox 1500 2343 1546 2368; x_wconf 85' lang='lat' dir='ltr'>ex</span> <span class='ocrx_word' id='word_1_900' title='bbox 1569 2343 1640 2378; x_wconf 90' lang='lat' dir='ltr'>qua</span> <span class='ocrx_word' id='word_1_901' title='bbox 1663 2334 1858 2378; x_wconf 84' lang='lat' dir='ltr'>promissor</span> <span class='ocrx_word' id='word_1_902' title='bbox 1885 2333 2049 2370; x_wconf 88' lang='lat' dir='ltr'>dominus</span> <span class='ocrx_word' id='word_1_903' title='bbox 2081 2338 2194 2377; x_wconf 87' lang='lat' dir='ltr'>esset,</span> <span class='ocrx_word' id='word_1_904' title='bbox 2225 2335 2397 2380; x_wconf 88' lang='lat' dir='ltr'>adquiret.</span> 
     </span>
     <span class='ocr_line' id='line_1_127' title="bbox 1311 2378 2398 2422; baseline 0.003 -9"><span class='ocrx_word' id='word_1_905' title='bbox 1311 2378 1374 2414; x_wconf 89' lang='lat' dir='ltr'>sed</span> <span class='ocrx_word' id='word_1_906' title='bbox 1405 2378 1437 2414; x_wconf 90' lang='lat' dir='ltr'>si</span> <span class='ocrx_word' id='word_1_907' title='bbox 1465 2379 1568 2414; x_wconf 89' lang='lat' dir='ltr'>iussu</span> <span class='ocrx_word' id='word_1_908' title='bbox 1597 2379 1704 2414; x_wconf 88' lang='lat' dir='ltr'>unius</span> <span class='ocrx_word' id='word_1_909' title='bbox 1736 2378 1824 2414; x_wconf 90' lang='lat' dir='ltr'>socii</span> <span class='ocrx_word' id='word_1_910' title='bbox 1857 2379 1903 2414; x_wconf 92' lang='lat' dir='ltr'>sti</span> <span class='ocrx_word' id='word_1_911' title='bbox 1929 2380 2049 2415; x_wconf 90' lang='lat' dir='ltr'>ulatus</span> <span class='ocrx_word' id='word_1_912' title='bbox 2079 2383 2153 2422; x_wconf 89' lang='lat' dir='ltr'>est,</span> <span class='ocrx_word' id='word_1_913' title='bbox 2188 2380 2282 2416; x_wconf 91' lang='lat' dir='ltr'>idem</span> <span class='ocrx_word' id='word_1_914' title='bbox 2311 2380 2398 2416; x_wconf 89' lang='lat' dir='ltr'>iuris</span> 
     </span>
     <span class='ocr_line' id='line_1_128' title="bbox 1311 2423 2399 2468; baseline 0.001 -9"><span class='ocrx_word' id='word_1_915' title='bbox 1311 2427 1383 2466; x_wconf 90' lang='lat' dir='ltr'>est,</span> <span class='ocrx_word' id='word_1_916' title='bbox 1417 2424 1513 2468; x_wconf 91' lang='lat' dir='ltr'>quod</span> <span class='ocrx_word' id='word_1_917' title='bbox 1544 2428 1654 2466; x_wconf 89' lang='lat' dir='ltr'>esset,</span> <span class='ocrx_word' id='word_1_918' title='bbox 1687 2423 1718 2459; x_wconf 91' lang='lat' dir='ltr'>si</span> <span class='ocrx_word' id='word_1_919' title='bbox 1741 2423 1854 2459; x_wconf 87' lang='lat' dir='ltr'>eidem</span> <span class='ocrx_word' id='word_1_920' title='bbox 1880 2424 1887 2431; x_wconf 82' lang='lat'>‘</span> <span class='ocrx_word' id='word_1_921' title='bbox 1919 2424 1927 2432; x_wconf 88' lang='lat'>&#39;</span> <span class='ocrx_word' id='word_1_922' title='bbox 1958 2425 2057 2460; x_wconf 89' lang='lat' dir='ltr'>socio</span> <span class='ocrx_word' id='word_1_923' title='bbox 2088 2424 2297 2460; x_wconf 88' lang='lat' dir='ltr'>nominatim</span> <span class='ocrx_word' id='word_1_924' title='bbox 2321 2425 2399 2460; x_wconf 91' lang='lat' dir='ltr'>dari</span> 
     </span>
     <span class='ocr_line' id='line_1_129' title="bbox 1311 2468 2397 2515; baseline 0.002 -11"><span class='ocrx_word' id='word_1_925' title='bbox 1311 2468 1502 2514; x_wconf 87' lang='lat' dir='ltr'>stipulatus</span> <span class='ocrx_word' id='word_1_926' title='bbox 1531 2472 1637 2505; x_wconf 90' lang='lat' dir='ltr'>esset.</span> <span class='ocrx_word' id='word_1_927' title='bbox 1686 2468 1863 2504; x_wconf 90' lang='lat' dir='ltr'>interdum</span> <span class='ocrx_word' id='word_1_928' title='bbox 1895 2470 2036 2506; x_wconf 87' lang='lat' dir='ltr'>etiamsi</span> <span class='ocrx_word' id='word_1_929' title='bbox 2066 2480 2181 2515; x_wconf 89' lang='lat' dir='ltr'>neque</span> <span class='ocrx_word' id='word_1_930' title='bbox 2211 2470 2312 2506; x_wconf 90' lang='lat' dir='ltr'>iussu</span> <span class='ocrx_word' id='word_1_931' title='bbox 2336 2481 2397 2506; x_wconf 90' lang='lat' dir='ltr'>ne-</span> 
     </span>
     <span class='ocr_line' id='line_1_130' title="bbox 1311 2514 2398 2560; baseline 0.002 -11"><span class='ocrx_word' id='word_1_932' title='bbox 1311 2524 1380 2560; x_wconf 90' lang='lat' dir='ltr'>que</span> <span class='ocrx_word' id='word_1_933' title='bbox 1417 2514 1625 2549; x_wconf 89' lang='lat' dir='ltr'>nominatim</span> <span class='ocrx_word' id='word_1_934' title='bbox 1667 2515 1772 2550; x_wconf 91' lang='lat' dir='ltr'>alteri</span> <span class='ocrx_word' id='word_1_935' title='bbox 1806 2524 1852 2550; x_wconf 84' lang='lat' dir='ltr'>ex</span> <span class='ocrx_word' id='word_1_936' title='bbox 1890 2514 2041 2551; x_wconf 89' lang='lat' dir='ltr'>dominis</span> <span class='ocrx_word' id='word_1_937' title='bbox 2076 2515 2324 2560; x_wconf 87' lang='lat' dir='ltr'>stipularetur,</span> <span class='ocrx_word' id='word_1_938' title='bbox 2365 2516 2398 2551; x_wconf 88' lang='lat' dir='ltr'>ei</span> 
     </span>
     <span class='ocr_line' id='line_1_131' title="bbox 1310 2559 2400 2606; baseline 0.002 -12"><span class='ocrx_word' id='word_1_939' title='bbox 1310 2564 1430 2595; x_wconf 89' lang='lat' dir='ltr'>tamen</span> <span class='ocrx_word' id='word_1_940' title='bbox 1461 2559 1529 2595; x_wconf 88' lang='lat' dir='ltr'>soli</span> <span class='ocrx_word' id='word_1_941' title='bbox 1557 2559 1744 2605; x_wconf 85' lang='lat' dir='ltr'>adquirere</span> <span class='ocrx_word' id='word_1_942' title='bbox 1775 2570 1856 2595; x_wconf 90' lang='lat' dir='ltr'>eum</span> <span class='ocrx_word' id='word_1_943' title='bbox 1885 2559 2025 2596; x_wconf 89' lang='lat' dir='ltr'>Iuliano</span> <span class='ocrx_word' id='word_1_944' title='bbox 2056 2560 2211 2606; x_wconf 87' lang='lat' dir='ltr'>placuit:</span> <span class='ocrx_word' id='word_1_945' title='bbox 2240 2565 2282 2596; x_wconf 92' lang='lat' dir='ltr'>ut</span> <span class='ocrx_word' id='word_1_946' title='bbox 2310 2566 2400 2606; x_wconf 89' lang='lat' dir='ltr'>puta</span> 
     </span>
     <span class='ocr_line' id='line_1_132' title="bbox 1311 2604 2397 2651; baseline 0.001 -11"><span class='ocrx_word' id='word_1_947' title='bbox 1311 2605 1341 2640; x_wconf 92' lang='lat' dir='ltr'>si</span> <span class='ocrx_word' id='word_1_948' title='bbox 1370 2604 1455 2650; x_wconf 91' lang='lat' dir='ltr'>quid</span> <span class='ocrx_word' id='word_1_949' title='bbox 1485 2604 1581 2640; x_wconf 85' lang='lat' dir='ltr'>forte</span> <span class='ocrx_word' id='word_1_950' title='bbox 1609 2605 1817 2650; x_wconf 84' lang='lat' dir='ltr'>stipuletur,</span> <span class='ocrx_word' id='word_1_951' title='bbox 1853 2606 1949 2651; x_wconf 90' lang='lat' dir='ltr'>quod</span> <span class='ocrx_word' id='word_1_952' title='bbox 1979 2605 2124 2651; x_wconf 90' lang='lat' dir='ltr'>utrique</span> <span class='ocrx_word' id='word_1_953' title='bbox 2155 2606 2296 2651; x_wconf 89' lang='lat' dir='ltr'>adquiri</span> <span class='ocrx_word' id='word_1_954' title='bbox 2326 2617 2397 2641; x_wconf 92' lang='lat' dir='ltr'>non</span> 
     </span>
     <span class='ocr_line' id='line_1_133' title="bbox 1309 2650 2397 2696; baseline 0 -10"><span class='ocrx_word' id='word_1_955' title='bbox 1309 2653 1439 2696; x_wconf 88' lang='lat' dir='ltr'>potest.</span> <span class='ocrx_word' id='word_1_956' title='bbox 1492 2650 1602 2686; x_wconf 84' lang='lat' dir='ltr'>veluti</span> <span class='ocrx_word' id='word_1_957' title='bbox 1637 2651 1843 2686; x_wconf 90' lang='lat' dir='ltr'>servitutem</span> <span class='ocrx_word' id='word_1_958' title='bbox 1879 2651 1925 2686; x_wconf 89' lang='lat' dir='ltr'>ad</span> <span class='ocrx_word' id='word_1_959' title='bbox 1959 2651 2109 2686; x_wconf 85' lang='lat' dir='ltr'>fundum</span> <span class='ocrx_word' id='word_1_960' title='bbox 2149 2651 2397 2687; x_wconf 88' lang='lat' dir='ltr'>Cornelianum</span> 
     </span>
     <span class='ocr_line' id='line_1_134' title="bbox 1311 2695 2396 2741; baseline 0.001 -10"><span class='ocrx_word' id='word_1_961' title='bbox 1311 2695 1503 2740; x_wconf 84' lang='lat' dir='ltr'>stipulatus</span> <span class='ocrx_word' id='word_1_962' title='bbox 1527 2700 1594 2738; x_wconf 88' lang='lat' dir='ltr'>est,</span> <span class='ocrx_word' id='word_1_963' title='bbox 1618 2696 1680 2741; x_wconf 91' lang='lat' dir='ltr'>qui</span> <span class='ocrx_word' id='word_1_964' title='bbox 1702 2695 1836 2731; x_wconf 88' lang='lat' dir='ltr'>fundus</span> <span class='ocrx_word' id='word_1_965' title='bbox 1859 2695 2060 2741; x_wconf 90' lang='lat' dir='ltr'>Sempronii</span> <span class='ocrx_word' id='word_1_966' title='bbox 2083 2699 2161 2732; x_wconf 89' lang='lat' dir='ltr'>erat</span> <span class='ocrx_word' id='word_1_967' title='bbox 2183 2697 2329 2732; x_wconf 87' lang='lat' dir='ltr'>alterius</span> <span class='ocrx_word' id='word_1_968' title='bbox 2352 2707 2396 2732; x_wconf 89' lang='lat' dir='ltr'>ex</span> 
     </span>
     <span class='ocr_line' id='line_1_135' title="bbox 1310 2739 1819 2794; baseline 0.002 -19"><span class='ocrx_word' id='word_1_969' title='bbox 1310 2741 1481 2776; x_wconf 88' lang='lat' dir='ltr'>dominis:</span> <span class='ocrx_word' id='word_1_970' title='bbox 1506 2740 1540 2776; x_wconf 92' lang='lat' dir='ltr'>ei</span> <span class='ocrx_word' id='word_1_971' title='bbox 1563 2741 1630 2777; x_wconf 90' lang='lat' dir='ltr'>soli</span> <span class='ocrx_word' id='word_1_972' title='bbox 1654 2739 1819 2794; x_wconf 81' lang='lat' dir='ltr'>adquirit.</span> 
     </span>
    </p>

    <p class='ocr_par' dir='ltr' id='par_1_25' title="bbox 1309 2783 2396 2922">
     <span class='ocr_line' id='line_1_136' title="bbox 1356 2783 2396 2833; baseline 0 -11"><span class='ocrx_word' id='word_1_973' title='bbox 1356 2783 1381 2824; x_wconf 88' lang='grc'><strong>8</strong></span> <span class='ocrx_word' id='word_1_974' title='bbox 1409 2786 1533 2822; x_wconf 66' lang='grc' dir='ltr'>θΔιπ</span> <span class='ocrx_word' id='word_1_975' title='bbox 1561 2786 1652 2822; x_wconf 78' lang='lat' dir='ltr'>libro</span> <span class='ocrx_word' id='word_1_976' title='bbox 1681 2786 1865 2833; x_wconf 73' lang='lat' dir='ltr'>smqulari</span> <span class='ocrx_word' id='word_1_977' title='bbox 1885 2786 1930 2822; x_wconf 83' lang='lat' dir='ltr'>de</span> <span class='ocrx_word' id='word_1_978' title='bbox 1952 2787 2094 2822; x_wconf 79' lang='lat' dir='ltr'>casibus</span> <span class='ocrx_word' id='word_1_979' title='bbox 2138 2786 2226 2822; x_wconf 91' lang='lat' dir='ltr'>Item</span> <span class='ocrx_word' id='word_1_980' title='bbox 2251 2787 2282 2822; x_wconf 91' lang='lat' dir='ltr'>si</span> <span class='ocrx_word' id='word_1_981' title='bbox 2305 2787 2396 2823; x_wconf 89' lang='lat' dir='ltr'>alter</span> 
     </span>
     <span class='ocr_line' id='line_1_137' title="bbox 1309 2831 2395 2868; baseline 0.002 -2"><span class='ocrx_word' id='word_1_982' title='bbox 1309 2842 1354 2867; x_wconf 81' lang='lat' dir='ltr'>ex</span> <span class='ocrx_word' id='word_1_983' title='bbox 1383 2831 1534 2867; x_wconf 89' lang='lat' dir='ltr'>dominis</span> <span class='ocrx_word' id='word_1_984' title='bbox 1566 2842 1713 2867; x_wconf 86' lang='lat' dir='ltr'>uxorem</span> <span class='ocrx_word' id='word_1_985' title='bbox 1743 2832 1916 2867; x_wconf 88' lang='lat' dir='ltr'>ducturus</span> <span class='ocrx_word' id='word_1_986' title='bbox 1947 2831 1996 2868; x_wconf 86' lang='lat' dir='ltr'>sit</span> <span class='ocrx_word' id='word_1_987' title='bbox 2025 2835 2062 2867; x_wconf 85' lang='lat' dir='ltr'>et</span> <span class='ocrx_word' id='word_1_988' title='bbox 2091 2832 2175 2867; x_wconf 91' lang='lat' dir='ltr'>huic</span> <span class='ocrx_word' id='word_1_989' title='bbox 2206 2842 2307 2868; x_wconf 90' lang='lat' dir='ltr'>servo</span> <span class='ocrx_word' id='word_1_990' title='bbox 2332 2832 2395 2868; x_wconf 88' lang='lat' dir='ltr'>dos</span> 
     </span>
     <span class='ocr_line' id='line_1_138' title="bbox 1309 2876 1548 2922; baseline 0 -10"><span class='ocrx_word' id='word_1_991' title='bbox 1309 2876 1548 2922; x_wconf 86' lang='lat' dir='ltr'>promittatur.</span> 
     </span>
    </p>

    <p class='ocr_par' dir='ltr' id='par_1_26' title="bbox 1308 2919 2394 3465">
     <span class='ocr_line' id='line_1_139' title="bbox 1355 2919 2394 2970; baseline -0.001 -11"><span class='ocrx_word' id='word_1_992' title='bbox 1355 2919 1381 2959; x_wconf 87' lang='grc'>9</span> <span class='ocrx_word' id='word_1_993' title='bbox 1412 2921 1607 2958; x_wconf 68' lang='lat' dir='ltr'>Uzmzws</span> <span class='ocrx_word' id='word_1_994' title='bbox 1635 2921 1727 2958; x_wconf 77' lang='lat' dir='ltr'>libro</span> <span class='ocrx_word' id='word_1_995' title='bbox 1759 2922 2038 2970; x_wconf 78' lang='lat' dir='ltr'>quadraqesimo</span> <span class='ocrx_word' id='word_1_996' title='bbox 2062 2925 2187 2958; x_wconf 79' lang='lat' dir='ltr'>octavo</span> <span class='ocrx_word' id='word_1_997' title='bbox 2209 2922 2262 2958; x_wconf 80' lang='lat' dir='ltr'>ad</span> <span class='ocrx_word' id='word_1_998' title='bbox 2292 2921 2394 2958; x_wconf 85' lang='lat' dir='ltr'>Sabi-</span> 
     </span>
     <span class='ocr_line' id='line_1_140' title="bbox 1309 2966 2394 3003; baseline 0.001 -1"><span class='ocrx_word' id='word_1_999' title='bbox 1309 2978 1394 3002; x_wconf 79' lang='lat' dir='ltr'>num</span> <span class='ocrx_word' id='word_1_1000' title='bbox 1440 2966 1530 3002; x_wconf 89' lang='lat' dir='ltr'>Item</span> <span class='ocrx_word' id='word_1_1001' title='bbox 1561 2966 1593 3002; x_wconf 90' lang='lat' dir='ltr'>si</span> <span class='ocrx_word' id='word_1_1002' title='bbox 1624 2977 1747 3003; x_wconf 83' lang='lat' dir='ltr'>servus</span> <span class='ocrx_word' id='word_1_1003' title='bbox 1779 2966 1930 3003; x_wconf 90' lang='lat' dir='ltr'>duorum</span> <span class='ocrx_word' id='word_1_1004' title='bbox 1961 2967 2047 3003; x_wconf 87' lang='lat' dir='ltr'>Titii</span> <span class='ocrx_word' id='word_1_1005' title='bbox 2072 2970 2108 3003; x_wconf 90' lang='lat' dir='ltr'>et</span> <span class='ocrx_word' id='word_1_1006' title='bbox 2129 2967 2260 3003; x_wconf 77' lang='lat' dir='ltr'>Maevii</span> <span class='ocrx_word' id='word_1_1007' title='bbox 2281 2967 2394 3003; x_wconf 88' lang='lat' dir='ltr'>homi-</span> 
     </span>
     <span class='ocr_line' id='line_1_141' title="bbox 1310 3011 2393 3058; baseline 0 -11"><span class='ocrx_word' id='word_1_1008' title='bbox 1310 3023 1400 3055; x_wconf 85' lang='lat' dir='ltr'>nem,</span> <span class='ocrx_word' id='word_1_1009' title='bbox 1426 3012 1486 3057; x_wconf 90' lang='lat' dir='ltr'>qui</span> <span class='ocrx_word' id='word_1_1010' title='bbox 1510 3011 1595 3047; x_wconf 87' lang='lat' dir='ltr'>Titii</span> <span class='ocrx_word' id='word_1_1011' title='bbox 1618 3016 1707 3055; x_wconf 88' lang='lat' dir='ltr'>erat,</span> <span class='ocrx_word' id='word_1_1012' title='bbox 1732 3012 1924 3058; x_wconf 88' lang='lat' dir='ltr'>stipulatus</span> <span class='ocrx_word' id='word_1_1013' title='bbox 1949 3012 2068 3056; x_wconf 88' lang='lat' dir='ltr'>fuerit,</span> <span class='ocrx_word' id='word_1_1014' title='bbox 2093 3012 2127 3048; x_wconf 91' lang='lat' dir='ltr'>ei</span> <span class='ocrx_word' id='word_1_1015' title='bbox 2143 3012 2210 3047; x_wconf 92' lang='lat' dir='ltr'>soli</span> <span class='ocrx_word' id='word_1_1016' title='bbox 2228 3012 2393 3058; x_wconf 85' lang='lat' dir='ltr'>adquirit,</span> 
     </span>
     <span class='ocr_line' id='line_1_142' title="bbox 1310 3056 2394 3103; baseline 0 -10"><span class='ocrx_word' id='word_1_1017' title='bbox 1310 3058 1411 3094; x_wconf 90' lang='lat' dir='ltr'>cuius</span> <span class='ocrx_word' id='word_1_1018' title='bbox 1441 3068 1513 3092; x_wconf 92' lang='lat' dir='ltr'>non</span> <span class='ocrx_word' id='word_1_1019' title='bbox 1537 3056 1617 3092; x_wconf 87' lang='lat' dir='ltr'>fuit.</span> <span class='ocrx_word' id='word_1_1020' title='bbox 1665 3057 1766 3093; x_wconf 83' lang='lat' dir='ltr'>sed¹²</span> <span class='ocrx_word' id='word_1_1021' title='bbox 1797 3058 1827 3094; x_wconf 89' lang='lat' dir='ltr'>si</span> <span class='ocrx_word' id='word_1_1022' title='bbox 1851 3058 2042 3103; x_wconf 85' lang='lat' dir='ltr'>stipulatus</span> <span class='ocrx_word' id='word_1_1023' title='bbox 2073 3057 2121 3093; x_wconf 90' lang='lat' dir='ltr'>sit</span> <span class='ocrx_word' id='word_1_1024' title='bbox 2143 3056 2304 3093; x_wconf 91' lang='lat' dir='ltr'>Stichum</span> <span class='ocrx_word' id='word_1_1025' title='bbox 2327 3058 2394 3093; x_wconf 89' lang='lat' dir='ltr'>sibi</span> 
     </span>
     <span class='ocr_line' id='line_1_143' title="bbox 1308 3102 2393 3148; baseline 0.001 -11"><span class='ocrx_word' id='word_1_1026' title='bbox 1308 3107 1345 3138; x_wconf 93' lang='lat' dir='ltr'>et</span> <span class='ocrx_word' id='word_1_1027' title='bbox 1358 3103 1384 3124; x_wconf 83' lang='lat'>¹³</span> <span class='ocrx_word' id='word_1_1028' title='bbox 1415 3102 1564 3138; x_wconf 85' lang='lat' dir='ltr'>‘Maevio</span> <span class='ocrx_word' id='word_1_1029' title='bbox 1604 3106 1640 3138; x_wconf 91' lang='lat' dir='ltr'>et</span> <span class='ocrx_word' id='word_1_1030' title='bbox 1679 3103 1775 3138; x_wconf 92' lang='lat' dir='ltr'>Titio</span> <span class='ocrx_word' id='word_1_1031' title='bbox 1815 3103 1893 3139; x_wconf 89' lang='lat' dir='ltr'>dari</span> <span class='ocrx_word' id='word_1_1032' title='bbox 1929 3102 2085 3148; x_wconf 84' lang='lat' dir='ltr'>spondes</span> <span class='ocrx_word' id='word_1_1033' title='bbox 2093 3102 2133 3145; x_wconf 81' lang='lat'>?‘,</span> <span class='ocrx_word' id='word_1_1034' title='bbox 2169 3106 2283 3138; x_wconf 90' lang='lat' dir='ltr'>totum</span> <span class='ocrx_word' id='word_1_1035' title='bbox 2314 3113 2393 3138; x_wconf 91' lang='lat' dir='ltr'>eum</span> 
     </span>
     <span class='ocr_line' id='line_1_144' title="bbox 1308 3147 2392 3193; baseline 0.001 -11"><span class='ocrx_word' id='word_1_1036' title='bbox 1308 3147 1449 3183; x_wconf 84' lang='lat' dir='ltr'>Maevio</span> <span class='ocrx_word' id='word_1_1037' title='bbox 1481 3147 1654 3192; x_wconf 87' lang='lat' dir='ltr'>adquirit:</span> <span class='ocrx_word' id='word_1_1038' title='bbox 1693 3148 1788 3193; x_wconf 91' lang='lat' dir='ltr'>quod</span> <span class='ocrx_word' id='word_1_1039' title='bbox 1817 3149 1910 3184; x_wconf 90' lang='lat' dir='ltr'>enim</span> <span class='ocrx_word' id='word_1_1040' title='bbox 1939 3148 2041 3183; x_wconf 88' lang='lat' dir='ltr'>alteri</span> <span class='ocrx_word' id='word_1_1041' title='bbox 2072 3158 2117 3183; x_wconf 86' lang='lat' dir='ltr'>ex</span> <span class='ocrx_word' id='word_1_1042' title='bbox 2148 3147 2299 3183; x_wconf 89' lang='lat' dir='ltr'>dominis</span> <span class='ocrx_word' id='word_1_1043' title='bbox 2330 3148 2392 3183; x_wconf 87' lang='lat' dir='ltr'>ad-</span> 
     </span>
     <span class='ocr_line' id='line_1_145' title="bbox 1309 3192 2393 3239; baseline 0 -11"><span class='ocrx_word' id='word_1_1044' title='bbox 1309 3193 1450 3239; x_wconf 89' lang='lat' dir='ltr'>quirere</span> <span class='ocrx_word' id='word_1_1045' title='bbox 1472 3202 1544 3228; x_wconf 90' lang='lat' dir='ltr'>non</span> <span class='ocrx_word' id='word_1_1046' title='bbox 1566 3197 1703 3237; x_wconf 90' lang='lat' dir='ltr'>potest,</span> <span class='ocrx_word' id='word_1_1047' title='bbox 1726 3193 1764 3229; x_wconf 89' lang='lat' dir='ltr'>id</span> <span class='ocrx_word' id='word_1_1048' title='bbox 1787 3193 1834 3229; x_wconf 89' lang='lat' dir='ltr'>ad</span> <span class='ocrx_word' id='word_1_1049' title='bbox 1857 3203 1956 3235; x_wconf 90' lang='lat' dir='ltr'>eum,</span> <span class='ocrx_word' id='word_1_1050' title='bbox 1989 3192 2051 3238; x_wconf 91' lang='lat' dir='ltr'>qui</span> <span class='ocrx_word' id='word_1_1051' title='bbox 2073 3192 2120 3227; x_wconf 87' lang='lat' dir='ltr'>ad</span> <span class='ocrx_word' id='word_1_1052' title='bbox 2145 3193 2393 3238; x_wconf 79' lang='lat' dir='ltr'>obligationem</span> 
     </span>
     <span class='ocr_line' id='line_1_146' title="bbox 1313 3237 2393 3281; baseline 0.001 -9"><span class='ocrx_word' id='word_1_1053' title='bbox 1313 3242 1326 3273; x_wconf 90' lang='lat'>1</span> <span class='ocrx_word' id='word_1_1054' title='bbox 1377 3237 1585 3281; x_wconf 83' lang='lat' dir='ltr'>admittitur,</span> <span class='ocrx_word' id='word_1_1055' title='bbox 1630 3239 1768 3274; x_wconf 90' lang='lat' dir='ltr'>ertinet.</span> <span class='ocrx_word' id='word_1_1056' title='bbox 1807 3238 1855 3281; x_wconf 82' lang='lat' dir='ltr'>Si,</span> <span class='ocrx_word' id='word_1_1057' title='bbox 1877 3249 1957 3274; x_wconf 91' lang='lat' dir='ltr'>cum</span> <span class='ocrx_word' id='word_1_1058' title='bbox 1978 3238 2068 3274; x_wconf 90' lang='lat' dir='ltr'>duos</span> <span class='ocrx_word' id='word_1_1059' title='bbox 2088 3238 2252 3274; x_wconf 88' lang='lat' dir='ltr'>dominos</span> <span class='ocrx_word' id='word_1_1060' title='bbox 2271 3247 2393 3274; x_wconf 86' lang='lat' dir='ltr'>servus</span> 
     </span>
     <span class='ocr_line' id='line_1_147' title="bbox 1308 3282 2391 3328; baseline 0.001 -10"><span class='ocrx_word' id='word_1_1061' title='bbox 1308 3283 1475 3326; x_wconf 86' lang='lat' dir='ltr'>haberet,</span> <span class='ocrx_word' id='word_1_1062' title='bbox 1514 3283 1585 3328; x_wconf 94' lang='lat' dir='ltr'>stip</span> <span class='ocrx_word' id='word_1_1063' title='bbox 1626 3288 1708 3319; x_wconf 90' lang='lat' dir='ltr'>atus</span> <span class='ocrx_word' id='word_1_1064' title='bbox 1738 3283 1848 3319; x_wconf 86' lang='lat' dir='ltr'>fuerit</span> <span class='ocrx_word' id='word_1_1065' title='bbox 1874 3283 1927 3319; x_wconf 86' lang='lat' dir='ltr'>illi</span> <span class='ocrx_word' id='word_1_1066' title='bbox 1956 3287 2020 3318; x_wconf 90' lang='lat' dir='ltr'>aut</span> <span class='ocrx_word' id='word_1_1067' title='bbox 2049 3282 2102 3318; x_wconf 91' lang='lat' dir='ltr'>illi</span> <span class='ocrx_word' id='word_1_1068' title='bbox 2132 3283 2283 3319; x_wconf 89' lang='lat' dir='ltr'>dominis</span> <span class='ocrx_word' id='word_1_1069' title='bbox 2306 3284 2391 3325; x_wconf 90' lang='lat' dir='ltr'>suis,</span> 
     </span>
     <span class='ocr_line' id='line_1_148' title="bbox 1309 3327 2392 3373; baseline 0.001 -10"><span class='ocrx_word' id='word_1_1070' title='bbox 1309 3327 1508 3373; x_wconf 86' lang='lat' dir='ltr'>quaesitum</span> <span class='ocrx_word' id='word_1_1071' title='bbox 1540 3332 1611 3372; x_wconf 90' lang='lat' dir='ltr'>est,</span> <span class='ocrx_word' id='word_1_1072' title='bbox 1643 3339 1690 3363; x_wconf 86' lang='lat' dir='ltr'>an</span> <span class='ocrx_word' id='word_1_1073' title='bbox 1722 3329 1896 3365; x_wconf 84' lang='lat' dir='ltr'>consistat</span> <span class='ocrx_word' id='word_1_1074' title='bbox 1925 3327 2121 3373; x_wconf 84' lang='lat' dir='ltr'>stipulatio.</span> <span class='ocrx_word' id='word_1_1075' title='bbox 2169 3328 2316 3364; x_wconf 87' lang='lat' dir='ltr'>Cassius</span> <span class='ocrx_word' id='word_1_1076' title='bbox 2338 3328 2392 3363; x_wconf 87' lang='lat' dir='ltr'>in-</span> 
     </span>
     <span class='ocr_line' id='line_1_149' title="bbox 1309 3372 2392 3418; baseline 0 -10"><span class='ocrx_word' id='word_1_1077' title='bbox 1309 3372 1431 3409; x_wconf 90' lang='lat' dir='ltr'>utilem</span> <span class='ocrx_word' id='word_1_1078' title='bbox 1460 3382 1539 3408; x_wconf 91' lang='lat' dir='ltr'>esse</span> <span class='ocrx_word' id='word_1_1079' title='bbox 1570 3373 1838 3418; x_wconf 86' lang='lat' dir='ltr'>stipulationem</span> <span class='ocrx_word' id='word_1_1080' title='bbox 1869 3373 2013 3418; x_wconf 88' lang='lat' dir='ltr'>scripsit</span> <span class='ocrx_word' id='word_1_1081' title='bbox 2036 3377 2072 3409; x_wconf 92' lang='lat' dir='ltr'>et</span> <span class='ocrx_word' id='word_1_1082' title='bbox 2093 3372 2253 3409; x_wconf 90' lang='lat' dir='ltr'>Iulianus</span> <span class='ocrx_word' id='word_1_1083' title='bbox 2278 3373 2392 3409; x_wconf 86' lang='lat' dir='ltr'>Cassii</span> 
     </span>
     <span class='ocr_line' id='line_1_150' title="bbox 1308 3417 2076 3465; baseline -0.001 -11"><span class='ocrx_word' id='word_1_1084' title='bbox 1308 3417 1518 3454; x_wconf 85' lang='lat' dir='ltr'>senteutiam</span> <span class='ocrx_word' id='word_1_1085' title='bbox 1542 3420 1674 3463; x_wconf 88' lang='lat' dir='ltr'>probat</span> <span class='ocrx_word' id='word_1_1086' title='bbox 1696 3429 1809 3465; x_wconf 87' lang='lat' dir='ltr'>eoque</span> <span class='ocrx_word' id='word_1_1087' title='bbox 1831 3419 1910 3454; x_wconf 89' lang='lat' dir='ltr'>iure</span> <span class='ocrx_word' id='word_1_1088' title='bbox 1932 3418 2076 3453; x_wconf 92' lang='lat' dir='ltr'>utimur.</span> 
     </span>
    </p>

    <p class='ocr_par' dir='ltr' id='par_1_27' title="bbox 1308 3461 2391 3555">
     <span class='ocr_line' id='line_1_151' title="bbox 1357 3461 2390 3510; baseline -0.001 -11"><span class='ocrx_word' id='word_1_1089' title='bbox 1357 3461 1408 3500; x_wconf 90' lang='grc'>10</span> <span class='ocrx_word' id='word_1_1090' title='bbox 1439 3462 1464 3498; x_wconf 88' lang='lat'><em>1</em></span> <span class='ocrx_word' id='word_1_1091' title='bbox 1469 3472 1634 3499; x_wconf 71' lang='lat' dir='ltr'><em>ULJANUS</em></span> <span class='ocrx_word' id='word_1_1092' title='bbox 1669 3463 1760 3500; x_wconf 79' lang='lat' dir='ltr'>libro</span> <span class='ocrx_word' id='word_1_1093' title='bbox 1796 3464 2120 3510; x_wconf 70' lang='lat' dir='ltr'>qttinquayensimo</span> <span class='ocrx_word' id='word_1_1094' title='bbox 2151 3463 2307 3499; x_wconf 81' lang='lat' dir='ltr'>secundo</span> <span class='ocrx_word' id='word_1_1095' title='bbox 2339 3463 2390 3497; x_wconf 80' lang='lat' dir='ltr'>di-</span> 
     </span>
     <span class='ocr_line' id='line_1_152' title="bbox 1308 3508 2391 3555; baseline -0.001 -11"><span class='ocrx_word' id='word_1_1096' title='bbox 1308 3512 1491 3555; x_wconf 77' lang='lat' dir='ltr'>qestorum</span> <span class='ocrx_word' id='word_1_1097' title='bbox 1538 3508 1609 3544; x_wconf 88' lang='lat' dir='ltr'>Sed</span> <span class='ocrx_word' id='word_1_1098' title='bbox 1632 3513 1668 3545; x_wconf 91' lang='lat' dir='ltr'>et</span> <span class='ocrx_word' id='word_1_1099' title='bbox 1690 3509 1722 3545; x_wconf 92' lang='lat' dir='ltr'>si</span> <span class='ocrx_word' id='word_1_1100' title='bbox 1745 3509 1796 3544; x_wconf 88' lang='lat' dir='ltr'>ita</span> <span class='ocrx_word' id='word_1_1101' title='bbox 1819 3508 2025 3554; x_wconf 88' lang='lat' dir='ltr'>stipuletur:</span> <span class='ocrx_word' id='word_1_1102' title='bbox 2052 3508 2159 3544; x_wconf 88' lang='lat' dir='ltr'>‘Titio</span> <span class='ocrx_word' id='word_1_1103' title='bbox 2183 3508 2304 3544; x_wconf 86' lang='lat' dir='ltr'>decem</span> <span class='ocrx_word' id='word_1_1104' title='bbox 2328 3513 2391 3543; x_wconf 86' lang='lat' dir='ltr'>aut</span> 
     </span>
    </p>
   </div>
   <div class='ocr_carea' id='block_1_14' title="bbox 1306 3621 2391 3799">
    <p class='ocr_par' dir='ltr' id='par_1_28' title="bbox 1306 3621 2391 3799">
     <span class='ocr_line' id='line_1_153' title="bbox 1307 3621 2391 3676; baseline -0.001 -21"><span class='ocrx_word' id='word_1_1105' title='bbox 1307 3622 1353 3663; x_wconf 68' lang='lat' dir='ltr'>(a)</span> <span class='ocrx_word' id='word_1_1106' title='bbox 1378 3622 1568 3674; x_wconf 38' lang='lat' dir='ltr'>‹sommae-z.</span> <span class='ocrx_word' id='word_1_1107' title='bbox 1644 3623 1699 3676; x_wconf 76' lang='lat'>(⁶).</span> <span class='ocrx_word' id='word_1_1108' title='bbox 1713 3622 1821 3676; x_wconf 50' lang='lat' dir='ltr'>erm.</span> <span class='ocrx_word' id='word_1_1109' title='bbox 1901 3623 1944 3663; x_wconf 71' lang='grc' dir='ltr'>(τ)</span> <span class='ocrx_word' id='word_1_1110' title='bbox 1968 3621 2080 3655; x_wconf 55' lang='lat' dir='ltr'>indat.</span> <span class='ocrx_word' id='word_1_1111' title='bbox 2096 3622 2168 3674; x_wconf 62' lang='lat'>0401.</span> <span class='ocrx_word' id='word_1_1112' title='bbox 2240 3621 2391 3674; x_wconf 58' lang='lat' dir='ltr'>‹empnel</span> 
     </span>
     <span class='ocr_line' id='line_1_154' title="bbox 1306 3666 2390 3799; baseline 0.001 -55"><span class='ocrx_word' id='word_1_1113' title='bbox 1306 3666 1859 3799; x_wconf 45' lang='lat' dir='ltr'>{fgffsssfssftm&#39;oefuffliiffssffi</span> <span class='ocrx_word' id='word_1_1114' title='bbox 1875 3711 1934 3753; x_wconf 67' lang='grc' dir='ltr'>ιω,</span> <span class='ocrx_word' id='word_1_1115' title='bbox 1945 3666 2134 3753; x_wconf 48' lang='grc' dir='ltr'>ἑῗζ-Ἠέὴ</span> <span class='ocrx_word' id='word_1_1116' title='bbox 2160 3667 2316 3754; x_wconf 55' lang='lat' dir='ltr'>Bm.</span> <span class='ocrx_word' id='word_1_1117' title='bbox 2325 3680 2390 3745; x_wconf 63' lang='lat'>521:</span> 
     </span>
     <span class='ocr_line' id='line_1_155' title="bbox 1469 3766 1580 3789; baseline -0.018 0"><span class='ocrx_word' id='word_1_1118' title='bbox 1469 3766 1492 3789; x_wconf 78' lang='lat' dir='ltr'><strong>u</strong></span> <span class='ocrx_word' id='word_1_1119' title='bbox 1518 3768 1580 3789; x_wconf 67' lang='lat' dir='ltr'>Ber.</span> 
     </span>
    </p>
   </div>
   <div class='ocr_carea' id='block_1_15' title="bbox 2248 3585 2358 3589">
    <p class='ocr_par' dir='ltr' id='par_1_29' title="bbox 2248 3585 2358 3589">
     <span class='ocr_line' id='line_1_156' title="bbox 2248 3585 2358 3589; baseline 0 0"><span class='ocrx_word' id='word_1_1120' title='bbox 2248 3585 2358 3589; x_wconf 95' lang='lat' dir='ltr'> </span> 
     </span>
    </p>
   </div>
   <div class='ocr_carea' id='block_1_16' title="bbox 2491 2763 2528 3918">
    <p class='ocr_par' dir='ltr' id='par_1_30' title="bbox 2491 2763 2528 3918">
     <span class='ocr_line' id='line_1_157' title="bbox 2491 2763 2528 3918; baseline 0 0"><span class='ocrx_word' id='word_1_1121' title='bbox 2491 2763 2528 3918; x_wconf 95' lang='lat' dir='ltr'> </span> 
     </span>
    </p>
   </div>
  </div>
 </body>
</html>
