2528 3918
117 130 429 163 EROISOUNDAE

122 244 161 276 15
209 245 328 283 ratur,
359 240 436 275 iure
491 239 594 284 ignus
627 238 783 274 creditor
813 238 966 274 vendere
989 243 1119 285 potest.
1169 238 1206 273 Si

118 296 211 321 unus
236 296 280 320 ex
304 250 536 320 coheredibus
561 283 681 319 noxali
704 283 836 319 iudicio
861 293 1002 319 servum
1025 283 1205 320 heredita-

116 331 209 366 rium
233 329 429 365 defenderit
453 332 489 364 et
510 328 582 363 litis
606 328 888 364 aestimationem
912 329 1099 374 optulerit,
1125 340 1204 364 cum

115 377 186 411 hoc
210 374 400 420 expediret,
424 373 460 409 id
483 384 548 419 pro
572 378 678 419 parte
700 374 771 409 hoc
793 373 925 409 iudicio
951 378 1202 420 consequatur.

115 421 210 456 idem
234 423 288 455 est
311 423 346 455 et
368 419 399 455 si
421 429 515 454 unus
538 419 735 463 legatorum
758 419 899 454 nomine
925 421 1076 463 caverit,
1100 430 1146 455 ne
1168 420 1204 454 in

116 465 375 511 possessionem
394 464 618 499 mitterentur
631 466 653 499 ¹.
686 468 723 499 et
741 465 885 500 omnino
906 475 998 509 quae
1017 476 1082 510 pro
1102 468 1205 510 parte

116 509 273 556 expediri
303 520 375 544 non
398 513 550 561 possunt
574 510 604 545 si
627 520 720 545 unus
745 520 787 545 co
813 513 892 544 ente
917 511 1130 546 necessitate
1152 510 1204 544 fe-

120 559 160 590 16
207 554 304 596 cerit,
324 553 481 589 familiae
501 554 732 590 erciscundae
750 554 786 590 iu
813 555 882 590 icio
899 555 1000 590 locus
1021 560 1085 591 est.
1122 554 1204 591 Non

115 603 252 635 tantum
277 599 407 642 dolum,
433 599 497 635 sed
521 603 557 635 et
580 600 720 652 culpam
744 601 780 634 in
803 610 842 635 re
864 600 1079 636 hereditaria
1101 610 1205 646 prae-

114 649 210 681 stare
234 644 339 679 debet
359 645 518 687 coheres,
544 655 711 690 quomam
733 656 813 681 cum
834 645 1008 682 coherede
1027 657 1100 682 11011
1120 656 1204 681 0011-

113 690 306 732 trahimus,
331 690 395 725 sed
417 690 605 726 incidimus
628 691 664 725 in
691 701 787 725 eum:
820 701 894 725 non
916 694 1037 726 tamen
1061 691 1204 736 diligen-

112 735 198 770 tiam
231 738 414 780 praestare
449 735 572 778 debet,
613 736 754 781 qualem
790 735 936 781 diligens
970 740 1073 781 pater
1102 737 1204 772 fami-

112 780 196 822 lias,
239 780 407 825 quoniam
448 781 507 816 hic
549 785 695 826 propter
738 791 840 816 suam
875 785 1015 826 partem
1059 792 1205 817 causam

112 825 238 860 habuit
267 825 413 870 gerendi
453 829 489 861 et
521 826 602 861 ideo
638 826 860 870 negotiorum
883 831 1065 871 gestorum
1089 827 1121 863 ei
1145 838 1203 862 ac-

111 871 161 905 tio
194 881 267 906 non
306 871 516 916 competit2:
557 872 664 906 talem
703 871 811 916 igitur
850 872 1066 916 diligentiam
1101 883 1204 917 prae-

110 920 208 951 stare
232 915 354 958 debet,
388 917 528 961 qualem
558 917 596 951 in
620 917 694 952 suis
718 917 837 952 rebus.
875 917 998 952 eadem
1034 922 1137 960 sunt,
1175 918 1205 953 si

109 961 252 996 duobus
286 971 344 996 res
379 962 497 1006 legata
540 962 603 996 sit:
648 972 732 997 nam
767 966 803 997 et
836 962 903 997 hos
940 963 1125 998 coniunxit
1159 963 1205 998 ad

114 1009 153 1040 17
202 1006 411 1042 societatem
434 1018 507 1043 non
532 1017 746 1050 consensus,
781 1007 845 1043 sed
867 1017 936 1043 res.
997 1008 1036 1043 Si
1066 1009 1203 1044 incerto

110 1051 253 1086 homine
290 1052 406 1096 legato
438 1055 475 1087 et
503 1056 631 1097 postea
666 1052 835 1088 defuncto
871 1053 1040 1097 legatario
1077 1054 1204 1099 aliquis

109 1106 154 1131 ex
184 1096 376 1132 heredibus
406 1097 568 1142 legatarii
606 1108 679 1133 non
715 1098 969 1134 consentiendo
1005 1099 1205 1144 impedierit

109 1141 281 1185 legatum,
314 1142 344 1177 is
377 1143 437 1187 qui
466 1143 612 1188 impedit
643 1144 713 1179 hoc
748 1143 880 1179 iudicio
917 1144 1043 1180 ceteris
1081 1145 1204 1190 quanti

109 1187 250 1222 intersit
283 1197 405 1223 eorum
440 1187 677 1224 damnabitur.
714 1188 808 1224 idem
840 1193 911 1230 est,
947 1190 976 1224 si
1009 1201 1028 1225 e
1060 1194 1202 1226 contra-

109 1232 162 1267 rio
194 1243 286 1267 unus
318 1243 362 1267 ex
391 1233 600 1276 heredibus,
638 1244 660 1268 a
691 1234 819 1278 quibus
852 1235 1066 1279 generaliter
1097 1236 1202 1271 homo

109 1278 245 1322 legatus
271 1282 325 1313 est
349 1288 454 1323 quem
484 1279 553 1324 ipsi
585 1279 770 1324 elegerint,
804 1280 958 1315 noluerit
990 1281 1201 1322 consentire,

109 1327 149 1357 ut
171 1326 376 1367 praestetur
400 1334 503 1368 quem
524 1324 611 1359 solvi
633 1325 797 1360 omnibus
818 1325 1041 1370 expediebat,
1067 1330 1103 1361 et
1121 1326 1200 1361 ideo

107 1368 274 1403 conventi
308 1379 330 1403 a
360 1369 531 1413 legatario
563 1370 695 1405 iudicio
727 1370 839 1415 pluris
871 1370 1031 1406 damnati
1054 1371 1200 1407 fuerint.

112 1415 151 1448 18
198 1413 286 1448 Item
312 1414 369 1449 cul
396 1425 438 1450 ae
462 1415 604 1450 nomine
627 1419 779 1457 tenetur,
806 1416 877 1461 qui,
903 1427 985 1451 cum
1009 1420 1093 1452 ante
1112 1417 1201 1453 alios

108 1459 184 1502 ipse
208 1458 342 1494 adisset
397 1460 621 1503 ereditatem,
655 1461 843 1496 servitutes
876 1462 1030 1506 praediis
1061 1463 1200 1498 heredi-

112 1506 152 1538 19
198 1504 299 1539 tariis
331 1504 469 1540 debitas
501 1516 631 1550 passus
656 1510 710 1541 est
733 1517 805 1541 non
830 1507 962 1542 utendo
988 1507 1114 1542 amitti.
1165 1507 1201 1542 Si

107 1548 201 1583 filius
236 1560 317 1584 cum
348 1555 487 1594 patrem
523 1551 729 1587 defenderet
764 1552 1022 1588 condemnatus
1058 1553 1202 1588 solverit

107 1594 161 1628 vel
184 1594 261 1630 vivo
287 1605 328 1630 eo
352 1595 408 1630 vel
430 1600 514 1640 post
537 1601 697 1639 mortem,
722 1601 843 1641 potest
867 1598 1016 1643 aequius
1042 1598 1112 1634 dici
1134 1599 1199 1633 ha-

107 1639 191 1674 bere
215 1640 447 1684 petitionem³
470 1651 492 1676 a
517 1642 691 1677 coherede
713 1643 751 1677 in
782 1642 939 1678 familiae
970 1644 1202 1679 erciscundae

107 1687 150 1719 20
197 1685 340 1721 iudicio.
389 1686 501 1721 Iudex
523 1687 681 1722 familiae
713 1688 945 1724 erciscundae
976 1689 1064 1724 nihil
1097 1689 1201 1724 debet

106 1731 147 1764 2'1
197 1730 386 1766 indivisum
410 1732 618 1776 relinquere.
668 1733 757 1768 Item
782 1743 909 1769 curare
934 1733 1058 1776 debet,
1092 1738 1133 1769 ut
1157 1734 1201 1769 de

107 1777 150 1809 22
199 1775 371 1811 evictione
396 1784 563 1812 caveatur
585 1778 642 1813 his
666 1778 797 1823 quibus
821 1779 1017 1814 adiudicat.
1067 1779 1105 1815 Si
1137 1791 1198 1824 pe-

105 1820 222 1863 cunia,
248 1831 340 1866 quae
365 1821 459 1857 domi
481 1823 606 1858 relicta
629 1834 702 1859 non
727 1827 799 1866 est,
824 1835 889 1869 per
911 1825 1200 1870 praeceptionem

106 1865 231 1900 relicta
254 1867 319 1908 sit,
344 1871 465 1902 utrum
488 1868 655 1904 universa
678 1879 700 1903 a
725 1869 959 1905 coheredibus
984 1870 1201 1915 praestanda

104 1911 153 1946 sit
176 1921 222 1945 an
246 1923 310 1956 pro
335 1916 438 1956 parte
462 1913 688 1956 hereditaria,
713 1915 1012 1959 quemadmodum
1037 1915 1067 1950 si
1090 1926 1199 1960 pecu-

106 1956 166 1991 nia
197 1957 234 1990 in
265 1957 464 1994 hereditate
493 1959 620 1994 relicta
651 1963 762 2001 esset,
796 1960 992 1995 dubitatur.
1030 1965 1065 1996 et
1088 1962 1199 2006 magis

104 2001 294 2054 dicendum
315 2006 379 2045 est,
403 2007 444 2038 ut
464 2003 501 2038 id
520 2004 775 2048 praestandum
795 2006 852 2048 sit,
878 2006 975 2051 quod
998 2011 1198 2051 praestare-

105 2051 175 2087 tur,
201 2057 231 2082 Sl
281 2048 408 2083 ecunia
431 2053 526 2084 esset
549 2050 704 2085 inventa.

151 2090 205 2129 26
272 2103 365 2128 Alos
393 2094 485 2129 libro
519 2096 671 2140 septimo
704 2095 754 2130 ad
787 2095 941 2131 edictum
971 2097 1200 2142 provinciale

105 2137 233 2173 Officio
266 2142 385 2173 autem
416 2139 542 2175 iudicis
575 2140 739 2175 convenit
769 2140 892 2176 iubere
923 2151 996 2176 rem
1020 2142 1198 2177 heredita-

106 2182 194 2217 riam
225 2184 344 2218 venire
378 2194 486 2219 unam
521 2185 684 2229 pluresve
713 2186 973 2231 pecuniamque
1006 2197 1052 2222 ex
1083 2189 1197 2232 pretio

106 2228 288 2263 redactam
314 2229 345 2263 ei
368 2230 558 2272 numerari,
585 2231 643 2265 cui
665 2230 783 2276 legata
807 2232 862 2266 sit.

152 2271 204 2310 27
230 2273 391 2309 Pae-ms
417 2274 508 2311 libro
532 2276 724 2311 vicensimo
750 2277 855 2311 tertio
880 2277 930 2311 ad
952 2276 1108 2313 edietum
1156 2278 1197 2312 In

105 2318 173 2354 1100
185 2319 314 2354 iudicio
330 2319 643 2356 condemnationes
665 2325 701 2356 et
720 2322 962 2357 absolutiones
982 2322 1020 2357 in
1041 2323 1198 2358 omnium

105 2373 260 2408 persona
282 2364 471 2400 faciendae
495 2369 597 2401 sunt:
630 2370 666 2401 et
695 2366 775 2402 ideo
808 2367 839 2402 si
870 2367 907 2402 in
941 2368 1092 2403 alicuius
1116 2379 1196 2413 per-

104 2418 194 2444 sona
217 2409 350 2445 omissa
373 2410 420 2445 sit
443 2410 634 2454 damnatio,
659 2411 697 2446 in
722 2415 923 2447 ceterorum
949 2423 1091 2458 quoque
1114 2424 1195 2459 per-

106 2463 195 2489 sona
219 2454 314 2500 quod
337 2454 424 2490 fecit
446 2456 553 2491 iudex
576 2467 649 2491 non
672 2457 823 2500 valebit,
858 2458 941 2502 quia
972 2469 1045 2493 non
1076 2463 1196 2503 potest

103 2508 150 2534 ex
172 2511 242 2535 uno
267 2500 398 2536 iudicio
423 2511 481 2536 res
503 2501 662 2537 iudicata
685 2502 723 2536 in
746 2507 885 2547 partem
904 2502 1032 2546 valere,
1056 2504 1094 2538 in
1112 2515 1195 2549 par-

105 2549 175 2580 tem
199 2555 271 2580 non
294 2546 424 2581 valere.

151 2587 203 2627 28
239 2590 362 2626 GAJUS
397 2591 488 2627 libro
527 2593 678 2637 septimo
710 2592 760 2627 ad
789 2592 942 2628 edictum
967 2594 1197 2639 provinciale

106 2634 194 2670 Rem
224 2636 362 2680 pignori
394 2636 561 2671 creditori
593 2636 714 2671 datam
746 2637 777 2672 si
808 2648 872 2682 per
905 2639 1196 2684 praeceptionem

105 2680 270 2724 legaverit
303 2685 474 2724 testator,
511 2681 630 2717 officio
663 2681 789 2717 iudicis
823 2684 1043 2726 continetur,
1079 2687 1120 2719 ut
1154 2695 1196 2719 ex

104 2727 283 2761 communi
301 2727 454 2771 pecunia
473 2727 594 2762 luatur
614 2737 762 2772 eamque
780 2727 874 2762 ferat
892 2728 922 2763 is
948 2729 1006 2764 cui
1030 2739 1072 2764 eo
1091 2730 1195 2764 modo

109 2770 226 2806 fuerat
249 2772 376 2816 legata.

151 2813 203 2853 29
228 2816 388 2852 Panes
415 2817 505 2852 libro
539 2818 729 2853 vicensimo
756 2818 860 2853 tertio
885 2818 935 2853 ad
957 2818 1111 2854 edictum
1159 2819 1196 2854 Si

129 2860 241 2906 ignori
263 2872 320 2897 res
346 2862 432 2896 data
455 2862 625 2897 defuncto
650 2863 714 2905 sit,
740 2863 930 2898 dicendum
955 2867 1009 2898 est
1031 2864 1068 2898 in
1091 2864 1195 2898 fami-

154 2916 172 2941 e
195 2907 427 2942 erciscundae
450 2907 621 2942 iudicium
644 2908 781 2943 venire:
816 2908 879 2943 sed
911 2909 941 2943 is
974 2909 1032 2943 cui
1057 2909 1194 2943 adiudi-

105 2951 244 2986 cabitur
266 2952 303 2987 in
325 2952 481 2987 familiae
505 2953 736 2988 erciscundae
759 2953 891 2989 iudicio
916 2964 981 2998 pro
1005 2958 1109 2999 parte
1134 2965 1193 2989 00-

105 2995 226 3031 heredi
260 2997 327 3032 erit
361 2997 585 3032 damnandus
621 3008 687 3034 nec
725 3009 851 3034 cavere
887 2999 993 3033 debet
1028 2999 1195 3034 coheredi

105 3039 303 3077 indemnem
335 3053 415 3078 eum
445 3043 524 3078 fore
557 3043 726 3078 adversus
759 3054 839 3079 eum
871 3045 931 3089 qui
962 3044 1102 3096 pignori
1134 3044 1193 3080 de-

104 3084 211 3136 derit,
244 3088 327 3132 quia
350 3099 414 3132 pro
440 3099 481 3123 eo
507 3089 590 3130 erit,
623 3099 666 3123 00
691 3089 722 3123 81
744 3089 1001 3134 hypothecaria
1032 3090 1088 3124 vel
1112 3090 1193 3125 Ser-

105 3140 208 3181 ylana
231 3133 394 3168 actione⁴
418 3133 532 3178 petita
555 3133 626 3168 litis
650 3134 850 3169 aestima-tio
875 3135 997 3170 oblata
1021 3135 1077 3177 sit,
1102 3139 1142 3170 ut
1158 3139 1194 3170 et

105 3184 135 3209 18
166 3177 225 3220 11111
256 3178 425 3222 optulerit
455 3178 623 3213 adversus
657 3179 838 3214 dominum
868 3180 1106 3215 vindicantem
1131 3191 1191 3215 ex-

107 3221 266 3271 ceptione
289 3222 443 3258 tuendus
467 3223 523 3258 sit.
561 3227 687 3259 contra
712 3235 853 3269 quoque
877 3225 907 3259 si
930 3225 960 3259 is
984 3226 1106 3267 heres,
1133 3226 1190 3260 cui

106 3274 230 3342 {lgnus
262 3267 503 3303 adiudicatum
535 3273 609 3310 est,
641 3270 724 3304 velit
758 3274 873 3304 totum
909 3270 1075 3312 reddere,
1108 3271 1191 3306 licet

133 3309 244 3346 ebitor
275 3313 381 3355 nolit,
415 3314 612 3349 audiendus
645 3319 709 3349 est.
747 3325 818 3349 non
849 3314 941 3350 idem
966 3315 1036 3350 dici
1059 3320 1189 3360 potest,

107 3422 146 3462 (1)
170 3423 358 3457 mitteretur
367 3427 440 3459 dett.
535 3429 577 3468 (2)
595 3429 742 3470 fuitfere
751 3442 761 3460 .·
770 3439 838 3460 non
850 3433 981 3461 tantum
995 3430 1118 3471 dolum,
1134 3431 1191 3462 sed

107 3469 141 3498 et
152 3467 285 3510 culpam
299 3471 334 3501 in
348 3482 372 3502 r.
388 3471 418 3502 h.
434 3474 603 3513 praestare
617 3473 715 3504 debet
727 3474 880 3505 coheres:
905 3475 1065 3516 quoniam
1077 3478 1190 3507 tamen

107 3520 182 3543 cum
194 3513 353 3546 coherede
366 3525 434 3546 non
448 3517 687 3556 contrahimus,
701 3518 759 3549 sed
771 3518 954 3551 incidimus
969 3520 1003 3551 in
1022 3531 1107 3560 eum,
1120 3531 1188 3552 non

108 3555 206 3588 talem
219 3558 429 3600 diligentiam
450 3566 619 3602 praestare
640 3561 748 3602 debet,
770 3564 902 3604 qualem
924 3564 1072 3606 diligens
1093 3569 1189 3607 pater

107 3599 270 3634 familias:
291 3614 367 3636 nam
389 3606 546 3646 quoniam
567 3607 622 3639 hic
643 3611 780 3649 propter
799 3619 892 3640 suam
913 3615 1043 3651 partem
1056 3621 1188 3642 causam

107 3644 226 3678 habuit
237 3648 386 3689 gerendi,
399 3649 475 3681 ideo
488 3652 698 3692 negotiorum
710 3656 882 3694 gestorum
891 3654 924 3686 in
937 3665 1011 3686 eum
1021 3655 1111 3687 actio
1120 3665 1187 3686 non

107 3692 269 3731 competit
359 3694 402 3734 (3)
425 3695 662 3735 repetitionem
673 3698 746 3729 edd.
824 3698 866 3737 (4)
891 3708 927 3730 re
940 3700 1000 3732 ins.
1072 3700 1113 3740 (5)
1140 3703 1190 3731 est

105 3731 150 3763 Ρ
244 3736 288 3777 (ὓ)
312 3738 346 3768 et
358 3738 416 3770 ins.
432 3738 506 3771 dett.
596 3741 643 3783 (7)
667 3744 851 3779 exemptam
867 3755 928 3775 scr.

1209 114 1285 162 141
1339 86 1343 89 ’

1007 3746 1051 3785 (8)
1077 3748 1189 3779 cuius-
1219 3748 1225 3787 Ι

2271 124 2371 166 Χ2

1277 238 1308 274 si
1332 238 1481 275 alteram
1504 245 1641 286 partem
1666 242 1821 277 creditor
1853 244 1991 278 emerit:
2027 244 2244 280 adiudicatio
2279 247 2373 280 0111111

1278 286 1481 320 necessaria
1505 290 1577 327 est,
1611 287 1742 331 emptio
1774 287 1992 323 voluntaria:
2027 289 2094 324 nisi
2127 289 2157 324 si
2193 290 2373 325 obiciatur

1277 330 1463 373 creditori,
1501 331 1596 383 quod
1632 332 1791 367 animose
1822 333 1940 368 licitus
1974 334 2021 369 sit
2032 336 2055 369 ⁵.
2093 334 2156 369 sed
2188 335 2295 370 huius
2322 337 2372 370 rei

1276 375 1369 410 ratio
1393 376 1604 420 habebitur,
1628 378 1712 429 quia
1736 377 1831 422 quod
1856 379 2009 414 creditor
2034 380 2122 425 egit,
2147 390 2212 424 pro
2240 390 2280 415 eo
2306 381 2370 415 ha-

1277 420 1431 455 bendum
1463 426 1518 457 est
1549 432 1592 457 ac
1624 433 1655 457 si
1686 422 1826 457 debitor
1857 434 1921 467 per
1944 429 2216 468 procuratorem
2241 426 2371 471 egisset

1277 469 1312 500 et
1344 466 1438 509 eius,
1471 467 1567 511 quod
1597 478 1662 512 pro
1690 471 1745 502 ter
1768 468 2017 504 necessitatem
2041 470 2230 515 impendit,
2265 471 2372 506 etiam

1276 510 1369 546 ultro
1395 515 1449 546 est
1472 512 1567 547 actio
1593 523 1651 547 cre
1677 513 1770 548 itori.

1322 553 1375 593 30
1400 556 1658 593 Moosssruws
1678 558 1769 593 libro
1794 560 1899 593 sexto
1924 569 2180 604 responsorum
2220 560 2370 596 Fundus

1276 601 1360 636 mihi
1384 603 1582 637 communis
1608 604 1685 638 est⁶
1708 603 1864 648 pupillae
1898 604 2082 639 coheredi:
2115 605 2152 639 in
2185 616 2225 640 eo
2257 606 2369 642 fundo

1275 646 1444 691 reliquiae
1468 653 1552 683 sunt
1576 648 1760 690 conditae,
1795 648 1923 693 quibus
1956 649 2077 694 religio
2112 651 2156 685 ab
2183 652 2370 696 utriusque

1275 692 1437 736 patribus
1470 693 1685 735 debebatur,
1720 704 1803 728 nam
1835 698 2002 738 parentes
2039 705 2179 739 quoque
2214 697 2367 732 eiusdem

1275 738 1434 781 pupillae
1458 738 1508 773 ibi
1532 739 1663 784 sepulti
1687 743 1789 774 sunt:
1815 739 1879 774 sed
1901 742 2040 774 tutores
2066 740 2264 776 distrahere
2288 743 2368 776 fun-

1277 782 1360 817 dum
1383 783 1526 818 volunt:
1553 794 1616 829 ego
1638 795 1712 819 non
1733 784 1927 826 consentio,
1954 784 2016 819 sed
2036 786 2236 829 portionem
2256 798 2369 822 meam

1274 827 1458 872 possidere
1481 829 1586 872 malo,
1613 839 1695 864 cum
1718 829 1985 864 universitatem
2010 840 2125 865 emere
2144 842 2215 866 non
2234 833 2371 883 possim

1275 877 1311 907 et
1345 873 1449 908 velim
1483 885 1549 919 pro
1586 885 1664 910 meo
1701 874 1848 909 arbitrio
1893 875 2039 919 exsequi
2080 875 2136 910 ius
2178 876 2368 921 religionis.

1274 928 1428 963 quaero,
1464 930 1511 954 an
1545 924 1643 955 recte
1678 920 1852 955 arbitrum
1885 920 2063 955 communi
2100 921 2288 957 dividundo
2325 923 2371 957 ad

1274 964 1368 999 hunc
1399 963 1550 999 fundum
1574 965 1800 1009 partiendum
1824 969 1944 1010 petam
1967 976 2015 1000 an
2040 966 2146 1000 etiam
2170 967 2200 1002 is
2226 968 2369 1008 arbiter,

1275 1009 1335 1053 qui
1357 1008 1514 1045 familiae
1537 1010 1769 1046 erciscundae
1794 1011 1917 1053 datur,
1942 1011 2055 1046 isdem
2079 1012 2244 1056 partibus
2269 1012 2369 1058 fungi

1273 1054 1405 1099 possit,
1438 1058 1479 1090 ut
1508 1055 1604 1090 hanc
1627 1056 1890 1100 possessionem
1915 1057 2111 1101 exemptis⁷
2137 1058 2264 1092 ceteris
2291 1069 2368 1093 cor-

1273 1099 1421 1144 poribus
1445 1100 1670 1136 hereditariis
1690 1113 1755 1146 pro
1774 1102 1851 1136 iure
1873 1102 2027 1146 cuique⁸
2052 1102 2155 1137 nobis
2179 1103 2367 1147 partiatur.

1273 1145 1473 1181 Herennius
1506 1146 1731 1182 Modestinus
1767 1147 1953 1191 respondit
1983 1147 2071 1182 nihil
2101 1148 2271 1193 proponi,
2306 1160 2370 1183 cur

1273 1190 1429 1225 familiae
1453 1192 1685 1227 erciscundae
1708 1192 1839 1227 iudicio
1865 1192 2030 1227 addictus
2056 1193 2190 1228 arbiter
2210 1193 2369 1228 officium

1273 1246 1378 1270 suum
1410 1236 1516 1272 etiam
1547 1237 1584 1272 in
1617 1238 1692 1272 eius
1723 1237 1827 1272 fundi
1860 1237 1903 1272 de
1927 1249 1997 1283 quo
2023 1238 2140 1283 agitur
2164 1238 2367 1273 divisionem

1272 1281 1498 1326 interponere
1522 1293 1594 1318 non
1618 1283 1750 1327 possit:
1776 1283 1840 1318 sed
1858 1283 2023 1327 religiosa
2041 1284 2123 1318 loca
2141 1283 2179 1318 in
2199 1284 2370 1319 iudicium

1273 1337 1344 1361 non
1369 1327 1498 1362 deduci
1523 1338 1716 1373 eorumque
1739 1328 1794 1363 ius
1819 1328 1965 1372 singulis
1989 1328 2179 1364 heredibus
2212 1329 2249 1364 in
2285 1330 2367 1364 soli·

1273 1371 1355 1406 dum
1380 1377 1592 1418 competere.

1318 1415 1367 1454 31
1398 1417 1646 1454 PAPJNJANUS
1666 1418 1759 1454 libro
1783 1419 1933 1465 septimo
1959 1420 2208 1464 quaestionum
2246 1419 2367 1455 81801·-

1272 1473 1337 1497 vus
1370 1463 1511 1507 pignori
1542 1464 1614 1499 obli
1639 1468 1719 1499 atus
1751 1464 1872 1498 luatur
1904 1464 1949 1498 ab
1984 1475 2056 1499 uno
2091 1475 2134 1499 ex
2165 1465 2367 1507 heredibus,

1273 1509 1433 1552 quamvis
1458 1513 1585 1553 postea
1636 1509 1779 1551 ecedat,
1814 1509 1973 1544 officium
2005 1514 2125 1544 tamen
2150 1510 2278 1545 arbitri
2302 1511 2366 1545 du-

1272 1557 1345 1588 rat:
1372 1554 1507 1589 sufficit
1532 1555 1624 1589 enim
1648 1555 1905 1590 communionis
1929 1565 2040 1589 causa
2060 1565 2152 1599 quae
2172 1557 2369 1600 praecessit

1272 1608 1435 1643 quaeque
1458 1599 1563 1635 hodie
1587 1600 1744 1642 duraret,
1770 1601 1800 1635 si
1823 1611 1880 1635 res
1905 1611 1978 1636 non
2001 1601 2251 1636 intercidisset.

1317 1641 1371 1681 32
1396 1644 1505 1679 IDEM
1532 1646 1623 1680 libro
1648 1646 1805 1681 secundo
1829 1656 2086 1690 responsorum
2135 1646 2233 1689 Quae
2265 1650 2368 1691 pater

1270 1689 1363 1724 inter
1394 1690 1488 1725 filios
1522 1701 1595 1725 non
1628 1690 1746 1726 divisit
1769 1695 1852 1736 post
1877 1691 2005 1726 datas⁹
2029 1691 2188 1726 actiones
2213 1692 2289 1726 vice
2315 1692 2364 1726 di-

1270 1734 1432 1777 visionis,
1467 1735 1514 1770 ad
1548 1736 1705 1780 singulos
1737 1747 1803 1781 pro
1828 1736 2045 1771 hereditaria
2068 1737 2232 1781 portione
2256 1737 2366 1781 perti-

1270 1783 1366 1822 nent,
1392 1780 1497 1816 modo
1523 1781 1554 1816 si
1578 1785 1708 1823 cetera,
1734 1792 1826 1826 quae
1850 1792 1922 1817 non
1948 1781 2085 1823 divisit,
2110 1783 2147 1816 in
2171 1793 2281 1817 unum
2305 1793 2366 1826 ge—

1271 1825 1439 1860 neraliter
1470 1837 1543 1862 non
1577 1826 1729 1862 contulit
1760 1827 1815 1862 vel
1847 1838 1904 1862 res
1929 1827 2033 1862 datas
2058 1838 2129 1862 non
2155 1832 2364 1872 sequuntur.

1316 1868 1369 1908 33
1395 1871 1505 1906 IDEM
1530 1872 1621 1907 libro
1645 1873 1796 1917 septimo
1820 1883 2076 1918 responsorum
2125 1871 2162 1907 Si
2186 1876 2289 1917 pater
2311 1872 2366 1907 fa·

1270 1916 1384 1951 milias
1421 1917 1568 1961 singulis
1603 1917 1794 1952 heredibus
1830 1917 1962 1952 fundos
1998 1917 2149 1961 legando
2184 1918 2365 1953 divisionis

1270 1961 1417 1997 arbitrio
1441 1962 1542 2006 fungi
1565 1962 1687 2004 voluit,
1713 1973 1786 1997 non
1810 1963 1914 1997 aliter
1933 1966 2072 2007 partem
2093 1973 2196 1997 suam
2218 1964 2365 1999 coheres

1269 2011 1451 2051 praestare
1476 2011 1642 2052 cogetur,
1676 2018 1783 2052 quam
1808 2009 1838 2043 si
1861 2008 1938 2043 vice
1962 2011 2085 2042 mutua
2108 2013 2247 2053 partem
2271 2020 2366 2043 nexu

1269 2053 1427 2097 pignoris
1451 2052 1602 2088 liberam
1627 2058 1880 2098 consequatur.

1315 2096 1368 2135 34
1394 2097 1503 2132 IDEM
1528 2098 1621 2134 libro
1653 2102 1779 2133 octavo
1811 2109 2066 2145 responsorum
2115 2098 2242 2134 Servos
2273 2099 2367 2134 inter

1270 2143 1464 2178 coheredes
1494 2147 1655 2188 tempore
1679 2143 1860 2180 divisionis
1885 2144 2091 2179 aestimatos
2116 2155 2188 2179 non
2214 2145 2364 2187 emendi,

1269 2188 1333 2223 sed
1364 2188 1544 2224 dividendi
1575 2189 1693 2224 animo
1728 2189 1852 2233 pretiis
1885 2189 2085 2234 adscriptos
2102 2191 2129 2210 ¹⁰
2153 2190 2263 2224 videri
2287 2190 2363 2234 pla-

1269 2234 1359 2269 cuit:
1393 2244 1505 2278 quare
1528 2244 1704 2279 suspensa
1729 2235 1938 2270 condicione
1962 2238 2122 2270 mortuos
2146 2238 2220 2269 tam
2244 2235 2363 2269 heredi

1268 2289 1375 2324 quam
1399 2279 1727 2315 fideicommissario
1753 2280 1943 2325 deperisse.

1314 2321 1366 2362 35
1382 2325 1408 2345 ¹¹
1433 2323 1541 2359 IDEM
1560 2324 1652 2360 libro
1677 2325 1888 2361 duodecimo
1903 2326 1930 2346 ¹2
1954 2336 2209 2371 responsorum
2256 2325 2362 2360 Pom-

1267 2370 1396 2414 ponius
1409 2369 1665 2415 Philadelphus
1687 2370 1780 2406 dotis
1802 2381 1913 2406 001180
1934 2371 2082 2415 praedia
2101 2370 2195 2405 filiae
2208 2370 2236 2391 ¹³
2257 2381 2362 2415 quam

1267 2415 1467 2450 1101101101Μ
1498 2415 1536 2450 111
1570 2419 1752 2460 potestate
1786 2416 1934 2451 tradidit
1967 2420 2002 2451 et
2031 2416 2208 2451 reditus¹⁵
2240 2426 2363 2450 eorum

1265 2471 1395 2505 genero
1421 2460 1509 2495 solvi
1532 2461 1730 2495 mandavit:
1757 2471 1804 2495 an
1829 2472 1871 2496 ea
1919 2461 2089 2506 raecipua
2113 2461 2187 2495 filia
2210 2461 2362 2495 retinere

1266 2506 1390 2550 possit,
1413 2516 1494 2540 cum
1515 2516 1637 2541 omnes
1652 2507 1679 2527 ¹⁰
1700 2506 1791 2541 filios
1805 2473 1953 2541 1101οΕ08
1966 2506 2190 2547 instituisset,
2212 2516 2361 2550 quaere-

1267 2551 1386 2586 batur.
1421 2551 1552 2585 iustam
1578 2562 1723 2586 causam
1747 2551 1954 2586 retinendae
1972 2551 2208 2596 possessionis
2229 2551 2362 2586 habere

1267 2595 1386 2638 filiam,
1412 2596 1579 2640 quoniam
1602 2601 1706 2641 pater
1729 2597 1876 2641 praedia
1900 2597 1944 2631 de
1968 2597 2096 2641 quibus
2123 2597 2360 2640 quaerebatur

1267 2641 1359 2676 dotis
1385 2651 1462 2676 esse
1485 2641 1598 2676 voluit
1622 2646 1657 2677 et
1681 2642 1945 2676 matrimonium
1961 2645 2059 2721 fipost
2090 2645 2239 2676 mortem
2272 2653 2360 2686 quo-

1266 2696 1335 2730 que
1358 2686 1471 2731 patris
1496 2690 1645 2721 steterat
1659 2688 1706 2729 ¹⁷,
1739 2687 1925 2731 respondi:
1999 2687 2070 2721 iam
2094 2687 2242 2729 etenim,
2269 2698 2361 2732 quae

1265 2731 1478 2766 naturaliter
1502 2742 1608 2776 agros
1631 2732 1805 2774 tenuit²⁸‚
1839 2732 1959 2777 specie
1991 2732 2084 2767 dotis
2117 2732 2218 2767 cuius
2244 2743 2360 2777 capax

1265 2776 1425 2811 fuisset¹⁹
1449 2776 1603 2811 defendi.

1312 2819 1365 2858 36
1391 2821 1552 2856 PAULUS
1572 2822 1664 2857 libro
1689 2821 1847 2857 secundo
1873 2823 2123 2867 quaestionum
2172 2822 2261 2857 Cum
2292 2834 2358 2868 pu-

1265 2871 1378 2901 tarem
1410 2871 1446 2900 te
1479 2867 1691 2902 coheredem
1722 2877 1840 2902 meum
1875 2878 1952 2902 esse
1986 2867 2092 2912 idque
2129 2878 2252 2902 verum
2286 2879 2357 2904 non

1265 2915 1370 2953 esset,
1397 2911 1451 2955 egi
1474 2915 1593 2946 tecum
1616 2912 1771 2947 familiae
1796 2913 2028 2947 erciscundae
2051 2912 2182 2947 iudicio
2208 2918 2243 2948 et
2263 2923 2285 2948 a
2304 2914 2358 2948 iu-

1266 2956 1343 2991 dice
1367 2957 1517 2991 invicem
1542 2957 1824 2993 adiudicationes
1850 2963 1885 2993 et
1906 2958 2219 2993 condemnationes
2238 2958 2359 2993 factae

1265 3005 1367 3036 sunt:
1402 3012 1554 3045 quaero,
1588 3002 1640 3037 rei
1673 3003 1821 3038 veritate
1854 3004 1995 3048 cognita
2026 3007 2145 3038 utrum
2180 3003 2357 3039 condictio

1263 3047 1413 3081 invicem
1445 3051 1626 3092 competat
1656 3058 1703 3082 an
1733 3048 1949 3084 vindicatio?
1986 3053 2021 3083 et
2053 3059 2100 3083 an
2131 3049 2230 3083 aliud
2253 3049 2291 3083 in
2316 3059 2357 3084 eo

1264 3092 1324 3136 qui
1347 3092 1451 3127 heres
1476 3096 1548 3134 est,
1581 3093 1679 3127 aliud
1709 3093 1745 3128 111
1779 3104 1819 3128 eo
1852 3094 1913 3139 qui
1945 3094 2047 3129 heres
2071 3104 2143 3128 non
2167 3094 2212 3128 sit
2236 3093 2357 3128 dicen-

1264 3137 1347 3171 dum
1373 3137 1452 3172 est?
1488 3138 1672 3182 respondi:
1699 3139 1759 3183 qui
1783 3149 1827 3173 ex
1851 3150 1931 3174 asse
1954 3140 2057 3174 heres
2083 3143 2177 3181 erat,
2202 3139 2250 3181 si,
2276 3150 2358 3173 cum

1262 3186 1407 3227 putaret
1431 3193 1469 3217 se
1494 3182 1628 3217 Titium
1653 3184 1864 3219 coheredem
1888 3185 2037 3227 habere,
2072 3185 2251 3228 acceperit
2276 3195 2357 3218 cum

1263 3237 1304 3262 eo
1326 3227 1484 3262 familiae
1506 3228 1737 3263 erciscundae
1756 3229 1925 3264 iudicium
1947 3234 1981 3264 et
2001 3229 2355 3265 condemnationibus

1261 3271 1369 3307 factis
1394 3272 1539 3307 solverit
1561 3275 1766 3318 pecuniam,
1800 3275 1967 3319 quoniam
1999 3286 2043 3310 ex
2075 3285 2185 3309 causa
2208 3273 2354 3308 iudicati

1264 3317 1378 3360 solvit,
1403 3321 1565 3362 repetere
1589 3330 1662 3355 non
1685 3324 1814 3365 potest.
1851 3320 1914 3355 sed
1937 3325 1977 3354 tu
2000 3319 2127 3354 videris
2150 3329 2190 3353 eo
2213 3319 2353 3358 moveri,

1260 3441 1324 3472 que
1338 3432 1410 3464 edd.
1469 3434 1512 3471 (9)
1539 3443 1591 3464 res
1605 3436 1639 3465 et
1651 3434 1792 3466 collatas
1807 3436 1882 3467 ins-..-
1897 3437 1938 3477 cs.
1951 3436 1970 3467 l.
1982 3442 2017 3468 20
2032 3439 2074 3473 §3
2087 3434 2115 3465 h.
2128 3441 2149 3466 t.
2205 3434 2264 3470 (10)
2283 3442 2350 3463 ser-

1259 3477 1309 3507 vis
1323 3476 1413 3507 inter
1426 3477 1603 3510 coheredes
1617 3482 1764 3520 tempore
1778 3479 1956 3511 divisionis
1970 3479 2153 3511 aestimatis
2163 3488 2230 3508 non
2241 3487 2351 3508 emen-

1261 3521 1306 3560 di,
1320 3521 1378 3553 sed
1391 3521 1565 3555 dividendi
1578 3523 1690 3555 animo
1704 3525 1815 3566 pretia
1828 3525 1999 3566 adscripta
2012 3537 2073 3556 scr.
2146 3524 2199 3562 (11)
2226 3538 2268 3549 =
2278 3522 2351 3554 Vat.

1263 3570 1278 3604 §
1295 3573 1360 3599 258.
1478 3569 1537 3609 (12)
1562 3568 1738 3601 duodecim
1751 3570 1786 3601 F
1903 3571 1960 3609 (13)
1988 3568 2191 3609 Pomponiae
2206 3568 2264 3599 ins.
2277 3567 2350 3598 Vat.

1260 3613 1316 3648 (14)
1343 3610 1464 3643 habuit
1481 3613 1555 3646 Vae.
1650 3615 1707 3653 (15)
1734 3615 1901 3646 mercedes
1921 3615 1991 3647 Vat.
2088 3614 2145 3652 (16)
2173 3622 2247 3642 011111
2261 3621 2351 3642 00111-

1260 3666 1376 3687 111111108
1395 3657 1468 3689 Vat.
1565 3660 1623 3699 (17)
1645 3660 1845 3691 constiterat
1863 3660 1934 3692 Vat.
2030 3659 2089 3695 (1⁴3)
2115 3656 2259 3688 retinuit
2275 3656 2350 3689 Vae.

1261 3701 1320 3741 (19)
1346 3700 1412 3733 fuit
1430 3701 1502 3734 Vat.
