2528 3918
176 111 366 156 XXXVI
394 114 484 156 23

176 235 377 282 portionem
401 233 544 280 quidem
568 232 754 271 coheredis
776 234 919 278 valebit,
942 234 981 271 in
1004 234 1117 280 ipsius
1135 237 1265 277 autem,

177 281 280 317 cuius
303 289 460 326 persona
481 279 520 315 in
543 278 753 316 condicione
775 280 1033 326 comprehensa
1052 283 1116 320 est,
1142 288 1266 332 super·

175 336 290 362 vacua
314 324 397 368 erit,
421 324 572 371 perinde
595 327 704 371 atque
725 324 758 361 si
779 325 857 362 solo
881 336 923 368 eo
947 324 1079 361 herede
1101 324 1266 360 instituto

177 382 219 406 eo
242 369 348 406 modo
372 370 530 416 legatum
553 373 659 406 esset.

222 413 276 453 23
315 414 511 451 Uffmms
542 414 634 451 libro
668 418 799 462 quarto
836 415 886 451 ad
919 414 1031 461 leqem
1063 413 1197 450 Iuliam
1233 419 1268 450 et

177 460 334 507 Papiam
381 459 471 495 Cum
493 460 532 495 in
555 469 669 496 annos
693 460 851 506 singulos
870 461 1027 505 legatum
1042 459 1133 495 relin
1158 460 1266 502 uitur,

175 505 253 541 sine
287 504 397 541 dubio
530 515 643 542 annos
675 506 831 551 singulos
863 506 1027 551 inspecta
1059 515 1128 541 con
1153 504 1267 540 1cione

173 550 188 585 l
254 549 337 585 tarii
360 553 424 585 aut
472 559 601 596 capere
609 551 635 586 ².
673 554 709 586 et
732 551 763 586 si
787 550 941 596 plurium
965 560 1087 586 servus
1112 550 1169 592 sit,
1194 550 1265 585 sin-

174 560 338 641 {figi-um
362 594 586 631 dominorum
610 599 715 632 erunt
738 606 913 641 personae
937 595 1166 641 spectandae.

210 638 276 693 ,24
307 640 467 694 Panos
494 640 585 677 libro
616 645 723 677 sexto
754 641 805 677 ad
835 641 948 688 leqem
972 640 1106 693 Iuliam
1137 643 1172 675 et
1196 639 1267 675 Pa-

169 697 293 774 {ae'zi
315 685 761 774 3;.1’5¹;¹a.¹·2.2²fi‘23.2255,
778 685 1041 776 281111ῑεί1
1048 685 1109 766 *2ss
1118 684 1268 775 sagas

174 776 330 821 legatam
353 779 390 812 et
410 776 624 812 translatam
647 786 726 812 esse
748 776 786 811 in
834 786 948 819 ecem,
973 776 1004 812 si
1027 775 1183 812 noluerit
1204 785 1266 820 pe-

175 832 262 856 num
285 821 390 858 heres
415 821 513 865 dare,
539 826 575 857 et
592 826 679 857 tunc
723 821 886 857 ecuniam
902 821 1036 864 deberi,
1061 831 1143 857 cum
1158 821 1266 855 inter-

174 866 354 912 pellatus⁴
376 865 527 902 fundum
550 877 623 902 non
648 866 692 902 de
719 866 727 874 '
748 870 819 910 set,
851 870 906 910 et,
932 866 963 902 si
985 866 1123 902 interea
1146 866 1267 901 deces-

175 912 262 948 serit
291 912 504 958 legatarius‚
535 915 622 948 tunc
653 911 778 947 heredi
809 912 885 947 eius
915 922 988 947 non
1019 911 1088 948 nisi
1118 910 1268 946 fundum

175 957 308 993 deberi.
356 967 511 1002 namque
535 968 617 993 cum
640 956 776 993 dictum
800 960 870 993 est:
903 960 954 992 ‘at
976 956 1161 992 Publicius
1184 956 1266 991 fun-

175 1002 272 1037 ‘dum
303 1002 411 1045 dato’,
442 1002 642 1048 perfectum
666 1005 722 1038 est
743 1002 899 1048 legatum
923 1005 960 1038 et
983 1013 1066 1038 811111
1089 1001 1192 1037 dicit:
1227 1001 1269 1036 ‘si

176 1050 260 1083 ‘non
291 1047 443 1091 dederit,
482 1052 626 1084 centum
665 1047 774 1092 dato’,
811 1047 878 1083 sub
917 1047 1128 1083 condicione
1165 1046 1269 1082 fundi

173 1093 331 1138 legatum
355 1093 562 1139 ademptum
584 1093 697 1129 videri
720 1103 762 1128 ec
788 1103 894 1136 casu,
920 1094 1015 1145 quo⁵
1039 1096 1182 1128 centum
1206 1091 1267 1127 de-

174 1138 252 1174 beri
275 1138 470 1192 coeperint.
520 1148 673 1184 quorum
696 1138 782 1184 quia
806 1137 970 1174 condicio
994 1137 1072 1173 vivo
1095 1137 1267 1182 legatario

174 1194 248 1219 non
272 1184 464 1227 exstiterit,
488 1184 584 1220 forte
608 1184 692 1229 quia
714 1183 963 1228 interpellatus
986 1183 1089 1218 heres
1113 1193 1187 1218 non
1210 1181 1267 1224 sit,

174 1229 292 1264 evenit
300 1230 326 1272 ⁶,
363 1232 405 1264 ut
437 1228 617 1274 ademptio
648 1228 737 1263 nihil
768 1228 879 1274 egerit
908 1227 1082 1273 fundique
1111 1228 1269 1272 legatum

178 1278 194 1309 1
232 1274 435 1311 „duraverit
488 1273 603 1309 Plane
632 1274 663 1309 si
695 1273 747 1309 sic
779 1273 936 1326 legatum
966 1273 1031 1309 sit:
1065 1272 1108 1308 ‘si
1136 1283 1269 1319 penum

173 1323 260 1400 imm
283 1319 440 1386 dederit,
473 1319 596 1355 decem
620 1318 730 1362 dato’,
764 1318 915 1355 dicimus
938 1329 1012 1354 non
1036 1327 1114 1354 esse
1136 1327 1269 1363 penum

252 1369 328 1400 tum
357 1391 365 1399 .

188 1375 274 1448 eg2¹¹5
300 1409 549 1445 Prmmmm
574 1409 667 1445 libro
696 1411 823 1445 octavo
852 1408 990 1445 decimo
1019 1409 1269 1455 quaestionum

175 1455 263 1492 Cum
279 1454 369 1491 illud
386 1458 450 1490 aut
465 1453 553 1490 illud
568 1454 715 1500 legetur,
740 1454 961 1490 enumeratio
977 1453 1134 1500 plurium
1149 1464 1269 1489 rerum

174 1500 387 1537 disiunctivo
412 1499 519 1535 modo
545 1499 803 1545 comprehensa
818 1499 925 1545 plura
943 1499 1062 1545 legata
1078 1510 1152 1535 non
1169 1499 1268 1535 facit.

174 1556 241 1582 nec
271 1545 370 1581 aliud
397 1545 545 1591 probari
573 1545 726 1591 poterit,
759 1544 791 1580 si
819 1555 910 1590 pure
937 1544 1090 1580 fundum
1119 1545 1269 1580 alterum

174 1591 230 1627 vel
253 1591 406 1627 alterum
436 1590 504 1626 sub
529 1590 740 1626 condicione
762 1589 951 1635 legaverit:
981 1599 1065 1625 nam
1092 1589 1270 1635 pendente

175 1636 387 1673 condicione
416 1646 490 1671 non
523 1635 591 1671 erit
622 1635 749 1671 electio
781 1645 848 1671 nec
859 1636 884 1678 ⁸,
916 1635 947 1671 si
976 1635 1152 1671 moriatur
1160 1636 1188 1678 ⁹,
1223 1634 1271 1670 ad

179 1686 193 1717 1
243 1681 412 1717 heredem
435 1681 608 1717 transisse
630 1681 789 1726 legatum
804 1680 991 1717 videbitur.
1033 1680 1156 1716 ‘Heres
1169 1690 1271 1716 meus

176 1727 282 1763 ‘Titio
309 1726 394 1762 dato
419 1726 517 1772 quod
539 1726 626 1762 mihi
642 1726 746 1762 Seius
770 1726 900 1762 debet’.
939 1726 970 1762 si
987 1724 1089 1762 Seius
1113 1737 1163 1772 pu
1188 1725 1271 1761 illus

174 1773 251 1809 sine
279 1771 410 1808 tutoris
440 1771 656 1808 auctoritate
686 1782 849 1807 nummos
874 1771 1016 1816 accepit
1039 1781 1106 1807 nec
1119 1773 1147 1793 ²⁰
1183 1782 1270 1807 ocu-

174 1818 304 1864 pletior
326 1817 446 1853 factus
470 1821 526 1853 est
550 1822 586 1852 et
610 1817 806 1853 credit0r¹¹
839 1817 886 1853 ad
914 1826 1087 1862 praesens
1111 1816 1270 1852 debitum

175 1864 283 1899 verba
305 1863 462 1905 rettulit,
493 1862 578 1908 quia
601 1863 689 1898 nihil
713 1862 816 1898 Seius
829 1863 858 1883 ¹²
882 1862 1007 1903 debet,
1032 1862 1167 1897 nullius
1192 1873 1268 1898 mo-

177 1908 288 1945 menti
309 1908 466 1954 legatum
490 1908 575 1944 erit:
608 1908 705 1954 quod
733 1908 765 1943 si
794 1907 904 1944 verbo
937 1907 1047 1943 debiti
1070 1907 1270 1943 naturalem

177 1954 429 2036 fflationem
453 1956 489 1989 et
510 1953 672 1989 futuram
693 1953 907 1989 solutionem
925 1952 1104 1997 cogitavit,
1128 1953 1270 1988 interim

203 2000 210 2007 '
240 1999 247 2007 “
276 1999 304 2021 ¹³
328 1998 445 2034 Titius
468 2002 579 2044 petet,
628 1999 709 2034 uasi
731 1998 842 2034 tacite
866 1998 1029 2034 condicio
1053 1998 1189 2034 inserta
1211 1998 1268 2041 sit,

177 2055 249 2081 non
272 2054 377 2080 secus
406 2054 450 2079 88
474 2043 506 2079 81
527 2044 580 2079 ita
629 2044 638 2052 ’
667 2044 769 2079 'ssetz
803 2044 910 2079 ‘Titio
943 2043 1047 2086 dato,
1078 2043 1174 2089 quod
1201 2054 1268 2088 pu-

177 2090 295 2136 ‘pillus
330 2089 486 2125 solverit’
524 2089 580 2125 vel
618 2089 649 2124 si
684 2089 840 2134 legasset
875 2092 883 2108 ‘
911 2089 983 2125 uod
1015 2099 1059 2124 ex
1090 2089 1270 2124 Arethusa

176 2139 312 2171 ‘natum
336 2134 413 2170 erit’
438 2134 494 2169 vel
518 2133 690 2177 ‘fr-uetus,
722 2134 783 2180 qui
812 2134 850 2169 in
883 2134 891 2141 ‘
921 2145 942 2170 o
973 2133 1086 2169 fundo
1119 2144 1270 2170 nascen-

178 2181 272 2216 ‘tur’.
320 2179 540 2216 contrarium
564 2190 638 2215 non
662 2183 736 2222 est,
772 2179 886 2224 quod,
918 2179 950 2214 si
972 2179 1087 2215 medio
1110 2183 1271 2225 tempore

175 2225 372 2271 legatarius
395 2224 570 2260 moriatur
594 2229 630 2260 et
652 2229 781 2270 postea
803 2229 931 2270 partus
955 2224 1100 2267 edatur,
1129 2223 1271 2260 fructus

177 2270 404 2317 perveniant,
433 2270 624 2315 pecuniam
646 2270 804 2315 pupillus
829 2269 1008 2312 exsolvat,
1039 2270 1143 2305 heres
1173 2269 1270 2315 lega-

176 2316 260 2352 tarii
283 2315 491 2362 petitionem
514 2315 643 2350 habet:
672 2325 827 2360 namque
851 2315 927 2350 dies
951 2315 1075 2360 legati,
1101 2315 1160 2350 cui
1185 2325 1271 2350 con-

178 2361 270 2397 dicio
301 2371 376 2396 non
404 2360 638 2403 adscribitur,
677 2360 837 2406 quamvis
871 2360 1091 2396 extrinsecus
1123 2370 1270 2405 exspec-

176 2406 288 2443 tanda
311 2406 368 2449 sit,
394 2406 499 2441 cedit.

225 2449 279 2489 26
303 2451 412 2487 loru
430 2450 521 2487 libro
544 2462 641 2486 nono
669 2461 710 2486 re
755 2461 927 2486 onsorum
980 2450 1126 2486 ‘Firmio
1150 2449 1271 2485 Helio-

179 2497 279 2533 ‘doro
311 2496 418 2532 fratri
448 2506 528 2532 meo
560 2495 639 2531 dari
671 2507 715 2532 vo
731 2507 753 2532 o
792 2496 1050 2542 quinquaginta
1080 2506 1125 2531 ex
1155 2494 1272 2530 reditu

179 2542 418 2588 ‘praediorum
442 2551 601 2577 meorum
617 2541 729 2576 futuri
746 2541 831 2577 anni
845 2542 984 2586 postea'
998 2542 1037 2576 ¹⁴.
1074 2551 1146 2576 non
1161 2540 1273 2576 videri

179 2587 426 2623 condicionem
442 2586 611 2629 additam,
637 2587 700 2623 sed
722 2591 864 2632 tempus
889 2586 1080 2622 solvendae
1098 2586 1272 2631 pecuniae

180 2633 359 2678 prolatum
395 2631 507 2667 videri
543 2632 730 2677 respondi:
776 2632 990 2668 ¹⁵fructibus
1025 2631 1090 2667 fini
1124 2631 1272 2667 relictae

180 2678 354 2724 pecuniae
368 2678 395 2699 ¹⁸
418 2688 491 2713 non
514 2678 693 2723 perceptis
717 2677 918 2712 ubertatem
937 2687 1016 2713 esse
1032 2677 1271 2712 necessariam

183 2727 199 2759 1
250 2723 335 2758 anni
358 2722 516 2758 secundi.
559 2722 649 2758 Cum
672 2723 718 2758 ab
741 2722 934 2758 heredibus
959 2723 1102 2758 alumno
1129 2726 1273 2758 centum

181 2768 259 2803 dari
287 2767 458 2803 voluisset
486 2772 639 2804 testator
667 2773 704 2803 et
718 2769 745 2790 ¹⁷
774 2778 854 2804 eam
878 2768 1067 2814 pecuniam
1091 2767 1138 2802 ad
1161 2766 1271 2802 alium

180 2812 379 2855 transferri,
404 2817 445 2847 ut
468 2813 505 2848 in
529 2823 662 2848 annum
686 2813 918 2848 vicensimum
942 2813 1105 2859 quintum
1125 2813 1271 2848 trientes

180 2868 310 2894 usuras
335 2858 410 2893 eius
434 2868 592 2894 summae
615 2858 814 2911 perciperet
837 2858 1003 2894 alumnus
1028 2869 1071 2894 ac
1090 2862 1174 2903 post
1194 2868 1271 2893 eam

181 2908 336 2939 aetatem
374 2907 507 2938 sortem
545 2904 680 2948 ipsam:
720 2907 816 2939 intra
846 2904 1078 2939 vicensimum
1110 2903 1271 2948 quintum

181 2959 315 2984 annum
346 2957 387 2983 eo
418 2947 588 2984 defuncto
620 2949 869 2984 transmissum
899 2949 946 2985 ad
975 2949 1140 2984 heredem
1170 2948 1272 2994 pueri

180 2993 491 3030 fideicommissum
514 2994 699 3039 respondi:
732 3005 816 3029 nam
848 2999 983 3030 certam
1006 2997 1160 3029 aetatem
1184 2993 1272 3029 sorti

181 3038 372 3075 solvendae
394 3039 643 3084 praestitutam
661 3039 782 3083 videri,
807 3051 880 3075 non
895 3050 985 3085 pure
998 3039 1270 3075 fideicommisso

181 3084 308 3121 relicto
329 3083 575 3119 condicionem
593 3085 764 3119 insertam
780 3086 816 3120 ¹⁸.
855 3096 937 3120 cum
951 3089 1070 3120 autem
1090 3084 1270 3119 fideicom-

181 3130 330 3165 missum
352 3129 399 3165 ab
423 3138 465 3164 eo
490 3129 569 3181 peti
588 3140 658 3164 non
682 3134 806 3174 posset
818 3131 856 3174 ¹⁹,
887 3140 997 3175 penes
1026 3140 1131 3175 quem
1160 3129 1273 3165 voluit

181 3174 371 3256 95ἶῶΜο
372 3173 774 3265 „0⁰02”01533’23t2‘2131‘3‘
783 3175 899 3255 ..2¹²5ae
925 3175 1272 3256 ἔὲἶῗῗαιζῗειῐέἒτέἷῗέ

182 3265 353 3301 ‘reddere’
376 3263 687 3300 fideicommissum
708 3265 754 3300 ab
771 3231 962 3301 herledibus
981 3231 1185 3310 pletendum,
1211 3265 1272 3309 qui

181 3310 369 3357 pecuniam
399 3309 478 3345 dari
507 3309 672 3355 stipulari
703 3309 918 3346 debuerunt:
949 3310 1014 3346 sed
1042 3309 1270 3346 fideiussores

182 3425 223 3466 (1)
247 3423 297 3456 ait
311 3422 364 3456 F²
479 3425 522 3465 (2)
545 3432 639 3465 posse
658 3421 818 3454 dicendus
838 3425 887 3455 est
905 3425 965 3456 aut
984 3434 1053 3456 non
1072 3433 1188 3466 capere
1209 3425 1269 3457 ine.

183 3471 227 3510 (8)
251 3468 404 3511 accipiF
472 3474 514 3507 (⁴)
539 3465 811 3510 interpellatisF
881 3472 922 3507 (5)
948 3479 1010 3501 0νο
1027 3468 1057 3501 F'
1128 3471 1172 3510 (6)
1197 3478 1270 3501 eve-

184 3513 273 3546 nerit
284 3513 317 3545 F
410 3516 452 3554 (7)
477 3512 621 3555 legatam
632 3512 662 3546 S
759 3513 805 3551 (8)
830 3523 872 3545 118
885 3513 921 3545 F
1013 3516 1056 3553 (9)
1081 3516 1231 3546 moratur
1243 3513 1277 3546 F

184 3561 244 3598 (ιο)
269 3558 448 3601 accepissec
464 3558 525 3600 F‘,
549 3557 727 3600 accepisset
738 3555 790 3590 F·
898 3560 953 3599 (11)
978 3561 1011 3590 et
1023 3558 1179 3600 creditor]
1192 3568 1226 3591 se
1238 3559 1272 3590 et

182 3602 307 3645 petitor
321 3603 355 3635 F
432 3605 492 3645 (12)
516 3604 564 3636 sic
575 3615 638 3636 van
652 3603 692 3635 de
708 3602 828 3643 Walter,
849 3602 920 3635 eius
935 3603 969 3635 F
1045 3605 1103 3644 (13)
1127 3602 1157 3635 si
1169 3605 1228 3636 ins.
1244 3603 1280 3635 F

184 3650 242 3687 (1⁴)
266 3647 390 3690 postea]
401 3650 476 3691 post
487 3650 626 3681 mortem
636 3657 742 3680 meam
754 3658 817 3680 scr.
933 3650 991 3688 (15)
1017 3651 1050 3680 et
1061 3647 1169 3690 primo
1181 3657 1270 3680 anno

185 3693 244 3725 ins.
342 3695 401 3730 (16)
426 3693 569 3735 pecunia
582 3693 617 3726 F
704 3694 764 3733 (1¹1)
788 3695 822 3725 et
834 3705 892 3725 om.
910 3692 944 3725 F
1026 3693 1086 3734 (18)
1110 3695 1230 3725 sertam
1244 3693 1279 3725 F

186 3742 244 3780 (19)
269 3738 423 3781 posse-F
510 3740 572 3782 (2ο)
598 3737 816 3780 eamquemF
900 3737 958 3779 (21)
984 3737 1269 3770 fideicommissum

1257 105 1345 157 538

1495 0 1566 69 ἦ

1555 70 1571 124 (”
1584 131 1609 139 ³*
1753 123 1815 157 m·
1840 123 2002 157 manv.
2032 124 2116 157 SEU
2143 125 2415 158 mmconm.

1334 233 1381 269 ab
1413 243 1456 270 eo
1485 242 1559 270 non
1613 233 1776 278 etendos‚
1815 234 1917 271 cuius
1952 234 2058 271 fidem
2093 234 2195 281 sequi
2230 234 2419 272 defunctus

1336 281 1356 314 2
1402 278 1540 315 maluit.
1577 243 1687 316 ssater
1702 289 1823 315 annua
1839 283 1895 315 tot
1911 290 1954 315 ex
1969 279 2091 316 fructu
2105 280 2291 323 bonorum,
2316 292 2420 326 quem

1334 323 1439 376 uxori
1468 323 1614 369 legavit,
1644 334 1836 361 accessura
1862 324 1927 360 filii
1955 325 2170 378 patrimonio
2192 329 2336 371 praeter
2359 336 2419 362 ex-

1335 368 1562 412 hibitionem,
1594 379 1702 415 quam
1723 380 1835 415 aeque
1859 373 1965 405 matn
1987 370 2186 414 mandavit,
2217 371 2264 406 ad
2287 381 2419 407 annum

1335 414 1464 449 aetatis
1496 413 1572 450 eius
1602 414 1829 451 vicensimum
1853 416 2015 461 quintum
2039 415 2086 451 ab
2109 425 2222 451 uxore
2244 417 2420 462 praestari

1334 458 1459 494 voluit.
1512 469 1586 494 non
1611 459 1736 512 plura,
1773 460 1835 496 sed
1866 472 1977 496 unum
2007 470 2085 496 esse
2111 460 2420 497 fideicommissum

1337 504 1444 539 certis
1468 504 1699 549 pensiombus
1722 505 1870 541 divisum
1894 506 2061 551 apparuit
2082 509 2117 541 et
2135 506 2214 542 ideo
2235 505 2307 541 filio
2326 507 2421 542 intra

1337 553 1490 585 aetatem
1513 559 1624 595 supra
1646 550 1816 596 scriptam
1839 550 1931 586 diem
1954 552 2079 587 functo
2099 551 2233 587 residui
2252 551 2421 597 temporis

1337 593 1384 629 ad
1414 593 1579 629 heredem
1609 593 1956 631 fideicommissum²¹
1996 597 2072 632 eius
2109 596 2319 639 transmitti,
2359 597 2421 632 sed

1337 649 1410 674 non
1440 639 1541 675 initio
1574 639 1747 685 cuiusque
1776 642 1861 677 anni
1890 642 1965 687 peti
1994 641 2224 687 118811111811122
2247 645 2421 687 oportere,

1337 683 1434 737 quod
1471 694 1515 719 ex
1551 683 1730 721 fructibus
1764 686 1870 722 uxori
1900 686 1993 722 datis
2021 691 2124 732 pater
2154 686 2226 722 filio
2285 687 2423 722 raeberi

1336 729 1458 764 voluit.
1497 733 1652 765 ceterum
1677 730 1707 766 si
1729 732 1917 777 pecuniam
1938 742 2096 767 annuam
2145 735 2223 767 ater
2247 742 2269 767 a
2284 732 2292 740 ”
2332 733 2421 767 entis

1337 774 1401 809 filii
1421 774 1645 818 destinasset,
1669 777 1782 812 1101128
1804 776 1912 812 dubie
1935 787 2089 822 persona
2135 776 2296 813 eficiente
2315 787 2422 812 causa

1337 819 1546 864 praestandi
1569 820 1709 856 videtur
1732 821 1901 857 extincta.

1383 862 1435 901 27
1468 864 1672 901 ScAEVOLA
1712 866 1803 902 libro
1842 867 1947 902 tertio
1985 877 2239 913 responsorum
2293 867 2423 902 Filium

1337 909 1490 946 familias
1522 920 1567 946 ex
1596 915 1700 956 parte
1722 921 1811 958 pure
1832 911 1987 947 instituit
2010 912 2176 947 heredem
2199 913 2302 957 eique
2324 912 2422 948 fidei·

1339 955 1565 991 commissum
1603 955 1701 991 dedit
1739 960 1776 992 et
1813 956 1938 992 eodem
1971 960 2185 993 testamento
2220 958 2272 992 ita
2311 957 2422 993 cavit:

1339 1000 1450 1081 {3332
1470 1000 1713 1082 θέἕιὲᾰῖιὲἱέἒ
1734 1001 2320 1093 ἷὲῗέᾞῖῗάἕὲωῗέώὲᾃιέἓ
2336 1013 2424 1084 ιῖἰζῗ

1339 1094 1452 1127 ‘ratus
1475 1091 1611 1127 fuerit’:
1645 1092 1844 1137 quaesitum
1867 1096 1940 1135 est,
1974 1102 2021 1127 an
2044 1102 2067 1127 a
2090 1103 2132 1128 co
2160 1093 2324 1128 eredibus
2349 1093 2425 1128 eius

1338 1136 1437 1172 adita
1467 1136 1666 1172 hereditate
1695 1137 1803 1182 legati
1831 1137 1905 1173 11110
1933 1137 2086 1173 familias
2110 1137 2185 1173 dati
2209 1138 2284 1174 dies
2309 1148 2424 1174 cesse·

1337 1182 1395 1217 rit.
1442 1182 1646 1227 respondit,
1679 1183 1711 1218 si
1739 1192 1829 1228 pure
1860 1182 1908 1218 sit
1938 1183 2081 1226 datum,
2113 1193 2137 1218 a
2167 1183 2340 1219 coherede
2361 1182 2426 1219 filii

1337 1237 1403 1273 pro
1442 1227 1659 1263 hereditaria
1696 1232 1801 1273 parte
1839 1227 2150 1264 fideicommissum
2189 1228 2266 1274 peti
2306 1238 2423 1274 posse.

1342 1276 1355 1307 1
1405 1272 1612 1309 Menstruus
1655 1272 1820 1309 denarios
1863 1273 1974 1309 denos
2016 1273 2242 1310 manumissis
2280 1274 2424 1319 legavit:

1338 1318 1539 1363 quaesitum
1562 1322 1634 1361 est,
1660 1329 1741 1354 cum
1764 1319 1973 1355 absentibus
1997 1318 2188 1355 heredibus
2212 1330 2257 1355 ex
2279 1323 2426 1356 senatus

1339 1363 1503 1399 consulto
1526 1363 1730 1399 libertatem
1753 1367 1838 1399 sunt
1862 1364 2063 1409 consecuti,
2093 1375 2137 1401 ex
2167 1375 2237 1410 quo
2267 1368 2426 1410 tempore

1339 1409 1390 1444 eis
1415 1408 1551 1444 cibaria
1573 1408 1782 1444 debeantur.
1828 1409 2014 1455 respondit
2041 1409 2238 1446 secundum
2269 1420 2312 1446 ea
2335 1419 2427 1455 quae

1338 1458 1626 1507 proponerentur
1648 1465 1693 1491 ex
1715 1464 1758 1490 eo
1775 1459 1936 1500 tempore
1950 1455 2006 1490 his
2025 1455 2160 1491 cibaria
2176 1455 2375 1491 debeantur
2383 1456 2426 1499 ²⁴,

1340 1509 1410 1544 quo
1434 1499 1539 1535 liberi
1563 1509 1641 1535 esse
1665 1500 1860 1545 coeperint.

1385 1541 1439 1582 28
1448 1545 1480 1566 ²⁵
1510 1544 1618 1580 IDEM
1643 1545 1734 1581 libro
1763 1549 1895 1591 quarto
1918 1556 2174 1592 responsorum
2228 1545 2266 1581 Si
2294 1544 2427 1581 fundus

2131 1590 2426 1644 quemadmodum

1339 1634 1417 1670 dari
1440 1635 1586 1678 debeat,
1618 1639 1738 1671 utrum
1760 1636 1854 1671 sicut
1875 1636 2072 1672 instructus
2095 1635 2166 1671 fuit
2186 1636 2313 1671 mortis
2335 1639 2423 1671 tem-

1338 1691 1427 1725 pore
1455 1691 1503 1715 an
1531 1691 1573 1716 8ο
1604 1684 1765 1727 tempore
1795 1691 1864 1727 quo
1887 1681 1978 1716 facti
2001 1684 2085 1717 sunt
2108 1681 2262 1717 codicilli
2285 1691 2331 1716 an
2355 1691 2426 1726 quo

1339 1726 1414 1806 {eti
1434 1726 1567 1792 808111ξᾶ
1597 1726 1795 1779 respondit·
1806 1737 1849 1761 ea
1857 1728 1887 1749 ²⁰
1911 1726 2039 1771 quibus
2063 1726 2260 1779 instructus
2282 1726 2329 1762 sit
2344 1726 2426 1761 fun-

1365 1771 2249 1863 u{’9‘niglaExqslzff'bi-Zgaptrifnzdat'detiggsstrrlrifissorum
2303 1816 2426 1862 ιΒοςο,

1341 1861 1567 1907 ‘quandoque
1607 1862 1711 1898 heres
1748 1872 1847 1898 meus
1916 1862 1979 1898 itio
2015 1862 2138 1898 decem
2174 1861 2263 1898 det’:
2304 1862 2427 1907 utique

1340 1907 1462 1942 decem
1491 1907 1596 1943 heres
1627 1908 1786 1951 debebit,
1815 1907 1880 1944 sed
1909 1907 2070 1953 quando,
2105 1907 2261 1943 dubitari
2290 1911 2426 1953 potest:

1340 1957 1461 1987 utrum
1470 1953 1502 1974 ²⁸
1533 1963 1615 1988 cum
1643 1953 1796 1999 primum
1825 1953 1999 1999 potuerit,
2032 1957 2068 1989 et
2097 1953 2172 1989 dies
2206 1952 2300 1988 cedit
2323 1956 2359 1988 et
2381 1953 2427 1987 ab

1340 1998 1419 2043 ipso
1443 1998 1590 2043 petitur.

1386 2040 1439 2081 30
1472 2043 1605 2078 LABEO
1635 2043 1725 2080 libro
1758 2044 1862 2079 tertio
1925 2045 2140 2079 osteriorum
2173 2055 2197 2079 a
2228 2043 2275 2079 ΙΑ
2285 2052 2428 2078 νοιιῑινο

1341 2089 1618 2135 epitomatorum
1664 2088 1768 2133 Quod
1797 2090 1882 2134 pup'
1912 2099 1955 2124 ae
1985 2089 2141 2134 legatum
2172 2092 2227 2124 est
2258 2088 2426 2133 ‘quando-

1342 2137 1421 2179 ‘que
1444 2134 1629 2179 nupserit',
1654 2134 1685 2169 si
1709 2144 1752 2169 ea
1773 2134 1889 2170 minor
1912 2144 2018 2180 quam
2042 2134 2235 2179 viripotens
2254 2134 2426 2179 nupserit,

1341 2190 1414 2214 non
1438 2183 1522 2214 ante
1545 2179 1579 2215 ei
1601 2179 1758 2224 legatum
1781 2179 1981 2222 debebitur,
2006 2190 2114 2225 quam
2135 2179 2329 2225 viripotens
2349 2189 2427 2215 esse

1342 2225 1515 2277 coeperit,
1549 2225 1633 2270 quia
1662 2235 1735 2260 non
1757 2228 1878 2271 potest
1900 2225 2011 2260 videri
2034 2228 2164 2270 nupta,
2194 2234 2286 2270 quae
2315 2225 2426 2259 virum

1340 2273 1416 2315 pati
1438 2281 1512 2305 non
1534 2272 1664 2315 potest.
2150 2279 2163 2295 ·

1366 2312 1437 2352 ‘31
1478 2314 1681 2351 Sermoni
1722 2315 1814 2351 libro
1855 2319 1987 2361 quarto
2029 2315 2165 2351 decimo
2207 2315 2425 2362 diyestorum

1341 2359 1454 2395 Uxori
1484 2370 1529 2395 ex
1559 2364 1663 2405 parte
1694 2364 1856 2395 sextante
1886 2360 2011 2396 heredi
2032 2361 2217 2396 institutae
2240 2359 2427 2395 substituit

1341 2410 1377 2441 et
1399 2405 1566 2441 heredem
1576 2405 1608 2426 ²⁹
1629 2404 1713 2441 fidei
1737 2405 1930 2448 commisit,
1961 2406 1991 2441 si
2014 2416 2105 2441 uxor
2128 2406 2229 2441 heres
2253 2416 2324 2441 non
2348 2405 2425 2448 erit,

1341 2450 1458 2486 dotem
1488 2451 1521 2486 ei
1553 2454 1588 2486 et
1619 2450 1690 2485 alia
1713 2450 1888 2496 quaedam
1911 2450 2007 2486 dari:
2032 2454 2114 2496 post
2135 2454 2286 2486 mortem
2308 2451 2426 2485 mariti

1341 2506 1433 2531 uxor
1456 2499 1540 2531 ante
1564 2495 1808 2532 condicionem
1832 2499 1868 2531 et
1890 2496 2098 2541 priusquam
2120 2496 2227 2531 adeat
2249 2495 2424 2531 heredita-

1340 2545 1412 2576 tem
1444 2541 1608 2577 decessit.
1656 2542 1856 2586 quaesitum
1885 2545 1959 2586 est,
1990 2552 2036 2576 an
2067 2541 2142 2577 dies
2166 2541 2425 2576 fideicommissi

1341 2597 1423 2622 cum
1446 2586 1596 2622 moritur
1619 2587 1769 2622 cessisse
1781 2586 1945 2627 videatur
1967 2587 2048 2622 ideo
2073 2597 2118 2622 ue
2141 2586 2333 2622 heredibus
2350 2586 2424 2621 eius

1341 2632 1525 2667 debeatur.
1560 2632 1740 2677 respondi,
1765 2632 1797 2668 si
1819 2642 1910 2667 uxor
1932 2632 2031 2677 prius
2080 2632 2219 2685 8888811,1
2244 2631 2422 2677 (1118111118-

1340 2677 1528 2713 reditatem
1552 2676 1678 2720 adiret,
1704 2677 1815 2713 videri
1839 2677 1930 2713 diem
1953 2677 2217 2713 fideicommissi
2241 2676 2401 2713 cessisse.

1338 1589 1536 1626 instructus
1572 1590 1719 1626 relictus
1755 1590 1841 1633 erit,
1884 1590 2087 1636 quaeritur,

1829 2814 1938 2854 111⁸0.

1404 2881 1464 2915 UT
1486 2881 1768 2915 LEGATORUM
1799 2881 1885 2914 SEU
1907 2880 2364 2915 FIDEICOMMISSORUM

1491 2926 1832 2960 SEBVANDOBUM
1855 2926 2000 2959 CAUSA
2023 2925 2274 2959 GAVEATUR.

1390 2991 1445 3029 1⁸¹
1477 2991 1672 3028 ULPIANUS
1685 2992 1775 3029 libro
1791 2993 2079 3040 septuaqensimo
2093 3003 2189 3028 nono
2205 2992 2256 3027 ad
2270 2991 2421 3027 edictum

1340 3038 1558 3083 Legatorum
1581 3038 1722 3074 nomine
1751 3037 1919 3073 satisdari
1949 3040 2114 3083 oportere
2144 3040 2289 3082 praetor
2318 3040 2423 3090 puta-

1339 3083 1401 3126 vit,
1425 3086 1476 3125 ut,
1526 3083 1631 3118 uibus
1654 3086 1808 3119 testator
1831 3083 1909 3119 dari
1931 3083 2051 3119 fierive
2073 3082 2196 3125 voluit,
2220 3082 2276 3118 his
2298 3081 2422 3117 diebus

1340 3128 1446 3163 detur
1464 3138 1506 3163 ve
1538 3127 1603 3163 fiat
1622 3128 1811 3174 dolumque
1834 3129 1966 3164 malum
1990 3127 2173 3163 afuturum
2196 3127 2420 3172 stipulentur.

1344 3177 1358 3208 1
1407 3173 1555 3218 Semper
1577 3177 1696 3209 autem
1720 3173 1895 3210 satisdare
1918 3173 2074 3218 cogitur,
2100 3173 2354 3218 cuiuscumque
2377 3173 2424 3207 sit

1340 3221 1360 3253 2
1399 3218 1580 3263 dignitatis
1592 3219 1648 3254 vel
1659 3218 1883 3254 facultatium
1895 3228 2198 3271 quarumcumque
2208 3218 2322 3253 heres.
2347 3216 2422 3252 Nec

1340 3263 1416 3299 sine
1447 3263 1587 3299 ratione
1614 3265 1683 3300 hoc
1706 3264 1864 3310 praetori
1885 3274 1999 3300 visum
2022 3267 2088 3307 est,
2112 3263 2218 3299 s1cuti
2240 3263 2344 3298 heres
2366 3262 2421 3297 in-

1341 3308 1475 3344 cumbit
1484 3309 1515 3330 22
1537 3309 1756 3354 possessioni
1778 3310 1970 3353 bonorum,
1994 3308 2046 3344 ita
2068 3308 2259 3355 legatarios
2282 3317 2422 3354 quoque

1338 3422 1381 3455 ad
1392 3422 1546 3455 heredem
1560 3424 1634 3457 dett.
1719 3424 1784 3466 (22)
1832 3422 1984 3455 connium
1996 3424 2059 3457 del.
2143 3424 2206 3465 (23)
2230 3421 2421 3455 destinasset

1339 3467 1657 3510 nonldestinasseF
1719 3470 1779 3509 (2⁴)
1805 3432 1917 3500 deberi
1931 3468 2012 3503 Hal.
2079 3471 2140 3508 (2⁵)
2167 3468 2419 3512 cstD.33‚7,28

1340 3514 1402 3553 (26)
1427 3513 1476 3555 88]
1491 3514 1559 3546 aF
1633 3515 1695 3554 (27)
1721 3523 1795 3546 eum
1810 3512 1846 3546 F
1920 3514 1983 3554 (28)
2009 3523 2124 3546 verum
2135 3513 2219 3547 Rob.
2235 3513 2420 3557 Stephanus

1339 3559 1403 3598 (29)
1428 3559 1461 3589 et
1474 3558 1637 3601 heredem]
1650 3557 1826 3591 coheredes
1837 3559 1870 3590 et
1882 3568 1996 3590 eorum
2006 3570 2071 3592 scr.
2083 3570 2145 3592 sec.
2160 3558 2196 3591 B

1384 3604 1447 3643 (³0)
1473 3603 1536 3635 Ed.
1558 3611 1581 3637 ι.
1598 3610 1624 3637 a.
1646 3610 1673 3637 4.
1698 3610 1818 3641 14...1c;
1858 3603 1943 3645 Pap.
1966 3610 1993 3637 2.
2019 3611 2107 3642 s...·1;
2145 3602 2227 3636 Sub.
2246 3609 2343 3637 emis.
2369 3609 2418 3641 ιτς

1338 3647 1424 3690 App.
1446 3655 1489 3681 18.
1503 3666 1548 3671 -
1569 3649 1652 3681 Bas.
1665 3649 1721 3690 44,
1737 3655 1767 3681 21
1909 3650 1967 3689 (81)
1992 3649 2039 3681 ad
2059 3652 2075 3687 ς
2091 3655 2119 3682 11
2138 3648 2178 3691 qt:
2192 3648 2238 3681 D.
2252 3649 2306 3690 32,
2326 3654 2367 3689 11,
2384 3654 2418 3682 18

1338 3694 1401 3734 (82)
1424 3692 1602 3725 incubitF
