2528 3918
74 131 241 162 EDICTO

75 253 155 278 eum
178 241 355 284 habent¹,
388 241 471 286 quia
501 251 565 285 pro
594 244 648 274 ter
671 240 789 284 ipsum
814 239 981 274 damnum
1007 238 1167 274 sentiunt

80 291 118 322 10
165 287 475 332 impediunturque
509 251 707 320 redhibere.
765 284 803 319 Si
838 285 1012 320 venditor-i
1072 285 1167 319 lures

74 332 223 368 heredes
249 331 463 372 exstiterint,
497 330 643 374 singulis
674 340 739 374 pro
764 330 929 374 portione
953 330 1037 365 here
1065 329 1168 364 'taria

74 378 205 424 poterit
237 387 358 413 servus
381 375 568 411 redhiberi.
611 379 646 409 et
669 375 699 410 si
724 385 846 410 servus
871 375 1026 420 plurium
1049 375 1166 410 venie-

74 425 138 465 rit,
164 423 256 458 idem
281 422 346 457 erit
369 420 575 455 dicendum:
602 430 686 455 nam
710 420 740 455 si
764 431 856 455 unus
882 431 903 454 a
927 421 1088 465 pluribus
1113 419 1168 455 vel

74 470 193 514 plures
225 468 270 502 ab
294 477 365 502 uno
390 466 445 501 vel
468 466 572 511 plura
595 466 774 511 mancipia
798 466 842 500 ab
868 466 966 501 uno2
991 468 1165 507 emantur,

75 514 190 549 verius
223 516 276 548 est
307 511 442 553 dicere,
475 511 505 546 si
530 511 633 562 quasi
656 511 777 556 plures
801 510 853 545 rei
876 510 1022 546 fuerunt
1045 510 1166 546 vendi-

74 566 189 601 tores,
227 556 371 601 singulis
406 556 443 591 in
480 556 629 592 solidum
665 556 943 591 redhibendum:
982 556 1012 591 si
1046 560 1166 591 tamen

73 608 194 650 partes
231 605 370 647 emptae
406 601 478 636 sint
508 612 530 636 a
561 601 726 646 singulis,
761 606 859 637 recte
894 601 1032 637 dicetur
1064 601 1167 636 alteri

73 649 212 694 quidem
235 658 342 692 posse
362 647 550 689 redhiberi,
576 658 657 682 cum
678 647 790 682 altero
813 651 933 682 autem
954 647 1010 692 agi
1030 650 1165 692 quanto

72 693 227 729 minoris.
265 693 350 727 item
374 693 404 727 si
427 692 547 737 plures
572 692 701 737 singuli
724 696 845 737 partes
871 693 916 727 ab
941 703 1012 728 uno
1035 696 1166 734 emant,

71 743 158 774 tunc
182 749 247 783 pro
272 741 374 783 parte
398 738 547 783 quisque
572 748 695 773 eorum
719 738 938 783 experietur:
972 737 1037 773 sed
1068 738 1099 772 si
1129 737 1167 772 in

70 784 223 821 solidum
254 787 390 825 emant,
423 783 668 829 unusquisque
698 783 736 818 in
767 782 920 818 solidum
953 782 1164 818 redhibebit.

75 833 111 864 11
163 828 200 864 Si
231 829 447 874 mancipium
480 828 576 874 quod
607 828 787 863 redhiberi
820 832 962 874 oportet
986 832 1166 863 mortuum

70 875 158 917 erit,
183 875 252 909 hoc
277 878 486 920 quaeretur,
512 874 683 919 numquid
708 874 764 909 cul
793 884 815 908 a
839 874 1008 919 emptoris
1032 873 1088 909 vel
1110 873 1165 908 fa-

70 920 188 955 miliae
201 919 276 954 eius
296 919 351 955 vel
395 920 615 954 rocuratoris
635 919 741 955 homo
788 924 969 955 emortuus
991 920 1057 954 sit:
1083 930 1166 954 nam

70 966 101 1001 si
126 965 232 1010 culpa
257 965 331 1000 eius
389 965 537 1008 ecessit,
570 975 635 1010 pro
669 965 746 1000 vivo
778 965 966 1000 habendus
999 968 1071 1007 est,
1107 965 1166 999 et³

70 1014 298 1057 praestentur
322 1020 366 1045 ea
389 1010 518 1053 omnia,
545 1020 635 1055 quae
658 1015 940 1055 praestarentur,
966 1010 996 1046 si
1019 1011 1163 1046 viveret.

73 1059 113 1091 12
162 1055 312 1101 Culpam
336 1066 476 1091 omnem
508 1055 744 1101 accipiemus,
777 1067 850 1092 non
880 1056 1004 1101 utique
1036 1056 1164 1090 latam:

68 1105 216 1147 propter
240 1100 335 1147 quod
360 1101 547 1136 dicendum
567 1105 632 1144 est,
658 1112 919 1148 quamcumque
939 1101 1166 1137 occasionem

69 1147 175 1182 morti
199 1150 338 1192 emptor
361 1147 549 1192 praestitit,
574 1146 704 1182 debere
737 1149 858 1183 eum‘:
894 1147 999 1182 etiam
1031 1146 1062 1182 si
1093 1157 1166 1182 non

69 1192 235 1228 adhibuit
266 1192 459 1234 medicum,
491 1197 532 1227 ut
556 1192 676 1227 sanari
725 1193 833 1235 ossit‚
867 1193 921 1228 vel
945 1192 1078 1228 malum
1102 1192 1165 1227 ad-

72 1241 112 1273 13
160 1237 287 1281 hibuit,
313 1237 375 1273 sed
395 1238 503 1283 culpa
519 1248 594 1273 sua.
644 1237 689 1273 Se
737 1239 807 1274 hoc
833 1239 1002 1281 dicemus,
1028 1237 1059 1273 si
1083 1241 1167 1273 ante

67 1283 239 1319 iudicium
259 1287 447 1329 acceptum
466 1283 637 1319 decessit:
665 1288 823 1319 ceterum
843 1284 873 1319 si
892 1288 975 1330 post
994 1283 1166 1318 iudicium

68 1333 257 1374 acceptum
289 1328 487 1364 decessisse
517 1333 759 1374 proponatur,
792 1333 878 1365 tunc
910 1330 946 1364 in
979 1329 1165 1364 arbitrium

67 1374 194 1410 iudicis
219 1374 347 1417 veniet,
371 1374 526 1419 qualiter
549 1378 711 1410 mortuus
731 1375 795 1410 sit:
822 1380 862 1410 ut
881 1374 975 1410 enim
995 1378 1031 1410 et
1052 1374 1163 1410 Pedio

67 1420 225 1462 videtur,
262 1430 323 1462 ea,
360 1430 606 1465 quaecumque
641 1424 724 1465 post
758 1420 830 1456 litis
868 1420 1165 1456 contestationem

70 1468 112 1501 14
160 1465 390 1510 contingunt,
424 1465 611 1500 arbitrium
643 1466 770 1501 iudicis
796 1466 1011 1501 desiderant.
1060 1465 1165 1510 Quod

66 1511 105 1546 in
127 1516 362 1556 procuratore
386 1510 549 1554 diximus,
573 1511 667 1546 idem
691 1515 727 1547 et
745 1511 782 1546 in
802 1516 922 1547 tutore
943 1515 979 1546 et
1000 1515 1166 1546 curatore

67 1556 258 1592 dicendum
280 1556 345 1591 erit
366 1556 574 1602 ceterisque,
598 1557 658 1602 qui
678 1567 722 1592 ex
742 1557 862 1593 officio
883 1568 949 1602 pro
963 1557 1042 1592 aliis
1055 1557 1164 1592 inter-

67 1602 231 1638 veniunt:
258 1606 294 1637 et
316 1602 368 1636 ita
391 1602 524 1637 Pedius
549 1603 609 1644 ait,
637 1606 673 1637 et
695 1602 816 1645 adicit,
842 1603 971 1648 quibus
996 1601 1165 1637 adminis-

67 1648 174 1683 tratio
200 1649 364 1690 rerum-²³,
398 1647 541 1692 culpam
573 1648 701 1683 abesse
732 1653 917 1693 praestare
949 1659 1020 1683 non
1045 1647 1166 1693 inique

72 1697 112 1728 15
162 1693 344 1728 dominum
370 1693 458 1738 cogi.
507 1693 605 1728 Idem
628 1693 760 1729 Pedius
785 1694 837 1728 ait
859 1693 1016 1729 familiae
1041 1693 1164 1739 appel-

66 1739 200 1774 latione
224 1742 261 1773 et
284 1738 376 1773 filios
399 1738 551 1773 familias
577 1738 832 1774 demonstrari:
858 1739 957 1774 facta
982 1738 1075 1774 enim
1101 1738 1164 1773 do-

67 1785 298 1820 mesticorum
331 1784 565 1819 redhibitoria
608 1789 770 1830 agentem
814 1789 1000 1830 praestare
1042 1784 1164 1820 voluit.

70 1833 111 1866 16
159 1829 197 1865 Si
228 1829 307 1882 quis
339 1829 450 1874 egerit
481 1834 616 1875 quanto
649 1830 794 1865 minoris
819 1834 968 1875 propter
992 1830 1084 1865 servi
1107 1829 1164 1864 fu-

66 1886 164 1920 gam,
192 1874 319 1910 demde
343 1879 427 1919 agat
450 1879 597 1920 propter
619 1876 801 1918 morbum,
828 1875 954 1921 quanti
976 1875 1053 1910 fieri
1078 1885 1163 1910 con-

67 1921 246 1956 demnatio
269 1920 422 1955 debeat?
454 1924 490 1955 et
508 1920 651 1966 quidem
670 1921 814 1966 saepius
838 1921 895 1966 agi
907 1931 1016 1966 posse
1029 1924 1163 1965 quanto

67 1966 213 2001 minoris
239 1965 382 2001 dubium
407 1977 479 2001 non
504 1970 569 2008 est,
595 1966 659 2001 sed
682 1967 733 2001 ait
753 1967 911 2002 Iulianus
931 1966 968 2001 id
988 1965 1164 2010 agendum

67 2022 164 2054 esse,
200 2021 245 2046 ne
279 2011 418 2046 lucrum
451 2016 591 2056 emptor
621 2011 735 2047 faciat
766 2017 802 2047 et
832 2013 888 2047 bis
921 2012 1080 2047 eiusdem
1113 2011 1164 2046 rei

73 2061 108 2092 17
158 2057 439 2092 aestimationem
454 2061 705 2102 consequatur.
755 2058 796 2092 In
808 2057 946 2093 factum
959 2057 1053 2092 actio
1068 2067 1163 2092 com-

67 2102 156 2148 petit
180 2102 226 2137 ad
250 2102 403 2147 pretium
427 2102 718 2147 reciperandum,
752 2103 783 2138 si
806 2102 1022 2148 mancipium
1045 2101 1163 2137 redhi-

67 2149 180 2183 bitum
203 2147 332 2183 fuerit:
358 2148 395 2182 in
420 2158 491 2192 qua
515 2159 588 2183 non
611 2149 681 2183 hoc
714 2149 916 2193 quaeritur,
949 2159 997 2183 an
1029 2147 1163 2182 manci-

66 2194 165 2239 pium
188 2194 226 2228 in
251 2203 362 2228 causa
385 2193 631 2228 redhibitionis
654 2194 782 2236 fuerit,
815 2194 878 2229 sed
909 2194 979 2229 hoc
1012 2196 1163 2235 tantum,

66 2250 114 2274 an
138 2239 186 2274 sit
209 2239 443 2281 redhibitum,
476 2250 542 2274 nec
566 2239 760 2274 immerito:
795 2239 955 2284 iniquum
981 2242 1036 2274 est
1059 2238 1163 2280 enim,

66 2288 301 2364 posteaquam
333 2284 496 2319 venditor
527 2285 670 2328 agnovit
705 2284 909 2330 recipiendo
946 2284 1163 2328 mancipium

64 2340 146 2365 esse
180 2330 192 2364 i
249 2330 286 2365 in
311 2340 422 2365 causa
446 2329 713 2373 redhibitionis,
746 2334 833 2365 tunc
865 2330 1009 2375 quaeri,
1042 2336 1163 2364 utrum

65 2375 229 2410 debuerit
251 2375 430 2410 redhiberi
454 2386 501 2410 an
525 2386 598 2411 non
622 2375 802 2411 debuerit:
835 2386 903 2411 nec
934 2375 979 2410 de
1002 2379 1163 2419 tempore

65 2425 272 2466 quaeretur,
296 2430 344 2455 an
367 2421 461 2455 intra
484 2425 648 2466 tempora
670 2421 869 2456 redhibitus
890 2431 968 2456 esse
987 2420 1161 2455 videatur.

70 2469 110 2501 18
158 2466 253 2501 Illud
277 2467 383 2511 plane
406 2466 497 2501 haec
520 2466 615 2501 actio
641 2466 767 2512 exigit,
800 2471 841 2502 ut
872 2467 920 2501 sit
942 2466 1160 2501 redhibitus:

68 2515 225 2547 ceterum
239 2512 307 2546 nisi
319 2511 429 2546 fuerit
440 2511 651 2554 redhibitus,
674 2511 794 2547 deficit
806 2512 877 2547 ista
897 2512 1005 2554 actio,
1025 2510 1163 2546 etiamsi

67 2556 164 2592 nudo
191 2567 370 2592 consensu
394 2557 588 2602 placuerit,
621 2561 663 2591 ut
694 2557 937 2592 redhibeatur.
975 2556 1162 2592 conventio

68 2613 149 2647 ergo
175 2602 219 2637 de
242 2602 459 2637 redhibendo
485 2613 558 2637 non
580 2602 670 2637 facit
688 2603 806 2638 locum
826 2603 910 2638 huie
930 2601 1075 2644 actioni,
1101 2601 1163 2636 sed

70 2651 111 2682 19
157 2648 237 2692 ipsa
268 2647 469 2683 redhibitio.
517 2647 675 2682 Restitui
706 2652 826 2682 autem
851 2648 958 2683 debet
980 2658 1045 2692 per
1067 2647 1163 2682 hanc

67 2692 245 2728 actionem
277 2693 383 2728 etiam
408 2692 502 2738 quod
527 2693 559 2727 ei
583 2703 684 2728 servo
708 2693 747 2727 in
770 2693 973 2728 venditione
998 2692 1161 2727 accessit.

67 2741 110 2773 20
159 2738 250 2782 Quia
274 2738 425 2773 adsidua
450 2742 504 2773 est
527 2738 657 2783 duplae
680 2739 885 2784 stipulatio,
916 2738 1050 2773 idcirco
1111 2737 1162 2771 la-

67 2784 143 2818 cuit
167 2783 273 2818 etiam
299 2794 343 2818 ex
367 2788 483 2829 empto
516 2784 573 2828 agi
603 2794 729 2828 posse,
763 2784 794 2819 si
826 2784 971 2829 duplam
1002 2793 1069 2818 ven
1095 2782 1165 2817 itor

67 2829 236 2873 mancipii
259 2839 332 2863 non
357 2833 498 2864 caveat:
532 2839 575 2864 ea
599 2829 710 2872 enim,
768 2840 836 2864 uae
869 2833 954 2864 sunt
984 2828 1093 2863 moris
1128 2831 1165 2862 et

67 2874 355 2916 consuetudinis,
388 2874 425 2909 in
456 2875 572 2909 bonae
603 2874 686 2909 fidei
709 2875 746 2909 iu
774 2875 850 2910 iciis
875 2875 1008 2909 debent
1031 2873 1162 2908 venire.

69 2921 108 2953 21
159 2919 228 2962 Qui
240 2919 419 2964 mancipia
438 2920 607 2962 vendunt,
627 2920 809 2955 nationem
831 2921 1005 2964 cuiusque
1023 2919 1060 2954 in
1079 2929 1163 2953 ven-

68 2964 202 2999 ditione
225 2965 459 3009 pronuntiare
491 2965 641 3000 debent:
674 2965 883 3010 plerumque
915 2965 1008 3000 enim
1041 2964 1164 2999 natio⁶

69 3010 160 3045 servi
196 3013 259 3044 aut
289 3015 462 3054 provocat
493 3014 555 3045 aut
588 3010 743 3045 deterret
778 3015 992 3056 emptorem:
1029 3009 1163 3044 idcirco

68 3054 217 3090 interest
240 3059 366 3090 nostra
390 3056 481 3091 scire
506 3056 705 3090 nationem:
739 3059 1010 3101 praesumptum
1035 3054 1165 3089 etenim

71 3103 125 3134 est
156 3100 330 3152 quosdam
361 3111 481 3136 servos
513 3102 627 3136 bonos
653 3111 749 3143 esse,
787 3102 871 3147 quia
902 3101 1047 3136 natione
1080 3105 1165 3135 sunt

71 3155 144 3179 non
167 3145 351 3188 infamata,
377 3146 551 3190 quosdam
571 3146 683 3181 malos
703 3146 825 3189 videri,
851 3147 936 3192 quia
956 3157 999 3181 ea
1019 3145 1164 3180 natione

72 3193 165 3232 sunt,
191 3201 283 3234 quae
306 3192 416 3235 magis
440 3191 582 3226 infamis
607 3195 672 3226 est.
711 3192 808 3236 quod
831 3193 859 3227 si
885 3192 929 3226 de
949 3191 1094 3226 natione
1114 3191 1165 3225 ita

72 3236 339 3277 pronuntiatum
363 3248 436 3272 non
461 3237 537 3278 erit,
561 3236 731 3271 iudicium
755 3237 907 3282 emptori
931 3237 1165 3280 omnibusque

72 3278 118 3311 ad
143 3290 230 3323 quos
255 3291 297 3315 ea
320 3292 377 3316 res
401 3282 592 3327 pertinebit
616 3281 777 3324 dabitur,
809 3293 873 3327 per
906 3282 1002 3327 quod
1027 3287 1165 3326 emptor

75 3325 116 3373 22
132 3367 139 3373 ¹
163 3324 325 3360 redhibet
359 3328 584 3373 mancipium.
633 3326 670 3361 Si
706 3327 790 3372 quid
821 3328 872 3362 ita
907 3327 1075 3369 venierit,
1111 3331 1162 3369 ut,

74 3377 142 3402 nisi
165 3368 358 3413 placuerit,
390 3373 484 3407 intra
507 3372 734 3417 praefinitum
759 3376 899 3417 tempus
923 3373 1163 3413 redhibeatur,

74 3423 117 3446 ea
142 3415 326 3466 conventio
349 3422 429 3452 rata
447 3418 617 3453 habetur:
644 3417 674 3451 si
695 3422 813 3452 autem
834 3418 877 3452 de
897 3422 1057 3462 tempore
1077 3418 1163 3452 nihil

74 3463 289 3500 convenerit,
312 3471 350 3494 111
371 3462 508 3498 factum
532 3464 626 3498 actio
647 3462 740 3497 intra
760 3463 945 3507 sexaginta
965 3463 1038 3497 dies
1059 3463 1163 3498 utiles

74 3503 366 3553 accommodatur
389 3509 539 3552 emptori
563 3508 609 3543 ad
640 3508 916 3550 redhibendum,
950 3508 1046 3542 ultra
1077 3518 1160 3542 non.

75 3558 105 3582 51
128 3558 210 3583 vero
236 3552 458 3595 convenerit,
490 3557 531 3588 ut
560 3554 597 3588 111
629 3557 842 3597 perpetuum
873 3553 1062 3588 redhibitio
1087 3553 1162 3594 fiat,

79 3663 114 3699 (1)
140 3660 313 3692 habebunt
324 3661 376 3693 F2
535 3665 578 3704 (2)
596 3653 655 3696 'vel
668 3666 767 3708 plura
779 3668 952 3708 mancipia
964 3667 1004 3699 ab
1018 3678 1086 3698 uno
1101 3668 1162 3700 del.

83 3705 286 3738 Brencmann
425 3707 467 3747 (3)
493 3710 538 3748 et]
551 3712 590 3740 ut
605 3711 675 3743 edd.
824 3715 866 3751 (4)
893 3713 1001 3743 teneri
1016 3714 1075 3744 ins.
1090 3713 1161 3745 edd.

76 3752 120 3789 (5)
146 3751 365 3791 permittitur,
380 3762 492 3783 eorum
507 3754 566 3785 ins.
579 3754 662 3787 Hal.
751 3758 794 3795 (61
819 3757 907 3788 ratio
921 3758 953 3789 F
1031 3760 1071 3795 (7)
1098 3757 1164 3788 tale

1157 112 1239 160 275

2175 118 2276 159 XX]
2317 121 2334 158 1

1238 241 1280 274 23
1328 242 1415 284 puto
1440 239 1535 274 hanc
1561 238 1830 274 conventionem
1855 239 1981 274 valere.
2030 240 2119 275 Item
2144 238 2174 274 si
2194 243 2336 284 tempus

1238 284 1424 328 sexaginta
1456 284 1592 319 dierum
1623 283 1852 336 praefinitum
1885 284 2115 320 redhibitioni
2138 285 2335 329 praeteriit,

1239 340 1350 364 causa
1386 330 1530 375 cognita
1563 329 1734 364 iudicium
1771 329 1933 364 dabitur:
1970 330 2008 364 in
2044 341 2176 366 causae
2216 334 2336 365 autem

1238 375 1439 419 cognitione
1462 375 1532 410 hoc
1555 374 1773 416 versabitur,
1807 375 1838 408 si
1862 379 1925 409 aut
1948 386 2049 411 mora
2072 376 2141 411 fuit
2163 386 2228 421 per
2250 386 2335 411 ven-

1239 420 1407 462 ditorem,
1440 424 1505 455 aut
1528 430 1601 455 non
1624 420 1693 454 fuit
1717 429 1887 464 praesens
1921 421 1979 455 cui
2009 421 2238 464 redderetur,
2273 424 2337 456 aut

1238 465 1359 510 aliqua
1382 466 1479 500 iusta
1503 476 1614 500 causa
1637 465 1857 506 intercessit,
1892 476 1956 500 cur
1980 466 2075 501 intra
2099 467 2192 502 diem
2215 466 2335 502 redhi-

1237 510 1353 545 bitum
1376 510 1594 556 mancipium
1618 521 1690 545 non
1715 513 1787 552 est,
1821 510 1916 555 quod
1952 511 1983 546 ei
2007 512 2118 556 magis
2142 512 2335 557 displicue-

1238 558 1282 590 24
1328 560 1396 591 rat.
1446 557 1489 591 In
1520 556 1576 591 his
1609 559 1730 591 autem
1762 556 1965 591 actionibus
1992 557 2115 592 eadem
2139 561 2245 592 erunt
2269 557 2334 593 ob-

1237 601 1424 644 servanda,
1446 612 1538 647 quae
1557 601 1601 637 de
1620 604 1729 646 partu
1749 600 1928 636 fructibus
1943 603 2211 638 accessionibus
2249 613 2334 638 uae-

1238 650 1279 681 25
1330 658 1398 698 que
1434 647 1478 682 de
1513 650 1655 682 mortuo
1692 646 1912 681 redhibendo
1949 647 2044 682 dicta
2079 652 2174 683 sunt.
2264 647 2336 684 uod

1238 693 1408 737 empt10ni
1432 692 1583 735 accedit,
1607 695 1748 738 partem
1769 702 1847 727 esse
1867 692 2079 728 venditionis
2100 693 2335 738 prudentibus

1236 737 1351 772 visum
1375 741 1440 774 est.

1284 780 1338 820 32
1367 783 1492 819 was
1520 783 1611 819 libro
1643 782 1801 818 secundo
1827 783 1877 818 ad
1899 783 2054 819 edictum
2079 783 2250 819 aedilium
2274 795 2337 820 cu-

1236 828 1371 863 rulium
1418 829 1544 874 Itaque
1575 828 1670 863 sicut
1693 828 1857 873 superius
1881 829 2044 864 venditor
2068 829 2112 864 de
2135 830 2259 865 morbo
2284 828 2336 865 vi-

1236 874 1330 910 tiove
1355 877 1390 910 et
1415 874 1541 909 ceteris
1567 884 1658 919 quae
1678 874 1728 908 ibi
1748 875 2006 919 comprehensa
2026 878 2111 910 sunt
2130 875 2337 920 praedicere

1236 919 1398 962 iubetur,
1433 924 1468 955 et
1498 924 1686 965 praeterea
1718 919 1755 954 in
1779 919 1834 954 his
1860 920 1978 955 causis
2004 931 2076 955 non
2101 930 2178 955 esse
2202 920 2335 955 manci-

1236 965 1335 1010 pium
1359 969 1400 1000 ut
1432 965 1619 1011 promittat
1651 965 1889 1010 praecipitur:
1923 966 1974 1000 ita
2006 969 2043 1001 et
2074 976 2156 1001 cum
2187 965 2337 1001 accedat

1236 1011 1296 1045 alii
1315 1011 1366 1045 rei
1386 1011 1504 1053 homo,
1531 1010 1655 1046 eadem
1676 1014 1712 1045 et
1730 1010 1936 1055 praedicere
1955 1014 1991 1046 et
2010 1012 2218 1056 promittere
2239 1022 2336 1046 com-

1235 1056 1390 1102 pellitur.
1428 1057 1524 1102 quod
1548 1067 1620 1091 non
1641 1056 1756 1091 solum
1775 1056 1845 1092 hoc
1867 1067 1954 1092 casu
1973 1057 2250 1102 intellegendum
2271 1060 2336 1099 est,

1261 1112 1307 1137 uo
1332 1102 1543 1137 nominatim
1567 1101 1720 1136 adicitur
1753 1112 1982 1137 accessurum
2013 1101 2125 1138 fundo
2158 1102 2337 1137 hominem

1262 1148 1418 1190 tichum,
1456 1148 1519 1183 sed
1552 1148 1659 1183 etiam
1691 1147 1722 1182 si
1756 1148 1971 1192 generaliter
2006 1148 2126 1183 omnia
2158 1147 2338 1193 mancipia

1236 1204 1329 1238 quae
1352 1194 1389 1228 in
1413 1193 1525 1229 fundo
1551 1193 1624 1228 sint
1647 1192 1824 1228 accedant
1847 1193 2051 1228 venditioni.

1283 1236 1335 1277 33
1369 1239 1566 1275 ULPJANUS
1587 1238 1678 1274 libro
1697 1239 1821 1284 primo
1841 1239 1891 1273 ad
1909 1239 2065 1275 edictum
2084 1238 2254 1274 aedilium
2276 1249 2337 1274 cu-

1236 1285 1370 1320 rulium
1417 1284 1575 1320 Proinde
1597 1283 1816 1329 Pomponius
1842 1284 1894 1319 ait
1917 1284 2048 1319 iustam
2073 1294 2220 1319 causam
2245 1294 2334 1326 esse,

1236 1333 1276 1364 ut
1308 1330 1404 1375 quod
1436 1330 1474 1365 111
1507 1329 1710 1365 venditione
1742 1340 1974 1365 accessurum
2006 1340 2085 1365 esse
2116 1329 2251 1365 dictum
2283 1332 2338 1364 est

1236 1380 1310 1410 tam
1333 1376 1510 1421 integrum
1533 1378 1749 1420 praestetur,
1774 1386 1882 1420 quam
1904 1375 1993 1410 illud
2016 1375 2194 1427 praestari
2214 1374 2349 1410 debuit.

1237 1421 1333 1466 quod
1357 1421 1605 1466 principaliter
1628 1421 1754 1456 veniit:
1788 1431 1872 1455 nam
1895 1421 1974 1456 iure
1998 1421 2109 1464 civili,
2134 1424 2175 1455 ut
2198 1420 2339 1465 integra

1236 1467 1307 1502 sint
1332 1477 1424 1512 quae
1456 1476 1650 1502 accessura
1681 1466 1816 1501 dictum
1847 1466 1974 1509 fuerit,
2011 1476 2055 1501 ex
2088 1471 2207 1511 empto
2240 1465 2335 1500 actio

1235 1516 1301 1555 est,
1325 1512 1435 1548 veluti
1461 1512 1491 1548 si
1515 1512 1612 1547 dolia
1630 1522 1823 1547 accessura
1842 1511 1954 1547 fundo
1975 1511 2073 1547 dicta
2095 1511 2240 1546 fuerint.
2273 1510 2337 1546 sed

1236 1558 1305 1593 hoc
1329 1558 1392 1601 ita,
1417 1558 1447 1593 si
1473 1562 1610 1594 certum
1635 1568 1766 1602 corpus
1791 1567 2021 1592 accessurum
2044 1557 2154 1592 fuerit
2180 1557 2335 1592 dictum:

1236 1614 1320 1638 nam
1355 1604 1386 1639 si
1421 1613 1544 1639 servus
1582 1614 1664 1638 011111
1699 1603 1841 1648 peculio
1878 1603 2043 1645 venierit,
2082 1613 2125 1638 ea
2156 1602 2336 1647 mancipia

1237 1659 1330 1694 quae
1362 1649 1398 1683 in
1422 1649 1563 1694 peculio
1588 1648 1723 1683 fuerint
1747 1658 1836 1683 sana
1861 1659 1939 1684 esse
1965 1652 2150 1693 praestare
2174 1647 2335 1683 venditor

1236 1705 1308 1729 non
1339 1695 1462 1737 debet,
1495 1694 1580 1739 quia
1612 1705 1685 1728 non
1718 1694 1808 1728 dixit
1840 1698 1977 1729 certum
2011 1704 2142 1739 corpus
2167 1704 2334 1729 accessu-

1235 1751 1326 1782 rum,
1352 1740 1416 1775 sed
1436 1740 1615 1785 peculium
1635 1739 1708 1775 tale
1728 1743 1913 1784 praestare
1933 1744 2100 1784 oportere
2112 1740 2137 1782 ⁷,
2158 1743 2194 1774 et
2213 1749 2334 1784 quem-

1236 1785 1427 1820 admodum
1461 1789 1594 1820 certam
1627 1785 1865 1830 quantitatem
1895 1785 2027 1837 peculii
2051 1788 2237 1830 praestare
2263 1794 2334 1819 non

1236 1831 1352 1873 debet,
1377 1831 1429 1866 ita
1453 1841 1520 1866 nec
1543 1831 1626 1865 hoc.
1662 1830 1811 1865 eandem
1834 1834 2009 1866 rationem
2033 1830 2154 1865 facere
2178 1830 2334 1875 Pompo-

1236 1876 1316 1911 nius
1350 1877 1418 1919 ait,
1452 1880 1494 1911 ut
1526 1876 1652 1918 etiam,
1685 1876 1716 1911 si
1746 1876 1926 1911 hereditas
1951 1879 2015 1910 aut
2039 1876 2219 1921 peculium
2243 1874 2336 1910 servi

1235 1922 1403 1964 venierit,
1435 1921 1536 1957 locus
1562 1921 1679 1956 edicto
1705 1921 1873 1956 aedilium
1897 1932 1970 1956 non
1994 1921 2041 1956 sit
2066 1921 2162 1956 circa
2186 1931 2230 1956 ea
2255 1931 2334 1956 cor-

1235 1977 1343 2012 pora,
1377 1978 1470 2013 quae
1501 1971 1587 2002 sunt
1616 1967 1654 2002 in
1678 1967 1879 2002 hereditate
1903 1971 1966 2002 aut
1990 1966 2027 2002 in
2050 1967 2204 2012 peculio.
2242 1966 2336 2001 idem

1234 2012 1366 2064 probat
1396 2017 1432 2048 et
1463 2013 1493 2048 si
1524 2012 1659 2047 fundus
1692 2023 1774 2047 cum
1805 2012 2042 2047 instrumento
2068 2012 2217 2047 venierit
2241 2015 2276 2047 et
2298 2012 2335 2046 in

1234 2062 1469 2094 instrumento
1494 2058 1675 2103 mancipia
1698 2058 1780 2093 sint.
1815 2061 1903 2103 puto
1924 2058 2020 2093 hanc
2041 2058 2255 2093 sententiam
2275 2067 2334 2092 ve-

1234 2114 1323 2146 ram,
1348 2104 1417 2139 nisi
1441 2104 1471 2138 si
1496 2104 1594 2138 aliud
1618 2103 1821 2148 specialiter
1846 2107 1968 2138 actum
1993 2114 2071 2139 esse
2095 2107 2331 2148 proponatur.

1237 2152 1248 2183 1
1304 2149 1341 2184 Si
1365 2149 1508 2184 vendita
1532 2160 1589 2184 res
1614 2149 1864 2191 redhibeatur,
1897 2159 2021 2184 servus
2053 2159 2195 2194 quoque
2219 2148 2280 2193 qui
2304 2149 2336 2183 ei

1234 2195 1286 2230 rei
1310 2195 1475 2237 accessit,
1500 2195 1584 2230 licet
1607 2195 1744 2229 nullum
1767 2194 1804 2228 in
1825 2204 1865 2229 eo
1888 2194 2012 2229 vitium
2032 2194 2090 2237 sit,
2114 2194 2333 2229 redhibetur.

1280 2238 1335 2277 34
1355 2241 1585 2276 AFRICANUS
1602 2240 1693 2275 libro
1704 2244 1809 2275 sexto
1831 2241 2082 2284 quaestionum
2131 2239 2220 2274 Cum
2240 2239 2333 2274 eius-

1235 2285 1315 2320 dem
1339 2285 1478 2330 generis
1502 2285 1623 2330 plures
1648 2295 1705 2320 res
1730 2285 1836 2320 simul
1855 2289 2019 2327 veneant,
2044 2285 2152 2320 veluti
2173 2284 2335 2320 comoedi

1233 2331 1287 2366 vel
1320 2331 1470 2373 chorus,
1503 2330 1638 2366 referre
1669 2331 1738 2373 ait,
1771 2331 1807 2365 in
1831 2330 2016 2365 universos
2041 2341 2088 2365 an
2111 2331 2149 2365 111
2174 2330 2331 2375 singulos

1232 2376 1387 2421 pretium
1412 2377 1663 2418 constituatur,
1688 2380 1730 2410 ut
1754 2376 1891 2411 scilicet
1913 2375 2091 2411 interdum
2115 2386 2197 2418 una,
2223 2376 2332 2410 inter-

1235 2422 1318 2456 dum
1330 2422 1452 2467 plures
1472 2421 1695 2457 venditiones
1716 2425 1926 2456 contractae
1944 2421 2214 2465 intellegantur:
2236 2420 2333 2465 quod

1232 2467 1288 2503 vel
1312 2477 1353 2502 eo
1379 2467 1503 2512 quaeri
1527 2467 1714 2512 pertinere,
1740 2470 1791 2509 ut,
1817 2466 1846 2502 si
1872 2466 1950 2511 quis
1976 2477 2097 2502 eorum
2121 2466 2214 2501 forte
2238 2476 2332 2501 mor-

1233 2513 1344 2548 bosus
1376 2513 1431 2547 vel
1463 2512 1613 2547 vitiosus
1645 2513 1709 2555 sit,
1744 2512 1820 2546 ⁸vel
1844 2522 1966 2547 omnes
1992 2511 2096 2546 simul
2120 2511 2332 2546 redhibean-

1237 2561 1251 2592 1
1301 2562 1371 2593 tur.
1420 2558 1605 2593 Interdum
1626 2557 1692 2592 etsi
1713 2557 1750 2592 in
1771 2557 1911 2602 singula
1933 2557 2054 2602 capita
2073 2557 2226 2601 pretium
2246 2567 2332 2592 con-

1233 2603 1398 2638 stitutum
1422 2604 1478 2645 sit,
1504 2607 1625 2638 tamen
1650 2613 1722 2637 una
1748 2602 1877 2647 emptio
1904 2606 1968 2644 est,
1993 2605 2034 2636 ut
2056 2606 2203 2647 propter
2226 2602 2332 2637 11111115

1233 2649 1356 2683 vitium
1381 2659 1505 2684 omnes
1529 2648 1708 2683 redhiberi
1732 2648 1872 2692 possint
1902 2648 1958 2682 vel
1989 2647 2161 2690 debeant,
2195 2648 2333 2683 scilicet

1235 2705 1315 2729 cum
1346 2694 1575 2729 manifestum
1608 2694 1676 2728 erit
1706 2704 1779 2728 non
1811 2693 1877 2727 nisi
1909 2703 2031 2727 omnes
2062 2703 2167 2737 quem
2192 2697 2331 2738 emptu-

1233 2750 1313 2774 rum
1336 2740 1392 2774 vel
1415 2739 1643 2774 venditurum
1666 2738 1798 2780 fuisse,
1830 2742 1871 2772 ut
1901 2738 2108 2783 plerumque
2142 2738 2238 2773 circa
2271 2749 2331 2773 co-

1233 2785 1378 2820 moedos
1403 2785 1458 2820 vel
1483 2784 1674 2829 quadrigas
1698 2783 1752 2818 vel
1775 2783 1889 2818 mulas
1914 2794 2019 2828 pares
2045 2783 2208 2819 accidere
2229 2784 2331 2827 solet,

1233 2835 1273 2864 ut
1297 2830 1414 2864 neutri
1438 2830 1535 2865 non⁹
1558 2829 1627 2863 nisi
1650 2839 1773 2863 omnes
1798 2829 1930 2864 habere
1955 2829 2131 2874 expediat.

1279 2873 1332 2912 35
1366 2875 1563 2910 Urmzws
1583 2875 1674 2909 libro
1688 2874 1813 2919 primo
1834 2874 1884 2908 ad
1902 2874 2057 2910 edictum
2079 2874 2249 2909 aedilium
2270 2886 2331 2911 cu-

1233 2921 1366 2955 rulium
1413 2920 1627 2964 Plerumque
1660 2923 1806 2963 propter
1829 2920 1998 2955 morbosa
2022 2920 2201 2964 mancipia
2226 2920 2332 2954 etiam

1234 2976 1307 3000 non
1338 2966 1506 3000 morbosa
1541 2964 1791 3007 redhibentur,
1828 2965 1859 2999 si
1891 2965 2052 3009 separari
2087 2976 2160 3000 non
2191 2965 2331 3010 possint

1235 3011 1311 3046 sine
1324 3021 1451 3055 magno
1473 3010 1696 3044 incommodo
1717 3010 1772 3044 vel
1792 3010 1838 3044 ad
1858 3010 2002 3055 pietatis
2021 3011 2197 3045 rationem
2218 3010 2330 3045 offen-

1235 3067 1311 3091 sam
1325 3057 1362 3090 ¹⁰.
1400 3056 1486 3100 quid
1511 3055 1613 3097 enim,
1639 3055 1669 3090 si
1693 3055 1765 3090 filio
1790 3059 1928 3091 retento
1954 3060 2121 3100 parentes
2143 3056 2330 3090 redhibere

1234 3101 1464 3136 maluerint¹¹
1489 3101 1544 3135 vel
1577 3101 1725 3135 contra?
1761 3101 1857 3145 quod
1890 3105 1925 3136 et
1955 3102 1992 3135 in
2024 3101 2195 3135 fratribus
2228 3105 2263 3135 et
2294 3101 2329 3135 in

1234 3157 1408 3192 personas
1423 3146 1657 3181 contubernio
1672 3145 1739 3180 sibi
1753 3146 1964 3181 coniunctas
1978 3146 2160 3181 observari
2174 3149 2315 3190 oportet

1281 3190 1334 3228 36
1361 3192 1592 3226 POMPONIUS
1621 3191 1711 3226 libro
1743 3193 1911 3227 vicesimo
1945 3193 2049 3226 tercio
2082 3192 2132 3226 ad
2155 3191 2328 3226 Sabinum

1236 3237 1272 3271 Si
1303 3237 1409 3282 plura
1440 3236 1620 3280 mancipia
1650 3247 1722 3271 uno
1755 3238 1870 3281 pretio
1903 3237 2077 3272 venierint
2112 3240 2147 3271 et
2179 3235 2222 3270 de
2256 3246 2326 3269 uno

1235 3293 1355 3317 eorum
1380 3281 1543 3316 aedilicia
1567 3282 1708 3317 actione
1728 3286 1882 3325 utamur,
1907 3283 1959 3316 ita
1979 3282 2119 3317 demum
2140 3291 2204 3325 pro
2226 3280 2326 3315 boni-

1234 3331 1310 3362 tate
1335 3328 1410 3362 eius
1435 3327 1635 3362 aestimatio
1661 3327 1740 3370 fiet,
1767 3327 1797 3362 si
1822 3327 1971 3362 confuse
1994 3327 2167 3361 universis
2192 3325 2326 3359 manci-

1233 3373 1301 3417 piis
1327 3372 1560 3407 constitutum
1584 3372 1737 3416 pretium
1760 3372 1884 3407 fuerit:
1920 3373 2014 3417 quod
2047 3372 2077 3406 si
2109 3370 2327 3414 singulorum

1233 3418 1491 3462 mancipiorum
1524 3418 1718 3452 constituto
1750 3419 1866 3462 pretio
1899 3418 2064 3452 universa
2095 3416 2186 3449 tanti
2210 3415 2326 3449 venie-

1233 3467 1335 3505 runt,
1368 3466 1542 3507 quantum
1567 3473 1611 3498 ex
1635 3463 1939 3502 consummatione
1964 3462 2181 3506 singulorum
2205 3460 2325 3501 fiebat,

1232 3512 1319 3542 111110
1345 3508 1517 3552 cuiusque
1540 3508 1707 3552 mancipii
1726 3509 1889 3553 pretium,
1915 3518 1978 3542 seu
2000 3506 2111 3551 pluris
2130 3515 2194 3540 seu
2213 3504 2326 3539 mino-

1233 3554 1281 3588 ris
1306 3553 1343 3587 id
1368 3558 1473 3595 esset,
1499 3554 1600 3598 sequi
1625 3553 1793 3588 debemus
1809 3554 1847 3588 ¹2.

1234 3668 1404 3707 praestare
1417 3670 1571 3708 oportere
1586 3668 1645 3699 del.
1663 3667 1822 3705 (similiter
1835 3666 1929 3702 Hal.)
2058 3666 2100 3703 (8)
2128 3662 2178 3694 vel
2192 3663 2221 3694 is
2235 3663 2326 3694 solus

1234 3713 1294 3743 ins.
1390 3713 1433 3751 (9)
1460 3722 1527 3743 11011
1543 3713 1604 3744 del.
1620 3712 1700 3743 Hal.
1786 3712 1844 3751 (10)
1871 3711 1995 3740 offensa
2008 3709 2089 3741 Hal.
2176 3710 2230 3748 (11)
2255 3719 2326 3740 ma·

1234 3756 1353 3789 luerim
1365 3769 1427 3789 scr.
1523 3759 1581 3796 (12)
1608 3755 1743 3787 debebit
1755 3756 1788 3787 F
1793 3755 1807 3774 ²

1986 3809 2052 3842 35*
