2528 3918
0 1924 13 2068 1„„‹.,!,‘„„,
0 1820 5 1829 ,
0 1803 2 1811 r

110 130 428 168 'ms‘n’rusnms

119 247 215 283 vium
238 255 282 282 ex
304 249 426 291 parte,
460 255 568 291 quam
590 253 656 291 per
678 244 773 290 leges
797 254 927 298 capere
950 246 1082 290 possit,
1106 246 1211 282 here-

120 292 201 328 dem
223 290 389 333 instituit,
415 301 459 326 ex
481 290 619 336 reliqua
642 289 787 325 Titium.
824 299 855 326 si
871 289 1034 326 Maevius
1058 290 1210 327 solidum

120 346 250 382 capere
272 336 422 382 poterit,
455 335 570 371 Titius
594 334 755 371 adiectus
778 339 842 370 aut
865 334 1082 372 substitutus
1105 336 1210 372 heres

119 391 193 418 non
216 381 294 417 erit.
580 393 583 395 ,

166 424 219 465 80
244 424 328 470 (79)
350 425 457 461 loru
484 425 574 461 libro
598 426 723 472 primo
755 424 1003 470 definitionum
1051 425 1156 471 Quod
1178 425 1210 461 si

119 483 193 509 non
223 472 270 508 sit
300 470 426 517 reliqui
455 469 556 507 facta
585 470 740 513 mentio,
780 471 991 506 tantundem
1025 471 1063 506 in
1094 471 1208 507 altero

119 527 202 554 asse
224 516 373 553 habebit
394 515 556 552 Maevius
580 520 754 561 quantum
778 515 918 551 Titius¹
943 516 979 552 in
1002 516 1128 562 primo.

167 559 217 600 81
245 559 327 605 (80)
350 561 459 597 loru
483 561 576 597 libro
606 563 713 597 sexto
744 571 1001 608 responsorum
1048 561 1152 606 Quod
1178 561 1210 597 si

117 607 280 644 Maevius
312 606 444 643 nullius
468 615 585 652 capax
606 606 673 649 sit,
703 606 742 641 in
763 609 882 642 totum
905 606 1121 642 substitutus
1145 606 1208 642 ad-

119 653 279 689 mittitur.

166 696 221 736 82
246 694 331 742 (81)
355 695 516 732 Pxozvs
534 696 626 732 libro
644 706 741 743 nono
760 697 1011 742 quaestionum
1047 695 1210 733 Clemens

120 743 325 780 Patronus²
347 744 562 777 testamento
580 745 734 784 caverat,
758 745 810 784 ut,
836 741 867 777 si
890 742 959 777 sibi
981 742 1078 778 filius
1102 745 1209 777 natus

119 789 259 832 fuisset,
291 788 397 823 heres
420 791 526 829 esset,
558 787 588 822 si
613 787 684 822 duo
707 786 782 829 filii,
815 797 859 822 ex
890 787 1012 832 aequis
1044 786 1209 833 partibus

119 833 270 870 heredes
295 836 432 875 essent,
464 832 496 867 si
519 831 611 867 duae
634 831 746 877 filiae,
778 831 957 868 similiter:
989 831 1021 868 si
1051 832 1146 868 filius
1174 835 1210 867 et

118 879 203 921 fllia,
227 877 301 914 filio
325 877 416 913 duas
439 881 572 922 partes,
595 877 691 912 filiae
708 877 851 913 tertiam
870 877 1028 913 dederat.
1068 877 1210 913 duobus

118 924 200 959 filiis
235 926 272 959 et
306 922 379 958 filia
413 923 508 958 natis
542 922 802 968 quaerebatur,
843 922 1141 968 quemadmodum
1172 922 1210 958 in

119 968 307 1015 proposita
333 968 454 1013 specie
476 972 598 1013 partes
620 967 814 1010 faciemus,
847 978 929 1003 cum
959 967 1024 1002 filii
1056 968 1211 1003 debeant

118 1025 226 1060 pares
251 1023 329 1050 esse
353 1013 433 1049 vel³
457 1012 564 1048 etiam
587 1012 716 1058 singuli
740 1013 848 1058 duplo
871 1013 954 1065 plus
978 1023 1085 1058 quam
1108 1022 1212 1048 soror

118 1059 309 1105 accipere?
355 1058 513 1104 quinque
534 1058 643 1104 igitur
665 1061 786 1103 partes
809 1058 888 1094 fieri
911 1061 1075 1103 oportet,
1102 1061 1144 1093 ut
1166 1068 1212 1093 ex

122 1108 139 1140 1
187 1104 245 1140 his
269 1103 373 1139 binas
397 1103 558 1146 masculi,
582 1113 692 1139 unam
713 1102 847 1139 femina
871 1103 1027 1149 accipiat
1036 1104 1061 1138 ⁴.
1099 1102 1138 1139 Si
1159 1103 1212 1138 ita

118 1149 304 1195 scripserit
325 1152 496 1184 testator:
530 1148 685 1193 ‘Quanta
708 1159 753 1184 ex
774 1153 879 1194 parte
901 1159 957 1184 me
980 1159 1003 1183 a
1027 1149 1122 1184 Titio
1146 1149 1209 1184 he-

120 1195 253 1231 ‘redem
273 1195 476 1230 institutum
491 1194 709 1236 recitassem,
733 1204 778 1229 ex
798 1204 842 1229 ea
860 1197 964 1239 parte
980 1193 1211 1239 Sempronius

120 1240 219 1276 ‘mihi
241 1240 346 1275 heres
370 1239 470 1281 esto’,
494 1250 567 1274 non
589 1242 645 1274 est
664 1249 708 1275 ca
733 1240 865 1275 tator-ia
883 1239 1080 1275 institutio:
1104 1239 1212 1284 plane

120 1286 218 1322 nullo
253 1285 404 1321 recitato
438 1287 652 1320 testamento
690 1250 738 1320 ab
772 1284 851 1331 ipso
887 1287 1060 1320 testatore
1094 1283 1211 1319 inanis

119 1330 298 1367 videbitur
319 1329 497 1366 institutio
521 1333 660 1365 remota
683 1329 887 1376 suspicione
911 1328 1135 1374 captatoriae
1155 1329 1210 1364 in-

119 1375 325 1413 stitutionis.

168 1418 220 1459 83
246 1418 329 1464 (82)
353 1419 557 1456 Scaevola
588 1420 680 1456 libro
713 1420 838 1465 quinto
870 1419 1008 1456 decimo
1032 1419 1212 1466 quaestio-

119 1477 205 1502 num
242 1466 280 1501 Si
297 1465 376 1511 quis
395 1465 447 1500 ita
461 1465 566 1500 heres
585 1464 813 1500 instituatur:
841 1465 883 1500 ‘si
906 1465 1083 1511 legitimus
1106 1465 1211 1500 heres

119 1511 314 1547 ‘vindicare
330 1510 420 1546 nolit
436 1509 668 1546 hereditatem
686 1512 825 1553 meam',
848 1514 938 1555 puto
956 1510 1108 1546 deficere
1124 1520 1210 1545 con-

119 1557 295 1593 dicionem
321 1555 525 1592 testamenti
547 1555 608 1591 illo
631 1555 843 1591 vindicante.

167 1599 220 1639 84
254 1598 337 1645 (83)
368 1600 476 1636 IDEM
506 1600 597 1637 libro
631 1604 757 1637 octavo
792 1601 928 1637 decimo
960 1601 1211 1648 quaestionum

119 1647 160 1682 Si
191 1657 265 1683 non
295 1647 354 1682 lex
384 1645 488 1681 Aelia
519 1645 659 1688 Sentia,
692 1645 757 1681 sed
788 1646 859 1681 alia
889 1646 948 1682 lex
977 1646 1034 1681 vel
1065 1649 1212 1681 senatus

117 1692 325 1729 consultum
349 1694 412 1726 aut
436 1691 543 1727 etiam
567 1691 775 1727 constitutio
808 1691 900 1726 servi
922 1691 1124 1727 libertatem
1146 1691 1211 1726 im-

119 1737 260 1784 pediat,
292 1738 323 1772 is
347 1736 573 1772 necessarius
603 1736 681 1772 fieri
703 1747 777 1772 non
799 1740 937 1781 potest,
968 1736 1109 1772 etiamsi
1139 1747 1212 1772 non

122 1787 138 1818 1
189 1783 236 1819 sit
265 1781 435 1818 solvendo
467 1785 630 1817 testator.
679 1781 915 1826 Temporibus
943 1781 1014 1817 divi
1035 1781 1212 1817 Hadriani

119 1831 267 1864 senatus
299 1827 457 1869 censuit,
490 1826 520 1862 si
551 1829 722 1869 testator,
754 1827 815 1872 qui
847 1837 928 1862 cum
957 1826 1110 1862 moritur
1141 1827 1211 1862 sol-

119 1873 235 1909 vendo
266 1883 340 1908 non
361 1872 451 1915 fuit,
487 1872 627 1907 duobus
659 1872 888 1917 pluribusve⁵
917 1872 1119 1907 libertatem
1150 1872 1211 1907 de-

120 1918 214 1954 derit
238 1918 359 1963 eisque
381 1917 612 1953 hereditatem
636 1917 775 1952 restitui
799 1917 945 1952 iusserit
967 1921 1004 1952 et
1025 1917 1212 1952 institutus

120 1964 224 2000 heres
256 1966 462 2009 suspectam
493 1962 562 1997 sibi
592 1962 825 1997 hereditatem
858 1962 1005 2005 dixerit,
1042 1966 1085 1997 ut
1114 1962 1213 1998 adire

119 2019 200 2044 eam
235 2012 384 2060 cogatur
415 2012 450 2043 et
477 2007 525 2042 ad
556 2007 757 2042 libertatem
788 2007 971 2052 perveniat
1002 2007 1063 2053 qui
1092 2007 1212 2053 priore

119 2054 200 2090 loco
225 2057 380 2098 scnptus
404 2052 524 2095 fuerit,
549 2052 650 2098 eique
669 2052 848 2088 hereditas
865 2053 1085 2088 restituatur.
1119 2052 1212 2088 idem

118 2099 336 2135 servandum
355 2098 392 2133 in
411 2098 478 2140 his,
504 2097 634 2143 quibus
654 2108 719 2143 per
736 2097 1047 2133 fideicommissum
1065 2097 1212 2133 libertas

121 2145 208 2180 data
230 2143 350 2179 fuerit.
386 2143 494 2188 igitur
518 2143 549 2178 si
597 2143 686 2178 rimo
710 2143 788 2178 loco
813 2143 970 2195 scriptus
994 2143 1214 2179 desideraret

121 2189 221 2224 adire
231 2190 245 2211 ⁶
260 2188 503 2231 hereditatem,
520 2153 619 2223 nufla
635 2187 828 2223 difficultas
845 2192 924 2223 ent.
949 2198 1032 2223 nam
1047 2189 1079 2224 si
1090 2191 1211 2233 poste-

121 2235 233 2270 riores
257 2244 399 2279 quoque
421 2233 554 2268 liberos
579 2243 618 2268 se
642 2243 720 2268 esse
744 2233 864 2268 dicent
889 2237 925 2268 et
947 2234 1087 2268 restitui
1110 2234 1211 2268 here-

121 2280 270 2315 ditatem
294 2278 506 2321 desiderent,
539 2288 586 2313 an
610 2278 778 2313 solvendo
803 2278 850 2314 sit
872 2278 1053 2314 hereditas
1077 2282 1113 2314 et
1137 2290 1211 2314 om-

120 2325 227 2360 nibus
250 2324 374 2359 liberis
398 2323 503 2359 factis
527 2323 668 2358 restitui
692 2323 857 2366 deberet,
889 2323 988 2369 apud
1035 2327 1212 2359 raetorem

117 2373 364 2415 quaereretur.
401 2369 549 2404 absente
566 2372 686 2403 autem
704 2369 819 2413 primo
836 2379 988 2415 sequens
1030 2369 1212 2405 esiderans

117 2415 214 2450 adiri
235 2413 469 2450 hereditatem
492 2424 565 2449 non
589 2417 644 2448 est
666 2414 878 2457 audiendus,
903 2414 997 2459 quia,
1023 2414 1053 2450 si
1076 2415 1211 2460 primus

119 2460 204 2495 velit
234 2460 302 2495 sibi
333 2459 474 2494 restitui
504 2459 752 2499 hereditatem,
793 2459 1052 2504 praeferendus
1087 2464 1143 2495 est
1176 2464 1212 2495 et

119 2505 180 2540 hic
203 2515 326 2540 servus
348 2504 492 2539 futurus
517 2507 581 2539 est.

169 2547 221 2588 85
246 2547 330 2594 (84)
354 2549 626 2585 ΡΑσισει-ῖὶὸνο
649 2549 815 2585 vicesimo
835 2550 940 2585 tertio
961 2550 1211 2596 quaestionum

122 2595 161 2630 Si
183 2605 285 2631 servo
309 2594 584 2630 fideicommissa
607 2593 693 2629 data
716 2594 763 2629 sit
785 2594 952 2638 libertas,
983 2595 1087 2630 heres
1114 2595 1211 2630 hunc

121 2640 274 2676 eundem
313 2650 455 2676 servum
495 2650 576 2675 cum
605 2639 771 2674 libertate
801 2639 969 2675 heredem
999 2640 1211 2685 reliquisset,

120 2685 323 2731 quaesitum
349 2688 421 2728 est,
452 2695 500 2720 an
523 2684 746 2720 necessarius
770 2684 836 2719 fiat
857 2685 972 2720 heres.
1021 2688 1058 2720 et
1084 2686 1210 2721 huma-

121 2731 202 2766 nius
235 2734 290 2766 est
320 2733 357 2766 et
387 2730 499 2775 magis
531 2729 722 2782 aequitatis
754 2729 894 2765 ratione
925 2730 1116 2765 subnixum
1139 2741 1210 2766 non

121 2775 199 2811 fieri
229 2775 489 2811 necessarium:
533 2785 595 2820 qul
632 2774 724 2810 enim
759 2775 866 2810 etiam
898 2775 1008 2810 invito
1041 2775 1211 2811 defuncto

121 2824 266 2866 poterat
295 2820 496 2856 libertatem
528 2823 760 2864 extorquere,
794 2820 825 2855 is
859 2820 950 2855 fiber
984 2830 1061 2856 esse
1091 2821 1211 2856 iussus

122 2876 194 2901 non
218 2875 385 2918 magnum
407 2865 547 2900 videtur
566 2865 778 2900 beneficium
798 2875 820 2900 a
840 2864 1009 2900 defuncto
1031 2866 1211 2911 consequi,

120 2910 228 2946 immo
252 2911 339 2945 mhi]
364 2910 539 2946 commodi
562 2911 726 2952 sensisse,
751 2910 815 2946 sed
838 2910 949 2955 magis
969 2910 1125 2945 debitam
1144 2911 1212 2946 sibi

125 2959 141 2990 1
192 2955 375 3000 accepisse
397 2955 609 2991 libertatem.
656 2955 754 2990 Idem
777 2955 1002 3000 probandum
1027 2955 1093 2991 erit
1116 2959 1153 2991 et
1174 2956 1211 2990 in

121 3000 182 3036 illo
207 3010 330 3043 servo,
386 3011 467 3035 uem
489 3004 642 3036 testator
666 3010 708 3035 ea
731 3000 806 3046 lege
830 3004 983 3043 emerat,
1015 3004 1056 3035 ut
1086 3011 1210 3036 manu-

123 3045 292 3088 mitteret,
316 3045 347 3081 si
397 3056 472 3081 eres
496 3046 604 3080 fuerit
625 3045 829 3080 institutus:
858 3056 941 3081 nam
965 3049 1000 3081 et
1022 3046 1081 3081 hic
1106 3056 1210 3090 sepo-

122 3091 192 3126 sito
216 3090 391 3126 beneficio
415 3091 597 3126 testatoris
619 3091 764 3135 proprio
788 3091 864 3126 iure
888 3091 1020 3143 poterit
1039 3090 1085 3126 ad
1105 3091 1210 3126 liber-

125 3138 144 3170 2
192 3139 301 3171 tatem
326 3136 510 3180 pervenire
534 3146 578 3171 ex
598 3135 852 3171 constitutione
871 3135 939 3171 d1vi
953 3136 1079 3171 Marci.
1115 3135 1211 3171 Idem

121 3183 162 3215 et
183 3181 221 3215 in
245 3191 306 3223 eo,
339 3181 399 3226 qui
429 3181 575 3226 propria
606 3191 671 3216 sua
703 3181 788 3216 data
818 3181 970 3226 pecunia
996 3185 1134 3226 emptus
1158 3185 1213 3217 est

124 3224 172 3260 ab
196 3225 332 3270 aliquo:
357 3236 439 3260 nam
463 3229 499 3260 et
521 3226 580 3261 hic
604 3226 737 3271 poterit
759 3226 805 3261 ab
822 3226 900 3271 ipso
918 3230 1090 3262 testatore
1105 3227 1211 3262 liber-

123 3272 236 3305 tatem
260 3274 479 3316 extorquere.

172 3311 226 3352 86
266 3312 348 3358 (85)
387 3315 590 3351 SOAEVOLA
633 3316 723 3351 libro
761 3316 918 3352 seeundo
957 3327 1211 3362 responsorum

125 3358 260 3395 Lucius
284 3360 417 3401 Titius,
451 3361 511 3405 qui
540 3360 686 3396 fratrem
716 3361 892 3403 habebat,
925 3364 1137 3396 testamento
1161 3362 1213 3396 ita

123 3404 238 3439 cavit:
272 3404 397 3439 ‘Titius
428 3405 541 3440 frater
571 3417 669 3441 meus
702 3416 746 3441 ex
777 3416 857 3441 asse
880 3406 966 3440 mihi
989 3406 1091 3441 heres
1117 3410 1212 3442 esto:

127 3448 169 3484 ‘si
192 3449 278 3483 mihi
302 3449 415 3484 Titius
439 3451 542 3485 heres
567 3461 644 3486 esse
668 3451 821 3486 noluerit
845 3455 908 3485 aut
941 3451 1049 3495 (quod
1076 3451 1210 3486 abomi-

126 3495 215 3533 ‘nor)
271 3494 344 3528 rius
369 3494 537 3529 morietur
561 3506 667 3540 quam
690 3506 805 3531 meam
827 3495 1061 3530 hereditatem
1085 3496 1213 3531 adierit

127 3539 204 3572 ‘aut
227 3538 251 3572 fi
266 3539 338 3572 ium
360 3538 510 3574 filiamve
542 3550 585 3574 ex
610 3551 648 3575 se
672 3544 795 3575 natum
818 3544 984 3576 natamve
1007 3551 1076 3576 non
1101 3541 1211 3576 habe-

127 3650 167 3689 (1)
192 3649 330 3683 habebit
342 3651 453 3683 Titius
470 3654 631 3693 quantum
644 3654 794 3686 Maevius
806 3654 890 3687 Hal.

128 3696 260 3727 tronius
271 3696 323 3728 vel
332 3697 434 3730 simile
447 3709 558 3730 nomen
634 3699 675 3738 (3)
700 3698 764 3739 vel]
779 3701 813 3731 et
823 3711 886 3732 scr.

124 3738 172 3778 (5)
196 3740 350 3782 pluribus
368 3741 419 3772 vel
440 3741 473 3773 F
567 3743 610 3783 (6)
635 3743 718 3775 adiri
739 3756 802 3778 scr.

1005 3658 1047 3694 (2)
1065 3656 1209 3698 suitPe-

958 3700 1000 3740 (4)
1026 3700 1171 3742 accipiet
1185 3701 1220 3732 F

902 3745 945 3784 (7)
971 3744 1118 3786 quidem]
1140 3745 1209 3777 evi-

1199 119 1285 167 387

2123 122 2312 166 XXVffl
2342 127 2368 166 5

1278 242 1361 286 ‘bit,
1393 247 1481 280 tunc
1505 243 1652 279 Stichus
1679 247 1716 279 et
1738 244 1826 279 Pam
1852 244 1944 281 hilus
1976 245 2069 281 servi
2099 247 2168 281 mei
2199 246 2302 282 liberi
2333 250 2369 281 et

1278 288 1437 325 ‘heredes
1467 288 1553 324 mihi
1581 288 1705 334 aequis
1758 289 1826 324 arti
1852 300 1894 326 us
1918 291 2049 326 sunto’.
2121 301 2252 334 uaero,
2288 302 2368 327 cum

1277 334 1394 370 Titius
1426 333 1661 370 hereditatem
1693 344 1716 369 a
1740 335 1821 370 ierit
1851 339 1887 370 et
1917 336 2047 371 liberos
2079 347 2101 371 a
2129 336 2199 371 ‘tae
2229 336 2366 372 heredi-

1276 379 1362 415 tatis
1385 384 1545 432 tempore
1567 389 1642 415 non
1665 379 1841 422 habuerit,
1866 390 1912 414 an
1937 380 2079 417 Stichus
2105 385 2140 417 et
2158 382 2368 428 Pamphilus

1278 435 1323 460 ex
1346 424 1602 460 substitutione
1624 424 1728 460 liberi
1752 428 1788 459 et
1810 424 1959 460 heredes
1983 436 2062 461 esse
2086 427 2235 479 possint.
2283 427 2368 462 item

1277 479 1432 550 quaero,
1461 470 1492 505 si
1516 479 1561 505 ex
1583 469 1839 505 substitutione
1862 481 1978 516 neque
2000 471 2102 506 liberi
2126 482 2242 517 neque
2264 472 2367 508 here-

1303 525 1340 550 es
1365 525 1444 551 esse
1466 515 1625 561 possint,
1655 525 1704 550 an
1726 515 1766 550 in
1787 518 1927 560 partem
1951 516 2158 552 hereditatis
2181 517 2369 553 videantur

1277 560 1418 596 adiecti.
1465 560 1669 613 respondit:
1702 564 1853 606 apparet
1882 560 2047 605 quidem⁷
2071 572 2144 596 non
2169 572 2246 597 eam
2269 573 2367 598 men-

1276 609 1349 641 tem
1379 608 1563 641 testatons
1591 605 1723 648 fuisse,
1755 608 1798 640 ut
1828 616 2043 651 quemquam
2073 606 2238 642 heredem
2267 607 2368 643 adhi-

1277 651 1403 686 beret⁸
1433 650 1557 693 fratri,
1590 660 1696 697 quem
1727 654 1851 696 aperte
1882 661 1926 686 ex
1957 660 2039 686 asse
2070 651 2236 687 heredem
2266 653 2368 688 insti-

1277 695 1426 731 tuisset:
1457 695 1567 741 igitur
1597 696 1629 731 si
1658 695 1772 731 frater
1795 695 1901 739 adiit,
1934 695 2079 731 Stichus
2103 700 2139 731 et
2161 697 2369 743 Pamphilus

1277 741 1425 776 heredes
1448 751 1522 776 non
1546 744 1686 776 eruntz«
1701 751 1792 787 quos
1823 751 1864 777 eo
1896 751 1954 776 am
1980 741 2049 776 lius
2081 742 2197 777 noluit
2222 743 2369 778 heredes

1278 796 1376 828 esse,
1409 786 1439 821 si
1461 785 1575 821 frater
1622 786 1697 821 rius
1721 796 1828 832 quam
1850 786 1936 822 here
1973 790 2084 822 tatem
2108 787 2223 822 adiret
2246 788 2369 823 deces-

1278 831 1383 867 sisset
1405 831 1527 866 liberis
1550 841 1590 866 re
1606 831 1697 867 'ctis.
1736 842 1820 867 nam
1843 832 2000 876 prudens
2025 832 2211 868 consilium
2233 836 2369 868 testan-

1278 876 1325 912 tis
1348 875 1660 911 animadvertitur:
1686 886 1759 912 non
1783 877 1876 912 enim
1898 877 2047 912 fratrem
2070 877 2186 912 solum
2204 878 2370 914 heredem

1277 921 1450 968 praetulit
1472 921 1687 966 substitutis,
1711 921 1775 957 sed
1799 925 1835 957 et
1858 922 1934 958 eius
1957 922 2100 958 liberos.

1262 970 1282 980 “
1325 963 1379 1004 87
1404 963 1487 1009 (86)
1512 965 1749 1003 Mammas
1777 967 1869 1003 libro
1900 968 2054 1014 septimo
2078 967 2371 1013 fideicommisso-

1278 1022 1360 1047 rum
1406 1012 1483 1047 Iam
1514 1011 1670 1047 dubitari
1700 1022 1772 1048 non
1803 1015 1924 1057 potest
1946 1022 2031 1048 suos
2055 1022 2198 1058 quoque
2220 1013 2370 1049 heredes

1279 1058 1347 1093 sub
1370 1058 1440 1093 hac
1465 1056 1675 1093 condicione
1698 1057 1837 1093 institui
1860 1067 1985 1103 posse,
2017 1060 2077 1100 ut,
2110 1058 2141 1093 si
2162 1058 2370 1101 voluissent,

1279 1102 1426 1138 heredes
1458 1106 1597 1145 essent,
1630 1103 1661 1137 si
1681 1103 1833 1139 heredes
1856 1113 1930 1138 non
1955 1107 2092 1146 essent,
2124 1103 2235 1138 alium
2267 1114 2373 1148 quem

1278 1148 1394 1183 visum
1412 1148 1479 1183 erit
1498 1148 1548 1183 eis
1568 1148 1805 1183 substituere:
1831 1148 2092 1193 negatumque⁹
2110 1148 2181 1184 hoc
2202 1158 2290 1184 casu
2310 1158 2371 1183 ne-

1280 1203 1380 1228 cesse
1399 1203 1479 1228 esse
1499 1193 1566 1228 sub
1585 1193 1766 1228 contraria
1783 1193 1992 1229 condicione
2011 1193 2124 1228 filium
2144 1193 2372 1236 exheredare,

1278 1239 1431 1284 primum
1454 1238 1539 1283 quia
1561 1241 1651 1274 tunc
1673 1242 1814 1274 tantum
1836 1238 1874 1274 id
1898 1238 2108 1284 exigeretur,
2142 1249 2223 1274 cum
2246 1239 2285 1273 in
2307 1249 2372 1284 po-

1279 1287 1409 1318 testate
1433 1284 1508 1318 eius
1532 1293 1605 1319 non
1630 1288 1744 1327 esset,
1776 1294 1825 1319 an
1847 1284 1950 1319 heres
1973 1284 2069 1329 patri
2093 1284 2280 1326 existeret,
2314 1294 2373 1319 ex-

1279 1339 1296 1365 s
1325 1329 1476 1364 ectantis
1501 1329 1723 1364 extrinsecus
1747 1330 1888 1375 positae
1912 1329 2133 1365 condicionis
2145 1330 2173 1350 ¹⁰
2196 1333 2372 1372 eventum,

1280 1340 1408 1409 dginde
1431 1373 1546 1418 quod,
1580 1374 1646 1409 etsi
1678 1385 1904 1420 quacumque
1929 1374 2054 1426 posita
2078 1374 2288 1410 condicione
2312 1374 2372 1409 de-

1279 1419 1381 1454 beret
1403 1419 1498 1454 filius
1521 1419 1588 1454 sub
1620 1420 1801 1455 contraria
1833 1419 2043 1455 condicione
2075 1420 2304 1463 exheredari,
2335 1420 2374 1455 in

1280 1465 1464 1510 proposito
1489 1475 1535 1500 ne
1558 1464 1740 1509 possibilis
1758 1465 1900 1510 quidem
1915 1465 2088 1510 repperiri
2104 1468 2238 1517 posset,
2264 1468 2373 1508 certe,
2433 1467 2438 1472 '

1281 1510 1312 1545 si
1334 1510 1451 1545 verbis
1475 1511 1741 1555 exprimeretur,
1766 1511 1890 1555 inepta
1913 1510 2033 1545 fieret:
2062 1510 2147 1546 huic
2171 1520 2264 1545 emm
2288 1521 2373 1546 con-

1282 1555 1413 1590 dicioni
1436 1554 1479 1590 ‘si
1501 1555 1607 1598 volet,
1631 1555 1734 1591 heres
1759 1556 1847 1591 esto'
1874 1566 1966 1601 quae
1981 1555 2051 1590 alia
2068 1556 2177 1591 verba
2193 1555 2374 1591 contraria

1281 1599 1423 1645 concipi
1445 1604 1599 1645 possunt
1622 1611 1729 1645 quam
1751 1601 1843 1636 haec
1868 1601 1910 1636 ‘si
1932 1600 2030 1636 nolet
2051 1601 2156 1636 heres
2180 1611 2277 1640 esse.
2311 1611 2372 1636 ex-

1282 1646 1396 1681 ‘heres
1428 1646 1544 1680 esto’?
1584 1646 1679 1690 quod
1711 1656 1816 1691 quam
1850 1646 1896 1681 sit
1927 1645 2136 1688 ridiculum,
2175 1646 2266 1681 nulli
2299 1656 2373 1681 non

1284 1694 1298 1725 1
1348 1693 1459 1736 patet.
1502 1690 1587 1726 Non
1611 1691 1656 1726 ab
1681 1701 1720 1726 re
1743 1695 1864 1726 autem
1887 1691 1956 1726 hoc
1979 1691 2060 1726 loco
2084 1691 2181 1726 velut
2205 1701 2373 1727 excessus

1280 1735 1339 1771 hic
1363 1736 1596 1780 subiungetur
1619 1736 1693 1771 suis
1726 1737 1778 1771 ita
1808 1736 2000 1772 heredibus
2030 1736 2203 1772 institutis
2235 1737 2278 1772 ‘'si
2310 1747 2372 1772 vo-

1283 1781 1424 1816 ‘luerint
1448 1781 1597 1816 heredes
1622 1782 1711 1817 esse’
1735 1792 1809 1817 non
1831 1781 2110 1827 permittendum
2133 1782 2284 1827 amplius
2308 1782 2373 1817 ab·

1281 1826 1411 1861 stinere
1436 1836 1475 1861 se
1493 1826 1705 1869 hereditate,
1731 1838 1812 1862 cum
1836 1837 1878 1862 ea
1899 1826 2108 1862 condicione
2127 1826 2283 1862 instituti
2301 1827 2375 1862 iam

1283 1881 1355 1906 non
1385 1875 1428 1906 ut
1453 1872 1665 1915 necessarii,
1698 1873 1762 1908 sed
1792 1883 1859 1907 sua
1889 1875 2017 1917 sponte
2047 1872 2197 1908 heredes
2229 1872 2374 1908 exstite-

1280 1919 1366 1951 runt
1378 1918 1418 1952 ¹¹.
1454 1916 1517 1951 sed
1539 1920 1574 1951 et
1593 1917 1721 1953 ceteris
1739 1917 2020 1960 condicionibus,
2043 1927 2136 1962 quae
2154 1917 2192 1952 in
2212 1917 2374 1962 ipsorum

1281 1965 1366 1997 sunt
1388 1965 1586 2007 potestate,
1618 1963 1650 1997 si
1673 1963 1729 1998 sui
1751 1966 1902 2008 pareant
1915 1963 1954 2005 ¹²,
1985 1962 2042 1998 ius
2074 1962 2277 1998 abstinendi
2309 1962 2376 1998 adq

1281 2017 1319 2042 se
1344 2007 1382 2041 ui
1404 2017 1477 2042 non
1501 2007 1640 2042 debent.

1356 2050 1380 2090 8
1405 2049 1487 2095 (87)
1511 2052 1858 2088 Hmmoommws
1885 2051 1977 2087 libro
2010 2052 2115 2088 tertio
2143 2052 2236 2088 iuris
2259 2053 2373 2099 epito-

1279 2108 1420 2134 marum
1466 2097 1525 2132 Ex
1555 2097 1670 2133 unciis
1702 2108 1766 2133 sex
1789 2097 1909 2132 Primo
1937 2097 2069 2133 herede
2092 2097 2277 2140 instituto,
2310 2097 2373 2133 Se—

1281 2142 1398 2179 cundo
1424 2153 1467 2178 ex
1491 2146 1585 2185 octo,
1613 2143 1644 2178 si
1670 2143 1811 2178 Tertius
1836 2152 1880 2177 ex
1903 2143 2048 2178 residua
2071 2146 2175 2188 parte
2197 2143 2252 2179 vel
2275 2142 2374 2178 nulla

1279 2188 1454 2234 portionis
1485 2187 1587 2223 facta
1616 2188 1796 2223 mentione
1826 2187 1930 2223 heres
1957 2188 2185 2231 instituatur,
2218 2188 2375 2233 quinque

1280 2233 1407 2269 uncias
1425 2233 1634 2268 hereditatis
1652 2233 1796 2269 Tertius
1811 2233 1976 2268 habebit:
2001 2233 2040 2268 in
2060 2233 2183 2278 viginti
2203 2237 2374 2278 quattuor

1281 2279 1410 2315 etenim
1440 2283 1561 2323 partes
1592 2279 1791 2314 hereditate
1818 2278 2011 2313 distributa
2035 2278 2158 2314 Tertio
2181 2278 2273 2314 ratio
2299 2278 2373 2314 cal-

1281 2324 1353 2405 cgli
1375 2323 1486 2404 velssti
1509 2334 1553 2359 ex
1574 2324 1696 2359 decem
1712 2323 1876 2369 partibus
1892 2323 2057 2359 instituto
2075 2323 2232 2369 quinque
2248 2323 2373 2359 uncias

1281 2381 1303 2405 a
1329 2369 1358 2404 si
1408 2379 1430 2404 a
1455 2370 1493 2404 it.

1327 2412 1351 2452 8
1406 2411 1488 2457 (88)
1516 2414 1640 2450 Οᾼισε
1659 2413 1751 2449 libro
1774 2413 1960 2460 sinqulari
1981 2413 2026 2449 de
2049 2413 2193 2450 casibus
2237 2413 2286 2448 Ei
2312 2413 2373 2459 qui

1281 2460 1450 2496 solvendo
1474 2470 1547 2495 non
1572 2462 1627 2494 est
1650 2459 1769 2503 aliquo
1795 2469 1882 2494 casu
1906 2459 2040 2501 evenit,
2072 2462 2114 2494 ut
2144 2461 2180 2493 et
2192 2458 2220 2479 ¹³
2250 2468 2372 2495 servus

1281 2516 1362 2541 cum
1385 2505 1552 2541 libertate
1575 2504 1678 2539 heres
1705 2504 1855 2539 exsistat
1878 2507 1915 2539 et
1937 2508 2124 2549 praeterea
2151 2503 2243 2539 alius
2266 2504 2372 2540 heres

1280 2551 1475 2586 adiciatur:
1511 2549 1620 2585 veluti
1651 2549 1682 2584 si
1712 2559 1814 2585 servo
1847 2560 1929 2584 cum
1959 2549 2126 2584 libertate
2155 2548 2287 2584 herede
2317 2548 2372 2584 in-

1280 2596 1406 2631 stituto
1429 2596 1482 2630 ita
1507 2594 1685 2629 adiectum
1709 2595 1774 2629 sit:
1809 2594 1851 2630 ‘si
1881 2594 1967 2629 mihi
1991 2593 2136 2629 Stichus
2163 2594 2268 2630 heres
2294 2595 2372 2637 erit,

1281 2645 1379 2676 ‘tunc
1404 2640 1520 2676 Titius
1553 2650 1694 2685 quoque
1723 2639 1826 2674 heres
1850 2639 1959 2674 esto':
1991 2649 2075 2674 nam
2099 2638 2237 2683 Titius,
2270 2643 2371 2675 ante·

1280 2696 1387 2731 quam
1411 2685 1554 2721 Stichus
1587 2695 1632 2720 ex
1662 2687 1875 2720 testamento
1907 2684 2012 2719 heres
2040 2684 2234 2727 exstiterit,
2266 2685 2373 2720 heres

1281 2742 1358 2767 esse
1390 2742 1462 2766 non
1493 2733 1630 2775 potest,
1663 2740 1745 2764 cum
1776 2732 1896 2764 autem
1927 2729 2036 2764 semel
2064 2730 2169 2765 heres
2198 2730 2373 2765 exstiterit

1280 2787 1422 2819 servus,
1456 2786 1527 2810 non
1559 2778 1679 2820 potest
1710 2774 1871 2809 adiectus
1904 2773 2066 2817 efficere,
2098 2778 2140 2810 ut
2171 2775 2232 2820 qui
2262 2775 2373 2811 semel

1278 2822 1382 2857 heres
1408 2820 1543 2856 exstitit
1567 2820 1706 2855 desinat
1728 2820 1830 2854 heres
1855 2829 1945 2855 esse.

1326 2864 1379 2904 90
1413 2863 1497 2909 (89)
1536 2864 1697 2900 Pano-s
1731 2865 1822 2900 libro
1859 2865 2018 2900 seeundo
2057 2865 2278 2901 manualium
2334 2865 2372 2901 Si

1280 2912 1399 2947 socius
1423 2912 1526 2946 heres
1550 2910 1736 2945 institutus
1761 2909 1807 2944 sit
1830 2920 1874 2944 ex
1898 2920 1980 2945 asse
2006 2913 2042 2945 et
2066 2920 2166 2946 servo
2192 2911 2372 2946 communi

1279 2957 1417 3001 legetur
1447 2965 1536 3000 pure
1568 2954 1644 2990 sine
1675 2955 1857 2997 libertate,
1893 2955 1963 2990 hoc
1994 2955 2150 3000 legatum
2180 2966 2253 2991 non
2285 2966 2370 2991 con-

1280 3001 1380 3037 stitit.
1416 3001 1524 3046 plane
1540 2999 1606 3035 sub
1626 2999 1835 3035 condicione
1851 3001 1884 3035 ei
1907 3001 2041 3035 utiliter
2064 3005 2100 3036 et
2115 3001 2190 3036 sine
2206 3001 2371 3036 libertate

1280 3046 1466 3091 legabitur‚
1499 3044 1667 3090 quoniam
1691 3048 1727 3080 et
1749 3045 1894 3090 proprio
1923 3055 2023 3081 servo
2049 3046 2094 3081 ab
2119 3045 2249 3081 herede
2273 3049 2371 3080 recte

1281 3092 1347 3127 sub
1382 3091 1591 3126 condicione
1621 3089 1771 3134 legatur.
1819 3100 1931 3135 quare
1962 3091 2067 3126 etiam
2098 3091 2201 3126 heres
2232 3090 2370 3125 institui

1280 3138 1357 3172 sine
1380 3137 1545 3171 libertate
1569 3138 1610 3169 ut
1632 3135 1770 3170 alienus
1794 3135 1892 3171 socio
1917 3136 2047 3171 herede
2070 3136 2205 3179 scripto
2226 3135 2365 3180 poterit,

1282 3182 1366 3227 quia
1397 3185 1433 3216 et
1464 3179 1629 3225 proprius
1661 3190 1742 3216 cum
1769 3180 1912 3216 domino
1936 3181 2041 3216 heres
2064 3181 2201 3215 institui
2224 3179 2370 3224 poterit.

1327 3225 1376 3263 91
1405 3223 1487 3268 (90)
1521 3225 1799 3261 Taemqomws
1828 3226 1919 3262 libro
1950 3227 2116 3261 vicesimo
2141 3225 2264 3271 primo
2297 3224 2369 3259 dis-

1274 3272 1508 3318 putationum
1544 3270 1773 3306 Testamento
1790 3270 1921 3306 domini
1936 3282 2059 3306 servus
2076 3270 2141 3305 sub
2160 3268 2369 3304 condicione

1282 3327 1362 3351 cum
1394 3316 1556 3350 libertate
1587 3315 1690 3351 heres
1721 3316 1907 3351 institutus
1938 3316 2114 3360 pendente
2141 3314 2258 3349 adhuc
2282 3323 2367 3365 con:

1282 3362 1420 3396 dicione
1444 3371 1566 3396 necem
1591 3360 1723 3396 domini
1748 3361 1881 3396 detexit
1905 3371 2054 3405 eumque
2078 3363 2224 3404 praetor
2242 3368 2369 3393 mereri

1280 3407 1480 3441 libertatem
1506 3405 1672 3440 decrevit.
1720 3406 1786 3442 etsi
1817 3410 1943 3451 postea
1975 3405 2136 3440 condicio
2164 3402 2368 3454 testamenti

1281 3451 1468 3493 exstiterit,
1500 3450 1644 3486 aliunde
1673 3451 1763 3486 liber
1790 3455 1855 3493 est,
1887 3451 1924 3485 id
1948 3454 2003 3485 est
2027 3461 2070 3485 ex
2092 3458 2262 3493 praemio,
2295 3458 2368 3499 non

1282 3506 1324 3531 ex
1358 3499 1589 3531 testamento:
1631 3496 1738 3540 igitur
1771 3507 1843 3531 non
1880 3499 1935 3530 est
1970 3493 2189 3530 necessarius
2224 3491 2367 3527 dommo

1280 3541 1401 3576 heres:
1425 3541 1508 3575 licet
1531 3538 1650 3576 autem
1675 3541 1706 3576 ei
1730 3541 1861 3576 volenti
1885 3540 1993 3575 adire.

2006 3654 2050 3693 (9)
2075 3653 2284 3694 negaturque
2299 3663 2365 3684 scr.

2103 3698 2162 3738 (12)
2188 3696 2325 3739 pariant
2338 3695 2376 3729 F

1279 3655 1397 3686 denter
1413 3667 1474 3687 scr.
1592 3657 1635 3693 (8)
1661 3655 1809 3686 adiceret
1823 3666 1885 3686 scr.

1279 3702 1338 3740 (10)
1365 3699 1580 3732 condiciones
1595 3700 1630 3733 F
1693 3700 1746 3740 (11)
1772 3698 1964 3730 exstiterint
1978 3698 2027 3729 ΡΞ

1279 3747 1336 3785 (13)
1363 3744 1391 3776 si
1407 3746 1465 3778 ins.
1480 3744 1534 3776 ΡΞ

2025 3798 2091 3831 49*
