2528 3918
46 3358 59 3365 ,
123 3326 181 3364 (17)
205 3325 318 3366 graeci
334 3324 403 3357 dici
415 3324 524 3357 solent
535 3325 570 3357 F

130 143 185 174 m·
212 142 651 174 PRAESUMPTIONIBUS

128 258 164 290 et
182 254 362 290 studiosus
381 257 484 299 pater
500 253 663 295 familias,
685 254 786 288 cuius
798 263 986 298 personam
1006 254 1210 289 incredibile

129 303 183 335 est
212 299 248 334 in
279 299 397 344 aliquo
428 297 534 333 facile
564 307 713 333 errasse.
747 301 783 333 et
811 297 892 333 ideo
926 308 1016 340 eum,
1042 299 1102 343 qui
1126 299 1211 334 dicit

127 343 301 379 indebitas
325 343 472 378 solvisse
485 345 506 386 ¹,
526 342 689 394 compelli
715 342 761 377 ad
784 342 1023 388 probationes,
1040 343 1135 388 quod
1148 354 1211 388 per

128 388 248 424 dolum
266 387 473 432 accipientis
496 387 551 423 vel
570 387 725 432 ahquam
745 387 874 423 iustam
894 387 905 421 i
930 388 1114 423 norantiae
1126 398 1209 422 cau-

127 443 203 469 sam
226 432 420 468 indebitum
444 432 489 467 ab
503 442 543 467 eo
565 432 719 467 solutum
731 432 755 474 ²,
771 436 807 467 et
827 431 893 467 nisi
939 442 982 467 oc
1002 432 1209 475 ostenderit,

132 481 145 513 1
195 477 327 513 nullam
358 487 438 512 eum
468 477 713 529 repetitionem
744 476 885 512 habere.
933 476 996 512 Sin
1030 481 1148 512 autem
1180 477 1209 512 is

126 522 187 568 qui
210 522 403 558 indebitum
426 525 584 567 queritur
606 521 661 556 vel
683 521 837 567 pupillus
868 521 922 556 vel
940 521 1054 556 minor
1078 522 1125 557 sit
1155 522 1211 556 vel

126 567 252 603 mulier
282 567 336 602 vel
366 567 459 602 forte
490 566 543 601 vir
574 566 714 611 quidem
746 565 952 619 perfectae³
975 566 1121 608 aetatis,
1147 566 1209 601 sed

126 612 225 647 miles
249 612 304 647 vel
328 611 403 663 agri
427 611 542 647 cultor
566 614 601 646 et
632 610 826 647 forensium
857 621 974 646 rerum
998 621 1124 656 expers
1155 611 1210 646 vel

125 657 214 692 alias
248 656 474 702 simphcitate
496 656 655 701 gaudens
680 659 716 691 et
739 655 898 691 desidia⁴
929 655 1088 691 deditus:
1122 659 1209 691 tunc

127 711 207 737 eum
232 701 292 747 qui
315 701 455 746 accepit
485 701 656 753 pecunias
688 701 876 736 ostendere
906 700 997 736 bene
1021 710 1082 736 eas
1107 711 1208 735 acce-

126 746 221 792 pisse
245 749 281 782 et
303 746 440 781 debitas
464 756 495 781 ei
518 745 629 781 fuisse
646 746 780 781 solutas
801 749 846 788 et,
872 746 900 781 si
920 756 992 781 non
1004 745 1207 787 ostenderit,

126 794 146 826 2
194 801 254 826 eas
278 791 464 826 redhibere
475 792 498 826 ⁵.
547 790 617 826 Sed
639 791 729 826 haec
753 791 820 833 ita,
845 791 875 825 si
899 794 1012 826 totam
1036 800 1207 826 summam

125 833 318 871 indebitam
341 835 453 871 fuisse
476 835 629 871 solutam
659 835 690 871 is
714 835 774 881 qui
806 835 901 871 dedit
925 835 1127 871 contendat.
1154 835 1208 869 sin

126 884 244 916 autem
266 891 332 926 pro
351 883 453 926 parte
473 880 641 925 queritur,
662 880 758 925 quod
775 890 858 925 pars
880 881 1051 925 pecuniae
1070 880 1209 915 solutae

125 925 246 961 debita
269 936 340 961 non
365 929 430 967 est,
462 926 518 960 vel
541 925 636 971 quod
671 925 716 960 ab
748 925 847 960 initio
882 925 1021 971 quidem
1051 925 1207 960 debitum

124 970 203 1012 fuit,
228 970 291 1005 sed
314 970 369 1005 vel
392 970 564 1005 dissoluto
599 970 717 1005 debito
749 974 874 1015 postea
905 971 1049 1015 ignarus
1082 971 1208 1004 iterum

124 1015 229 1050 solvit
249 1015 303 1050 vel
332 1016 539 1060 exceptione
571 1019 669 1051 tutus
702 1025 822 1050 errore
853 1015 928 1050 eius
952 1015 1122 1060 pecunias
1147 1015 1207 1050 de·

124 1059 266 1106 pendit:
305 1060 421 1105 ipsum
454 1059 654 1095 omnimodo
686 1060 756 1095 hoc
787 1060 991 1102 ostendere,
1025 1059 1120 1105 quod
1155 1059 1209 1095 vel

124 1105 204 1150 plus
238 1104 355 1140 debito
379 1105 548 1151 persolvit
570 1105 624 1140 vel
658 1105 729 1140 iam
760 1105 911 1140 solutam
934 1105 1123 1150 pecuniam
1145 1115 1209 1150 per

124 1159 279 1185 errorem
302 1150 452 1195 repetita
475 1150 650 1185 solutione
675 1149 843 1194 dependit
877 1150 931 1185 vel
955 1154 1054 1185 tutus
1078 1159 1207 1194 excep-

124 1194 245 1230 tione⁶
276 1204 377 1230 suam
406 1195 568 1230 nesciens
599 1194 751 1239 proiecit
782 1195 987 1240 pecuniam,
1012 1194 1208 1230 secundum

123 1239 323 1284 generalem
345 1240 512 1284 regulam,
538 1241 653 1284 quae⁷
687 1250 766 1281 eos,
792 1240 851 1284 qui
875 1239 1105 1284 opponendas
1130 1249 1208 1275 esse

125 1284 353 1329 exceptiones
377 1284 566 1319 adfirmant
592 1284 648 1319 vel
670 1284 817 1320 solvisse
840 1284 960 1319 debita
975 1284 1205 1326 contendunt,

125 1331 145 1364 3
192 1329 281 1364 haec
310 1328 496 1365 ostendere
526 1328 642 1373 exigit.
691 1329 732 1364 In
761 1329 925 1364 omnibus
961 1333 1080 1364 autem
1103 1329 1206 1365 visio-

124 1374 228 1409 nibus
241 1384 330 1419 quas
351 1374 646 1419 praeposuimus⁸
668 1373 812 1409 licentia
836 1374 1062 1409 concedenda
1086 1380 1141 1410 est
1164 1374 1205 1416 ei,

126 1419 185 1454 cui
208 1429 298 1454 onus
321 1418 542 1464 probationis
563 1418 745 1459 incumbit,
770 1419 973 1454 adversario
999 1430 1063 1455 suo
1089 1419 1133 1454 de
1155 1419 1206 1454 rei

122 1463 270 1499 veritate
299 1463 543 1498 iusiurandum
566 1463 659 1499 ferre
670 1464 694 1506 ⁰,
719 1464 817 1508 prius
840 1464 917 1509 ipso
941 1475 1004 1509 pro
1030 1463 1207 1499 calumnia

122 1508 273 1550 iurante,
298 1512 339 1543 ut
361 1508 466 1544 iudex
488 1508 677 1543 iuramenti
707 1509 812 1544 fidem
845 1513 988 1544 secutus
1019 1509 1071 1544 ita
1105 1519 1206 1544 suam

121 1554 335 1589 sententiam
358 1554 473 1598 possit
494 1552 659 1595 formare,
691 1553 767 1588 iure
798 1553 1005 1589 referendae
1028 1553 1205 1598 religionis

123 1601 148 1633 4
192 1598 223 1633 ei
247 1598 432 1634 servando.
480 1598 550 1633 Sed
572 1599 672 1640 haec,
698 1598 760 1633 ubi
783 1598 827 1633 de
862 1599 1038 1634 solutione
1059 1598 1207 1633 indebiti

146 1643 284 1678 uaestio
310 1646 374 1678 est.
399 1643 455 1678 sin
479 1647 598 1678 autem
622 1643 740 1678 cautio
764 1643 919 1678 indebite
943 1643 1105 1688 exposita
1129 1653 1207 1679 esse

149 1688 263 1723 'catur
294 1692 330 1724 et
359 1687 549 1723 indiscrete
579 1688 755 1733 loquitur,
788 1692 874 1723 tunc
906 1699 1003 1730 eum,
1035 1689 1071 1723 in
1104 1698 1207 1733 quein

122 1733 240 1768 cautio
266 1733 427 1778 exposita
451 1736 515 1775 est,
542 1732 703 1778 compelli
727 1732 884 1768 debitum
908 1743 984 1768 esse
1009 1733 1206 1775 ostendere,

123 1777 219 1822 quod
242 1777 279 1812 in
303 1777 504 1813 cautionem
529 1777 694 1820 deduxit,
728 1778 795 1812 nisi
819 1779 895 1823 ipse
919 1778 1124 1823 specialiter
1147 1779 1207 1823 qui

122 1822 324 1858 cautionem
359 1823 524 1867 exposuit
559 1833 686 1858 causas
721 1823 942 1867 explanavit,
978 1834 1043 1868 pro
1079 1823 1207 1868 quibus

121 1867 270 1903 eandem
303 1867 532 1912 conscripsit:
573 1871 660 1903 tune.
692 1867 784 1902 enim
817 1871 913 1903 stare
953 1878 1033 1903 eum
1068 1871 1209 1913 oportet

123 1922 209 1948 suae
233 1911 458 1954 confessioni,
482 1912 550 1947 nisi
575 1912 842 1947 evidentissimis
866 1913 1137 1958 probationibus
1171 1912 1207 1947 in

122 1957 265 2002 scriptis
289 1957 418 1993 habitis
444 1956 630 1992 ostendere
653 1960 800 2002 paratus
825 1958 871 1992 sit
894 1968 973 1993 sese
996 1958 1085 1993 haec
1108 1957 1206 1992 inde-

123 2003 195 2037 bite
209 2003 237 2024 ¹⁰
293 2002 482 2038 romisisse.

169 2045 222 2084 26
280 2056 492 2082 ANNIANUS
521 2046 610 2082 libro
635 2047 798 2082 vicesimo
824 2048 1072 2099 quaestionum
1119 2047 1206 2082 Pro-

122 2092 204 2127 cula
228 2102 375 2137 magnae
398 2092 608 2136 quantitatis
626 2091 936 2127 fideicommissum
959 2102 981 2126 a
1004 2091 1117 2127 fratre
1139 2092 1207 2127 sibi

122 2137 280 2172 debitum
303 2140 385 2182 post
408 2140 558 2172 mortem
583 2136 657 2171 eius
691 2137 726 2171 in
751 2137 889 2172 ratione
913 2147 994 2172 cum
1017 2136 1206 2172 heredibus

122 2191 353 2227 compensare
365 2183 390 2203 ¹¹
404 2181 519 2224 vellet,
533 2191 575 2216 ex
587 2181 724 2216 diverso
738 2185 855 2216 autem
872 2181 1084 2226 allegaretur
1105 2192 1206 2216 num-

122 2237 227 2271 quam
257 2226 294 2261 id
324 2236 347 2262 a
376 2226 487 2262 fratre
517 2226 684 2271 quamdiu
717 2226 804 2261 vixit
836 2226 1092 2268 desideratum,
1127 2237 1207 2262 cuni

122 2272 226 2307 variis
251 2282 295 2307 ex
319 2271 435 2307 causis
460 2281 567 2317 saepe
590 2271 720 2306 rationi
735 2272 761 2292 ¹²
783 2270 905 2306 fratris
924 2271 1095 2316 pecunias
1115 2271 1206 2306 ratio

121 2316 296 2351 Proculae
327 2316 507 2352 solvisset:
545 2316 645 2351 divus
670 2315 881 2351 Commodus
914 2327 995 2351 cum
1026 2326 1134 2368 super
1165 2326 1205 2351 eo

121 2361 260 2406 negotio
301 2365 548 2406 cognosceret,
581 2371 653 2396 non
692 2361 834 2396 admisit
872 2366 1205 2406 compensationem,

122 2406 224 2451 quasi
246 2406 355 2441 tacite
377 2405 481 2441 fratri
503 2405 812 2441 fideicommissum
835 2405 962 2441 fuisset
985 2406 1181 2441 remissum.

168 2449 219 2487 27
256 2449 457 2486 SCAEVOLA
495 2451 585 2486 libro
621 2451 803 2497 triqesimo
839 2451 942 2486 tertio
986 2451 1026 2486 di
1051 2455 1205 2486 oscorum

123 2494 191 2538 Qui
216 2499 465 2531 testamentum
497 2494 655 2531 faciebat
690 2495 722 2530 ei
756 2495 815 2540 qui
846 2505 959 2540 usque
990 2505 1012 2531 a
1069 2498 1206 2531 certum

122 2540 264 2575 modum
288 2550 416 2585 capere
438 2543 605 2585 potuerat
635 2540 763 2585 legavit
796 2539 929 2575 licitam
960 2540 1205 2585 quantitatem,

121 2585 247 2620 deinde
270 2584 320 2619 ita
348 2585 489 2620 locutus
514 2589 584 2620 est:
620 2585 725 2620 ‘Titio
758 2588 900 2620 centum
923 2584 968 2620 do
1001 2585 1090 2630 lego,
1115 2594 1206 2630 quae

123 2630 219 2665 ‘mihi
241 2630 402 2674 pertulit:
436 2639 527 2675 quae
550 2629 629 2665 ideo
655 2629 687 2664 ei
719 2640 790 2665 non
815 2630 909 2672 cavi,
940 2630 1036 2675 quod
1068 2640 1206 2665 omnem

122 2674 313 2709 ‘fortunam
335 2679 370 2709 et
390 2674 635 2716 substantiam,
657 2674 687 2709 si
707 2684 813 2719 quam
825 2685 847 2709 a
862 2678 975 2710 matre
987 2678 1203 2720 susceperat,

121 2720 169 2754 ‘in
201 2720 282 2754 sinu
304 2729 381 2754 meo
406 2719 517 2762 habui
548 2719 624 2755 sine
656 2719 730 2754 ulla
761 2719 937 2755 cautione.
978 2719 1062 2755 item
1094 2719 1205 2754 eidem

122 2764 229 2799 ‘Titio
252 2763 354 2799 reddi
378 2767 413 2799 et
436 2764 525 2799 solvi
547 2764 626 2799 volo
659 2764 702 2799 de
727 2764 930 2799 substantia
953 2774 1032 2799 mea
1064 2767 1205 2800 centum

121 2809 397 2853 ‘quinquaginta,
446 2818 514 2844 uae
537 2819 600 2853 ego
620 2818 666 2844 ex
684 2808 855 2844 reditibus
876 2809 1105 2861 praediorum
1130 2808 1204 2844 eius

123 2856 299 2897 ‘(quorum
333 2853 408 2898 ipse
447 2857 586 2889 ructum
610 2853 752 2898 percepi
785 2857 820 2888 et
850 2853 1031 2897 distraxi),
1055 2854 1139 2889 item
1163 2853 1205 2888 de

122 2898 334 2933 ‘calendario
360 2899 403 2939 (si
426 2908 497 2958 qua
520 2908 542 2933 a
564 2903 676 2934 matre
693 2902 877 2951 receperat
890 2899 916 2920 ¹³
928 2898 1054 2937 Titius)
1080 2899 1117 2933 in
1131 2908 1205 2933 rem

121 2945 247 2978 ‘meam
271 2943 438 2978 converti.
477 2953 620 2989 quaero,
645 2953 692 2978 an
711 2943 826 2978 Titius
851 2953 893 2978 ea
913 2943 1050 2988 exigere
1072 2945 1202 2988 potest.

1207 129 1285 178 291

2108 140 2230 182 XXII
2261 145 2297 183 3.
2329 146 2352 183 4

1278 254 1470 299 respondit,
1496 254 1526 290 si
1550 254 1664 306 Titius
1690 266 1797 301 supra
1820 259 1950 304 scripta
1987 270 2029 294 ex
2060 262 2195 296 ratione
2220 273 2284 297 sua
2308 263 2354 298 ad

1279 303 1484 335 testatorem
1506 309 1707 345 pervenisse
1733 302 1884 345 probare
1901 305 2065 348 potuerit,
2086 307 2192 350 exigi:
2218 307 2354 342 videtur

1279 343 1370 378 enim
1394 354 1446 396 eo,
1472 343 1567 389 quod
1589 344 1648 396 ille
1671 344 1751 389 plus
1776 356 1900 391 capere
1924 359 1994 383 non
2018 354 2167 394 poterat,
2194 351 2230 386 in
2254 351 2351 387 frau-

1278 387 1357 423 dem
1382 389 1413 423 le
1451 399 1468 424 s
1492 389 1581 424 haec
1604 399 1642 423 in
1665 393 1874 426 testamento
1899 393 2075 429 adiecisse.

1323 430 1376 470 28
1433 442 1533 468 ABEO
1557 433 1646 485 libro
1670 435 1819 480 septimo
1871 436 2015 472 itlzanon
2047 451 2069 473 a
2094 439 2208 475 Paulo
2241 442 2353 487 epito-

1277 481 1453 529 matorum
1500 478 1538 530 Si
1561 478 1693 513 arbiter
1716 479 1831 514 anima
1854 486 1990 517 vertere
2014 483 2149 526 debeat,
2171 495 2216 520 an
2237 486 2354 530 operis

1276 521 1364 557 facti
1386 533 1556 558 memoria
1580 526 1704 566 exstet,
1730 523 1797 558 hoc
1822 525 1853 559 ei
1872 528 2107 569 quaerendum
2131 534 2194 572 est,
2219 539 2265 565 an
2288 531 2352 566 ali-

1277 567 1354 611 quis
1378 568 1576 603 meminerit
1597 567 1635 603 id
1659 578 1748 613 opus
1769 568 1903 604 factum
1923 580 2008 606 esse.
2058 572 2110 607 ΡΑ
2119 583 2225 609 Utus:
2247 575 2351 611 immo

1277 621 1357 646 cum
1380 612 1417 646 in
1441 612 1585 648 arbitrio
1600 613 1627 634 ¹⁴
1648 613 1839 658 quaeritur,
1860 616 2025 650 memoria
2044 616 2127 652 facti
2152 619 2266 663 operis
2291 630 2351 655 ex-

1276 660 1347 691 stet
1366 667 1432 692 nec
1453 668 1508 699 ne,
1530 668 1603 693 non
1619 657 1688 693 hoc
1709 659 1900 703 quaeritur,
1914 671 1995 694 num
2009 661 2131 706 aliquis
2145 664 2350 708 meminerit,

1278 711 1347 745 quo
1371 701 1426 737 die
1451 706 1514 737 aut
1536 713 1605 747 quo
1631 703 1776 738 consule
1798 703 1934 738 factum
1956 705 2002 739 sit
2016 706 2051 747 ¹⁵,
2071 706 2131 741 sed
2143 718 2224 742 num
2239 709 2265 730 ¹⁶
2283 709 2353 745 hoc

1276 746 1394 790 aliquo
1419 747 1523 782 modo
1548 747 1693 792 probari
1716 748 1846 792 possit,
1903 749 2019 784 uando
2050 750 2086 784 id
2109 761 2196 795 opus
2219 752 2353 789 factum

1276 791 1339 842 Sit?
1366 794 1401 826 et
1424 792 1493 826 hoc
1517 792 1577 834 ita,
1603 792 1698 837 quod
1717 792 1854 828 Graece
1901 794 1946 828 ici
1969 794 2057 829 solet
2071 796 2095 816 ¹⁷
2120 798 2157 828 έν
2180 795 2351 834 navitam.

1276 845 1369 870 enim
1391 840 1510 880 potest
1533 837 1602 872 hoc
1626 837 1794 872 memoria
1826 849 1898 873 non
1929 839 2056 873 teneri:
2098 840 2190 875 intra
2220 852 2350 878 annum

1276 884 1363 924 puta
1386 881 1533 923 factum,
1559 892 1639 916 cum
1663 882 1800 916 interim
1820 892 1921 918 nemo
1943 883 1988 918 sit
2008 894 2137 926 eorum,
2158 886 2215 930 qui
2235 888 2351 922 memi-

1276 925 1379 967 nerit,
1405 926 1533 970 quibus
1559 926 1763 962 consulibus
1787 927 1823 961 id
1852 927 1987 969 viderit,
2013 929 2075 963 sed
2098 939 2177 964 cum
2201 932 2354 967 omnium

1276 970 1366 1004 haec
1390 975 1445 1005 est
1468 971 1586 1015 opinio
1607 981 1673 1006 nec
1695 971 1836 1006 audisse
1856 982 1922 1007 nec
1945 972 2084 1014 vidisse,
2106 984 2184 1008 cum
2208 975 2244 1009 id
2263 987 2283 1011 o
2311 986 2353 1011 us

1276 1014 1387 1057 fieret,
1413 1025 1456 1050 ne
1482 1026 1528 1050 ue
1552 1026 1595 1050 ex
1620 1015 1669 1051 eis
1694 1016 1846 1059 audisse,
1871 1017 1931 1062 qui
1954 1017 2122 1053 vidissent
2150 1023 2212 1053 aut
2235 987 2352 1055 audis-

1276 1063 1374 1094 sent:
1408 1063 1444 1095 et
1492 1070 1535 1095 oc
1559 1059 1694 1096 infinite
1717 1061 1875 1097 similiter
1898 1072 2019 1097 susum
2042 1073 2181 1097 versum
2204 1065 2350 1107 accidet,

1277 1114 1357 1139 cum
1381 1105 1548 1140 memoria
1572 1106 1689 1150 operis
1713 1105 1800 1141 facti
1823 1117 1894 1142 non
1915 1111 2071 1142 exstaret
2085 1108 2121 1142 ¹⁹.

1322 1146 1374 1186 29
1400 1149 1602 1185 Scarvora
1628 1150 1717 1186 libro
1742 1162 1836 1186 nono
1861 1152 2078 1198 dz'qestorum
2122 1152 2354 1196 Imperatores

1274 1194 1476 1230 Antoninus
1491 1199 1526 1229 et
1537 1195 1652 1230 Verus
1666 1196 1818 1240 Augusti
1831 1196 1976 1231 Claudio
1989 1196 2186 1241 Apollinari
2205 1198 2355 1249 rescrip-

1275 1242 1398 1274 serunt
1429 1239 1464 1274 in
1496 1240 1585 1275 haec
1616 1240 1741 1276 verba:
1775 1241 2037 1283 ‘Probationes,
2073 1251 2163 1286 quae
2203 1241 2246 1277 de
2277 1242 2369 1277 filiis,

1276 1284 1429 1326 ‘dantur,
1443 1295 1515 1320 non
1534 1285 1571 1319 in
1591 1285 1667 1320 sola
1687 1285 1932 1321 adfirmatione
1951 1286 2094 1321 testium
2107 1286 2305 1322 consistunt
2314 1287 2355 1329 2⁰,

1275 1329 1350 1381 ‘sed
1371 1332 1406 1364 et
1426 1339 1444 1363 e
1470 1329 1646 1372 istulas21,
1666 1340 1756 1375 quae
1777 1331 1945 1366 uxoribus
1962 1331 2090 1366 missae
2110 1331 2355 1376 allegarentur,

1276 1377 1318 1408 ‘Sl
1342 1373 1386 1409 de
1409 1374 1433 1408 fi
1460 1384 1478 1409 e
1503 1385 1624 1410 earum
1649 1376 1837 1418 constet22,
1863 1376 2067 1410 nonnullam
2092 1375 2202 1411 vicem
2225 1376 2355 1410 instru-

1278 1421 1291 1452 1
1332 1421 1540 1454 ‘mentorum
1553 1420 1713 1464 optinere
1730 1420 1909 1455 decretum
1919 1421 1950 1442 ²³
1969 1420 2046 1455 est.’
2069 1420 2198 1456 Mulier
2214 1420 2357 1465 gravida
2419 1438 2422 1441 ⁴

1274 1463 1473 1508 repudiata,
1498 1464 1607 1499 filium
1639 1465 1762 1507 enixa,
1794 1466 1941 1500 absente
1970 1465 2095 1500 marito
2127 1469 2167 1500 ut
2197 1466 2356 1510 spurium

1274 1508 1310 1543 in
1334 1508 1424 1543 actis
1449 1509 1610 1553 professa
1634 1513 1696 1544 est.
1718 1510 1916 1554 quaesitum
1937 1514 1990 1545 est
2009 1520 2055 1544 an
2074 1509 2104 1545 is
2124 1509 2160 1544 in
2179 1513 2356 1554 potestate

1274 1553 1385 1598 patris
1409 1553 1456 1588 sit
1479 1558 1515 1589 et
1537 1558 1649 1589 matre
1671 1554 1840 1590 intestata
1864 1558 2003 1589 mortua
2033 1554 2132 1590 iussu
2156 1555 2230 1589 eius
2254 1554 2354 1589 here-

1275 1598 1422 1633 ditatem
1454 1599 1575 1634 matris
1612 1599 1709 1634 adire
1746 1600 1860 1644 possit
1890 1609 1955 1634 nec
1990 1599 2084 1634 obsit
2122 1598 2294 1644 professio
2333 1608 2355 1634 a

1274 1647 1387 1678 matre
1399 1643 1490 1678 irata
1502 1643 1610 1678 facta.
1626 1644 1819 1689 respondit,
1832 1644 1971 1679 veritati
1983 1644 2100 1679 locum
2119 1643 2301 1688 superfore
2310 1643 2352 1679 ²⁴.

1754 1782 1831 1819 IIII
1841 1780 1881 1820 ²⁵.

1319 1846 1377 1877 DE
1402 1846 1508 1878 FIDE
1534 1845 1960 1923 INSTRUMssgffgffiUM
1984 1845 2042 1877 ΕΤ
2066 1846 2310 1878 AMISSIONE

1324 1954 1342 1992 1
1370 1955 1427 1990 ΡΛ
1435 1965 1529 1991 Ubus
1549 1956 1638 1992 libro
1662 1956 1818 1992 secundo
1838 1957 2091 1991 sententiarum
2139 1956 2353 1991 Instrumen-

1275 2005 1392 2036 torum
1428 2001 1568 2036 nomine
1603 2011 1646 2036 ea
1679 2001 1798 2036 omnia
1832 2000 2039 2045 accipienda
2085 2004 2190 2042 sunt,
2226 2000 2352 2046 quibus

1275 2056 1385 2081 causa
1408 2045 1536 2080 instrui
1567 2049 1703 2091 potest:
1743 2050 1778 2081 et
1807 2045 1886 2081 ideo
1918 2049 1991 2080 tam
2020 2045 2220 2080 testimonia
2250 2055 2354 2090 quain

1274 2100 1448 2136 personae
1471 2090 1784 2126 instrumentorum
1807 2091 1884 2126 loco
1909 2090 2095 2125 habentur.

1321 2133 1345 2171 2
1370 2134 1477 2170 IDEM
1503 2136 1593 2171 libro
1626 2137 1750 2181 quinto
1781 2135 2035 2170 sententiarum
2046 2135 2076 2156 ²⁸
2137 2133 2355 2185 Quicumque

1274 2191 1296 2215 a
1320 2180 1406 2215 fisco
1432 2180 1650 2222 convenitur,
1675 2190 1747 2215 non
1771 2190 1814 2215 ex
1834 2179 1951 2214 indice
1971 2183 2006 2214 et
2026 2179 2184 2223 exemplo
2205 2179 2353 2213 alicuius

1274 2225 1489 2270 scripturae,
1526 2224 1589 2260 sed
1620 2235 1664 2260 ex
1695 2224 1898 2260 authentico
1940 2223 2196 2259 conveniendus
2236 2227 2290 2258 est
2320 2226 2354 2257 et

1273 2270 1325 2304 ita
1337 2270 1379 2312 ²⁷,
1415 2269 1444 2304 si
1481 2272 1685 2305 contractus
1720 2269 1806 2304 fides
1841 2269 1956 2314 possit
1989 2267 2145 2303 ostendi:
2197 2271 2352 2303 ceterum

1275 2314 1529 2350 calumniosam
1552 2314 1766 2359 scripturam
1787 2314 1854 2349 vim
1865 2314 1895 2334 ²⁸
1917 2313 1954 2348 in
1969 2312 2096 2348 iudicio
2110 2311 2269 2357 optinere
2281 2321 2352 2346 non

1275 2359 1451 2394 convenit.

1320 2402 1344 2441 3
1370 2403 1478 2439 IDEM
1495 2403 1585 2439 libro
1611 2403 1713 2438 tertio
1736 2412 1989 2448 responsorum
2031 2400 2229 2445 Respondit
2250 2409 2349 2444 repe-

1273 2449 1340 2484 tita
1378 2448 1518 2493 quidem
1549 2447 1605 2483 die
1637 2447 1835 2482 cautionem
1866 2445 2041 2490 interponi
2071 2455 2142 2480 non
2175 2444 2349 2486 debuisse,

1273 2493 1336 2529 sed
1367 2493 1450 2528 falsi
1481 2493 1612 2528 crimen
1644 2496 1814 2536 quantum
1846 2491 1891 2525 ad
1922 2500 2001 2532 eos,
2032 2489 2150 2534 quiin
2173 2488 2241 2524 hoc
2265 2498 2349 2523 con-

1274 2542 1470 2580 senserunt,
1495 2540 1717 2573 contractum
1740 2546 1811 2570 non
1831 2535 1951 2576 videri,
1976 2545 2055 2569 cuni
2074 2534 2165 2568 inter
2183 2543 2349 2578 praesen-

1272 2588 1327 2618 tes
1351 2587 1387 2619 et
1410 2582 1656 2618 convenientes
1686 2591 1742 2615 res
1766 2580 1913 2615 actitata
1943 2579 1989 2614 sit
2011 2578 2190 2623 magisque
2213 2577 2350 2613 debitor

1273 2639 1377 2673 quam
1404 2627 1555 2663 creditor
1579 2625 1771 2670 deliquerit.

1318 2672 1386 2709 4²⁹
1412 2672 1533 2708 GAIUS
1543 2671 1633 2706 libro
1650 2669 1830 2715 sinqulari
1851 2668 1894 2702 de
1916 2667 2078 2713 formula
2093 2665 2350 2712 hypothecm·ia

1272 2718 1314 2752 In
1338 2727 1376 2752 re
1399 2717 1621 2762 hypothecae
1644 2714 1784 2749 nomine
1808 2712 1961 2756 obligata
1992 2710 2039 2746 ad
2068 2722 2142 2746 rem
2174 2721 2246 2746 non
2294 2720 2347 2745 er-

1272 2763 1360 2797 tinet
1370 2763 1412 2803 ³0,
1438 2761 1564 2806 quibus
1589 2759 1629 2794 fit
1652 2758 1778 2799 verbis,
1812 2756 1917 2792 sicuti
1941 2759 1995 2791 est
2018 2759 2053 2791 et
2074 2755 2111 2790 in
2134 2755 2189 2790 his
2217 2755 2261 2790 ob
2287 2765 2347 2800 ga-

1272 2807 1447 2848 tionibus,
1480 2815 1570 2849 quae
1609 2813 1784 2839 consensu
1816 2801 2089 2836 contrahuntur:
2131 2804 2167 2835 et
2199 2799 2277 2835 ideo
2314 2803 2349 2834 et

1272 2852 1348 2887 sine
1371 2851 1548 2894 scriptura
1572 2848 1602 2883 si
1626 2847 1797 2888 convenit,
1822 2849 1862 2881 ut
1886 2845 2107 2891 hypothecae
2130 2844 2186 2887 sit,
2209 2848 2244 2879 et
2267 2854 2347 2888 pro-

1272 2896 1350 2931 bari
1381 2895 1554 2940 poterit³¹,
1588 2903 1644 2927 res
1669 2891 1823 2934 obligata
1855 2891 1922 2925 erit
1955 2890 1998 2925 de
2030 2900 2100 2934 qua
2124 2889 2345 2925 conveniunt.

1272 2941 1362 2976 fiunt
1385 2940 1476 2974 enim
1501 2938 1543 2972 de
1566 2937 1620 2972 his
1645 2936 1861 2980 scripturae,
1886 2938 1925 2970 ut
1947 2934 2042 2979 quod
2066 2937 2184 2969 actum
2208 2936 2262 2968 est
2284 2942 2348 2977 per

121 3056 162 3097 (1)
187 3066 221 3088 se
234 3056 294 3090 ins.
388 3056 431 3098 (2)
457 3058 507 3088 est
520 3057 580 3089 ins.
664 3057 705 3098 (3)
731 3056 1005 3098 perperfectaeF
1091 3055 1202 3097 (⁴)d0·

125 3100 232 3133 sidiae
245 3101 317 3134 dett.
414 3102 455 3141 (5)
481 3100 667 3142 redhibere]
683 3101 779 3134 reddi
793 3101 911 3134 debere
922 3113 984 3134 scr.
1079 3102 1122 3142 (6)
1148 3110 1203 3133 ex-

121 3145 356 3187 ceptionemF
493 3147 536 3187 (7)
561 3156 626 3188 qua
638 3146 672 3179 F
812 3148 856 3187 (8)
882 3145 1116 3188 proposuimus
1130 3145 1201 3178 edd.

123 3191 166 3231 (9)
191 3190 314 3222 inferre
328 3188 373 3223 F*
486 3191 545 3231 (1⁰)
571 3189 716 3223 indebiti
728 3190 781 3223 F2
896 3194 951 3232 (11)
975 3200 1049 3222 cum
1063 3199 1203 3232 pensare

122 3234 357 3279 Bynkerslioek
501 3236 559 3277 (12)
584 3235 793 3268 rationemF
903 3238 959 3275 (13)
985 3237 1118 3277 ceperat
1139 3246 1199 3266 scr.

121 3282 178 3319 (14)
214 3278 344 3312 arbitro
368 3280 404 3312 F
524 3281 581 3321 (15)
617 3283 667 3313 est
689 3281 723 3312 F
726 3279 741 3300 ²
867 3282 924 3321 (16)
961 3281 1053 3320 num]
1077 3289 1147 3310 non
1176 3279 1209 3311 F

747 3326 806 3366 (18)
838 3326 875 3358 id
892 3331 939 3357 est
956 3323 993 3356 in
1014 3323 1202 3356 universum

123 3369 181 3409 (19)
196 3369 321 3401 etenim·
333 3371 392 3410 (sic
407 3369 569 3410 Breuem.)
585 3372 696 3411 potest
707 3369 770 3401 hoc
782 3369 942 3401 memoria
953 3378 1021 3400 non
1034 3367 1202 3400 nullorum

123 3413 229 3445 teneri
242 3414 333 3446 intra
345 3424 450 3446 annos
463 3415 610 3456 quinque
624 3416 707 3456 puta
718 3414 855 3454 factum,
869 3423 944 3445 cum
957 3413 1093 3444 interim
1106 3422 1201 3444 nemo

121 3457 168 3489 sit
180 3468 292 3490 eorum
304 3459 363 3500 qui
375 3459 564 3491 meminerit
585 3458 706 3500 quibus
719 3457 913 3490 consulibus
926 3458 960 3489 id
981 3457 1052 3489 fieri
1070 3457 1200 3488 viderit.

122 3502 180 3534 sed
192 3513 268 3534 cum
280 3503 429 3534 omnium
441 3503 522 3536 haec
535 3505 586 3535 est
599 3503 714 3544 opinio
727 3513 787 3534 nec
803 3502 926 3534 vidisse
939 3512 974 3534 se
986 3511 1060 3533 cum
1072 3501 1108 3533 id
1117 3510 1201 3542 opus

123 3546 216 3579 fieret
231 3557 337 3588 neque
358 3557 398 3579 ex
417 3548 465 3580 eis
487 3548 619 3579 audisse
639 3548 698 3589 qui
711 3547 874 3578 vidissent
887 3549 945 3578 aut
967 3545 1148 3584 audissent,
1168 3547 1201 3576 et

123 3590 184 3623 hoc
197 3591 328 3623 infinite
341 3591 497 3624 similiter
508 3602 621 3624 susum
632 3602 762 3623 versum
775 3591 914 3630 accidet,
929 3593 998 3623 tum
1014 3591 1075 3631 (sic
1086 3602 1149 3622 van
1162 3590 1202 3622 de

133 3633 260 3672 Water)
275 3635 430 3667 memoria
450 3636 560 3678 operis
582 3636 665 3668 facti
676 3646 744 3668 uon
759 3639 867 3668 exstat
878 3648 940 3668 scr.
1035 3635 1097 3675 (20)
1122 3643 1200 3665 con-

124 3679 270 3712 sulerent
290 3681 324 3712 F
332 3680 353 3720 ¹,
384 3681 609 3713 consisterent
642 3679 694 3713 Ιῑ*2
898 3681 956 3720 (21)
992 3678 1156 3720 epistulae
1172 3677 1206 3709 F

125 3724 186 3759 (2'2)
200 3734 313 3756 eorum
326 3725 465 3757 consisti
480 3725 512 3757 F
557 3726 616 3764 (23)
632 3723 810 3755 disci-etum
826 3722 859 3754 F
917 3725 977 3764 (24)
1112 3721 1200 3754 libro

1272 3054 1379 3096 primo
1399 3059 1642 3093 responsorum.
1696 3049 1795 3080 Festo
1813 3047 1995 3089 respondit,
2019 3046 2047 3079 si
2068 3046 2191 3078 ancilla
2209 3045 2283 3084 fuit,
2304 3044 2346 3076 ad

1272 3098 1458 3130 libertatem
1482 3095 1674 3137 perductam
1692 3092 1866 3134 (perducta
1884 3092 1927 3133 F)
1949 3102 2015 3123 non
2036 3091 2142 3123 videri
2164 3099 2268 3130 neque
2288 3098 2345 3130 per

1272 3140 1516 3176 fideicommissi
1532 3138 1642 3171 relicti
1670 3137 1736 3170 sibi
1759 3137 1991 3180 probationem
2005 3146 2064 3168 nec
2078 3135 2168 3177 quod
2188 3134 2344 3165 alimenta

1272 3190 1350 3219 sunt
1362 3189 1401 3218 ut
1413 3183 1539 3217 nutrici
1551 3182 1721 3226 praestita.
1792 3181 1879 3214 libro
1893 3181 2047 3213 secundo.
2103 3178 2262 3211 Mactorio
2285 3176 2342 3207 Sa-

1270 3232 1351 3264 bino
1365 3229 1706 3263 commemorationem
1719 3226 1755 3258 in
1776 3226 1999 3268 chirographo
2014 3224 2238 3272 pecuniarum,
2261 3229 2343 3262 quae

1272 3287 1311 3309 ex
1323 3276 1389 3308 alia
1404 3283 1502 3307 causa
1527 3271 1640 3305 deberi
1660 3271 1790 3312 (debere
1804 3270 1849 3312 F)
1870 3270 2036 3307 dicuntur,
2059 3268 2174 3301 factam
2198 3275 2261 3296 vim
2283 3262 2342 3294 ob-

1270 3320 1445 3363 ligationis
1459 3328 1523 3350 non
1539 3316 1670 3349 habere.
1685 3317 1764 3349 haec
1777 3316 1888 3357 influe
1901 3316 1993 3347 liuius
2007 3313 2092 3346 tituli
2110 3312 2203 3343 habet
2213 3309 2246 3341 F'
2255 3308 2274 3348 ¹,
2288 3308 2341 3340 de·

1272 3366 1346 3398 levit
1358 3363 1411 3396 F²
1424 3374 1523 3405 neque
1536 3367 1713 3405 aynoscunt
1726 3361 1760 3393 B

1318 3411 1377 3449 (25)
1405 3408 1488 3449 Pap.
1505 3413 1630 3445 1...3.5;
1674 3405 1753 3438 δαὶ).
1780 3412 1805 3437 ι.
1828 3412 1854 3437 s.
1884 3421 1927 3426 —
1953 3401 2341 3446 Bas.22,1,30-—343—

1275 3455 1324 3496 Cf.
1342 3453 1419 3486 Cod.
1433 3452 1466 3491 4,
1480 3458 1511 3485 21
1629 3452 1690 3491 (26)
1715 3448 1939 3486 =Paulus5,
1954 3452 1993 3483 12,
2009 3452 2036 3477 ii
2089 3486 2096 3493 ⁸
2148 3443 2207 3482 (τι)
2233 3443 2265 3471 et
2279 3440 2339 3479 ita]

1271 3498 1318 3530 ita
1332 3497 1370 3536 F,
1396 3498 1429 3528 et
1443 3496 1568 3528 Paulus
1726 3495 1787 3533 (28)
1814 3493 1919 3523 iustae
1941 3488 2115 3530 petitionis
2137 3487 2195 3519 ins.
2216 3483 2340 3516 Paulus

1271 3544 1333 3584 (29)
1346 3557 1389 3569 =
1400 3542 1454 3581 20,
1469 3547 1492 3579 1,
1506 3547 1523 3573 4
1629 3542 1690 3580 (30)
1705 3537 1918 3570 contrahitur
1931 3532 2113 3575 hypotheca
2126 3540 2191 3581 ’per
2207 3531 2339 3569 pactum

1270 3587 1487 3623 conventum,
1519 3594 1594 3615 cum
1622 3583 1696 3625 quis
1724 3582 1929 3623 paciscatur,
1953 3581 1990 3608 ut
2024 3584 2174 3625 res-eius
2206 3574 2340 3622 propter

1270 3630 1415 3671 aliquam
1437 3628 1678 3670 obligationem
1698 3627 1765 3657 sint
1786 3623 1986 3666 hypothecae
2010 3628 2140 3650 nomine
2172 3615 2338 3657 obligatae

1270 3685 1329 3706 nec
1343 3674 1384 3706 ad
1398 3684 1464 3706 rem
1477 3674 1621 3715 pertinet
1636 3670 1677 3704 1).
1701 3672 1720 3703 l.
1741 3682 1820 3713 yem.
1913 3667 1968 3705 (31)
1994 3662 2115 3705 peterit
2128 3662 2160 3693 F'

2002 3760 2074 3794 37*
