2528 3918
208 117 376 162 XXVII
409 119 459 159 10

718 329 790 369 X¹.

244 395 306 429 DE
331 393 642 428 CUBATORIBUS
666 394 857 428 FURIOSO
883 393 943 425 ET
967 392 1086 426 ALIIS
1111 391 1265 426 EXTRA

553 439 757 472 MINORES
781 436 959 471 DANDIS.

258 503 278 543 1
313 504 508 542 ommes
527 504 619 540 libro
696 505 705 513 '
737 516 758 540 o
782 503 833 539 ad
854 502 1027 539 Sabinum
1084 503 1180 548 Lege
1210 501 1298 538 duo-

210 550 324 587 decim
346 550 549 585 tabularum
561 515 710 595 proAE‘go
725 548 948 584 interdicitur
964 548 1138 584 bonorum
1154 557 1300 583 suorum

210 594 479 637 administratio,
537 594 609 630 uod
642 595 799 630 moribus
823 592 964 638 quidem
988 593 1034 628 ab
1065 592 1164 628 initio
1187 592 1299 627 intro·

210 640 356 693 ductum
380 642 445 675 est.
469 605 535 692 sed
557 640 672 692 solent
694 639 799 691 hodie
821 641 1005 690 praetores
1027 637 1083 673 vel
1105 637 1299 683 praesides,

210 684 575 776 ῗέῃέἓθῒιέἕιῗὲἰῖ
593 686 1093 770 ῗὲιῗὲξΐιὲἓιᾳΐοὲἓᾳξῗιὲω
1120 691 1300 762 32233333

210 778 247 810 et
270 773 475 820 dissipando
498 773 659 819 profudit
668 774 693 815 ²,
719 776 918 808 curatorem
942 772 999 807 ei³
1029 772 1115 807 dare
1139 781 1238 806 exem
1264 771 1298 806 lo

208 819 353 855 furiosi:
386 823 423 855 et
445 818 582 854 tamdiu
606 822 710 853 erunt
732 818 836 852 ambo
860 817 897 852 in
914 817 1107 859 curatione,
1132 826 1238 862 quam
1262 816 1300 851 iu

209 864 265 900 vel
286 863 444 900 furiosus
467 863 656 899 sanitatem
678 862 734 898 vel
756 862 815 897 ille
838 872 945 898 sanos
968 872 1084 897 mores
1107 861 1298 906 receperit:

210 908 307 955 quod
328 909 360 945 si
383 908 549 950 evenerit,
572 908 649 953 ipso
673 908 751 943 iure
773 907 940 943 desinunt
962 917 1042 943 esse
1063 907 1100 941 in
1122 908 1301 952 potestate

213 958 226 989 1
278 957 495 990 curatorum.
544 952 688 988 Curatio
722 956 841 987 autem
871 952 959 994 eius,
983 951 1041 987 cui
1063 951 1167 987 bonis
1190 951 1300 986 inter-

210 998 351 1041 dicitur,
382 998 454 1033 filio
485 1008 509 1032 n
575 997 683 1033 batur
712 996 967 1042 permittenda:
1008 996 1072 1032 sed
1102 999 1202 1032 extat
1231 994 1302 1030 divi

209 1043 263 1079 Pii
286 1043 397 1079 rescri
423 1046 499 1077 tum
564 1042 595 1078 ‘o
627 1042 747 1087 potius
783 1042 1002 1077 curationem
1027 1040 1301 1087 permittendam

208 1089 246 1124 in
296 1092 386 1123 atre·
414 1087 544 1129 urioso,
569 1087 600 1122 si
623 1088 719 1122 tam⁴
769 1087 878 1122 robus
902 1087 960 1121 sit.

256 1099 465 1170 2pPAvws
485 1132 576 1168 libro
592 1133 717 1178 primo
765 1143 786 1167 e
808 1132 933 1177 officio
950 1130 1185 1178 proconsulis
1230 1129 1301 1165 Sed

210 1181 246 1213 et
276 1177 355 1213 aliis
389 1177 490 1212 dabit
520 1177 713 1222 proconsul
745 1182 946 1218 curatores,
1006 1176 1043 1211 ui
1081 1176 1188 1211 rebus
1226 1175 1300 1210 suis

209 1233 252 1258 su
279 1232 398 1258 eresse
419 1232 492 1257 non
514 1226 684 1267 possunt,
715 1222 771 1257 vel
801 1221 878 1256 dari
912 1221 996 1256 iube
1020 1221 1067 1263 it,
1098 1230 1165 1256 nec
1198 1219 1300 1255 dubi-

209 1233 303 1303 tagit
323 1266 436 1302 filium
460 1277 529 1312 quo
556 1276 602 1302 ue
624 1266 719 1312 patri
743 1270 946 1302 curatorem
969 1265 1048 1301 dari
1058 1267 1083 1300 ⁵.

256 1309 281 1350 3
313 1311 508 1348 Ulmanus
552 1312 630 1347 ibro
669 1312 852 1364 triqesimo
880 1311 1004 1358 primo
1039 1311 1090 1346 ad
1126 1309 1301 1346 Sabinum

209 1357 306 1393 Dum
330 1357 528 1392 deliberant
549 1355 699 1392 heredes
721 1356 875 1391 mstituti
890 1355 1000 1399 adire,
1024 1355 1127 1391 bonis
1151 1365 1174 1390 a
1195 1365 1300 1400 prae-

209 1406 287 1438 tore
310 1406 456 1438 curator
478 1401 594 1436 datur.

254 1445 282 1484 4
305 1446 411 1483 loru
432 1446 524 1482 libro
540 1446 722 1493 trigesimo
746 1449 871 1482 octavo
888 1445 938 1481 ad
951 1444 1125 1481 Sabinum
1172 1444 1301 1479 Furio-

209 1502 272 1528 sae
305 1491 429 1527 matris
461 1491 598 1526 curatio
631 1490 678 1525 ad
707 1490 820 1526 filium
849 1490 1020 1536 pertinet:
1059 1490 1175 1535 pietas
1209 1489 1302 1525 enim

235 1536 432 1617 afflatibus,
458 1536 525 1572 etsi
546 1536 742 1581 inaequalis
766 1539 822 1571 est
845 1545 967 1571 eorum
989 1539 1162 1581 potestas,
1187 1544 1303 1580 aequa

235 1592 254 1618 e
281 1592 300 1618 e
324 1593 338 1617 1
354 1592 409 1616 ur.

256 1625 281 1665 5
309 1626 433 1663 GAIUS
452 1626 543 1662 libro
565 1636 662 1661 nono
685 1625 736 1661 ad
756 1625 908 1661 edictum
926 1625 1155 1672 provinciale
1190 1624 1301 1659 Cura-

209 1676 268 1708 tor
290 1682 335 1708 ex
358 1674 505 1707 senatus
529 1671 692 1706 consulto
717 1670 959 1711 constituitur,
985 1680 1067 1705 cum
1099 1670 1197 1705 clara
1219 1679 1301 1714 per-

210 1727 319 1760 sona,
351 1716 461 1752 veluti
491 1716 665 1751 senatoris
695 1715 751 1751 vel
781 1716 902 1751 uxoris
937 1715 1032 1758 eius,
1056 1715 1095 1750 in
1125 1725 1170 1750 ea
1192 1724 1304 1750 causa

209 1762 267 1805 sit,
291 1765 333 1798 ut
356 1761 432 1797 eius
456 1761 552 1797 bona
573 1760 692 1796 venire
715 1760 909 1796 debeantss:
941 1771 1024 1795 nam
1054 1763 1096 1795 ut
1118 1759 1303 1795 honestius

210 1818 254 1844 a
276 1806 379 1843 bonis
404 1806 480 1842 eius
505 1810 678 1851 quantum
700 1809 821 1851 potest
843 1805 1077 1841 creditoribus
1094 1805 1302 1847 solveretur,

210 1856 357 1889 curator
380 1850 610 1887 constituitur
640 1850 951 1886 distrahendorum
982 1851 1158 1886 bonorum
1188 1849 1304 1895 gratia

209 1897 265 1934 vel
288 1907 311 1932 a
358 1901 499 1932 raetore
521 1896 575 1931 vel
597 1896 636 1931 in
657 1896 848 1941 provinciis
872 1906 895 1931 a
917 1895 1091 1941 praeside.

256 1939 281 1979 6
341 1951 519 1977 LPIANUS
537 1941 629 1977 libro
653 1942 778 1987 primo
809 1941 854 1976 dc
876 1941 1041 1976 omnibus
1064 1939 1304 1975 tribunalibus

213 1987 412 2023 Observare
441 1990 643 2031 praetorem
673 1996 694 2021 o
722 1986 871 2028 ortebit,
906 1996 952 2021 ne
976 1985 1035 2021 cui
1056 1988 1189 2020 temere
1213 1985 1305 2021 eitra

213 2042 344 2068 causae
390 2031 626 2076 cognitionem
660 2041 695 2110 ¹p
711 2031 938 2066 enissimum⁷
985 2034 1186 2066 curatorem
1232 2029 1304 2072 det,

210 2077 379 2124 quoniam
401 2076 560 2122 plerique
582 2076 638 2111 vel
678 2086 818 2111 urorem
841 2076 897 2111 vel
920 2075 1132 2111 dementiam
1153 2075 1304 2120 fingunt,

210 2131 281 2168 quo
304 2121 416 2167 magis
447 2125 614 2157 curatore
644 2125 791 2173 accepto
816 2131 927 2156 onera
957 2121 1071 2156 civilia
1094 2120 1302 2156 detrectent.

257 2164 281 2204 7
306 2166 330 2202 1
335 2175 508 2202 ULIAlvvs·
520 2166 611 2202 libro
635 2166 799 2202 vicesaemo
816 2167 941 2212 primo
957 2165 1178 2212 diqestomm
1210 2164 1304 2200 Con·

210 2212 289 2248 silio
314 2215 351 2247 et
373 2220 484 2256 opera
508 2211 683 2246 curatoris
706 2211 800 2246 tueri
823 2211 929 2247 debet
950 2221 1022 2246 non
1047 2211 1163 2246 solum
1191 2209 1304 2255 patri-

213 2261 229 2293 1
278 2256 446 2298 monium,
471 2255 535 2291 sed
558 2259 594 2291 et
618 2265 748 2308 corpus
772 2266 816 2291 ac
839 2256 937 2291 salus
960 2255 1095 2291 furiosi.
1153 2254 1306 2290 Curator

211 2301 365 2338 dementi
388 2301 494 2336 datus
518 2300 661 2336 decreto
684 2301 906 2347 mterposito‚
931 2301 984 2336 uti
1007 2300 1208 2343 satisdaret‚
1233 2310 1305 2335 non

211 2347 306 2383 cavit
329 2349 366 2382 et
387 2350 509 2381 tamen
541 2345 714 2391 quasdam
743 2356 801 2382 res
833 2346 877 2381 de
907 2346 1010 2381 bonis
1042 2346 1117 2381 eius
1149 2344 1304 2390 legitimo

210 2391 316 2428 modo
340 2390 517 2427 alienavit.
542 2390 573 2426 si
594 2390 745 2427 heredes
769 2390 940 2427 dementis
973 2390 1115 2426 easdem
1147 2400 1205 2425 res
1228 2390 1304 2425 vin-

212 2437 342 2479 dicent,
368 2446 457 2482 quas
482 2439 627 2472 curator
649 2436 826 2478 alienavit,
851 2440 887 2472 et
918 2446 1004 2471 exce
1030 2435 1079 2471 tio
1104 2445 1151 2480 op
1177 2438 1305 2470 onetur

212 2482 255 2518 ‘si
277 2492 350 2517 non
375 2483 521 2517 curator
543 2481 765 2524 vendiderit‘,
789 2481 975 2526 replicatio
1025 2481 1078 2516 ari
1102 2480 1146 2515 de
1172 2484 1208 2515 et
1230 2482 1306 2514 ‘aut

212 2527 255 2562 ‘si
285 2526 518 2562 satisdatione
546 2525 771 2571 interposita
788 2526 986 2562 secundum
1017 2525 1198 2561 decretum
1221 2535 1304 2560 ven-

212 2571 376 2607 ‘diderit’.
417 2570 514 2624 quod
541 2571 573 2606 si
627 2571 717 2607 retio
749 2574 898 2616 accepto
932 2575 1077 2607 curator
1111 2570 1306 2606 creditores

210 2617 338 2652 furiosi
362 2616 504 2658 dimisit,
528 2616 575 2651 tri
600 2582 721 2652 ficatio
746 2616 819 2652 doli
841 2619 939 2652 tutos
953 2625 1179 2662 possessores
1202 2624 1305 2660 prae-

212 2665 233 2697 2
280 2662 400 2697 stabit.
449 2660 538 2696 Cum
587 2661 734 2697 ementis
758 2666 969 2704 curatorem,
1005 2661 1089 2706 quia
1122 2660 1210 2696 satis
1234 2670 1307 2695 non

213 2706 361 2742 dederat
384 2709 421 2742 et
442 2716 500 2741 res
524 2706 616 2742 male
640 2706 915 2748 administraret,
935 2706 1126 2752 proconsul
1148 2715 1305 2740 remove-

211 2751 260 2787 rit
282 2761 305 2786 a
327 2752 430 2787 bonis
454 2751 633 2797 aliumque
655 2751 736 2787 loco
760 2751 837 2787 eius
854 2751 1078 2787 substituerit
1094 2753 1305 2791 curatorem,

213 2800 250 2833 et
271 2796 330 2831 bic
354 2796 550 2841 posterior,
583 2807 664 2832 cum
693 2806 759 2832 nec
794 2797 871 2842 ipse
902 2795 1165 2838 satisdedisset,
1198 2795 1308 2840 egerit

214 2852 296 2878 cum
319 2845 455 2877 remoto
480 2841 702 2886 negotiorum
724 2845 917 2887 gestorum,
937 2844 1135 2886 posteaque
1157 2839 1306 2876 heredes

213 2886 386 2922 dementis
417 2896 497 2921 cum
528 2886 652 2922 eodem
685 2887 908 2932 negotiorum
936 2889 1116 2931 gestorum
1139 2889 1249 2931 agant
1271 2887 1308 2921 et

212 2932 245 2967 is
269 2931 478 2976 exceptione
500 2931 551 2966 rei
574 2931 751 2967 iudicatae
773 2932 867 2967 inter
890 2940 928 2967 se
953 2934 989 2966 et
1012 2934 1213 2967 curatorem
1226 2934 1306 2965 uta-

212 2980 291 3012 tur:
322 2975 512 3011 heredibus
543 2976 728 3022 replicatio
760 2976 880 3012 danda
910 2976 993 3012 erit:
1027 2979 1102 3011 ‘aut
1132 2975 1164 3011 si
1192 2976 1224 3011 is
1271 2975 1308 3010 ui

214 3020 297 3066 ‘egit
319 3020 579 3056 satisdederat’.
615 3021 678 3057 sed
701 3032 749 3056 an
771 3021 955 3067 replicatio
980 3020 1162 3057 curatori⁸
1183 3031 1248 3066 pro
1291 3039 1307 3047 ·

213 3069 298 3102 tura
321 3068 426 3118 esset,
449 3065 559 3100 iudex
581 3066 800 3102 aestimabit:
832 3077 916 3119 nam
939 3066 970 3101 si
987 3069 1133 3102 curator
1155 3075 1308 3111 sequens

213 3120 403 3191 fss⁰¹²¹²¹⁸¹¹²r0m
393 3120 545 3190 ruf-¹222?
562 3110 1308 3201 Sirtisssse‘ssffmissff”fffissiffiisstussbssffik

214 3204 235 3237 3
283 3200 491 3245 Quaesitum
522 3203 597 3242 est,
629 3211 676 3236 an
708 3201 810 3237 alteri
846 3212 891 3237 ex
922 3201 1147 3236 curatoribus
1180 3199 1308 3235 furiosi

213 3250 314 3281 recte
336 3245 493 3281 solvetur
514 3245 570 3280 vel
593 3256 639 3280 an
663 3257 756 3282 unus
771 3257 846 3282 rem
864 3245 991 3282 furiosi
1009 3245 1164 3281 alienare
1181 3245 1307 3290 possit.

214 3290 385 3342 respondi
407 3293 505 3326 recte
528 3289 627 3326 solvi.
660 3300 739 3326 eum
771 3301 930 3370 quoque,
965 3290 1026 3335 qui
1056 3290 1102 3326 ab
1127 3290 1238 3326 altero
1264 3300 1308 3325 ex

216 3335 441 3371 curatoribus
463 3334 615 3370 fundum
637 3334 762 3371 furiosi
799 3336 936 3381 egitime
959 3338 1197 3378 mercaretur,
1222 3345 1307 3370 usu·

216 3383 416 3425 capturum,
442 3379 526 3425 quia
549 3379 679 3415 solutio
711 3381 865 3416 venditio
897 3380 1041 3416 traditio
1072 3380 1161 3415 facti
1191 3380 1307 3423 magis

216 3435 322 3470 quam
345 3425 432 3460 iuris
456 3428 540 3460 sunt
561 3424 711 3477 ideoque
734 3425 868 3460 suffieit
886 3426 991 3460 unius
1012 3436 1055 3460 ex
1080 3425 1307 3460 curatoribus

215 3479 381 3515 persona,
406 3469 489 3515 quia
512 3469 725 3515 intellegitur
749 3470 838 3504 alter
858 3471 1075 3506 consentire:
1109 3470 1260 3515 denique
1277 3469 1308 3505 si

263 3631 302 3669 (ι)
328 3628 513 3667 8αὺ.ι...ο;
538 3628 737 3667 Ed.1o...1s;
769 3627 822 3661 Pa
848 3635 983 3661 .1⁴...17.
1013 3646 1059 3653 ·-—
1090 3629 1177 3662 Bae.
1191 3629 1246 3669 38,
1260 3635 1303 3662 ιο.

217 3691 262 3697 -
290 3674 340 3717 cj:
358 3673 481 3714 Cod.5‚
496 3679 531 3706 70
681 3674 724 3714 (2)
750 3682 811 3716 pro
828 3672 927 3705 undit
936 3685 998 3705 scr.
1149 3674 1191 3712 (3)
1217 3672 1311 3705 eisF'

217 3720 261 3757 (4)
286 3722 397 3750 tamen
411 3730 475 3751 van
490 3718 529 3751 de
552 3718 660 3751 Waeer
752 3720 794 3758 (5)
820 3717 897 3750 dare
910 3717 991 3751 Hal.
1074 3718 1118 3757 (6)
1144 3717 1311 3750 debentF

1282 111 1371 162 370

1831 125 1892 156 on
1922 125 2228 157 communius
2255 125 2449 158 rumoso

1488 155 1555 207 *ἡ

1366 231 1629 281 praesens-sit
1645 239 1682 272 et
1710 239 1805 271 vetet
1834 236 1940 278 solvi,
1971 235 2096 271 vetet·
2126 235 2248 272 venire
2268 235 2324 271 vel
2346 235 2453 280 tradi,

1367 291 1412 315 ne
1435 290 1481 316 ue
1504 280 1644 317 debitor
1663 281 1873 316 liberabitur
1894 290 2009 327 neque
2031 283 2169 325 emptor
2191 281 2388 326 usucapiet.

1480 324 1674 362 vannos
1711 326 1802 362 libro
1835 328 1939 361 sexto
1981 325 2026 360 de
2067 335 2088 360 o
2164 325 2193 360 ‘o
2220 325 2454 372 procons-ulf:

1366 370 1549 406 Bonorum
1570 370 1702 406 ventris
1725 370 1866 406 nomine
1881 373 2081 406 curatorem
2163 369 2171 377 ‘
2193 373 2334 414 oportet
2357 379 2454 405 eum-

1367 425 1437 461 que
1463 425 1539 451 rem
1569 415 1702 451 salvam
1740 414 1819 451 fore
1854 414 1920 450 viri
1950 414 2037 450 boni
2070 414 2247 450 arbitratu
2280 414 2455 450 satisdare

1392 459 1560 496 roconsul
1591 460 1706 495 iubet:
1751 459 1814 495 sed
1848 459 1918 496 hoc
1931 485 1941 502 ,
1975 461 2006 495 si
2041 469 2114 494 non
2151 468 2195 494 ex
2226 459 2456 504 inquisitione

1366 471 1489 541 detur:
1521 514 1605 540 nam
1627 505 1658 540 si
1681 515 1725 540 ex
1747 504 1984 550 inquisitione,
2010 507 2129 540 cessat
2150 503 2346 539 satisdatio.

1413 547 1440 588 9
1477 549 1683 585 Ncmrms
1711 549 1802 585 libro
1831 550 1955 596 primo
1989 549 2277 584 membranarum
2346 547 2455 584 Cuius

1366 594 1470 630 bonis
1494 594 1730 630 distrahendis
1754 597 1937 629 curatores
1960 593 2080 629 facere
2109 596 2255 629 senatus
2285 594 2455 638 permisit,

1367 639 1443 675 eius
1467 639 1563 674 bona
1585 638 1819 675 creditoribus
1842 638 1994 674 vendere
2010 648 2084 673 non
2106 637 2274 683 permisit,
2299 638 2457 683 quamvis

1368 684 1562 720 creditores
1585 688 1669 729 post
1690 683 1727 719 id
1750 683 1960 719 beneficium
1983 683 2080 718 bona
2108 682 2260 718 vendere
2290 683 2455 718 mallent:

1368 729 1462 764 sicut
1485 729 1577 764 enim
1598 728 1736 774 integra
1757 738 1798 763 re
1820 732 1980 774 potestas
2003 728 2161 773 ipsorum
2184 731 2239 763 est
2256 730 2374 763 utrum
2397 737 2456 762 ve-

1366 774 1434 809 lint
1456 773 1627 819 eligendi,
1656 774 1708 808 ita
1736 783 1817 808 cum
1850 773 2001 808 alterum
2030 772 2215 816 elegerint,
2246 772 2359 807 altero
2392 772 2456 807 ab·

1366 819 1498 854 stinere
1518 818 1659 854 debent.
1691 818 1873 863 multoque
1887 818 1998 863 magis
2017 817 2055 853 id
2073 817 2205 853 servari
2221 826 2372 862 aequum
2392 820 2456 859 est,

1366 863 1397 899 si
1420 863 1526 899 etiam
1547 862 1666 898 factus
1689 866 1744 898 est
1767 866 1927 904 curator,
1976 872 2015 898 er
2037 872 2141 907 quem
2165 862 2260 897 bona
2283 862 2457 897 distrahe-

1365 911 1501 951 rentur,
1526 908 1685 953 quamvis
1707 908 1865 943 nondum
1889 873 2066 952 explicato
2101 916 2145 942 eo
2169 907 2310 951 negotio
2335 906 2457 942 deces-

1367 953 1463 989 serit.
1496 963 1579 988 nam
1603 956 1639 988 et
1661 956 1748 988 tunc
1773 963 1816 988 ex
1839 952 1974 997 integro
1999 951 2090 987 alius
2106 955 2250 987 curator
2271 951 2458 987 faciendus

1367 1002 1422 1034 est
1443 1007 1559 1043 neque
1580 998 1684 1033 heres
1707 997 1834 1043 prioris
1859 997 2034 1033 curatoris
2053 996 2268 1039 onerandus,
2293 1007 2374 1031 cum
2397 1006 2457 1031 ac-

1369 1043 1486 1079 cidere
1509 1043 1634 1089 possit,
1657 1045 1700 1078 ut
1721 1042 1862 1087 negotio
1887 1042 1942 1077 vel
1964 1045 2110 1087 propter
2132 1051 2239 1077 sexus
2271 1041 2326 1076 vel
2349 1051 2457 1086 prop-

1367 1091 1423 1123 ter
1446 1088 1574 1123 aetatis
1597 1087 1838 1123 infirmitatem
1861 1086 1916 1122 vel
1938 1090 2086 1132 propter
2108 1085 2313 1131 dignitatem
2347 1086 2458 1120 maio-

1367 1143 1446 1213 253
1464 1133 1705 1213 ffl'iissmifia
1722 1131 2090 1222 (ἐέὶωρὲἓειὲἷίἓέιίζ
2106 1133 2460 1221 ἷῗὲῗΐὲῖθῗὲἓέἓ

1370 1204 1521 1258 existere
1550 1232 1667 1275 neque
1697 1225 1761 1257 aut
1775 1203 1855 1266 ’per
1877 1230 2000 1257 omnes
2029 1221 2068 1256 id
2090 1221 2268 1265 negotium
2291 1219 2458 1255 adminis-

1368 1268 1456 1303 trari
1487 1267 1652 1313 expediat
1682 1269 1746 1302 aut
1781 1267 1971 1311 quicquam
2002 1265 2072 1301 dici
2105 1266 2237 1311 possit,
2268 1275 2333 1301 cur
2366 1273 2460 1301 unus

1370 1313 1416 1348 ali
1440 1312 1496 1348 uis
1521 1323 1565 1348 ex
1588 1312 1644 1347 his
1666 1311 1888 1357 potissimum
1911 1310 2114 1346 onerandus
2138 1311 2195 1346 sit.

1443 1356 1468 1396 Ο
1501 1356 1696 1393 Ulmum
1715 1357 1806 1392 libro
1830 1359 1936 1392 sexto
1959 1356 2096 1392 decimo
2120 1356 2170 1391 ad
2193 1355 2345 1391 edictum
2399 1354 2458 1390 Iu-

1368 1402 1484 1438 lianus
1508 1402 1633 1438 scribit
1654 1411 1728 1443 eos,
1752 1401 1882 1446 quibus
1912 1410 1978 1446 per
1999 1403 2201 1445 praetorem
2224 1400 2327 1435 bonis
2349 1399 2458 1435 inter-

1370 1448 1505 1483 dictum
1535 1450 1608 1489 est,
1639 1446 1727 1482 nihil
1756 1445 1954 1481 transferre
1981 1455 2088 1491 posse
2118 1445 2164 1481 ad
2187 1445 2351 1490 aliquem,
2375 1445 2460 1490 quia

1368 1493 1407 1528 in
1429 1492 1533 1528 bonis
1563 1502 1636 1527 non
1666 1491 1840 1533 habeant,
1874 1501 1955 1526 cum
1989 1491 2039 1526 eis
2064 1490 2255 1526 deminutio
2279 1489 2327 1525 sit
2347 1489 2457 1524 inter-

1373 1541 1388 1572 1
1438 1537 1544 1572 dicta.
1600 1536 1753 1572 Curator
1787 1535 1914 1571 furiosi
1942 1545 2018 1570 rem
2049 1535 2190 1580 quidem
2219 1544 2321 1570 suam
2359 1533 2461 1580 quasi

1368 1582 1497 1618 furiosi
1517 1581 1661 1617 tradere
1694 1581 1827 1627 poterit
1857 1584 1894 1616 et
1924 1580 2116 1616 dominium
2138 1579 2350 1615 transferre:
2386 1589 2461 1614 rem

1369 1637 1453 1663 vero
1476 1626 1603 1663 furiosi
1627 1626 1658 1662 si
1681 1626 1783 1671 quasi
1806 1635 1908 1661 suam
1931 1625 2061 1667 tradat,
2087 1624 2294 1666 dicendum,
2324 1627 2367 1659 ut
2389 1634 2461 1659 non

1368 1671 1565 1752 mgffiffat
1588 1671 1793 1714 dominium,
1810 1670 1894 1716 quia
1909 1680 1982 1706 non
1996 1670 2123 1705 furiosi
2141 1670 2320 1715 negotium
2335 1678 2461 1714 gerens

1369 1721 1427 1753 tra
1453 1718 1462 1725 ’
1491 1717 1499 1724 '
1520 1744 1528 1752 .

1420 1760 1468 1799 11
1496 1761 1553 1797 ΡΑ
1561 1770 1656 1797 ULUS
1676 1760 1767 1795 libro
1791 1761 1941 1807 septimo
1972 1759 2022 1795 ad
2043 1758 2229 1795 Plautium
2282 1758 2416 1803 Pignus
2440 1767 2462 1793 a

1372 1810 1538 1886 curatorg
1559 1805 1687 1886 {uriosi
1710 1804 1832 1840 datum
1855 1805 1968 1847 valet,
2000 1804 2031 1840 si
2064 1804 2217 1839 utilitate
2239 1802 2366 1839 furiosi
2389 1803 2461 1838 exi-

1397 1856 1477 1888 ente
1499 1851 1512 1886 i
1576 1851 1657 1886 ecit.

1371 1863 1395 1898 g
1421 1895 1472 1934 12
1497 1895 1737 1932 Maecenas
1764 1894 1855 1930 libro
1881 1895 2005 1941 primo
2035 1893 2255 1940 diqcstorum
2308 1893 2366 1928 Ab
2397 1891 2462 1927 ad-

1371 1946 1480 1988 gnato
1511 1941 1566 1976 vel
1597 1940 1666 1976 alio
1700 1943 1866 1975 curatore
1895 1939 2020 1974 furiosi
2049 1948 2123 1973 rem
2150 1938 2277 1973 furiosi
2307 1936 2464 1973 dedicari

1372 1998 1443 2023 non
1467 1996 1574 2032 posse
1598 1989 1757 2021 constat:
1790 1984 1944 2029 adgnato
1967 1984 2060 2019 enim
2081 1983 2208 2019 furiosi
2237 1993 2310 2019 non
2333 1991 2462 2027 usque-

1372 2041 1514 2078 quaque
1537 2030 1707 2076 competit
1735 2039 1855 2065 rerum
1885 2029 1961 2065 eius
1992 2029 2176 2071 alienatio,
2200 2027 2264 2064 sed
2286 2031 2464 2073 quatenus

1372 2089 1397 2113 n
1441 2077 1595 2112 otiorum
1665 2075 1672 2083 ‘
1699 2075 1726 2109 't
1748 2073 2018 2109 administratio.

1448 2119 1472 2159 3
1513 2121 1637 2157 GAws
1674 2085 1766 2156 {ibro
1809 2120 1914 2154 tertio
1958 2119 2008 2154 ad
2047 2118 2201 2154 edictum
2236 2117 2464 2165 provinciale

1373 2167 1488 2212 Saepe
1511 2165 1558 2201 ad
1582 2165 1690 2200 alium
1725 2174 1745 2200 e
1774 2163 1852 2209 lege
1882 2163 2069 2199 duodecim
2098 2163 2303 2198 tabularum
2326 2162 2463 2198 curatio

1371 2211 1499 2247 furiosi
1530 2214 1594 2246 aut
1623 2209 1763 2256 prodigi
1793 2209 1965 2255 pertinet,
1990 2208 2051 2244 alii
2071 2212 2217 2261 praetor
2239 2207 2463 2243 administra-

1372 2258 1505 2293 tionem
1536 2256 1616 2297 dat,
1648 2255 1784 2290 scilicet
1813 2264 1895 2290 cum
1924 2253 1984 2289 ille
2013 2253 2189 2299 legitimus
2219 2252 2386 2288 inhabilis
2417 2251 2465 2287 ad

1373 2313 1451 2338 eam
1473 2311 1549 2336 rem
1571 2300 1743 2335 videatur.

1422 2345 1473 2383 14
1498 2345 1744 2381 Parmam
1764 2343 1854 2380 libro
1879 2344 2006 2389 quinto
2029 2352 2284 2395 responsorum
2338 2341 2464 2377 Virum

1372 2391 1476 2428 uxori
1498 2394 1615 2425 mente
1639 2399 1682 2425 ca
1698 2393 1767 2424 ›tae
1790 2392 1991 2424 curatorem
2014 2387 2092 2423 dari
2115 2397 2188 2422 non
2212 2389 2365 2432 oportet.

1421 2435 1471 2473 15
1496 2434 1656 2471 PAULUS
1690 2434 1766 2470 ibro
1791 2434 1897 2469 tertio
1917 2434 2174 2468 sententiarum
2188 2433 2214 2453 ¹¹
2250 2431 2300 2466 Et
2315 2431 2464 2473 mulieri,

1377 2485 1390 2516 1
1440 2490 1533 2534 quae
1563 2479 1745 2515 luxuriose
1773 2478 1876 2520 vivit,
1908 2478 2011 2514 bonis
2041 2476 2206 2513 interdici
2236 2479 2364 2522 potest.
2422 2477 2466 2511 In

1371 2527 1474 2562 boms
1499 2525 1674 2561 curatoris
1690 2523 1909 2569 privilegium
1925 2523 2052 2558 furiosi
2069 2522 2269 2558 furiosaeve
2293 2525 2464 2557 servatur.

1372 2571 1541 2618 prodigus
1565 2573 1602 2605 et
1624 2579 1746 2605 omnes
1770 2568 1932 2611 omnino,
1969 2567 2107 2603 etiamsi
2129 2567 2167 2602 in
2190 2566 2304 2602 edicto
2328 2576 2402 2602 non
2424 2565 2465 2600 fit

1374 2627 1497 2661 eorum
1519 2615 1672 2657 mentio,
1687 2614 1725 2649 in
1748 2614 1851 2649 bonis
1875 2613 2050 2649 curatoris
2074 2612 2218 2648 decreto
2247 2610 2465 2656 privilegium

1375 2663 1654 2706 consequuntur.

1423 2704 1475 2744 16
1502 2705 1780 2741 Tarmomiws
1790 2703 1883 2739 libro
1901 2703 2006 2738 tertio
2025 2702 2161 2738 decimo
2181 2700 2464 2747 disputationum

1374 2751 1412 2787 Si
1434 2750 1570 2786 furioso
1586 2748 1715 2795 puberi
1731 2758 1946 2794 quamquam
1961 2747 2086 2783 maiori
2101 2756 2277 2782 annorum
2290 2746 2318 2767 ¹²
2343 2745 2466 2791 viginti

1374 2796 1530 2842 quinque
1572 2798 1773 2830 curatorem
1806 2797 1910 2838 pater
1942 2795 2157 2828 testamento
2192 2791 2349 2834 dederit,
2385 2801 2465 2826 eum

1373 2844 1519 2887 praetor
1541 2840 1628 2875 dare
1651 2839 1757 2875 debet
1779 2842 1925 2873 secutus
1974 2837 2061 2872 ati-Is
2078 2836 2313 2872 voluntatem:
2345 2838 2466 2870 manet

1374 2886 1468 2922 enim
1491 2895 1534 2921 ea
1558 2884 1654 2920 datio
1680 2883 1854 2919 curatoris
1878 2893 1950 2928 apu
1997 2885 2208 2927 praetorem,
2233 2884 2274 2916 ut
2290 2881 2464 2925 rescripto

1377 2935 1391 2966 1
1443 2930 1512 2966 divi
1534 2929 1650 2965 Marci
1674 2928 1888 2964 continetur.
1934 2927 1999 2962 His
2031 2936 2251 2971 consequens
2275 2928 2342 2968 est,
2366 2930 2406 2960 ut
2429 2927 2466 2960 et

1374 2976 1405 3012 si
1427 2975 1576 3022 prodigo
1601 2977 1802 3010 curatorem
1833 2972 1970 3008 dederit
1998 2974 2117 3018 pater,
2148 2971 2366 3007 voluntatem
2389 2970 2466 3005 eius

1375 3021 1476 3066 sequi
1509 3020 1639 3056 debeat
1675 3022 1821 3063 praetor
1855 3027 2006 3063 eumque
2039 3016 2126 3052 dare
2157 3020 2370 3052 curatorem.
2403 3014 2466 3050 sed

1374 3069 1495 3102 utrum
1525 3063 1744 3105 omnimodo,
1776 3073 1822 3098 an
1852 3063 1925 3105 ita,
1957 3061 1989 3097 si
2010 3060 2170 3097 futurum
2193 3063 2298 3102 esset,
2321 3063 2373 3102 ut,
2397 3058 2466 3095 nisi

1373 3107 2099 3191 iffihffldes‘seit‘imffl‘ssmffi'iffii’
2153 3104 2466 3186 2¹2⁶&ssthssss

1375 3204 1396 3236 2
1442 3199 1636 3246 prodigus?
1666 3198 1789 3233 Potuit
1819 3202 1940 3233 tamen
1969 3199 2073 3241 pater
2103 3198 2139 3230 et
2168 3195 2257 3230 alias
2281 3193 2467 3240 providere

1375 3257 1399 3281 n
1467 3244 1563 3280 tibus
1587 3243 1672 3286 suis,
1697 3243 1728 3278 si
1751 3253 1812 3278 eos
1835 3242 1998 3277 iussisset
2019 3240 2168 3276 heredes
2191 3249 2269 3275 esse
2292 3242 2328 3274 et
2359 3239 2465 3274 exhe-

1374 3300 1414 3326 re
1463 3292 1537 3325 sset
1569 3288 1679 3323 filium
1717 3287 1820 3333 eique
1856 3286 1951 3332 quod
1993 3284 2175 3321 sufficeret
2217 3284 2465 3319 alimentorum
2511 3283 2513 3288 '

1374 3334 1517 3371 nomine
1540 3333 1586 3369 ab
1610 3334 1660 3368 eis
1685 3336 1821 3369 certum
1843 3332 1996 3377 legasset
2018 3329 2141 3365 addita
2175 3338 2286 3365 causa
2307 3327 2464 3364 necessi-

1374 3383 1520 3424 tateque
1549 3378 1672 3414 iudicii
1703 3377 1776 3413 sui:
1819 3379 1884 3429 aut
1913 3376 1944 3411 si
1975 3385 2047 3427 npn
2078 3374 2205 3426 habuit
2226 3374 2265 3409 in
2286 3376 2466 3426 potestate

1374 3419 2165 3507 238⁰sst⁸1za310¹331¹12⁸¹2¹05t2¹133¹22“322²3„31¹22
2194 3417 2463 3508 ἶῗῖἑὲἲέιῗὲ

1907 3623 1952 3663 (8)
1977 3622 2125 3655 curatori
2139 3622 2200 3655 del.
2214 3633 2278 3655 van
2292 3622 2332 3654 de
2353 3620 2464 3654 Water

1375 3628 1418 3667 (Ἰ)
1444 3626 1674 3670 plenissimam
1686 3625 1761 3659 dett.

1907 3669 1967 3708 (ιο)
1993 3666 2134 3701 αίηε,Ρ
2232 3668 2286 3707 (ιι)
2306 3664 2462 3709 ,na-³.

1375 3673 1419 3712 (9)
1444 3673 1545 3712 vetet]
1560 3670 1613 3703 vel
1626 3671 1726 3703 etiam
1739 3681 1801 3703 scr.

1373 3724 1390 3750 4
1404 3729 1434 3756 α,
1449 3723 1466 3749 ss
1560 3718 1618 3755 (12)
1644 3715 1741 3747 annis
1756 3713 1808 3746 F²
