2528 3918
133 148 195 184 An
225 153 379 186 naenia
405 153 564 186 mauu
591 153 851 202 munerans

179 263 204 301 4
239 263 348 300 Imm
379 264 470 302 libro
509 276 604 302 nono
644 265 689 302 de
727 265 853 312 officio
887 265 1123 313 proconsulis
1179 264 1217 302 Si

133 309 213 356 quis
236 320 336 346 reum
368 310 540 354 criminis,
576 321 642 356 pro
673 322 742 356 quo
773 310 976 355 satisdedit,
1016 322 1088 347 non
1117 311 1216 347 exhi-

132 354 269 398 buerit,
299 366 417 401 poena
439 355 647 403 pecuniaria
676 356 854 401 plectitur.
899 360 989 409 puto
1013 360 1151 399 tamen,
1186 357 1217 393 si

132 399 213 436 dolo
242 411 316 436 non
346 401 530 444 exhibeat,
563 401 672 437 etiam
695 405 798 437 extra
830 402 990 438 ordinem
1014 412 1093 438 esse
1116 402 1215 437 dam-

132 445 300 481 nandum.
346 445 409 482 sed
431 447 462 483 si
485 457 600 492 neque
622 446 660 482 in
683 447 849 483 cautione
872 458 987 492 neque
1010 447 1048 482 in
1072 447 1215 483 decreto

131 491 306 537 praesidis
329 495 427 528 certa
451 492 631 537 quantitas
656 492 936 538 compraehensa
958 496 1031 536 est,
1060 502 1104 527 ac
1127 493 1216 528 nec¹

132 535 353 572 consuetudo
383 536 599 580 ostenditur,
633 547 724 582 quae
757 541 892 573 certam
921 538 1073 574 formam
1095 537 1215 580 habet,

130 591 276 661 pffieset?
307 581 352 618 de
387 581 492 618 modo
531 583 722 628 pecuniae,
759 593 851 629 quae
886 582 1009 619 inferri
1040 585 1215 628 oporteat,

131 637 148 662 s
205 636 250 662 ue
268 653 277 661 .

176 670 201 710 5
235 671 462 708 vavzmvs
492 671 742 709 Summae-s
771 673 863 709 libro
894 673 1052 709 secundo
1086 673 1131 708 de
1162 673 1215 708 iu-

131 715 237 753 diciis
268 716 430 764 publicis
475 716 515 753 Si
545 717 732 754 confessus
762 717 871 754 fuerit
899 728 1002 762 reus,
1033 717 1147 754 donec
1171 717 1216 753 de

132 772 175 798 eo
199 762 470 807 pronuntietur,
501 762 540 798 in
569 763 712 799 vincula
765 763 886 799 ublica
918 763 1125 799 coiciendus
1148 766 1214 799 est.

177 804 203 845 6
226 806 462 843 ΜΑΒσΜΝυε
492 807 584 844 libro
616 819 724 845 secun
751 819 771 844 o
807 809 852 844 de
887 809 1030 844 iudiciis
1054 808 1217 855 publicis

131 852 243 889 Divus
262 852 465 888 Hadrianus
483 852 574 889 Iulio
600 853 763 890 Secundo
786 853 839 889 ita
861 853 1044 899 rescripsit
1067 857 1104 889 et
1127 854 1215 889 alias

130 897 345 943 rescriptum
375 901 431 933 est
452 908 525 934 non
555 908 634 935 esse
657 899 781 944 utique
803 899 967 945 epistulis
992 910 1114 935 eorum
1138 909 1215 934 cre-

131 942 300 986 dendum,
333 943 393 988 qui
424 944 526 989 quasi
556 943 741 980 damnatos
773 944 819 979 ad
849 944 1048 989 praesidem
1071 945 1214 980 remise-

130 988 212 1023 rint.
259 987 352 1024 idem
384 988 428 1024 de
458 989 655 1025 irenarchis
683 993 914 1035 praeceptum
939 993 1011 1032 est,
1035 990 1120 1035 quia
1143 1001 1215 1026 non

131 1044 252 1069 omnes
284 1044 329 1069 ex
358 1033 430 1070 fide
458 1034 554 1070 bona
578 1034 692 1080 elogia
716 1035 872 1071 scribere
903 1040 1124 1080 compertum
1148 1039 1213 1071 est.

133 1082 147 1113 1
197 1078 269 1114 Sed
300 1081 336 1115 et
367 1083 477 1125 caput
505 1079 754 1115 mandatorum
788 1083 923 1123 exstat,
963 1080 1081 1125 quod²
1114 1080 1214 1116 divus

129 1123 227 1168 Pius,
252 1134 334 1161 cum
356 1125 560 1177 provinciae
575 1124 685 1161 Asiae
708 1129 884 1171 praeerat,
909 1126 976 1161 sub
998 1126 1112 1162 edicto
1131 1137 1214 1171 pro-

128 1169 265 1222 posuit,
294 1173 336 1205 ut
357 1170 582 1215 monarchae,
615 1180 696 1206 cum
719 1170 1021 1216 adprehenderint
1043 1171 1213 1214 latrones,

128 1217 348 1260 interrogent
375 1225 437 1251 eos
467 1215 510 1251 de
541 1215 648 1252 sociis
672 1219 708 1252 et
738 1216 1022 1261 receptatoribus
1048 1220 1083 1252 et
1105 1217 1214 1252 inter-

130 1260 332 1313 rogationes
354 1259 483 1296 litteris
512 1261 668 1297 inclusas
693 1264 800 1307 atque
830 1262 1035 1307 obsignatas
1061 1261 1107 1297 ad
1131 1273 1214 1306 cog-

130 1305 300 1341 nitionem
322 1305 552 1351 magistratus
575 1306 727 1342 mittant.
774 1306 882 1352 igitur
911 1307 973 1352 qui
997 1318 1078 1342 cum
1101 1307 1214 1352 elogio

128 1350 329 1394 mittuntur,
353 1360 399 1386 ex
420 1351 558 1396 integro
582 1351 749 1388 audiendi
773 1356 873 1395 sunt,
898 1352 965 1388 etsi
988 1362 1053 1397 per
1075 1353 1214 1388 litteras

128 1395 227 1431 missi
250 1395 383 1431 fuerint
392 1396 461 1431 *el
483 1397 590 1432 etiam
619 1407 684 1443 per
706 1397 914 1433 irenarchas
938 1397 1113 1443 perducti.
1163 1398 1215 1433 sic

129 1444 165 1476 et
187 1440 289 1477 divus
302 1440 388 1477 Pius
412 1445 449 1476 et
471 1441 534 1477 alii
580 1442 735 1488 rincipes
752 1443 1026 1488 rescripserunt,
1050 1447 1091 1478 ut
1108 1443 1215 1479 etiam

129 1485 173 1521 de
196 1486 268 1530 his,
299 1486 360 1532 qui
381 1454 585 1532 requirendi
607 1488 769 1523 adnotati
793 1492 894 1531 sunt,
927 1499 999 1524 non
1022 1489 1125 1534 quasi
1148 1499 1213 1534 pro

128 1531 323 1576 damnatis,
358 1531 422 1567 sed
455 1533 560 1577 quasi
593 1543 632 1569 re
665 1534 804 1578 integra
834 1538 1043 1579 quaeratur,
1080 1533 1112 1569 si
1135 1534 1214 1579 quis

128 1576 197 1612 erit
227 1577 290 1622 qui
318 1586 398 1612 eum
428 1581 565 1623 arguat.
615 1582 650 1614 et
678 1578 758 1614 ideo
792 1590 873 1614 cum
896 1579 975 1623 quis
1000 1574 1214 1626 ἇνάκρισιν3

127 1621 297 1665 faceret⁴,
338 1621 455 1658 iuberi
485 1626 628 1668 oportet
657 1623 776 1660 venire
806 1624 1019 1660 irenarchen
1050 1628 1088 1660 et
1118 1624 1215 1670 quod

128 1667 330 1713 scripserit,
363 1668 524 1713 exsequi:
558 1671 593 1704 et
624 1669 655 1704 si
686 1669 872 1714 diligenter
896 1679 938 1705 ac
969 1669 1121 1706 fideliter
1143 1670 1214 1706 hoc

127 1713 265 1755 fecerit,
291 1712 578 1749 conlaudandum
597 1724 696 1750 eum:
722 1714 754 1749 si
776 1725 904 1760 parum
927 1715 1123 1760 prudenter
1141 1726 1215 1751 non

129 1758 312 1802 exquisitis
329 1759 556 1804 argumentis,
581 1759 788 1805 simpliciter
812 1760 983 1796 denotare
1000 1761 1213 1797 irenarchen

127 1803 244 1839 minus
273 1804 473 1840 rettulisse:
513 1804 577 1840 sed
608 1805 639 1840 si
670 1805 756 1850 quid
793 1805 945 1850 maligne
975 1805 1215 1852 interrogasse

127 1852 191 1884 aut
212 1859 286 1885 non
316 1848 413 1885 dicta
440 1850 619 1886 rettulisse
649 1861 715 1896 pro
747 1850 853 1886 dictis
877 1861 958 1886 eum
989 1852 1213 1898 compererit,

127 1900 168 1929 ut
198 1894 353 1930 vindicet
380 1895 420 1929 in
443 1895 660 1941 exemplum,
690 1906 736 1932 ne
768 1896 852 1942 quid
883 1900 920 1932 et
943 1896 1065 1932 aliud⁵
1087 1900 1215 1943 postea

127 1939 200 1974 tale
222 1939 342 1976 facere
365 1939 543 1976 moliatur.

173 1982 197 2021 7
222 1984 365 2020 Maesa
395 1985 486 2022 libro
510 1986 666 2022 secundo
692 1986 736 2021 de
764 1987 891 2032 officio
915 1987 1102 2033 praesidis
1148 1987 1213 2024 So-

126 2030 201 2068 lent
222 2030 403 2075 praesides
451 2030 707 2074 rovinciarum,
738 2031 777 2067 in
802 2032 930 2076 quibus
955 2031 1123 2068 delictum
1148 2037 1212 2077 est,

128 2075 285 2111 scribere
308 2075 356 2111 ad
377 2042 534 2128 coffegas
559 2087 663 2119 suos,
688 2077 751 2112 ubi
773 2076 1063 2123 factores‘agere
1086 2078 1212 2114 dicun-

128 2125 204 2163 tur,
240 2125 277 2156 et
311 2120 530 2165 desiderare,
574 2125 614 2157 ut
649 2132 731 2158 cum
789 2124 1057 2160 rosecutoribus
1092 2123 1139 2159 ad
1173 2134 1213 2160 se

126 2166 370 2246 relimittantur:
401 2170 438 2202 et
467 2167 506 2202 id
528 2177 669 2213 quoque
699 2167 759 2213 qui
786 2167 912 2203 usdam
935 2169 1118 2214 rescriptis
1151 2169 1211 2205 de-

127 2222 146 2247 c
161 2215 296 2247 aratur.
802 2234 804 2236 v

172 2253 197 2295 8
224 2256 382 2292 PAULUS
402 2257 492 2293 libro
516 2257 698 2303 sinqulari
719 2258 763 2294 de
780 2259 913 2305 poeuis
936 2259 1087 2294 militum
1125 2259 1211 2294 Car-

127 2302 201 2337 ceri
234 2302 462 2348 praepositus
497 2302 528 2338 si
594 2303 683 2339 retio
719 2306 909 2350 corruptus
951 2303 1027 2340 sine
1061 2304 1212 2340 vinculis

126 2357 231 2392 agere
255 2346 455 2383 custodiam
482 2347 538 2383 vel
566 2314 700 2383 ferrum
730 2359 947 2385 venenumve
969 2350 1007 2384 in
1032 2359 1213 2385 carcerem

125 2391 250 2428 inferri
271 2402 401 2438 passus
426 2395 497 2436 est,
530 2393 650 2429 officio
681 2394 811 2430 iudicis
843 2394 1046 2440 puniendus
1070 2398 1143 2430 est:
1181 2395 1213 2430 si

125 2437 257 2480 nescit,
283 2438 329 2474 ob
352 2437 608 2483 neglegentiam
630 2439 863 2475 removendus
887 2443 942 2475 est
965 2439 1096 2476 officio.

171 2481 197 2521 9
231 2481 263 2518 V
263 2492 457 2519 emamus
469 2483 720 2519 Saromvnws
741 2485 832 2521 libro
849 2486 974 2531 primo
995 2485 1040 2520 de
1059 2497 1080 2521 o
1101 2486 1212 2531 ficio⁶

122 2528 352 2576 proconsulis
397 2528 453 2564 De
484 2528 653 2564 militibus
683 2529 735 2565 ita
766 2533 946 2573 servatur,
983 2534 1025 2565 ut
1053 2541 1075 2566 a
1131 2541 1212 2566 eum

125 2573 362 2616 remittantur,
387 2574 418 2609 si
442 2573 528 2619 quid
550 2573 780 2619 deliquerint,
805 2576 872 2611 sub
897 2586 967 2620 quo
987 2576 1209 2612 militabunt:

125 2618 155 2654 is
180 2622 316 2661 autem,
348 2619 409 2664 qui
439 2618 634 2654 exercitum
658 2620 806 2666 accipit,
838 2620 947 2656 etiam
970 2621 1026 2656 ius
1051 2621 1209 2657 animad-

125 2663 285 2701 vertendi
307 2664 344 2699 in
366 2663 497 2699 milites
521 2664 691 2709 caligatos
715 2665 835 2701 habet.

175 2708 225 2747 10
249 2708 357 2744 IDEM
375 2709 465 2744 libro
489 2709 646 2745 secundo
671 2710 716 2745 de
738 2711 864 2757 officio
881 2711 1117 2758 proconsulis
1155 2711 1211 2747 Ne

150 2755 205 2789 uis
233 2757 416 2799 receptam
448 2753 648 2790 custodiam
671 2755 748 2790 sine
773 2766 883 2792 causa
908 2756 1077 2800 dimittat,
1110 2766 1210 2791 man-

151 2799 218 2835 atis
241 2799 293 2834 ita
317 2803 480 2834 cavetur:
507 2799 555 2835 ‘Si
578 2810 666 2845 quos
687 2811 731 2836 ex
754 2800 820 2845 his,
845 2801 906 2846 qui
928 2801 966 2836 in
986 2801 1211 2837 civitatibus⁷

127 2847 234 2887 ‘sunt‚
259 2843 420 2879 celeriter
445 2847 480 2879 et
503 2844 580 2880 sine
604 2855 713 2881 causa
737 2846 873 2882 solutos
898 2857 920 2882 a
942 2846 1210 2892 magistratibus

127 2888 356 2934 ‘cognoveris‚
380 2889 505 2924 vinciri
527 2889 666 2926 iubebis
690 2894 727 2926 et
745 2892 812 2933 his,
838 2892 899 2937 qui
916 2892 1096 2935 solverint,
1118 2892 1209 2927 mul-

126 2938 211 2970 ‘tam
235 2934 342 2970 dices.
390 2944 474 2969 nam
498 2945 578 2970 cum
601 2936 747 2972 scierint
770 2937 839 2972 sibi
862 2947 1003 2982 quoque
1026 2937 1210 2973 molestiae

127 2979 298 3015 ‘futurum
321 2979 561 3025 magistratus,
586 2980 616 3016 si
638 2981 744 3017 facile
768 2982 939 3019 solverint
961 2983 1111 3026 vinctos,
1136 2993 1210 3030 non

126 3024 379 3060 ‘indifferenter
403 3024 447 3060 de
470 3028 589 3061 cetero
611 3025 768 3062 facient’.

174 3069 222 3107 11
253 3069 398 3106 Casas
434 3070 525 3106 libro
558 3071 764 3117 triqensimo
801 3073 952 3119 septimo
990 3072 1210 3119 diqestorum

125 3115 208 3151 Non
238 3119 293 3151 est
324 3114 487 3157 dubium,
512 3115 615 3195 ffljn’
649 3117 902 3163 cuiuscumque
926 3121 981 3154 est
1006 3117 1210 3162 provinciae

125 3160 242 3203 homo,
268 3160 329 3205 qui
352 3170 398 3196 ex
413 3163 514 3196 custo
544 3160 578 3195 ‘a
600 3161 820 3206 producitur,
846 3173 1060 3208 cognoscere
1081 3162 1211 3198 debeat

124 3206 166 3249 is,
191 3205 254 3285 ffii
271 3205 304 3241 ei
327 3205 531 3251 provinciae
549 3210 702 3250 praeest,
725 3207 762 3242 in
782 3218 854 3253 qua
876 3208 1060 3253 provincia
1078 3208 1208 3252 agitur.

130 3254 143 3285 l
237 3250 287 3286 ud
305 3260 327 3286 a
346 3250 559 3295 quibusdam
578 3251 758 3287 observari
772 3254 876 3298 solet,
901 3257 953 3296 ut,
978 3264 1060 3289 cum
1078 3264 1210 3297 cogno-

124 3296 175 3337 vit
205 3298 242 3331 et
265 3295 467 3340 constituit,
502 3295 661 3331 remittat
682 3297 782 3333 illum
806 3309 886 3334 cum
909 3298 1021 3344 elogio
1046 3298 1093 3334 ad
1115 3309 1208 3340 eum,

125 3339 187 3386 qui
209 3341 413 3386 provinciae
435 3345 597 3387 praeest,
634 3342 729 3378 unde
751 3343 782 3379 is
805 3343 911 3380 homo
936 3348 1008 3380 est:
1046 3343 1142 3389 quod
1165 3353 1210 3379 ex

125 3395 235 3421 causa
257 3385 460 3422 faciendum
483 3390 548 3423 est.

174 3428 225 3468 12
262 3430 546 3467 ΟΑιιιεφεΑφυε
582 3431 672 3467 libro
708 3432 833 3478 quinto
867 3433 911 3468 de
945 3433 1210 3486 cognitionibus

123 3476 257 3512 Milites
281 3476 312 3511 si
335 3476 517 3512 amiserint
540 3476 736 3520 costodias,
772 3477 841 3522 ipsi
862 3478 901 3513 in
922 3479 1123 3523 periculum
1147 3478 1208 3514 de-

124 3521 314 3556 ducuntur.
372 3531 454 3557 nam
491 3522 592 3557 divus
628 3521 832 3558 Hadrianus
867 3522 1008 3560 Statilio
1043 3523 1208 3559 Secundo

125 3637 166 3678 (ι)
188 3646 232 3669 ne
248 3636 284 3669 F

125 3683 167 3721 (4)
191 3681 292 3714 faciet
310 3693 370 3714 scr.

124 3726 336 3769 compedibus
354 3728 413 3760 ins.

123 3775 184 3816 (10)
210 3771 333 3815 recepti
345 3773 425 3804 sunt
436 3772 495 3814 rei,
507 3773 615 3815 poscit
627 3785 687 3805 scr.

397 3636 441 3679 (2)
465 3646 532 3679 quo
552 3637 588 3670 F

465 3683 508 3723 (5)
533 3681 620 3714 alius
637 3683 710 3715 dett.
807 3683 852 3721 (ο)
875 3680 973 3716 offioo
985 3682 1019 3715 F

549 3728 594 3768 (8)
620 3727 786 3759 custodias
800 3726 847 3760 F²

778 3774 833 3813 (ιι)
858 3773 891 3805 et
903 3773 962 3805 ins.

1105 3684 1149 3724 (Ἰ)
1173 3682 1211 3715 in

1053 3774 1110 3814 (12)
1135 3783 1208 3815 per-

1200 137 1286 188 793

700 3637 742 3679 (3)
767 3637 806 3670 id
823 3643 890 3670 est:
912 3636 1211 3680 interrogationem
1280 3636 1350 3669 dita
1362 3637 1436 3670 edd.

1014 3727 1059 3769 (9)
1084 3727 1162 3760 dare
1182 3727 1216 3759 F
1284 3727 1332 3770 Cf.
1352 3727 1430 3760 Cod.
1453 3728 1485 3767 9,
1506 3734 1522 3760 8

1974 146 2246 191 XXXXVIII
2277 151 2315 192 3.
2341 152 2365 191 4

1284 265 1401 311 legato
1430 264 1629 319 rescripsit,
1662 266 1825 311 quotiens
1858 270 2047 307 custodia⁸
2086 272 2255 310 militibus
2284 283 2365 310 eva-

1285 311 1382 354 serit,
1407 321 1545 357 exqmrl
1569 315 1745 355 oportere,
1769 318 1886 350 utrum
1908 316 2016 352 nimia
2033 319 2254 364 neglegentia
2275 319 2365 355 mili·

1283 360 1360 391 tum
1384 355 1538 393 evaserit
1560 366 1606 391 an
1632 367 1729 400 casu,
1754 362 1790 393 et
1812 364 1930 395 utrum
1954 373 2047 398 unus
2065 374 2110 399 ex
2132 364 2297 409 pluribus
2320 375 2366 400 an

1284 412 1358 437 una
1381 402 1514 447 plures,
1540 405 1576 436 et
1598 401 1649 436 ita
1673 401 1812 438 demum
1837 405 2053 442 adficiendos
2077 409 2252 454 supplicio
2274 410 2366 445 mili-

1283 450 1348 490 tes,
1374 446 1502 492 quibus
1528 446 1713 482 custodiae
1730 450 1915 494 evaserint,
1940 452 1971 487 si
1996 453 2101 499 culpa
2119 464 2239 490 eorum
2260 455 2368 491 nimia

1284 491 1588 537 deprehendatur:
1631 491 1789 537 alioquin
1823 505 1889 539 pro
1923 496 2027 532 modo
2070 498 2196 544 culpae
2232 500 2271 535 in
2305 510 2367 537 eos

1284 537 1523 572 statuendum.
1571 536 1687 590 Salvio
1720 549 1862 583 quoque
1890 540 2005 585 legato
2029 543 2243 587 Aquitaniae
2271 545 2365 581 idem

1283 583 1449 628 princeps
1468 585 1654 627 rescripfflt
1676 593 1714 617 1n
1738 593 1828 626 eum,
1854 585 1915 629 qui
1934 587 2129 623 custodiam
2154 589 2284 625 dimisit
2305 595 2368 625 aut

1282 629 1334 663 ita
1358 628 1474 663 sciens
1497 627 1642 671 habuit,
1667 630 1709 662 ut
1731 629 1847 673 possit
1870 631 2031 666 custodia
2054 633 2218 676 evadere,
2254 635 2365 670 anim-

1283 672 1553 708 advertendum:
1600 672 1631 709 si
1668 676 1788 708 tamen
1830 684 1894 727 per
1934 676 2053 712 vinum
2093 682 2156 713 aut
2197 678 2367 716 desidiam

1284 717 1443 754 custodis
1473 717 1511 753 id
1540 717 1712 762 evenerit,
1750 720 1998 764 castlgandum
2026 732 2106 757 eum
2136 727 2172 759 et
2200 724 2239 759 in
2270 724 2366 760 dete-

1283 763 1413 799 riorem
1436 763 1598 798 militiam
1622 763 1740 798 dari⁹:
1766 764 1797 800 si
1816 775 1898 800 vero
1918 765 2064 802 fortuito
2088 769 2255 813 amiserit,
2281 769 2367 806 nihil

1287 812 1299 843 1
1350 809 1387 843 in
1411 818 1491 844 eum
1510 808 1750 844 statuendum.
1788 809 1825 844 Si
1847 820 2004 855 paganos
2026 813 2175 849 evaserit
2193 814 2366 858 custodia,

1280 853 1376 889 idem
1398 857 1486 899 puto
1508 854 1775 899 exquirendum,
1801 855 1896 900 quod
1915 855 2011 891 circa
2030 857 2179 893 militum
2196 869 2367 904 personas

1282 899 1539 943 explorandum
1563 899 1697 934 rettuli.

1332 941 1381 982 13
1406 944 1515 979 IDEM
1534 944 1624 980 libro
1647 949 1753 980 sexto
1773 945 1817 980 de
1837 947 2100 991 coqnitionibus
2133 947 2176 982 In
2199 958 2270 993 eos,
2295 950 2366 995 qui,

1283 1000 1364 1025 cum
1395 990 1530 1035 recepti
1559 994 1678 1025 essent
1706 990 1745 1024 in
1777 1000 1973 1035 carcerem,
2007 1002 2092 1027 cons
2119 992 2303 1036 iraverint,
2327 999 2369 1030 ut

1282 1034 1398 1080 ruptis
1430 1035 1582 1070 vinculis
1617 1038 1654 1071 et
1677 1034 1826 1071 effracto
1852 1045 1995 1072 carcere
2018 1047 2082 1072 eva
2108 1042 2180 1080 ant,
2205 1039 2367 1084 amplius,

1284 1091 1390 1125 quam
1422 1090 1532 1115 causa
1556 1090 1601 1115 ex
1632 1090 1702 1124 qua
1725 1080 1861 1126 recepti
1885 1084 1969 1132 sunt
1998 1083 2153 1127 reposcit
2166 1085 2203 1127 ¹⁰,
2237 1084 2368 1119 consti-

1281 1125 1454 1161 tuendum
1477 1126 1570 1161 est¹¹
1595 1125 1754 1170 quamvis
1778 1126 1986 1163 innocentes
2009 1127 2236 1164 inveniantur
2259 1140 2303 1164 ex
2327 1140 2368 1165 eo

1284 1171 1440 1213 crimine,
1465 1173 1614 1216 propter
1638 1170 1733 1215 quod
1756 1171 1891 1218 inpacti
1908 1176 1992 1207 sunt
2014 1172 2052 1207 in
2073 1183 2226 1218 carcere,
2250 1177 2369 1210 tamen

1282 1216 1454 1297 {uniendi
1477 1219 1579 1251 sunt:
1620 1226 1683 1252 eos
1706 1226 1808 1260 vero,
1840 1217 1901 1262 qui
1926 1217 2223 1262 conspirationem
2247 1229 2369 1255 eorum

1308 1262 1500 1306 etexerint,
1525 1261 1748 1297 relevandos.

1332 1306 1383 1344 14
1408 1306 1647 1342 HERENNJUS
1667 1306 1924 1342 MODESTINUS
1949 1307 2040 1343 libro
2065 1312 2195 1353 quarto
2219 1309 2263 1344 de
2278 1320 2368 1355 poe-

1282 1353 1340 1387 nis
1385 1351 1468 1387 Non
1499 1355 1555 1388 est
1583 1351 1689 1387 facile
1718 1352 1828 1388 tironi
1860 1352 2024 1388 custodia
2054 1353 2246 1389 credenda:
2287 1364 2370 1389 nam

1282 1407 1326 1433 ea
1348 1397 1530 1443 prodita¹2
1553 1397 1583 1433 is
1609 1398 1666 1432 cul
1693 1407 1735 1432 ae
1753 1407 1837 1433 reus
1862 1401 1927 1439 est,
1953 1398 2014 1442 qui
2030 1407 2110 1433 eam
2133 1399 2164 1434 ei
2185 1399 2369 1435 commisit.

1286 1446 1299 1477 1
1351 1443 1427 1478 Nec
1452 1443 1531 1486 uni,
1569 1443 1630 1478 sed
1687 1443 1804 1478 uobus
1837 1443 2000 1479 custodia
2030 1444 2279 1480 committenda
2302 1448 2368 1480 est.

1284 1491 1302 1523 2
1351 1488 1420 1533 Qui
1444 1489 1474 1523 si
1493 1488 1716 1533 neglegentia
1739 1488 1932 1532 amiserint,
1955 1499 2022 1533 pro
2043 1489 2147 1524 modo
2167 1490 2294 1534 culpae
2315 1489 2371 1525 vel

1284 1534 1505 1578 castigantur
1527 1534 1582 1568 vel
1615 1533 1777 1569 militiam
1799 1537 1957 1569 mutant:
1994 1534 2090 1578 quod
2117 1534 2149 1570 si
2178 1535 2264 1570 levis
2281 1545 2369 1580 ‹per-

1283 1589 1373 1615 sona
1407 1578 1591 1614 custodiae
1620 1578 1706 1621 fuit,
1740 1579 1906 1624 castigati
1934 1580 2181 1615 restituuntur.
2228 1590 2312 1615 nam
2340 1581 2371 1616 si

1281 1624 1508 1660 miseratione
1529 1623 1729 1659 custodiam
1777 1624 1831 1659 uis
1853 1624 2034 1667 dimiserit,
2057 1625 2217 1660 militiam
2233 1629 2368 1661 mutat:

1281 1669 1529 1705 fraudulenter
1558 1673 1678 1705 autem
1702 1669 1733 1705 si
1779 1669 1872 1705 uerit
1904 1673 2065 1705 versatus
2094 1670 2131 1705 in
2163 1670 2371 1707 dimittenda

1282 1715 1455 1757 custodia,
1480 1715 1536 1750 vel
1560 1715 1676 1767 capite
1700 1714 1849 1759 punitur
1871 1715 1926 1750 vel
1947 1715 1984 1750 in
2005 1718 2198 1751 extremum
2221 1716 2370 1761 gradum

1281 1760 1429 1796 militiae
1453 1760 1569 1795 datur.
1604 1760 1784 1795 interdum
1807 1760 1910 1795 venia
1933 1760 2058 1796 datur:
2095 1771 2177 1796 nam
2202 1772 2282 1796 cum
2307 1772 2370 1797 cu-

1282 1805 1399 1842 stodia
1422 1816 1503 1842 cum
1527 1805 1639 1841 altero
1665 1805 1814 1841 custode
1834 1805 1939 1841 simul
1961 1805 2118 1851 fugisset,
2144 1807 2247 1842 alteri
2267 1807 2370 1842 venia

1283 1854 1302 1886 3
1351 1850 1437 1886 data
1469 1854 1535 1886 est.
1583 1850 1692 1886 Sed¹³
1731 1850 1764 1886 si
1799 1861 1839 1887 se
1870 1851 2033 1886 custodia
2068 1851 2286 1887 interfecerit
2315 1852 2371 1887 vel

1282 1895 1582 1941 praecipitaverit,
1608 1896 1711 1931 militi
1731 1895 1859 1942 culpae
1882 1896 2108 1939 adscribitur,
2133 1896 2170 1932 id
2189 1900 2243 1933 est
2262 1897 2369 1933 casti-

1282 1945 1304 1977 4
1349 1942 1503 1986 gabitur.
1561 1941 1664 1986 Quod
1689 1941 1720 1977 si
1749 1941 1828 1987 ipse
1851 1945 1972 1977 custos
1997 1941 2195 1978 custodiam
2224 1942 2370 1978 interfe-

1282 1990 1301 2022 5
1351 1988 1450 2029 cerit,
1475 1986 1658 2023 homicidii
1680 1997 1763 2022 reus
1788 1989 1858 2022 est:
1905 1986 1959 2022 Er
1984 1998 2003 2022 o
2035 1987 2067 2022 si
2097 1997 2184 2023 casu
2208 1987 2371 2023 custodia

1283 2031 1454 2068 defuncta
1480 2032 1639 2076 dicatur,
1672 2032 1924 2068 testationibus
1948 2032 1962 2067 i
2008 2032 2233 2077 probandum
2255 2036 2310 2072 est
2333 2037 2370 2068 et

1282 2081 1302 2113 6
1350 2078 1403 2113 sic
1425 2078 1529 2113 venia
1561 2077 1716 2113 dabitur.
1765 2076 1863 2112 Solet
1893 2081 2081 2122 praeterea
2111 2078 2240 2113 amissa
2264 2078 2370 2123 culpa

1283 2123 1463 2167 custodia,
1497 2123 1528 2158 si
1552 2126 1673 2158 tamen
1694 2122 1837 2158 intersit
1861 2132 1938 2158 eam
1962 2122 2199 2168 adprehendi,
2231 2127 2369 2168 tempus

1283 2179 1394 2204 causa
1418 2169 1561 2214 cognita
1580 2168 1684 2203 militi
1707 2167 1786 2203 dari
1808 2167 1856 2203 ad
1876 2178 1955 2203 eam
1974 2179 2012 2203 re
2037 2168 2230 2213 uirendam‚
2255 2168 2368 2221 appli-

1282 2218 1300 2248 7
1351 2215 1421 2250 cito
1457 2214 1491 2249 ei
1525 2213 1595 2250 alio
1630 2213 1752 2249 milite.
1810 2212 1914 2257 Quod
1948 2213 1979 2248 si
2077 2213 2195 2249 'tivum
2228 2213 2369 2249 dommo

1281 2259 1502 2295 reddendum
1524 2258 1724 2304 prodiderit
1736 2258 1773 2301 ¹⁴,
1798 2258 1830 2294 si
1851 2258 2043 2294 facultates
2060 2258 2202 2303 habeat,
2228 2258 2370 2295 domino

1281 2304 1435 2350 pretium
1458 2304 1608 2340 reddere
1631 2303 1749 2340 iuberi
1772 2303 1986 2340 Saturninus
2010 2304 2151 2349 probat.

1758 2441 1892 2482 1111¹⁵.

1451 2510 1510 2542 AD
1535 2509 1702 2543 LEGEM
1726 2508 1896 2542 IULIAM
1917 2507 2200 2541 MAIESTATIS.

1329 2573 1347 2612 1
1382 2574 1576 2611 ULPIANUS
1597 2575 1688 2611 libro
1712 2575 1863 2621 septimo
1886 2574 1930 2609 de
1954 2573 2079 2620 officio
2100 2571 2329 2625 proconsulis
2340 2572 2368 2624 3⁶

1279 2619 1484 2655 Proximum
1508 2620 1698 2665 sacrilegio
1723 2620 1857 2655 crimen
1882 2623 1951 2662 est,
1977 2618 2072 2664 quod
2094 2618 2290 2653 maiestatis
2315 2616 2367 2652 di-

1284 2671 1296 2698 1
1349 2665 1453 2700 citur.
1499 2665 1700 2701 Maiestatis
1732 2670 1853 2702 autem
1884 2665 2016 2701 crimen
2047 2663 2136 2699 illud
2168 2666 2238 2706 est,
2273 2661 2368 2714 quod

1280 2710 1449 2745 adversus
1479 2712 1654 2756 populum
1684 2710 1887 2746 Romanum
1915 2710 1971 2745 vel
2002 2709 2366 2761 adversus-securita-

1279 2759 1352 2791 tem
1380 2755 1458 2791 eius
1490 2755 1733 2791 committitur.
1782 2766 1852 2801 quo
1884 2759 2026 2791 tenetur
2055 2754 2103 2798 is,
2134 2763 2238 2804 cuius
2259 2762 2368 2797 opera

1280 2800 1361 2836 dolo
1385 2801 1479 2836 malo
1505 2801 1693 2836 consilium
1715 2801 1842 2836 initum
1866 2800 1944 2842 erit,
1970 2809 2039 2844 quo
2065 2798 2205 2851 obsides
2228 2797 2367 2849 miussu

1304 2845 1449 2891 rincipis
1468 2846 1738 2882 interciderent:
1764 2857 1835 2891 quo
1856 2846 1985 2881 armati
2006 2846 2166 2880 hommes
2187 2853 2267 2878 cum
2286 2841 2365 2877 telis

1278 2857 1501 2936 fapidibusve
1532 2892 1569 2926 in
1592 2892 1681 2927 urbe
1711 2891 1784 2926 sint
1815 2890 2069 2926 conveniantve
2101 2889 2269 2924 adversus
2292 2896 2364 2921 rem

1278 2936 1476 2982 publicam,
1503 2937 1626 2972 locave
1650 2939 1872 2980 occupentur
1896 2936 1951 2971 vel
1974 2935 2121 2986 templa,
2142 2942 2260 2986 ‘quove
2284 2941 2363 2966 coe-

1278 2985 1338 3017 tus
1371 2985 1611 3017 conventusve
1641 2980 1706 3016 fiat
1730 2981 1941 3022 ,hominesve
1972 2980 2018 3015 ad
2048 2979 2363 3029 seditionemoqon-

1278 3029 1468 3062 vocentur:
1509 3026 1655 3062 cuiusve
1687 3036 1798 3071 opera
1831 3025 1977 3062 consilio
1992 3026 2018 3047 ¹⁷
2049 3024 2141 3059 malo
2168 3020 2364 3075 consilium

1278 3071 1407 3106 initum
1442 3071 1525 3113 erit,
1567 3082 1637 3116 quo
1673 3071 1752 3115 quis
1787 3071 2014 3115 magistratus
2054 3079 2100 3120 po
2129 3068 2177 3102 uh
2212 3065 2364 3101 Romam

1280 3117 1382 3162 quive
1404 3116 1593 3162 imperium
1616 3119 1873 3161 potestatemve
1897 3116 2006 3151 habet
2024 3124 2098 3149 occi
2126 3118 2223 3164 atur:
2250 3119 2364 3161 quove

1280 3162 1359 3207 quis
1384 3166 1510 3197 contra
1540 3172 1615 3196 rem
1643 3161 1825 3206 publicam
1848 3171 1949 3196 arma
1979 3159 2088 3194 ferat:
2127 3155 2362 3209 quive'hosoti-

1279 3208 1347 3242 bus
1377 3206 1503 3252 populi
1533 3206 1687 3242 Romani
1718 3206 1882 3241 nuntium
1917 3206 2096 3240 litterasve
2126 3204 2262 3237 miserit
2291 3209 2308 3234 s
2347 3218 2362 3252 ἶ

1277 3262 1406 3287 numve
1430 3251 1567 3287 dederit
1591 3251 1761 3287 feceritve
1780 3251 1861 3287 dolo
1886 3250 1990 3290 malo,
2015 3258 2085 3292 quo
2100 3246 2222 3282 hostes
2255 3255 2310 3297 'op

1278 3296 1431 3332 Romani
1471 3296 1619 3332 consilio
1656 3297 1822 3333 inventur
1859 3295 2032 3345 adversus·
2058 3302 2132 3327 rem
2162 3290 2236 3335 pub
2266 3299 2361 3342 cam:

1278 3341 1382 3386 quive
1405 3342 1533 3377 milites
1557 3342 1800 3378 sollicitaverit
1823 3340 2108 3380 concitaventve‚
2141 3346 2210 3381 quo
2234 3333 2362 3371 seditio

1277 3387 1494 3422 tumultusve
1519 3387 1688 3423 adversus
1712 3397 1786 3422 rem
1809 3384 1988 3431 publicam
2010 3381 2090 3416 fiat:
2134 3425 2142 3432 ·

1324 3430 1349 3468 2
1376 3431 1482 3467 IDEM
1501 3432 1592 3468 libro
1616 3436 1741 3468 octavo
1766 3430 2046 3477 disputationum
2071 3435 2190 3479 'quive-
2210 3424 2254 3460 de
2277 3434 2361 3470 pro-

1277 3477 1404 3519 vincia,
1429 3487 1511 3513 cum
1533 3477 1566 3513 ei
1589 3486 1796 3513 successum
1819 3477 1924 3514 esset,
1948 3483 2021 3507 non
2045 3470 2264 3506 discess1t¹⁸z
2299 3470 2363 3504 aut

1278 3522 1340 3568 qui
1369 3522 1565 3558 exercitum
1595 3521 1750 3558 deseruit
1779 3520 1834 3555 vel
1864 3518 2023 3564 privatus
2054 3516 2101 3551 ad
2128 3516 2250 3551 hostes
2279 3523 2362 3560 per-

1530 3639 1586 3674 (13)
1613 3636 1645 3668 et
1657 3636 1715 3668 ins.
1810 3634 1868 3672 (14)
1891 3629 2074 3674 perdiderit
2086 3629 2157 3662 edd.

1326 3682 1385 3723 (15)
1410 3682 1646 3718 Sab.1...6.11;
1671 3679 1736 3712 Ed.
1752 3686 1786 3716 7;
1812 3678 1896 3719 Pap.
1913 3683 2067 3710 s...10.—
2090 3673 2362 3725 Bas.60,36.—

1648 3725 1708 3765 (16)
1732 3721 1879 3766 proculis
1902 3722 1931 3754 F
2051 3722 2107 3759 (ιτ)
2133 3716 2209 3750 dolo
2230 3729 2287 3752 uns.
2314 3714 2361 3749 [³²

1281 3773 1340 3814 (18)
1365 3771 1502 3804 decessit
1517 3771 1677 3804 Budaeus
