2528 3918
107 169 110 173 ἡ
158 124 221 156 nn
248 121 354 155 ruam
381 122 690 153 ommni

206 230 260 271 24
283 230 530 268 PAPJNJAst
551 230 642 267 libro
663 234 770 268 sexto
793 241 1048 278 responsorum
1098 232 1179 278 ‘Qui
1202 242 1247 269 ex

159 277 343 316 ‘fratribus
373 276 461 312 meis
485 275 617 311 Titiam
646 276 897 312 consobrinam
919 286 1068 312 uxorem
1091 277 1245 320 duxerit,

159 326 216 360 ‘ex
245 323 349 359 besse
378 320 482 357 heres
514 325 609 357 esto:
643 321 702 367 qui
728 331 803 356 non
826 320 986 364 duxerit,
1019 331 1064 358 ex
1093 323 1246 359 triente¹

159 369 274 406 ‘heres
298 367 397 403 esto’.
433 365 512 402 vivo
530 369 704 402 testatore
720 366 935 402 consobrina
951 366 1122 404 defuncta
1140 368 1246 404 ambo

157 412 205 451 ad
233 412 466 448 hereditatem
496 411 675 448 venientes
714 411 880 447 semisses
919 411 1123 456 habebunt,
1164 413 1247 459 (11110

156 469 280 495 verum
314 460 369 493 est
397 466 459 492 eos
490 456 639 493 heredes
669 457 871 500 institutos,
911 457 975 492 sed
1010 458 1246 494 emolumento

156 503 361 550 portionum
384 505 513 538 eventu
537 513 585 538 nu
611 501 743 537 tiarum
766 502 951 538 discretos.

203 547 256 586 25
281 547 537 584 Monmrmvs
559 547 588 583 li
609 558 651 583 ro
675 558 771 582 nono
793 547 1005 593 reqularum
1053 547 1127 584 Sub
1161 559 1247 584 con-

157 594 298 630 dicione
319 593 424 628 heres
447 592 632 628 institutus
656 602 779 628 servus
799 593 875 628 sine
890 593 991 628 iussu
1008 592 1142 629 domini
1162 605 1247 630 con-

157 639 288 675 dicioni
311 647 438 684 parere
461 648 535 673 non
584 641 688 673 otest.

203 682 257 722 26
281 683 512 719 Poupomos
532 682 560 718 li
580 693 623 718 ro
645 681 803 718 secundo
827 682 878 718 ad
895 681 1065 726 Quintum
1085 683 1247 721 Mucium

156 729 194 765 Si
209 729 368 782 pupillus
386 728 452 763 sub
470 727 680 763 condicione
696 728 799 762 heres
814 727 999 764 institutus
1015 728 1136 772 fuerit,
1161 740 1246 765 con-

157 774 288 811 dicioni
320 773 426 809 etiam
458 772 535 809 sine
564 772 694 808 tutoris
726 773 941 808 auctoritate
967 783 1095 818 parere
1144 779 1247 811 otest.

155 820 320 864 idemque
343 822 399 854 est
423 821 459 854 et
481 818 513 854 si
535 818 690 863 legatum
715 818 748 853 ei
770 818 838 854 sub
859 818 1068 855 condicione
1084 831 1104 855 r
1140 820 1249 856 ‘ctum

155 865 275 907 fuerit,
298 863 384 944 ἓι1110
409 863 617 899 0011ᾱί010110
641 863 782 908 expleta
804 874 871 908 pro
890 874 931 899 eo
949 868 1013 907 est,
1038 865 1141 910 quasi
1158 875 1249 911 pure

157 911 189 946 ei
212 911 297 945 here
325 909 394 944 'tas
416 908 473 944 vel
495 909 652 954 legatum
674 908 837 944 relictum
861 909 917 944 sit.

202 953 255 992 27
288 953 545 990 Moonsrmos
573 953 664 989 libro
696 957 822 989 octavo
852 958 1109 1001 responsorum
1161 955 1247 1000 Qui-

157 1001 240 1037 dam
258 1000 296 1035 in
316 1009 381 1035 suo
401 1002 618 1034 testamento
637 999 803 1034 heredem
823 999 968 1045 scripsit
986 1000 1053 1035 sub
1074 1000 1140 1035 tali
1161 1011 1247 1037 con-

156 1045 296 1081 dicione
328 1044 371 1080 ‘si
400 1044 569 1090 reliquias
599 1044 675 1080 eius
705 1044 743 1079 in
773 1054 873 1080 mare
903 1045 1066 1080 abiciat':
1099 1055 1248 1091 quaere-

155 1092 275 1134 batur,
300 1100 382 1125 cum
405 1090 509 1125 lieres
532 1090 717 1125 institutus
743 1089 946 1126 condicioni
964 1101 1038 1126 non
1055 1091 1247 1136 paruisset,

155 1147 202 1172 an
227 1146 270 1171 ex
297 1134 457 1171 ellendus
478 1138 533 1171 est
552 1135 597 1170 ab
613 1135 821 1170 hereditate.
858 1135 1083 1171 Modestinus
1098 1146 1247 1182 respon-

157 1181 226 1217 dit:
281 1179 470 1216 audandus
507 1183 561 1215 est
591 1180 702 1224 magis
735 1191 843 1226 quam
874 1180 1101 1217 accusandus
1131 1182 1247 1225 heres,

157 1227 217 1273 qui
240 1225 408 1271 reliquias
431 1225 614 1261 testatoris
638 1236 710 1261 non
733 1226 771 1260 in
793 1235 892 1261 mare
915 1226 1113 1262 seeundum
1134 1227 1147 1262 i
1173 1227 1247 1263 sius

154 1272 376 1308 voluntatem
399 1270 549 1312 abiecit,
580 1270 643 1306 sed
671 1271 842 1307 memoria
863 1272 1041 1307 humanae
1065 1282 1134 1308 con
1162 1272 1246 1309 'cio-

154 1317 235 1353 nis²
259 1316 465 1362 sepulturae
487 1315 643 1350 tradidit.
684 1316 748 1351 sed
771 1317 841 1352 hoc
863 1316 964 1361 prius
986 1316 1248 1362 inspiciendum

158 1366 230 1405 est,
254 1371 301 1397 110
323 1361 449 1404 1101110,
482 1360 543 1406 (1111
564 1361 673 1396 1010111
697 1361 942 1397 condicionem
965 1362 1104 1408 posuit,
1131 1373 1247 1408 neque

155 1416 302 1453 compos
325 1406 454 1442 mentis
479 1409 581 1441 esset.
629 1406 737 1452 igitur
768 1407 798 1442 si
825 1407 1023 1453 perspicuis
1046 1407 1247 1444 rationibus

154 1453 245 1488 haec
269 1451 425 1496 suspicio
450 1450 605 1486 amoveri
633 1454 770 1497 potest,
802 1452 899 1488 nullo
932 1452 1039 1489 modo
1069 1453 1246 1498 legitimus

152 1498 256 1534 lieres
280 1496 324 1532 de
342 1496 540 1532 hereditate
557 1497 834 1532 controversiam
850 1497 939 1533 facit
957 1498 1090 1544 scripto
1110 1499 1244 1535 heredi.

158 1546 172 1578 1
221 1541 373 1585 Heredi,
399 1552 503 1587 quem
526 1545 741 1578 testamento
765 1553 855 1588 pure
877 1543 1049 1586 instituit,
1075 1544 1245 1580 codicillis

155 1587 347 1632 adscripsit
371 1586 634 1623 condicionem:
660 1598 806 1633 quaero,
830 1598 878 1623 an
903 1588 935 1623 ei
950 1599 1080 1641 parere
1099 1600 1246 1626 necesse

154 1632 298 1669 habeat.
346 1632 572 1685 Modestinus
602 1633 804 1686 respondit:
837 1633 1016 1669 hereditas
1049 1634 1246 1688 codicillis³

153 1677 1244 1771 &Sqsss‘ienffltepffsssssslitaiissff{offim‘sssefieffienssffiduffimffi

200 1765 253 1806 28
287 1765 534 1803 Psemmos
565 1768 656 1804 libro
688 1770 793 1804 tertio
825 1768 962 1806 decimo
994 1772 1243 1816 quaestionum

153 1813 192 1851 Si
214 1814 308 1849 filius
333 1813 400 1849 sub
428 1813 637 1849 condicione
659 1813 765 1849 heres
798 1814 865 1849 erit
895 1818 931 1850 et
962 1825 1007 1850 ne
1034 1818 1110 1852 otes
1134 1826 1179 1852 ex
1201 1826 1243 1852 eo

153 1859 436 1901 substituantur,
469 1869 551 1894 cum
582 1869 655 1895 non
687 1858 823 1895 sufficit
845 1860 913 1895 sub
938 1870 1008 1905 qua
1025 1860 1097 1896 'bet
1120 1862 1243 1897 condi-

153 1905 255 1941 cione
277 1903 390 1939 filium
420 1904 587 1940 heredem
617 1904 775 1943 institui,
806 1904 871 1940 sed
892 1905 945 1940 ita
968 1905 1109 1941 demum
1132 1910 1243 1942 testa-

154 1953 313 1985 mentum
335 1952 454 1985 ratum
479 1953 543 1991 est,
573 1949 604 1984 si
628 1949 791 1985 condicio
814 1949 886 1985 fuit
906 1950 944 1985 in
967 1949 1031 1985 filii
1053 1955 1243 1996 potestate,

154 1995 428 2036 consideremus,
453 1994 625 2040 numquid
648 1994 799 2038 intersit,
832 2005 924 2040 quae
949 1995 1111 2032 condicio
1134 1997 1245 2032 fuerit

153 2040 354 2085 adscripta,
398 2043 519 2074 utrum
558 2050 649 2085 quae
683 2040 856 2076 moriente
889 2040 962 2076 filio
997 2041 1136 2087 impleri
1170 2053 1244 2078 non

153 2085 283 2139 potuit,
307 2085 417 2121 veluti
441 2085 483 2120 ‘si
507 2084 766 2120 Alexandriam
788 2085 880 2129 ierit,
908 2085 1003 2121 filius
1026 2087 1131 2123 heres
1154 2089 1243 2124 esto’

150 2141 253 2176 isque
268 2130 407 2166 Romae
431 2130 593 2173 decessit,
619 2140 666 2165 an
689 2140 772 2166 vero
797 2141 890 2176 quae
912 2132 1031 2177 potuit
1054 2133 1161 2168 etiam
1181 2143 1242 2169 ex-

151 2180 264 2212 tremo
288 2175 384 2211 vitae
407 2178 584 2211 momento
609 2175 766 2220 impleri,
797 2175 907 2211 veluti
935 2176 977 2212 ‘si
1001 2177 1095 2213 Titio
1121 2178 1244 2215 decem

153 2220 313 2263 ‘dederit,
338 2220 433 2256 filius
457 2221 561 2256 heres
585 2221 686 2264 esto’,
712 2231 803 2266 quae
827 2221 990 2258 condicio
1014 2223 1157 2259 nomine
1180 2224 1244 2259 filii

152 2277 216 2312 per
240 2266 350 2301 alium
371 2266 510 2311 impleri
558 2269 662 2302 otest.
702 2276 787 2302 nam
810 2267 973 2313 superior
996 2267 1241 2315 quidemspe-

153 2311 225 2347 cies
250 2311 469 2347 condicionis
494 2321 516 2346 a
577 2311 649 2346 ittit
671 2312 750 2347 vivo
783 2311 855 2347 filio
887 2316 1037 2358 nepotes
1069 2314 1117 2349 ad
1139 2315 1241 2350 here-

152 2356 317 2400 ditatem,
350 2357 411 2402 qui
442 2356 472 2392 si
503 2357 678 2392 neminem
701 2357 935 2393 substitutum
957 2358 1125 2402 haberet,
1159 2360 1242 2396 dum

151 2402 312 2444 moritur,
336 2402 512 2446 legitimus
535 2402 631 2447 patri
653 2402 758 2438 heres
779 2403 955 2439 exstiterit
964 2405 989 2447 ⁵,
1014 2409 1241 2450 argumento-

153 2457 223 2493 que
255 2451 327 2490 est,
363 2447 460 2492 quod
491 2457 514 2482 a
538 2447 588 2483 ud
619 2447 778 2483 Servium
810 2458 951 2501 quoque
982 2449 1135 2486 relatum
1168 2455 1240 2487 est:

177 2492 331 2528 uendam
356 2493 448 2528 enim
471 2503 510 2528 re
527 2496 582 2528 ert
603 2493 680 2528 ita⁶
701 2493 870 2529 heredem
892 2493 1115 2538 institutum,
1148 2496 1178 2531 si
1204 2497 1241 2532 in

151 2537 1241 2628 ιέἕιὶῗῗῗιξὲέἑῦθὲἓέἶῗῑἒὲἓῗθᾏὲἒὲοἷεῖἷῗέὲῗέἒῗίἐέιὶἶῑ

153 2628 289 2664 obisse:
319 2628 365 2664 de
387 2610 458 2673 qu’o
482 2628 668 2674 respondit
691 2628 834 2664 Servius
858 2629 1104 2666 condicionem
1127 2636 1241 2668 morte

153 2673 325 2709 defecisse
355 2673 507 2719 ideoque
536 2674 709 2710 moriente
740 2684 782 2709 eo
815 2674 924 2719 legati
955 2675 1047 2711 diem
1078 2678 1239 2713 cessisse.

152 2718 266 2754 altera
288 2729 370 2755 vero
397 2719 534 2764 species
558 2718 777 2755 condicionis
800 2720 878 2755 vivo
901 2719 974 2755 filio
996 2731 1069 2756 non
1088 2721 1242 2758 admittit

152 2767 301 2809 nepotes
325 2763 373 2799 ad
395 2764 640 2807 hereditatem,
669 2765 730 2816 qui
754 2764 938 2800 substituti
962 2765 992 2800 si
1015 2776 1089 2801 non
1113 2772 1241 2810 essent,

151 2809 321 2845 intestato
353 2819 419 2844 avo
450 2809 597 2845 heredes
630 2813 841 2845 existerent:
875 2820 991 2856 neque
1023 2811 1116 2847 enim
1146 2812 1240 2849 filius

152 2853 331 2889 videretur
355 2854 554 2898 obstitisse,
586 2858 670 2900 post
693 2854 796 2890 cuius
819 2859 969 2891 mortem
992 2856 1105 2901 patris
1129 2860 1240 2894 testa-

153 2902 310 2935 mentum
349 2899 573 2943 destituitur,
616 2899 913 2946 quemadmodum
954 2901 985 2936 si
1025 2902 1240 2939 exheredato

154 2944 277 2980 eodem
307 2943 380 2980 filio
412 2948 580 2990 nepotes,
615 2956 694 2981 cum
725 2944 820 2981 filius
845 2950 1060 2990 moreretur,
1092 2947 1240 2984 heredes

153 2988 305 3025 fuissent
327 2989 491 3026 instituti.

637 3151 731 3189 VIII
739 3150 766 3191 ⁸.

412 3227 471 3259 DE
496 3227 608 3259 IURE
631 3227 951 3261 DELIBERANDI
963 3228 988 3262 ⁹.

206 3299 224 3337 1
260 3300 453 3339 mmm
473 3304 563 3340 libro
588 3306 814 3351 sexaqesimo
838 3305 888 3341 ad
909 3306 1063 3342 edictum
1106 3306 1143 3342 Si
1167 3317 1240 3343 ser-

157 3357 221 3397 vus
244 3345 351 3382 fuerit
372 3348 476 3384 lieres
499 3349 702 3392 institutus,
736 3350 858 3396 utique
888 3362 961 3386 non
990 3352 1060 3397 ipsi
1089 3353 1240 3397 praesti-

157 3394 288 3426 tuimus
311 3395 450 3437 tempus
474 3394 520 3429 ad
544 3394 820 3437 deliberandum,
849 3396 912 3431 sed
937 3396 968 3431 ei
993 3396 1093 3432 cuius
1118 3407 1241 3434 servus

159 3506 198 3546 (1)
221 3504 379 3538 trientem
391 3506 425 3538 F
534 3510 575 3548 (2)
601 3507 658 3541 sed
670 3509 844 3541 immemor
855 3509 1059 3543 inhumanae
1071 3511 1241 3544 condicio-

158 3550 212 3581 nis
223 3561 286 3583 scr.
378 3551 421 3591 (3)
445 3561 552 3594 neque
565 3551 639 3585 dari
651 3555 711 3587 ine.
725 3553 755 3587 S
765 3566 834 3587 cum
849 3554 989 3589 Graecis
1079 3557 1122 3599 (4)
1147 3557 1241 3589 here·

158 3593 247 3626 ditas
259 3594 294 3627 F
376 3596 418 3635 (5)
443 3596 600 3629 existeret
613 3599 685 3631 edd.
779 3603 821 3638 (6)
846 3599 1027 3633 referentia
1038 3601 1100 3642 F¹‚
1120 3601 1242 3634 referet

159 3638 209 3671 ita
221 3638 272 3673 172
372 3642 413 3681 (7)
439 3650 505 3682 quo
517 3652 578 3673 scr.

1242 105 1328 154 395

2101 112 2293 157 XXVIH
2323 118 2361 157 7.
2386 116 2411 159 8

1317 235 1390 275 est,
1425 232 1510 278 quia
1540 243 1606 278 pro
1638 233 1736 269 nullo
1767 233 1827 270 isti
1857 233 2037 270 habentur
2067 234 2165 280 apud
2196 239 2413 282 praetorem.

1315 277 1471 322 itemque
1488 277 1519 314 si
1533 277 1689 323 plurium
1709 288 1832 314 servus
1852 278 1910 321 sit,
1934 279 2057 325 utique
2075 280 2240 318 omnibus
2259 281 2413 320 dominis

1320 326 1334 357 1
1383 323 1671 368 praestituemus.
1718 323 1781 359 Ait
1803 327 1967 369 praetor:
1999 325 2042 361 ‘si
2073 328 2215 372 tempus
2246 327 2294 363 ad
2325 327 2411 364 deli-

1317 370 1337 403 2
1386 367 1597 403 ‘herandum
1620 371 1737 421 petet,
1769 368 1886 404 dabo’.
1937 368 2026 405 Cum
2057 369 2145 406 dicit
2173 374 2315 418 tempus
2343 383 2412 410 1100

1317 412 1428 448 adicit
1457 413 1570 456 diem,
1603 423 1680 449 sine
1703 413 1812 450 dubio
1837 413 1995 449 ostendit
2018 425 2097 451 esse
2119 415 2156 451 in
2178 416 2235 454 ius
2259 417 2414 455 dicentis

1316 461 1508 504 potestate,
1534 468 1640 504 quem
1663 459 1756 494 diem
1779 458 2013 505 praestituat:

1363 501 1389 540 2
1413 502 1585 540 PAULUS‘
1594 503 1686 540 libro
1703 504 2002 551 quinquagesimo
2020 506 2170 551 septimo
2191 507 2241 543 ad
2256 508 2412 545 edictum

1316 549 1368 584 ita
1393 558 1438 584 ue
1451 549 1480 570 ¹⁰
1502 549 1692 594 pauciores
1716 552 1860 585 centum
1883 548 2020 584 dierum
2044 560 2117 585 non
2140 556 2225 587 sunt
2248 553 2368 590 dandi.

1421 593 1617 630 Usamus
1636 594 1727 630 libro
1744 594 1974 640 seaeaqesimo
1992 594 2042 630 ad
2055 594 2209 632 edictum
2244 598 2279 634 N
2281 609 2322 635 00
2338 610 2411 636 non

1316 638 1405 675 illud
1422 639 1605 674 sciendum
1620 649 1888 685 nonnumquam
1904 639 2023 682 semel,
2049 651 2315 688 nonnumquam
2331 654 2410 680 sa&

1316 685 1396 730 pius
1422 683 1515 719 diem
1539 684 1586 720 ad
1610 684 1879 721 deliberandum
1897 685 2020 720 datum
2038 695 2126 728 esse,
2152 686 2236 723 dum
2253 690 2411 734 praetori

1317 729 1489 765 suadetur
1501 730 1528 751 ²¹
1545 733 1698 776 tempus,
1724 730 1820 776 quod
1835 730 1990 776 primum
2007 730 2126 767 aditus
2142 734 2409 779 praestituerat,

1317 785 1389 811 non
1413 774 1615 811 suffecisse:

1366 819 1394 857 4
1417 819 1527 855 IDEM
1554 819 1645 856 libro
1674 820 1904 866 seaeaqesimo
1923 820 2050 867 primo
2074 821 2124 857 ad
2146 822 2300 859 edictum
2347 825 2410 861 sed

1316 866 1387 901 hoc
1409 865 1595 910 impetrari
1617 875 1692 901 non
1715 864 1822 900 debet
1844 865 1914 901 nisi
1937 875 1981 901 ex
2004 876 2134 912 magna
2158 877 2279 904 causa.

1363 909 1388 948 5
1413 910 1520 945 IDEM
1547 910 1638 946 libro
1669 911 1936 956 septuagesimo
1952 911 1980 932 ¹2
2010 911 2061 946 ad
2086 912 2241 948 edictum
2287 915 2408 952 Aristo

1317 956 1442 992 scribit
1465 966 1538 991 non
1564 955 1679 991 solum
1704 955 1951 998 creditoribus,
1976 956 2039 991 sed
2056 960 2092 992 et
2106 957 2229 993 heredi
2244 959 2409 997 instituto

1316 1003 1519 1047 praetorem
1537 1001 1727 1037 subvenire
1746 1000 1876 1036 debere
1890 1001 2018 1046 hisque
2039 1002 2179 1047 copiam
2194 1003 2409 1042 instrumen-

1316 1051 1436 1082 torum
1465 1046 1768 1092 inspiciendorum
1800 1045 1939 1089 facere,
1979 1050 2020 1082 ut
2053 1048 2201 1093 perinde
2234 1049 2411 1088 instruere

1317 1102 1356 1128 se
1378 1091 1536 1137 possint,
1570 1091 1735 1144 expediet
1764 1101 1831 1127 nec
1861 1101 1907 1127 ne
1939 1101 1961 1126 a
1986 1102 2134 1129 noscere
2164 1094 2409 1133 hereditatem.

1321 1141 1336 1173 1
1386 1136 1425 1173 Si
1455 1136 1570 1172 maior
1600 1139 1648 1172 sit
1675 1136 1856 1172 hereditas
1889 1139 1925 1172 et
1981 1137 2131 1173 eliberat
2159 1139 2264 1176 heres
2294 1145 2330 1177 et
2352 1152 2410 1178 res

1317 1185 1402 1219 sunt
1423 1182 1462 1217 in
1485 1181 1697 1225 hereditate,
1721 1192 1814 1227 quae
1837 1192 1882 1217 ex
1897 1186 2016 1218 tractu
2030 1185 2200 1229 temporis
2217 1185 2411 1224 deteriores

1317 1227 1419 1271 fiunt,
1445 1227 1543 1263 adito
1566 1230 1735 1272 praetore
1757 1230 1878 1272 potest
1896 1227 1927 1263 is
1967 1227 2005 1263 ui
2022 1228 2196 1265 deliberat
2214 1231 2290 1267 sine
2305 1242 2410 1278 prae-

1316 1273 1448 1309 iudicio
1483 1283 1544 1308 eas
1575 1272 1679 1308 iustis
1710 1273 1834 1318 pretiis
1865 1283 1934 1308 ven
1960 1283 2038 1309 ere:
2095 1274 2132 1309 ui
2163 1277 2278 1327 possit
2305 1278 2412 1313 etiam

1317 1329 1371 1361 ea,
1427 1328 1496 1353 uae
1519 1317 1667 1354 nimium
1691 1322 1905 1363 sumptuosa
1927 1318 2009 1361 sint,
2033 1329 2076 1354 ve
2090 1320 2142 1354 uti
2164 1325 2324 1358 iumenta
2347 1327 2411 1359 aut

1315 1374 1383 1399 ven
1433 1363 1506 1406 cia,
1537 1363 1623 1399 item
1648 1373 1691 1399 ea
1715 1373 1808 1409 quae
1831 1373 1932 1399 mora
1956 1363 2132 1400 deteriora
2155 1365 2244 1401 fiant
2258 1368 2296 1410 ¹³,
2325 1379 2409 1404 ven-

1317 1409 1409 1449 dere,
1435 1408 1565 1454 quique
1588 1412 1777 1454 praeterea
1801 1411 1992 1444 curaturus
2016 1410 2073 1453 sit,
2106 1413 2146 1445 ut
2170 1421 2231 1447 aes
2256 1413 2410 1449 alienum

1316 1453 1412 1500 quod
1443 1454 1511 1534 slub
1543 1464 1661 1500 poena
1687 1454 1741 1490 vel
1765 1454 1833 1490 sub
1857 1454 2022 1500 pretiosis
2045 1455 2253 1500 pignoribus
2278 1457 2409 1495 debea-

1315 1503 1386 1542 tur,
1411 1510 1451 1534 so
1466 1502 1582 1535 vatur.

1361 1542 1386 1582 6
1415 1545 1540 1581 ans
1567 1544 1659 1580 libro
1691 1545 1859 1580 vicesimo
1886 1545 1991 1580 tertio
2015 1545 2067 1580 ad
2087 1546 2240 1582 edictum
2258 1549 2410 1593 provin-

1315 1590 1407 1626 ciale
1443 1590 1557 1635 Igitur
1580 1590 1611 1626 si
1635 1589 1776 1633 quidem
1798 1590 1836 1624 in
1858 1590 2055 1626 hereditate
2078 1591 2126 1627 sit
2148 1591 2268 1627 vinum
2291 1593 2410 1630 oleum

1313 1635 1532 1671 frumentum
1563 1638 1752 1671 numerata
1784 1635 1959 1680 pecunia,
1998 1635 2082 1672 inde
2117 1635 2194 1672 fieri
2229 1637 2410 1675 debebunt

1313 1680 1511 1726 impendia:
1543 1680 1740 1733 siminus,
1772 1690 1796 1715 a
1827 1680 2046 1734 debitoribus
2077 1681 2302 1735 hereditariis
2335 1684 2408 1720 exi-

1313 1725 1848 1816 ffi‘ssssmpssffisstssent‘ffussgnssss
1872 1726 2089 1808 ἆέῗὲῃῖἳὲἒ
2108 1727 2409 1818 ..ffsstsszffw‘

1361 1814 1385 1853 7
1417 1816 1614 1852 ΠιΡῙΑΝσε
1625 1816 1717 1853 libro
1733 1817 1963 1863 sexaqesimo
1981 1817 2032 1852 ad
2044 1816 2198 1854 edictum
2227 1818 2290 1854 Ait
2303 1830 2407 1865 prae-

1313 1865 1389 1897 tor:
1423 1861 1474 1897 ‘Si
1503 1860 1631 1907 pupilli
1656 1862 1815 1907 pupillae
1837 1862 1980 1897 nomine
2003 1863 2247 1907 postulabitur
2268 1867 2406 1910 tempus

1314 1906 1373 1942 ‘ad
1396 1906 1675 1950 deliberandum,
1700 1917 1748 1942 an
1772 1906 1939 1952 expediat
1962 1917 2043 1942 eum
2065 1907 2301 1944 hereditatem
2324 1911 2406 1948 reti-

1315 1954 1421 1995 ‘nere,
1447 1955 1483 1986 et
1505 1952 1576 1987 hoc
1600 1951 1723 1987 datum
1748 1952 1811 1987 sit:
1837 1952 1869 1987 si
1883 1952 1981 1987 iusta
1998 1962 2109 1988 causa
2124 1962 2204 1989 esse
2219 1954 2408 1999 videbitur,

1314 1997 1422 2032 ‘bona
1451 1997 1590 2034 interea
1620 1997 1777 2033 deminui
1807 1997 1876 2032 nisi
1906 1997 1978 2033 01Μ
2009 2007 2122 2033 causa
2153 1999 2296 2044 cognita
2323 2000 2409 2036 boni

1316 2046 1331 2077 1
1381 2042 1458 2077 ‘viri
1477 2042 1655 2078 arbitratu
1673 2042 1827 2078 vetabo'.
1860 2041 1991 2078 Merito
2012 2046 2159 2088 praetor
2181 2044 2330 2097 impedit
2351 2045 2406 2081 in-

1311 2087 1415 2123 terim
1440 2087 1735 2131 deminutionem,
1763 2087 1934 2133 quamdiu
1958 2088 2101 2124 nomine
2122 2089 2250 2135 pupilli
2273 2091 2408 2135 petitur

1313 2135 1332 2168 2
1379 2136 1519 2178 tempus
1543 2133 1590 2168 ad
1611 2133 1893 2169 deliberandum.
1929 2132 2023 2178 Quid
2038 2134 2086 2169 sit
2101 2137 2222 2170 autem
2239 2135 2409 2172 ‘deminui

1313 2178 1464 2214 ‘vetabo'
1495 2178 1690 2214 videamus.
1746 2178 1802 2214 his
1833 2178 1950 2214 verbis
1982 2182 2129 2224 praetor
2160 2190 2234 2215 non
2265 2184 2408 2217 tantum

1312 2223 1563 2259 alienationem
1586 2223 1752 2269 impedit,
1784 2234 1908 2259 verum
1934 2223 2040 2259 etiam
2064 2225 2225 2261 actiones
2250 2228 2408 2263 exerceri

1312 2279 1385 2304 non
1443 2269 1570 2304 atitur:
1612 2272 1667 2305 est
1699 2269 1793 2305 enim
1824 2268 2021 2305 absurdum
2053 2270 2104 2312 ei,
2147 2271 2205 2306 cui
2239 2271 2406 2308 alienatio

1311 2280 1546 2358 interdicitur,
1578 2314 1737 2360 permitti
1760 2314 1920 2350 actiones
1945 2324 2121 2360 exercere,
2150 2319 2186 2350 et
2208 2315 2259 2351 ita
2281 2317 2405 2353 Labeo

1312 2363 1331 2395 3
1376 2360 1511 2395 scribit.
1544 2360 1587 2395 In
1604 2370 1737 2396 causae
1749 2360 1778 2382 ¹⁵
1794 2364 1915 2395 autem
1933 2360 2134 2405 cognitione
2149 2361 2220 2396 hoc
2236 2365 2405 2406 vertetur,

1312 2415 1358 2440 an
1389 2405 1485 2440 iusta
1517 2415 1628 2441 causa
1651 2405 1718 2448 sit,
1750 2408 1793 2441 ut
1815 2405 2019 2441 deminuere
2041 2409 2188 2451 praetor
2210 2407 2404 2451 permittat.

1312 2460 1394 2495 ergo
1419 2454 1455 2486 et
1476 2450 1613 2487 funeris
1638 2461 1749 2486 causa
1773 2450 1928 2486 deminui
1951 2451 2142 2495 permittet,
2170 2451 2256 2487 item
2280 2462 2404 2489 eorum

1310 2505 1403 2541 quae
1433 2495 1510 2531 sine
1540 2495 1683 2541 piaculo
1716 2506 1789 2532 non
1816 2499 1971 2541 possunt
1992 2496 2189 2540 praeteriri.
2237 2498 2404 2534 vescendi

1308 2541 1424 2586 gratia
1452 2551 1565 2586 aeque
1589 2541 1747 2577 deminui
1769 2541 1961 2586 permittet.
2009 2541 2074 2576 sed
2104 2544 2142 2576 et
2171 2541 2234 2576 ubi
2264 2547 2403 2587 urguet,

1311 2597 1355 2621 ex
1386 2586 1464 2622 aliis
1496 2597 1639 2639 quoque
1673 2586 1793 2622 causis
1823 2586 2029 2631 permittere
2062 2596 2143 2622 eum
2169 2590 2330 2632 oportet,
2363 2591 2404 2624 ut

1309 2630 1474 2667 aedificia
1497 2634 1719 2674 sarciantur,
1752 2642 1798 2667 ne
1821 2631 1897 2676 agri
1919 2630 2046 2666 inculti
2069 2631 2159 2672 sint,
2191 2632 2222 2667 si
2245 2643 2317 2678 qua
2339 2644 2402 2679 pe-

1311 2677 1417 2712 cunia
1441 2677 1507 2712 sub
1531 2687 1650 2722 poena
1673 2676 1823 2712 debetur
1853 2679 1895 2711 111
1917 2676 2145 2720 restituatur,
2177 2688 2223 2712 ne
2252 2678 2404 2723 pignora

1310 2721 1567 2757 distrahantur.
1616 2733 1661 2758 ex
1691 2722 1770 2757 aliis
1801 2730 1943 2766 quoque
1973 2721 2076 2757 iustis
2108 2722 2226 2758 causis
2257 2727 2404 2768 praetor

1309 2766 1428 2802 aditus
1453 2767 1728 2802 deminutionem
1751 2766 1948 2819 permittet:
1973 2776 2089 2812 neque
2113 2767 2206 2803 enim
2225 2767 2302 2804 sine
2319 2779 2402 2814 per-

1309 2812 1420 2847 missu
1446 2812 1521 2847 eius
1546 2812 1654 2848 debet
1677 2811 1870 2847 deminutio
1893 2810 1982 2847 fieri.

1355 2853 1380 2894 8
1412 2856 1522 2892 IDEM
1548 2857 1640 2893 libro
1671 2857 1900 2902 sexaqesimo
1926 2857 2050 2903 primo
2082 2857 2132 2893 ad
2161 2857 2315 2894 edictum
2364 2858 2401 2895 Si

1310 2902 1388 2947 quis
1413 2912 1499 2937 suus
1522 2902 1637 2944 heres,
1646 2905 1896 2982 eplosteaquam
1919 2911 1957 2937 se
1981 2902 2205 2945 abstinuerit,
2229 2907 2317 2939 tunc
2337 2914 2400 2950 pe-

1308 2950 1363 2981 tat
1387 2949 1526 2992 tempus
1551 2947 1598 2982 ad
1680 2946 1899 2990 'beraudum,
1922 2946 2117 2990 videamus,
2142 2957 2189 2984 an
2208 2948 2402 2994 impetrare

1310 2991 1455 3027 debeat:
1481 2992 1665 3037 magisque
1689 2995 1753 3035 est,
1778 2995 1819 3027 ut
1841 3002 1887 3027 ex
1910 3002 2021 3028 causa
2044 2993 2174 3029 debeat
2195 2993 2399 3039 impetrare,

1310 3047 1391 3073 cum
1414 3037 1573 3072 nondum
1595 3037 1693 3072 bona
1714 3036 1899 3073 venierint.

1355 3079 1381 3119 9
1406 3080 1463 3117 ΡΑ
1471 3091 1567 3117 unos
1586 3082 1677 3118 libro
1701 3083 1790 3128 qu‘n
1816 3082 2000 3128 uaqesimo
2024 3086 2152 3119 octavo
2176 3083 2227 3119 ad
2245 3083 2399 3119 edictum

1310 3126 1422 3207 {iilius
1447 3127 1531 3162 dum
1555 3127 1738 3170 deliberat,
1849 3131 1933 3163 enta
1955 3128 2089 3164 habere
2109 3127 2214 3164 debet
2234 3138 2278 3164 ex
2296 3128 2397 3163 here·

1347 3175 1432 3207 tate.

1359 3215 1409 3254 10
1434 3216 1675 3253 MARCELLUS
1702 3217 1794 3253 libro
1823 3218 1989 3253 vicesimo
2020 3221 2146 3254 octavo
2178 3217 2398 3263 diqestorum

1310 3262 1348 3297 Si
1371 3262 1492 3307 plures
1515 3261 1647 3307 gradus
1671 3262 1743 3298 sint
1765 3262 1935 3298 heredum
1957 3263 2211 3304 institutorum,
2236 3272 2301 3306 per
2324 3262 2396 3297 sin-

1356 3307 1411 3343 108
1435 3307 1707 3343 observaturum
1734 3317 1773 3344 se
1802 3308 1853 3343 ait
1882 3311 2028 3353 praetor
2057 3307 2094 3342 id
2125 3307 2262 3359 (111οᾱιθ
2291 3317 2396 3351 prae-

1308 3318 1465 3388 {gjendo
1489 3356 1650 3398 tempore
1673 3352 1936 3389 deliberationis
1960 3352 2087 3395 edicit,
2119 3351 2282 3387 videlicet
2309 3355 2351 3387 ut
2374 3362 2398 3387 a

1308 3398 1421 3443 primo
1457 3407 1600 3443 quoque
1634 3397 1681 3433 ad
1716 3402 1921 3444 sequentem
1951 3397 2127 3432 translata
2157 3396 2355 3432 hereditate
2368 3397 2397 3418 ¹¹¹

1312 3511 1472 3543 suadetur
1482 3523 1544 3544 scr.
1640 3513 1697 3553 (12)
1723 3512 1928 3554 sexagesimo
1945 3509 2096 3545 Cuiacius
2180 3510 2237 3550 (13)
2262 3509 2343 3540 item
2356 3519 2396 3542 ea

1312 3566 1397 3599 quae
1407 3566 1500 3588 mora
1512 3556 1678 3589 deteriora
1689 3557 1772 3589 fiant
1792 3557 1852 3590 del.
1956 3556 2014 3597 (14)
2039 3554 2127 3587 bona
2143 3554 2272 3586 interea
2290 3553 2395 3586 demi-

1310 3601 1382 3641 nui,
1395 3601 1464 3633 nisi
1477 3601 1507 3634 si
1519 3601 1610 3634 iusta
1622 3612 1723 3635 001180
1735 3612 1804 3634 esse
1819 3600 1990 3633 videbitur
2001 3612 2064 3632 scr.
2171 3600 2230 3640 (15)
2255 3608 2355 3631 causa
2368 3599 2403 3631 F

1310 3646 1371 3687 (16)
1395 3646 1436 3678 de
1455 3647 1516 3680 ins.
1538 3647 1612 3680 edd.
1704 3649 1763 3689 (17)
1790 3645 1985 3678 translatam
2001 3643 2186 3676 hereditate
2199 3643 2261 3684 F¹‚
2284 3646 2394 3676 trans-

206 3684 249 3725 (8)
274 3685 340 3718 Εά.
354 3692 455 3724 1...10;
480 3685 562 3719 Sab.
574 3692 614 3719 11·
634 3705 677 3711 —
698 3688 785 3722 Bas.
799 3689 909 3729 35,13.
929 3707 973 3714 —
996 3688 1046 3734 Cf.
1063 3689 1139 3724 Cod.
1155 3693 1186 3731 6,
1203 3698 1239 3725 30
1309 3691 1410 3723 latam
1423 3691 1644 3725 hereditatem
1658 3691 1709 3725 F'2

160 3728 204 3770 (9)
228 3729 276 3762 εἰσ
289 3729 696 3772 ind-Flor.,liberandiF
747 3734 806 3773 (10)
831 3735 950 3776 utique
962 3747 1023 3768 scr.
1085 3736 1140 3777 (11)
1164 3746 1239 3778 pei·—

2056 3790 2121 3821 50*
