2528 3918
102 161 157 190 ET
186 161 247 191 DE
277 159 327 191 SU
332 158 560 191 GGRUNDIS

98 270 194 313 facit,
213 269 443 305 interdictum
463 268 681 304 reddendum
701 268 742 310 ei,
763 268 800 303 in
814 267 915 303 cuius
934 267 1040 304 aedes
1052 266 1185 303 rudera

98 315 323 358 decidissent,
372 326 411 351 er
435 314 530 360 quod
553 314 689 349 vicinus
715 314 948 358 compelletur
971 317 1035 348 aut
1059 313 1184 348 tollere

97 364 161 396 aut
182 364 279 397 totas
302 327 409 396 aeges
432 370 497 405 pro
522 359 691 394 derelicto
715 359 859 394 habere.

143 403 168 444 8
196 406 319 442 GAIUS
348 406 399 441 ad
435 404 588 440 edictum
616 405 805 451 praetoris
839 403 974 440 urbam·
1002 403 1105 439 titulo
1141 403 1185 438 de

98 452 228 487 damno
253 451 389 497 infecto
436 448 541 493 Quod
564 449 657 485 sorte
681 453 768 484 tunc
791 452 889 484 recte
913 449 1069 491 dicetur,
1102 458 1184 484 cum

99 508 170 532 non
201 497 312 542 ipsius
336 494 573 540 neglegentia,
608 494 670 530 sed
694 498 843 539 propter
866 495 1010 539 aliquod
1034 493 1183 540 impedi-

99 546 255 577 mentum
279 541 346 576 sibi
369 550 442 576 non
464 541 660 584 prospexit.

144 586 170 625 9
201 586 394 622 ULPIANUS
414 585 504 619 libro
563 585 862 630 ue‘nquaqensz'mo
888 586 993 619 tertio
1018 584 1069 620 ad
1090 583 1183 619 edio-

99 636 172 668 tum
214 631 292 666 Hoc
316 630 468 675 amplius
493 629 510 663 I
563 640 651 664 anus
675 640 782 674 posse
806 630 877 664 dici
901 628 1184 675 compellendum

97 689 194 719 eum,
228 679 266 711 ut
295 675 401 710 etiam
433 675 477 710 de
508 675 702 720 praeterito
733 675 862 710 damno
897 680 1055 710 caveret:
1088 674 1184 719 quod

96 723 190 758 enim
205 731 243 756 re
266 720 405 765 integra
422 719 632 764 custoditur,
657 720 727 756 1106
744 731 816 755 11011
836 721 956 764 1111(1116
976 721 1082 756 6116111
1101 723 1184 764 post

96 768 234 803 ruinam
258 765 398 800 aedium
422 766 675 810 praestabitur.
712 765 851 810 integra
867 769 986 801 autem
1009 777 1049 801 re
1072 775 1182 801 unus-

97 812 244 858 quisque
275 811 414 855 cogitur
442 814 506 845 aut
537 810 580 846 de
611 811 740 846 damno
772 811 905 846 infecto
937 822 1079 854 cavere,
1121 813 1184 845 aut

96 857 243 892 aedibus
270 866 392 891 carere
424 866 512 900 quas
536 866 609 891 non
634 856 822 891 defendit*
854 856 1024 902 denique,
1055 856 1182 900 inquit,

96 903 126 938 si
180 901 236 937 uis
272 905 422 946 propter
458 901 641 946 angustias
678 902 848 946 temporis
887 906 951 936 aut
990 902 1074 947 quia
1087 905 1096 923 ¹
1131 901 1184 937 rei

95 948 261 993 pubicae
296 957 407 981 causa
443 947 567 981 aberat
605 958 677 982 non
715 947 875 992 potuerit
910 947 1031 982 damni
1060 946 1184 982 infecti

95 992 270 1038 stipulari,
295 1002 368 1026 non
391 991 510 1036 inique
533 995 736 1036 praetorem
760 996 980 1036 curaturum,
1005 996 1046 1027 ut
1070 991 1181 1027 domi-

95 1049 163 1074 nus
186 1037 395 1072 vitiosarum
414 1036 556 1072 aedium
581 1042 643 1072 aut
663 1037 831 1072 damnum
855 1038 989 1073 sarciat
1008 1042 1072 1073 aut
1086 1037 1183 1072 aedi-

95 1084 163 1119 bus
195 1086 327 1118 careat.
375 1082 589 1117 sententiam
625 1083 757 1118 Iuliani
791 1083 927 1119 utilitas
959 1083 1182 1128 comprobat.

99 1133 112 1164 1
163 1127 218 1164 De
241 1128 296 1162 his
321 1131 456 1172 autem,
487 1138 579 1172 quae
612 1128 646 1163 vi
676 1128 832 1164 fluminis
863 1129 1057 1174 importata
1088 1132 1182 1171 sunt,

96 1185 140 1208 an
179 1173 409 1208 interdictum
448 1173 526 1208 dari
567 1173 699 1217 possit,
741 1175 936 1218 quaeritur.
992 1174 1183 1209 Trebatius

95 1219 220 1262 refert,
254 1229 335 1253 cum
360 1218 499 1254 Tiberis
529 1219 751 1254 abundasset
780 1223 817 1254 et
845 1230 903 1255 res
932 1220 1064 1255 multas
1093 1218 1183 1253 mul-

94 1269 212 1300 torum
242 1264 280 1298 in
312 1263 429 1299 aliena
461 1263 625 1299 aedificia
661 1264 866 1308 detulisset,
904 1265 1133 1300 interdictum
1163 1274 1185 1299 a

94 1312 261 1354 praetore
291 1309 430 1351 datum,
469 1319 514 1344 ne
542 1309 595 1344 vis
624 1309 727 1345 fieret
756 1310 925 1352 dominis,
965 1321 1035 1355 quo
1066 1310 1184 1345 minus

94 1365 161 1391 sua
184 1355 351 1390 tollerent
371 1354 563 1398 auferrent,
589 1354 620 1390 si
643 1355 749 1391 modo
775 1355 894 1390 damni
918 1356 1042 1391 infe-cti
1059 1365 1183 1400 repro-

95 1403 114 1435 2
161 1400 374 1435 mitterent2.
422 1398 574 1435 Alfenus
600 1410 743 1444 quoque
766 1401 907 1443 scribit,
942 1401 972 1436 si
1005 1412 1049 1436 ex
1072 1400 1184 1436 fundo

94 1450 157 1481 tuo
181 1448 303 1480 crusta
327 1445 429 1489 lapsa
453 1444 501 1479 sit
523 1446 561 1479 in
582 1455 699 1480 meum
722 1445 873 1481 fundum
899 1456 1046 1491 eamque
1070 1450 1184 1491 petas,

96 1490 250 1526 dandum
282 1490 320 1524 in
349 1494 386 1525 te
414 1490 586 1525 iudicium
610 1490 654 1525 de
680 1491 808 1526 damno
834 1491 904 1525 iam
928 1491 1043 1533 facto,
1077 1491 1185 1535 idque

94 1536 216 1571 Labeo
240 1535 387 1581 probat:
421 1545 505 1570 nam
528 1535 678 1571 arbitrio
703 1536 849 1578 iudicis,
876 1537 973 1581 apud
999 1547 1102 1581 quem
1126 1547 1184 1572 res

94 1581 284 1626 prolapsae
307 1583 494 1625 petentur,
528 1581 713 1623 damnum,
748 1582 843 1625 quod
869 1586 951 1617 ante
977 1583 1087 1625 sensi,
1113 1593 1185 1617 non

95 1626 281 1668 contineri,
306 1636 372 1661 nec
396 1626 499 1660 ahter
523 1626 677 1660 dandam
702 1627 889 1669 actionem,
917 1638 1023 1671 quam
1046 1631 1087 1662 ut
1111 1639 1183 1662 om-

95 1672 155 1707 nia
178 1672 363 1715 tollantur,
389 1681 480 1716 quae
505 1675 590 1706 sunt
612 1672 794 1716 prolapsa.
828 1672 880 1707 ita
904 1672 1045 1708 demum
1066 1676 1186 1708 autem

96 1721 253 1752 crustam
291 1716 463 1751 vindicari
497 1727 604 1761 posse
642 1717 736 1752 idem
765 1718 918 1754 Alfenus
951 1718 1016 1761 ait,
1055 1718 1086 1754 si
1114 1729 1186 1754 non

96 1762 270 1799 coaluerit
301 1772 367 1797 nec
399 1762 572 1798 unitatem
598 1773 679 1798 cum
711 1770 808 1798 terra
830 1773 910 1798 mea
935 1763 1073 1799 fecerit.
1119 1774 1186 1798 1166

95 1809 204 1843 arbor
227 1811 347 1852 potest
369 1807 543 1842 vindicari
566 1818 589 1842 a
611 1811 658 1850 te,
685 1819 776 1852 quae
800 1809 977 1844 translata
1000 1809 1038 1843 in
1063 1819 1185 1854 agrum

94 1864 212 1889 meum
242 1864 323 1887 cum
355 1857 451 1887 terra
482 1862 562 1888 mea
593 1853 737 1888 coaluit.
785 1854 849 1889 sed
879 1865 946 1889 nec
970 1865 1034 1898 ego
1059 1858 1185 1899 potero

94 1899 237 1934 tecum³
262 1908 367 1942 agere
390 1897 446 1933 ius
471 1898 560 1933 tibi-‘⁴
583 1908 657 1933 non
679 1908 759 1934 esse
782 1899 834 1933 ita
859 1903 1016 1934 crustam
1039 1900 1184 1943 habere,

95 1945 126 1980 si
155 1944 227 1979 iam
259 1954 340 1978 cum
364 1947 461 1978 terra
490 1953 570 1978 mea
595 1943 747 1987 coaluit,
778 1944 862 1989 quia
889 1955 969 1979 mea
998 1944 1096 1980 facta
1120 1948 1185 1980 est.

96 1993 115 2024 3
163 1988 333 2024 Neratius
363 1992 482 2024 autem
507 1988 648 2031 scribit,
682 1990 713 2024 si
735 1990 823 2025 ratis
855 1990 893 2024 in
922 2000 1046 2035 agrum
1069 2000 1187 2025 meum

95 2035 129 2070 vi
166 2034 323 2069 fluminis
362 2033 481 2068 delata
520 2034 584 2077 sit,
623 2045 695 2069 non
731 2035 836 2070 aliter
870 2035 936 2070 tibi
971 2039 1187 2080 potestatem

96 2079 244 2115 tollendi
274 2078 491 2121 faciendam,
535 2090 641 2123 quam
679 2080 709 2114 si
746 2080 788 2116 de
820 2081 1013 2124 praeterito
1046 2091 1186 2125 quoque

96 2128 115 2160 4
165 2125 294 2159 damno
325 2124 410 2158 mihi
443 2124 609 2160 cavisses.
665 2124 874 2169 Quaesitum
905 2129 977 2168 est,
1010 2126 1040 2161 si
1072 2127 1187 2161 solum

97 2171 142 2205 sit
167 2170 324 2211 alterius,
350 2169 557 2213 superficies
583 2170 743 2213 alterius,
776 2170 1042 2215 superficiarius
1066 2176 1187 2206 utrum

95 2216 342 2260 repromittere
374 2214 493 2249 damni
523 2214 649 2250 infecti
678 2225 726 2250 an
755 2216 932 2251 satisdare
962 2216 1102 2252 debeat.
1151 2221 1188 2252 et

95 2261 254 2295 Iulianus
285 2260 426 2302 scribit,
461 2260 624 2304 quotiens
649 2260 895 2305 superficiaria
918 2262 1037 2296 insula
1059 2262 1187 2297 vitiosa

96 2309 168 2348 est,
199 2305 382 2341 dominum
414 2309 449 2340 et
478 2305 522 2340 de
553 2306 619 2341 soli
649 2309 685 2341 et
709 2305 753 2341 de
777 2306 930 2342 aedificii
953 2307 1037 2342 vitio
1061 2318 1185 2353 repro-

95 2351 235 2386 mittere
267 2354 331 2385 aut
362 2361 461 2392 eum,
493 2350 539 2385 ad
569 2361 674 2395 quem
703 2350 912 2396 superficies
937 2353 1109 2397 pertinet,
1143 2353 1187 2389 de

97 2402 250 2441 utroque
280 2395 475 2431 satisdare:
509 2396 605 2441 quod
637 2396 668 2432 si
690 2400 841 2441 uterque
866 2401 1000 2440 cesset,
1032 2399 1188 2433 vicinum

97 2446 116 2476 5
163 2442 201 2477 in
220 2440 486 2494 possessionem
509 2441 731 2478 mittendum.
780 2442 904 2478 Celsus
930 2447 1026 2479 certe
1051 2444 1186 2486 scribit,

97 2487 126 2522 si
150 2486 291 2522 aedium
314 2492 459 2521 tuarum
481 2497 569 2522 usus
594 2487 736 2523 fructus
757 2487 874 2522 Titiae
899 2492 964 2530 est,
990 2489 1110 2524 damni
1133 2490 1186 2524 in-

96 2532 181 2567 fecti
206 2536 270 2567 aut
293 2531 473 2567 dominum
497 2533 744 2577 repromittere
767 2537 832 2567 aut
856 2533 987 2568 Titiam
1011 2534 1188 2569 satisdare

97 2577 235 2612 debere.
274 2577 369 2621 quod
393 2578 423 2612 si
447 2578 484 2612 in
503 2579 763 2622 possessionem
784 2578 914 2615 missus
931 2578 1041 2614 fuerit
1060 2580 1102 2622 is,
1129 2580 1187 2615 cui

96 2622 216 2657 damni
247 2622 371 2657 infecti
404 2622 599 2657 cavendum
631 2622 717 2665 fuit,
750 2623 883 2658 Titiam
914 2625 967 2659 uti
998 2625 1072 2660 frui
1102 2636 1186 2670 pro-

96 2668 244 2702 hibebit.
291 2667 384 2702 idem
408 2668 459 2701 ait
483 2678 563 2702 eum
587 2678 728 2712 quoque
751 2668 1000 2712 fructuarium,
1030 2670 1091 2715 qui
1115 2681 1187 2706 non

97 2712 228 2756 reficit,
262 2723 284 2747 a
316 2712 459 2747 domino
490 2713 542 2747 uti
574 2712 646 2747 frui
676 2713 956 2758 prohibendum:
990 2725 1072 2759 ergo
1098 2720 1134 2751 et
1157 2715 1188 2750 si

98 2758 141 2793 de
166 2757 294 2792 damno
318 2757 451 2793 infecto
476 2769 548 2793 non
580 2762 681 2793 cavet
713 2758 948 2804 dominusque
981 2761 1186 2806 compulsus

98 2808 152 2838 est
175 2803 434 2848 repromittere,
460 2803 643 2848 prohiberi
667 2802 774 2839 debet
797 2804 879 2839 frui.

149 2847 197 2886 10
225 2847 383 2883 mes
404 2848 494 2883 libro
521 2848 825 2894 quadraqensimo
856 2853 981 2885 octavo
1015 2850 1064 2885 ad
1093 2851 1187 2886 edic-

99 2898 171 2928 tum
218 2892 385 2937 Quamvis
407 2893 544 2928 alienus
564 2904 651 2929 usus
669 2894 809 2930 fructus
827 2895 883 2936 sit,
906 2895 1086 2930 dominum
1103 2907 1185 2940 pro-

97 2938 260 2974 mittere⁵
284 2943 451 2983 oportere
476 2938 622 2973 Cassius
652 2940 712 2974 ait.
761 2940 830 2975 nisi
860 2941 1118 2985 proprietarius
1150 2942 1187 2976 in

97 2987 211 3019 totum
229 2984 455 3028 repromittat
471 2984 527 3018 vel
545 2983 766 3020 fructuarius
785 2985 947 3027 satisdat,
967 2986 1059 3020 mitti
1080 2997 1185 3031 opor-

98 3033 149 3064 tet
171 3029 208 3064 in
232 3029 493 3074 possessionem
518 3039 610 3070 eum,
637 3030 694 3065 cui
718 3041 790 3064 non
814 3034 993 3065 caveatur.
1032 3031 1095 3066 sed
1119 3032 1187 3067 nisi

98 3074 332 3119 proprietario
365 3074 627 3119 repromittenti
657 3074 878 3111 fructuarius
904 3080 1046 3118 caveat,
1080 3076 1186 3112 dene-

99 3119 251 3163 gandam
284 3119 315 3154 ei
347 3119 488 3155 fructus
518 3119 725 3164 petitionem
748 3120 908 3156 Iulianus
939 3122 1076 3156 scribit.
1124 3122 1187 3157 sed

99 3164 130 3199 si
153 3163 372 3199 fructuarius
397 3164 440 3199 de
465 3165 531 3200 soli
555 3165 639 3200 vitio
665 3164 749 3209 quid
771 3167 1010 3210 praestiterit,
1042 3167 1098 3203 ius
1123 3167 1186 3203 do-

99 3208 186 3244 mini
209 3209 256 3244 ad
278 3220 358 3244 eum
382 3210 568 3245 transferri
594 3214 746 3255 oportet.

149 3252 196 3290 11
210 3254 225 3275 ⁶
248 3253 441 3290 Urpmvos
457 3255 547 3291 libro
563 3256 887 3302 quz'nquaqensz'mo
905 3258 1009 3292 tercio
1026 3257 1075 3292 ad
1093 3257 1187 3293 edic-

101 3303 175 3333 tum
222 3298 315 3343 Quid
338 3299 382 3334 de
406 3301 579 3336 creditore
599 3300 768 3343 dicemus,
794 3301 856 3346 qui
874 3302 1003 3347 pignus
1021 3303 1187 3347 accepit?

100 3348 221 3379 utrum
243 3344 507 3388 repromittere,
533 3346 616 3390 quia
639 3357 744 3381 suum
767 3346 822 3381 ius
846 3350 984 3389 tuetur,
1010 3358 1057 3382 an
1081 3349 1186 3383 satis-

101 3389 206 3432 dare,
232 3389 315 3434 quia
339 3389 501 3425 dominus
525 3402 597 3426 non
621 3395 693 3432 est,
720 3391 888 3426 debebit?
928 3403 1018 3437 quae
1050 3394 1186 3438 species

102 3439 157 3471 est
184 3435 222 3469 in
254 3435 431 3469 contrario
461 3436 573 3471 latere
603 3436 699 3480 apud
722 3436 934 3471 Marcellum
958 3439 1109 3481 agitata,
1141 3449 1187 3473 an

102 3479 271 3515 creditori
294 3480 525 3523 pigneraticio
551 3480 671 3516 damni
694 3480 816 3517 infecti
838 3482 954 3517 caveri
975 3483 1114 3519 debeat.
1151 3487 1188 3519 et

102 3525 153 3559 ait
175 3524 368 3559 Marcellus
392 3525 564 3560 inutiliter
587 3526 620 3561 ei
643 3526 779 3561 caveri:
812 3526 975 3572 idemque
1005 3528 1111 3563 etiam
1144 3529 1187 3564 de

103 3580 144 3606 eo
170 3569 387 3605 cavendum⁷
412 3570 473 3614 qui
495 3581 568 3606 non
591 3581 614 3606 a
638 3571 780 3608 domino
805 3572 907 3607 emit:
939 3582 1023 3608 nam
1053 3584 1119 3609 nec
1149 3574 1188 3608 in

103 3684 142 3723 (1)
169 3694 235 3725 qua
246 3684 279 3715 F
327 3684 372 3724 (2)
397 3684 674 3726 repromittentF
720 3689 763 3729 (3)
788 3688 947 3729 tegumF
995 3689 1038 3731 (4)
1062 3690 1196 3722 mihiF

103 3729 146 3770 (6)
171 3729 399 3771 repromittere
411 3730 485 3762 edd.

558 3731 600 3771 (6)
626 3732 668 3774 cs.
684 3732 703 3765 l.
718 3739 749 3766 13
767 3737 783 3771 §
800 3740 816 3766 9
831 3734 861 3765 Ιι.
876 3740 896 3766 τ.
969 3732 1014 3775 (τ)
1038 3737 1186 3768 statuen-

103 3772 182 3804 dum
192 3786 254 3805 scr.

353 3775 396 3843 (ξ)
422 3774 458 3806 id
470 3774 530 3815 est]
542 3775 622 3808 item
633 3789 696 3810 ser.
791 3779 835 3818 (9)
862 3779 908 3811 ad
923 3783 938 3816 ξ
955 3786 971 3812 9
987 3781 1027 3822 cjt
1044 3780 1063 3813 l.
1077 3788 1106 3815 11
1120 3781 1150 3813 Ιι.
1165 3787 1186 3814 τ.

1176 139 1259 188 595

2036 143 2290 186 XXXVIIII
2320 146 2344 184 2

1254 264 1360 300 huius
1392 274 1546 310 persona
1571 264 1742 299 committi
1766 265 2041 310 stipulationem.
2091 265 2345 312 aequissimum

1253 314 1373 346 tamen
1405 314 1492 356 puto
1525 309 1609 344 huic
1640 310 1946 355 prospiciendum,
1984 311 2022 347 id
2054 313 2134 347 est⁸
2164 311 2344 353 creditori,

1253 366 1318 400 per
1343 356 1387 390 sti
1415 356 1622 390 ulationem.

1304 399 1353 437 12
1382 367 1539 436 BAULUS
1569 400 1659 435 libro
1693 400 1996 445 quadraqensz'mo
2028 406 2153 437 octavo
2179 402 2229 437 ad
2251 402 2344 437 edic-

1253 450 1327 480 tum
1374 446 1439 481 His
1464 445 1525 491 qui
1548 444 1689 490 pignori
1712 455 1787 479 rem
1816 450 2034 490 acceperunt
2065 448 2184 491 potior
2213 450 2269 483 est
2299 447 2343 489 i8‚

1254 491 1311 526 cui
1336 491 1455 526 damni
1484 490 1610 526 infecti
1638 500 1711 525 non
1742 494 1905 535 cavetur,
1937 491 1967 526 si
1996 493 2180 536 possidere
2212 497 2248 529 et
2279 503 2345 539 per

1252 537 1397 581 longum
1420 540 1562 581 tempus
1586 545 1662 571 rem
1686 545 1816 580 capere
1840 536 1873 570 ei
1895 537 2107 581 permissum
2130 538 2247 574 fuerit.

1303 580 1352 619 13
1365 582 1379 603 ⁹
1404 581 1599 617 ULPIANUS
1613 580 1703 616 libro
1721 581 2047 627 quinquagensimo
2065 585 2169 618 tertio
2187 585 2236 619 ad
2250 583 2343 619 edic-

1253 632 1326 661 tum
1375 627 1444 671 Qui
1475 627 1571 661 bona
1600 625 1671 662 fide
1700 636 1723 661 a
1754 637 1827 662 non
1854 626 1994 662 domino
2021 628 2121 670 emit,
2154 629 2344 665 videndum

1254 676 1317 712 est,
1341 672 1515 717 numquid
1538 671 1782 716 repromittat,
1810 682 1884 707 non
1907 672 2015 707 etiam
2039 673 2199 709 satisdet.
2249 674 2344 719 quod

1253 717 1468 762 quibusdam
1490 717 1648 752 videtur:
1673 717 1784 753 habet
1807 721 1928 753 autem
1951 718 2142 760 rationem,
2167 724 2208 754 ut
2232 721 2344 764 magis

1253 763 1479 808 repromittat
1503 773 1610 807 quam
1635 762 1801 798 satisdet:
1827 772 1892 798 suo
1919 763 2011 797 enim
2031 764 2171 799 nomine
2190 765 2226 799 id
2246 765 2343 799 facit.

1257 811 1271 842 1
1322 807 1403 843 Sive
1433 809 1594 852 corporis
1628 808 1791 843 dominus
1823 808 1896 843 sive
1927 808 1958 842 is
1990 809 2052 852 qui
2081 810 2136 844 ius
2160 810 2269 845 habet
2293 814 2345 851 (ut

1252 857 1342 898 puta
1365 854 1585 896 servitutem)
1610 853 1653 888 de
1678 853 1808 889 damno
1833 853 1967 888 infecto
1994 859 2127 895 caveat,
2152 860 2239 899 puto
2265 866 2346 890 eum

1252 899 1501 944 repromittere
1515 898 1656 941 debere,
1678 909 1752 933 non
1767 899 1954 941 satisdare,
1981 899 2064 943 quia
2080 910 2145 934 suo
2163 900 2304 936 nomine
2317 902 2346 920 ¹⁰

1254 946 1274 979 2
1321 944 1358 979 id
1388 944 1496 987 facit,
1528 955 1602 979 non
1634 944 1764 979 alieno.
1814 944 1902 978 Cum
1934 945 2026 978 inter
2057 945 2163 980 aedes
2188 956 2286 980 meas
2310 949 2347 980 et

1252 993 1334 1025 tuas
1372 989 1446 1025 sint
1479 989 1571 1024 aliae
1607 989 1713 1024 aedes
1748 1000 1821 1024 non
1855 989 2020 1031 vitiosae,
2057 990 2245 1025 videndum
2279 995 2345 1033 est,

1251 1038 1374 1070 utrum
1387 1036 1415 1056 ²²
1445 1038 1487 1069 tu
1519 1035 1617 1070 solus
1648 1034 1736 1069 mihi
1760 1045 1887 1070 cavere
1912 1035 2042 1070 debeas
2066 1045 2113 1069 an
2138 1046 2219 1071 vero
2245 1040 2280 1071 et
2303 1036 2345 1078 is,

1254 1080 1356 1116 cuius
1391 1080 1498 1116 aedes
1535 1081 1683 1115 vitiosae
1718 1091 1791 1115 non
1822 1084 1926 1123 sunt,
1967 1091 2013 1114 an
2047 1081 2107 1115 ille
2142 1081 2259 1124 solus,
2300 1092 2347 1116 an

1254 1126 1360 1161 ambo
1374 1126 1413 1161 ¹².
1452 1129 1489 1160 et
1510 1125 1622 1170 magis
1648 1129 1712 1169 est,
1738 1130 1779 1160 ut
1803 1126 1908 1161 ambo
1931 1136 2057 1161 cavere
2075 1126 2239 1168 debeant,
2265 1127 2348 1171 quia

1252 1171 1331 1205 fieri
1354 1174 1491 1216 potest,
1524 1175 1566 1205 ut
1596 1171 1703 1205 aedes
1734 1171 1884 1206 vitiosae
1913 1171 1950 1206 in
1974 1171 2079 1207 aedes
2104 1182 2178 1206 non
2201 1172 2347 1207 vitiosas

1253 1216 1453 1252 incidentes
1484 1216 1651 1251 damnum
1676 1217 1762 1251 mihi
1787 1216 1881 1252 dent.
1932 1217 2091 1262 quamvis
2122 1217 2237 1263 possit
2268 1218 2347 1262 quis

1254 1262 1373 1297 dicere
1402 1272 1476 1297 non
1504 1262 1589 1296 vitio
1613 1262 1845 1297 incolumium
1870 1262 2012 1297 aedium
2037 1263 2106 1297 1106
2129 1263 2286 1305 factum,
2319 1263 2348 1298 si

1254 1307 1347 1342 aliae
1377 1307 1415 1342 in
1446 1317 1507 1342 eas
1538 1307 1737 1342 incidentes
1768 1308 1889 1342 damni
1914 1319 2060 1342 causam
2083 1309 2345 1353 praebuerunt:

1254 1353 1316 1388 sed
1342 1364 1423 1388 cum
1445 1353 1654 1397 prospicere
1678 1353 1747 1388 sibi
1770 1354 1929 1398 potuerit
1959 1354 2079 1388 damni
2107 1353 2232 1389 infecti
2262 1364 2347 1389 eau-

1255 1401 1273 1431 3
1322 1399 1466 1439 tionem,
1486 1409 1559 1433 non
1574 1399 1601 1419 ¹³
1618 1399 1855 1443 prospexerit,
1875 1399 2000 1434 merito
2016 1400 2254 1434 convenietur.
2281 1399 2349 1444 Qui

1255 1443 1374 1478 damni
1398 1443 1522 1478 infecti
1546 1444 1664 1478 caveri
1688 1444 1757 1479 sibi
1781 1444 1951 1489 postulat,
1976 1444 2077 1488 prius
2101 1445 2146 1480 de
2170 1445 2349 1480 calumnia

1253 1489 1374 1524 iurare
1399 1489 1521 1524 debet:
1559 1489 1718 1534 quisquis
1750 1489 1858 1534 igitur
1887 1490 2058 1525 iuraverit
2090 1490 2134 1525 de
2159 1490 2348 1532 calumnia,

1255 1534 1457 1569 admittitur
1475 1534 1521 1569 ad
1541 1534 1821 1579 stipulationem,
1847 1538 1883 1570 et
1902 1546 1974 1570 non
1993 1535 2204 1580 inquiretur,
2229 1539 2349 1570 utrum

1254 1580 1396 1614 intersit
1425 1579 1503 1614 eius
1533 1590 1582 1615 an
1612 1590 1702 1623 non,
1735 1580 1872 1615 vicinas
1902 1580 2008 1616 aedes
2038 1581 2171 1616 habeat
2201 1592 2247 1615 611
2277 1591 2350 1615 11011

1254 1625 1398 1660 habeat.
1446 1628 1562 1660 totum
1598 1629 1719 1661 tamen
1757 1626 1828 1661 hoc
1867 1625 2106 1661 iurisdictioni
2145 1626 2349 1672 praetoriae

1255 1674 1275 1704 4
1323 1670 1590 1712 subiciendum,
1624 1671 1683 1706 cui
1706 1671 1903 1706 cavendum
1927 1672 1992 1712 sit,
2026 1672 2084 1706 cui
2112 1682 2196 1707 non.
2246 1671 2348 1707 Cete-

1255 1726 1334 1750 rum
1357 1725 1474 1759 neque
1498 1716 1531 1751 ei
1554 1716 1616 1761 qui
1639 1716 1677 1750 in
1700 1726 1778 1751 meo
1805 1717 2009 1752 deambulet
2033 1727 2149 1762 neque
2174 1717 2206 1751 ei
2231 1718 2290 1761 qui
2312 1717 2350 1751 in

1255 1771 1333 1796 meo
1358 1761 1453 1796 lavet
1476 1762 1530 1796 vel
1554 1762 1591 1796 in
1615 1772 1695 1796 mea
1717 1762 1870 1797 taberna
1894 1762 2064 1805 devertat,
2091 1763 2208 1798 caveri
2232 1762 2348 1798 debet.

1256 1810 1274 1840 5
1322 1806 1460 1842 Vicinis
1484 1807 1592 1851 plane
1615 1807 1867 1852 inquilinisque
1891 1818 2015 1842 eorum
2039 1811 2076 1843 et
2094 1807 2349 1853 inquilinorum

1256 1852 1429 1887 uxoribus
1454 1852 1652 1886 cavendum
1678 1862 1754 1887 esse
1776 1853 1828 1887 ait
1845 1853 1980 1895 Labeo,
2004 1854 2090 1889 item
2108 1853 2165 1888 his
2187 1854 2248 1898 qui
2269 1864 2349 1888 cum

1257 1901 1276 1931 6
1323 1896 1381 1932 his
1412 1903 1606 1932 morentur.
1662 1897 1717 1932 De
1748 1898 1808 1933 illo
1841 1899 2042 1943 quaeritur,
2083 1909 2131 1933 an
2167 1898 2350 1944 inquilinis

1256 1942 1330 1978 suis
1364 1942 1529 1977 dominus
1562 1942 1704 1978 aedium
1736 1953 1862 1978 cavere
1885 1945 2010 1989 possit.
2060 1948 2096 1979 et
2120 1944 2275 1980 Sabinus
2300 1944 2351 1978 ait

1255 1987 1437 2031 inquilinis
1475 1998 1547 2023 non
1579 1998 1659 2023 esse
1691 1989 1905 2024 cavendum:
1946 1993 2010 2024 aut
2045 1989 2141 2025 enim
2171 1990 2217 2024 ab
2249 1990 2349 2024 initio

1255 2032 1402 2068 vitiosas
1428 2032 1535 2068 aedes
1561 2034 1810 2068 conduxerunt
1834 2038 1869 2069 et
1893 2035 2028 2070 habent
2058 2035 2154 2080 quod
2185 2035 2254 2070 sibi
2284 2035 2346 2069 im-

1256 2081 1394 2122 putent,
1419 2082 1484 2113 aut
1506 2079 1544 2113 in
1567 2079 1691 2113 vitium
1715 2079 1821 2115 aedes
1845 2080 2047 2115 inciderunt
2071 2084 2107 2115 et
2130 2084 2283 2126 possunt
2306 2090 2350 2116 ex

1257 2127 1274 2157 7
1326 2123 1504 2159 conducto
1535 2124 1708 2168 experiri:
1743 2135 1835 2170 quae
1859 2126 2036 2161 sententia
2059 2126 2175 2161 verior
2199 2129 2264 2161 est.
2314 2124 2350 2161 Si

1257 2169 1335 2213 quis
1359 2169 1461 2204 iuxta
1484 2174 1753 2204 monumentum
1777 2170 2019 2206 aedificaverit
2049 2171 2105 2206 vel
2127 2172 2229 2206 iuxta
2253 2172 2345 2206 aedi-

1256 2215 1376 2249 ficium
1401 2225 1506 2250 suum
1530 2219 1797 2250 monumentum
1820 2215 1898 2252 fieri
1921 2227 2052 2261 passus
2073 2217 2129 2258 sit,
2155 2217 2199 2252 de
2220 2217 2350 2252 damno

1255 2260 1387 2295 infecto
1413 2260 1445 2294 ei
1467 2264 1596 2305 postea
1620 2261 1817 2296 cavendum
1845 2272 1919 2296 non
1943 2262 2029 2303 6111,
2063 2262 2148 2306 quia
2176 2273 2251 2297 rem
2280 2262 2349 2296 illi-

1257 2305 1364 2340 citam
1388 2305 1550 2340 admisit:
1582 2306 1672 2341 alias
1697 2311 1817 2341 autem
1841 2308 1871 2342 si
1894 2312 2122 2343 monumento
2149 2307 2351 2343 aedificium

1256 2354 1396 2393 noceat,
1421 2350 1459 2385 in
1484 2361 1554 2395 quo
1580 2351 1669 2386 nihil
1692 2352 1749 2393 sit,
1776 2353 1871 2396 quod
1895 2352 2064 2397 imputari
2089 2353 2205 2397 possit
2228 2353 2271 2396 ei,
2305 2353 2351 2387 ad

1258 2407 1361 2440 quem
1384 2395 1442 2432 ius
1466 2397 1687 2432 monumenti
1710 2398 1884 2442 pertinet,
1920 2398 2116 2432 cavendum
2140 2401 2195 2433 est
2219 2398 2270 2440 61,
2304 2398 2351 2433 ad

1258 2446 1276 2474 S
1326 2451 1430 2485 quem
1453 2441 1509 2476 ius
1533 2442 1753 2477 monumenti
1777 2443 1943 2488 pertinet.
1993 2443 2285 2487 Superficiarium
2315 2447 2351 2479 et

1257 2487 1496 2521 fructuarium
1520 2487 1640 2522 damni
1659 2488 1782 2522 infecti
1801 2488 1937 2523 utiliter
1954 2488 2120 2533 stipulari
2139 2488 2246 2524 hodie
2264 2499 2349 2524 con-

1258 2535 1277 2565 9
1325 2535 1408 2567 stat.
1459 2532 1529 2567 Sed
1556 2533 1605 2574 ei,
1663 2533 1700 2567 ui
1732 2534 1827 2568 bona
1849 2534 1920 2568 fide
1944 2544 1965 2567 a
1988 2544 2062 2569 non
2084 2534 2228 2570 domino
2254 2534 2349 2577 emit,

1257 2577 1376 2612 damni
1400 2577 1523 2612 infecti
1547 2578 1643 2623 stipu
1659 2578 1814 2614 ationem
1837 2590 1909 2614 non
1934 2582 2136 2624 competere
2155 2580 2349 2615 Marcellus

1262 2626 1300 2656 10
1349 2623 1409 2657 ait.
1458 2622 1496 2658 Si
1521 2623 1598 2667 quis
1625 2634 1715 2668 opus
1739 2634 1869 2659 novum
1893 2624 2127 2668 nuntiaverit,
2160 2635 2206 2660 an
2239 2625 2348 2660 nihilo

1256 2667 1372 2702 minus
1399 2667 1517 2702 damni
1547 2668 1670 2703 infecti
1694 2669 1727 2704 ei
1751 2669 1869 2704 caveri
1893 2670 2036 2712 debeat,
2067 2670 2228 2705 Iulianus
2252 2674 2348 2705 trac-

1256 2717 1320 2748 tat.
1369 2717 1405 2748 et
1428 2713 1540 2757 magis
1563 2715 1696 2758 probat
1720 2715 1837 2749 caveri
1869 2718 2052 2759 oportere:
2085 2726 2167 2750 nam
2197 2720 2234 2750 et
2246 2716 2274 2737 ¹⁴
2306 2716 2348 2758 ei,

1258 2759 1318 2803 qui
1343 2758 1454 2803 egerit
1476 2758 1533 2794 ius
1558 2759 1761 2795 adversario
1786 2770 1859 2795 non
1884 2770 1963 2795 esse
1981 2760 2088 2795 altius
2109 2761 2233 2797 tollere
2251 2761 2349 2796 aedi-

1256 2804 1394 2845 ficium,
1432 2804 1551 2839 caveri
1582 2805 1724 2840 debere.
1779 2805 1864 2840 item
1902 2816 2002 2848 eum,
2041 2806 2212 2843 adversus
2245 2817 2350 2852 quem

1256 2849 1487 2884 interdictum
1510 2850 1605 2895 quod
1628 2850 1663 2885 vi
1693 2854 1756 2885 aut
1786 2850 1877 2885 clam
1908 2852 2096 2895 competit,
2130 2862 2256 2888 cavere
2287 2852 2347 2889 de-

1257 2895 1342 2929 bere
1372 2894 1533 2929 Iulianus
1567 2895 1636 2937 ait,
1677 2897 1760 2940 quia
1789 2906 1862 2931 non
1894 2900 1949 2931 est
1982 2900 2127 2932 cautum
2159 2908 2274 2942 neque
2305 2897 2349 2932 de

1261 2943 1297 2973 11
1347 2939 1432 2974 vitio
1465 2940 1606 2975 aedium
1635 2951 1750 2985 neque
1780 2940 1824 2976 (16
1853 2941 1984 2977 damno
2017 2943 2145 2987 operis.
2196 2943 2234 2978 Si
2257 2943 2347 2987 quiS‚

1258 2985 1341 3029 quia
1375 2985 1444 3019 sibi
1479 2996 1551 3020 non
1586 2986 1796 3028 cavebatur,
1838 2986 1876 3021 in
1910 2988 2172 3032 possessionem
2208 2988 2348 3023 aedium

1256 3030 1385 3064 missus
1416 3029 1540 3073 fuerit,
1575 3030 1702 3066 deinde
1730 3032 1761 3066 is
1792 3031 1894 3067 cuius
1927 3032 2033 3068 aedes
2063 3033 2227 3077 fuerunt,
2267 3043 2348 3068 cum

1256 3078 1443 3119 praeterea
1472 3075 1562 3110 alias
1593 3076 1699 3111 aedes
1723 3077 1888 3120 haberet,
1922 3078 2100 3113 desideret
2123 3079 2168 3113 ab
2194 3089 2253 3121 eo,
2287 3078 2348 3122 qui

1257 3122 1292 3154 in
1324 3120 1586 3164 possessionem
1616 3122 1745 3157 missus
1779 3127 1851 3166 est,
1890 3126 1931 3157 ut
1966 3124 2033 3158 sibi
2070 3123 2189 3158 damni
2224 3122 2346 3158 infecti

1257 3166 1384 3199 harum
1408 3166 1549 3199 aedium
1573 3166 1727 3209 nomine,
1753 3178 1905 3212 quarum
1928 3169 1965 3202 in
1984 3169 2243 3213 possessionem
2261 3167 2344 3203 mis-

1257 3221 1319 3245 sus
1351 3214 1423 3253 est,
1460 3216 1619 3254 caveret,
1657 3223 1703 3247 an
1738 3213 1784 3247 sit
1819 3213 2034 3256 audiendus,
2071 3213 2262 3248 videamus.
2311 3217 2347 3247 et

1257 3255 1418 3290 Iulianus
1448 3256 1590 3291 scribit:
1621 3257 1651 3292 is
1682 3258 1743 3302 qui
1773 3259 1909 3294 vitiosis
1940 3259 2088 3294 aedibus
2120 3259 2281 3299 cesserit,
2315 3257 2345 3293 si

1256 3302 1412 3345 integras
1435 3301 1639 3344 retinuerit,
1670 3303 1843 3348 numquid
1866 3304 2026 3348 improbe
2050 3305 2096 3338 ab
2122 3314 2179 3344 eo,
2211 3303 2271 3348 qui
2293 3303 2343 3337 vi-

1256 3347 1367 3381 tiosas
1393 3346 1497 3380 aedes
1524 3347 1642 3392 coepit
1662 3349 1858 3393 possidere,
1889 3350 2088 3384 cautionem
2113 3349 2230 3392 exigit,
2262 3358 2344 3383 cum

1256 3392 1336 3427 ideo
1362 3392 1624 3436 possessionem
1647 3394 1819 3436 amiserit,
1853 3394 1935 3438 quia
1966 3394 2042 3438 ipse
2072 3393 2192 3428 damni
2220 3392 2344 3428 infecti

1257 3436 1346 3472 satis
1364 3447 1436 3471 non
1458 3436 1630 3473 dederat?
1667 3442 1702 3474 et
1725 3449 1811 3474 sane
1834 3450 1960 3483 parum
1984 3439 2095 3490 probe
2114 3438 2273 3483 postulat
2297 3439 2343 3473 ab

1257 3493 1299 3517 eo
1331 3482 1446 3517 caveri
1477 3482 1545 3518 sibi
1577 3494 1699 3519 earum
1730 3485 1871 3520 aedIum
1903 3494 2060 3525 nomme,
2094 3494 2244 3527 quarum
2266 3483 2342 3528 ipse

1261 3530 1299 3561 12
1349 3537 1475 3562 cavere
1499 3529 1717 3573 supersedit:
1752 3540 1842 3574 quae
1874 3529 2049 3564 sententia
2079 3539 2162 3563 vera
2191 3532 2255 3563 est.
2305 3528 2343 3563 Si

1257 3573 1333 3617 quis
1363 3572 1600 3617 stipulaturus
1631 3575 1801 3610 iuraverit
1831 3584 1897 3608 nec
1921 3573 2029 3608 fuerit
2053 3573 2263 3618 stipulatus,
2295 3584 2341 3608 an

1257 3691 1315 3729 (10)
1342 3689 1471 3722 nomini
1482 3690 1516 3722 F
1593 3692 1647 3731 (11)
1671 3692 1809 3722 uturum
1823 3691 1859 3722 F
1939 3691 1995 3730 (12)
2020 3700 2062 3721 an
2075 3688 2170 3721 ambo
2183 3689 2245 3722 del.
2258 3690 2339 3723 Hal.

1258 3736 1314 3774 (13)
1340 3734 1494 3768 cautione
1507 3746 1568 3768 nec
1582 3737 1662 3768 Hal.
1755 3736 1812 3776 (14)
1839 3736 1872 3767 et
1884 3735 1946 3767 del.
1960 3735 1994 3766 F
2000 3734 2015 3754 ²

1997 3837 2065 3868 75*
