2528 3918
113 133 359 167 FALCIDIAM

115 249 179 281 aut
200 244 262 286 ita,
286 246 467 288 tamquam
491 242 578 278 nihil
603 242 792 284 debeatur,
817 242 944 277 deinde
968 242 1139 278 heredes¹
1166 244 1202 277 et

115 289 275 335 legatarii
298 289 392 324 inter
406 299 445 324 se
460 291 619 330 caveant,
644 291 685 323 ut
698 287 892 323 exsistente
906 287 1114 323 condicione
1138 290 1201 322 aut

113 337 215 371 heres
246 333 391 376 reddat,
425 337 557 379 quanto
588 333 705 368 minus
738 332 896 375 solverit,
937 337 1002 368 aut
1038 332 1202 378 legatarii

114 384 133 416 2
180 380 381 421 restituant,
408 383 541 424 quanto
573 379 654 423 plus
680 378 864 414 consecuti
887 378 968 413 sint.
1017 378 1088 414 Sed
1112 382 1148 414 ct
1170 378 1202 413 si

111 426 227 470 legata
251 424 426 470 quaedam
457 433 563 469 pure,
596 423 772 468 quaedam
812 423 878 458 sub
912 424 1121 459 condicione
1143 433 1199 458 re-

112 471 195 506 licta
220 470 396 513 efficiant,
433 473 473 504 ut
497 469 689 504 exsistente
715 468 924 504 condicione
956 469 1014 504 lex
1038 468 1201 504 Falcidia

112 517 228 552 locum
251 515 400 557 habeat,
433 524 523 559 pure
553 514 671 559 legata
695 525 776 549 cum
801 514 967 549 cautione
990 514 1199 550 redduntur.

111 572 179 606 quo
206 571 293 596 casu
318 560 428 605 magis
461 559 499 594 in
522 570 590 594 usu
615 563 669 594 est
693 559 782 595 solvi
806 558 947 604 quidem
997 570 1061 595 ure
1083 560 1117 595 18
1141 563 1201 594 ata

114 606 261 652 perinde
285 616 328 640 ac
353 605 383 640 si
406 604 504 639 nulla
528 604 599 639 alia
621 605 689 640 sub
721 604 930 640 condicione
979 609 1081 649 egata
1128 604 1199 640 uis-

111 656 201 693 sent,
226 661 350 686 cavere
373 654 491 685 autem
514 650 706 694 legatarios
739 649 868 685 debere
893 660 937 685 ex
960 654 1090 686 eventu
1114 660 1199 685 con-

112 701 130 732 3
168 696 317 732 dicionis
333 695 428 741 quod
443 695 595 740 amplius
613 694 837 747 accepissent
853 695 995 730 redditu
1007 696 1062 730 iri.
1090 695 1199 731 Cuius

110 742 247 787 generis
287 741 406 777 cautio
437 741 640 776 necessaria
673 740 814 776 videtur
845 744 880 775 et
917 741 947 776 si
987 740 1200 786 quibusdam

110 787 219 823 servis
258 786 383 822 eodem
426 789 640 822 testamento
687 786 754 822 sub
803 786 1012 822 condicione
1052 787 1199 822 libertas

111 833 196 868 data
228 832 293 875 sit,
326 842 475 877 quorum
506 831 622 877 pretia
647 831 855 867 condicione
880 832 1072 867 exsistente
1095 831 1200 867 bonis

111 882 131 912 4
180 878 427 912 detrahuntur.
476 877 518 911 In
543 877 636 912 diem
658 877 784 912 relicta
807 877 926 921 legata
949 877 1096 912 alterius
1121 886 1200 912 esse

109 923 198 958 iuris
222 923 341 968 palam
365 926 430 965 est,
457 933 536 957 cum
556 932 599 957 ea
612 922 811 957 omnimodo
836 927 910 957 tam
933 922 1003 967 ipsi
1026 922 1198 967 legatario

110 979 217 1013 quam
248 967 438 1003 heredibus
471 968 546 1002 eius
578 967 699 1002 deberi
730 971 866 1002 certum
889 972 963 1004 est:
1005 968 1069 1004 sed
1097 971 1198 1002 tanto

110 1014 225 1048 minus
250 1013 387 1058 erogari
411 1023 455 1048 ex
479 1013 581 1048 bonis
617 1013 891 1058 intellegendum
917 1017 990 1056 est,
1027 1016 1200 1059 quantum

108 1059 262 1100 interea,
287 1058 401 1094 donec
426 1058 500 1093 dies
525 1058 695 1111 optingit,
719 1059 822 1094 heres
847 1058 1052 1094 lucraturus
1076 1062 1131 1094 est
1155 1068 1200 1094 ex

110 1108 129 1139 5
177 1103 354 1139 fructibus
378 1103 433 1139 vel
464 1114 595 1139 usuns.
643 1104 740 1149 Ergo
773 1104 946 1149 optimum
975 1104 1116 1149 quidem
1146 1108 1200 1139 est

110 1149 230 1185 statim
253 1149 298 1184 ab
323 1149 421 1184 initio
447 1149 498 1184 ita
522 1152 730 1184 testatorem
755 1149 969 1185 distribuere
994 1150 1129 1195 legata,
1154 1159 1200 1184 ne

109 1195 203 1230 ultra
246 1194 454 1230 dodrantem
488 1194 745 1239 relinquantur.
792 1196 889 1240 quod
931 1195 961 1230 si
1007 1195 1200 1231 excesserit

110 1240 189 1285 quis
214 1240 441 1282 dodrantem,
477 1251 544 1285 pro
576 1244 657 1275 rata
685 1240 850 1285 portione
881 1251 946 1286 per
976 1241 1089 1285 legem
1120 1241 1198 1285 ipso

109 1286 187 1321 iure
210 1285 434 1321 minuuntur:
468 1285 566 1320 verbi
588 1285 703 1330 gratia
728 1286 758 1321 si
781 1286 830 1328 is,
856 1286 916 1331 qui
941 1286 1200 1331 quadringenta

109 1331 146 1365 in
180 1331 284 1366 bonis
318 1331 462 1373 habuit,
498 1334 575 1366 tota
615 1341 658 1366 ea
697 1331 954 1376 quadringenta
991 1331 1197 1376 erogaverit,

110 1380 238 1421 quarta
260 1386 346 1421 pars
377 1376 555 1420 legatariis
588 1375 806 1412 detrahitur:
840 1377 870 1412 si
901 1380 1063 1412 trecenta
1119 1377 1198 1411 uin-

110 1422 279 1466 quaginta
310 1421 497 1466 legaverit,
530 1425 668 1456 octava.
701 1421 798 1467 quod
827 1423 857 1457 si
887 1422 1080 1467 quingenta
1117 1432 1199 1467 ega-

109 1467 197 1502 verit
212 1467 348 1502 habens
366 1466 633 1511 quadringenta,
653 1467 752 1502 initio
774 1467 908 1512 quinta,
924 1467 1051 1503 deinde
1070 1471 1200 1513 quarta

108 1522 192 1558 pars
217 1511 355 1547 detrahi
379 1511 501 1547 debet:
527 1516 611 1547 ante
625 1512 717 1547 enim
730 1512 989 1548 detrahendum
1013 1517 1078 1556 est,
1104 1512 1200 1558 quod

108 1561 211 1593 extra
234 1557 410 1593 bonorum
433 1557 667 1602 quantitatem
690 1561 755 1600 est,
782 1558 909 1594 deinde
921 1558 1017 1604 quod
1028 1569 1073 1594 ex
1095 1558 1198 1594 bonis

108 1602 205 1648 apud
228 1603 394 1638 heredem
418 1613 602 1638 remanere
625 1606 778 1648 oportet.

155 1645 208 1684 74
231 1648 340 1684 IDEM
359 1648 450 1684 libro
475 1649 580 1684 tertio
613 1649 658 1684 de
689 1649 820 1695 leqatis
843 1649 892 1684 ad
915 1649 1069 1685 edictum
1119 1660 1199 1684 rae-

109 1694 222 1729 toris2
268 1693 370 1739 Quod
402 1697 522 1729 autem
551 1693 700 1737 dicitur,
736 1694 767 1730 si
796 1705 841 1729 ex
876 1693 1008 1729 iudicio
1040 1694 1082 1730 de
1099 1694 1199 1729 uncti

109 1742 273 1784 quartam
295 1739 429 1774 habeat
451 1739 565 1782 heres,
591 1739 706 1775 solida
728 1739 947 1785 praestanda
969 1750 1047 1775 esse
1069 1740 1197 1784 legata,

107 1785 159 1819 ita
190 1785 355 1829 accipere
390 1784 578 1827 debemus,
626 1785 656 1820 si
687 1785 901 1821 hereditario
939 1785 1017 1820 iure
1048 1786 1197 1821 habeat:

106 1830 228 1874 itaque
253 1829 349 1874 quod
361 1830 439 1874 quis
463 1830 662 1875 legatorum
685 1830 827 1866 nomine
850 1841 873 1865 a
897 1830 1071 1866 coherede
1095 1841 1197 1866 acce-

108 1876 172 1921 pit,
197 1875 234 1909 in
282 1875 493 1910 uadrantem
517 1876 550 1911 ei
572 1886 645 1910 non
668 1876 877 1920 imputatur.

155 1918 206 1957 75
233 1886 297 1955 qu
330 1920 420 1956 libro
486 1921 739 1966 uadraqesimo
783 1921 1003 1967 dz'qestorum
1035 1920 1201 1956 IULIANI

109 1965 356 2001 MARCELLUS.
404 1931 483 2001 Sesf
505 1966 535 2001 si
566 1965 645 2001 ideo
677 1967 834 2011 legatum
857 1966 891 2001 81
921 1965 1044 2001 datum
1068 1969 1134 2009 est,
1158 1970 1200 2001 ut

110 2011 246 2056 integra
269 2011 386 2056 legata
415 2011 471 2046 vel
495 2011 767 2047 fideicommissa
795 2015 965 2057 praestet,
992 2011 1199 2057 deneganda

108 2056 175 2091 erit
199 2057 293 2092 actio
318 2056 439 2101 legati,
464 2057 494 2092 si
517 2057 595 2102 lege
619 2057 782 2092 Falcidia
806 2057 860 2092 uti
883 2057 1015 2092 mallet.

155 2099 206 2139 76
236 2101 358 2137 Gams
378 2102 468 2138 libro
495 2103 599 2137 tertio
624 2102 668 2136 de
692 2102 822 2148 leqatis
842 2102 892 2138 ad
914 2102 1068 2138 edictum
1084 2113 1198 2149 prae-

109 2148 221 2182 toris2
243 2147 284 2182 Id
299 2150 419 2182 autem
443 2147 539 2192 quod
557 2147 775 2183 condicionis
798 2147 997 2192 implendae
1010 2158 1121 2183 causa
1143 2148 1199 2184 vel

108 2203 130 2227 a
150 2192 323 2228 coherede
338 2193 392 2227 vel
416 2203 437 2227 a
461 2192 632 2237 legatario
658 2193 713 2228 vel
737 2203 759 2228 a
784 2193 992 2228 statulibero
1019 2193 1136 2236 datur,
1161 2194 1198 2228 in

108 2237 269 2273 Falcidia
292 2248 364 2273 non
386 2237 603 2283 imputatur,
637 2238 721 2283 quia
751 2239 876 2274 mortis
909 2248 1019 2274 causa
1044 2239 1195 2284 capitur.

108 2293 193 2318 sane
225 2283 256 2318 si
290 2294 312 2318 a
344 2284 554 2319 statulibero
584 2284 788 2328 peculiares
825 2294 989 2319 nummos
1028 2284 1196 2329 accipiat,

107 2339 171 2373 pro
197 2338 262 2363 sua
285 2333 388 2373 parte
413 2329 603 2374 quadranti
640 2339 700 2364 eos
733 2330 934 2375 imputare³
958 2329 1084 2373 debet,
1115 2330 1198 2375 quia

107 2384 171 2419 pro
197 2383 239 2408 ea
261 2377 365 2418 parte
389 2385 461 2409 non
489 2375 613 2409 mortis
646 2385 757 2410 causa
782 2385 930 2420 capere,
964 2374 1028 2410 sed
1058 2375 1197 2411 heredi-

114 2423 123 2453 1
173 2419 265 2454 tario
297 2419 375 2454 iure
405 2429 465 2455 eos
495 2420 628 2455 habere
665 2420 893 2465 intellegitur.
942 2420 1021 2464 Qua
1058 2421 1198 2457 ratione

107 2464 242 2543 Elacuit
264 2463 391 2509 legata,
417 2475 508 2510 quae
530 2465 692 2510 legatarii
716 2476 788 2501 non
813 2466 969 2511 capiunt,
995 2477 1076 2501 cum
1100 2466 1198 2512 apud

133 2509 254 2544 eredes
279 2509 516 2552 subsederint,
541 2511 760 2546 hereditario
784 2511 862 2546 iure
885 2511 982 2556 apud
996 2522 1057 2547 eos
1081 2522 1197 2547 rema-

108 2565 193 2590 nere
216 2555 371 2600 intellegi
396 2560 431 2590 et
453 2556 532 2591 ideo
558 2556 748 2601 quadranti
771 2556 992 2601 imputanda,
1017 2567 1084 2593 nec
1097 2557 1197 2602 quic-

107 2610 213 2644 quam
236 2600 426 2644 interesse,
451 2605 573 2636 utrum
603 2602 724 2637 statim
748 2602 794 2637 ab
818 2602 918 2637 initio
943 2603 1100 2647 legatum
1124 2614 1195 2638 non

109 2645 153 2680 sit
177 2655 224 2679 an
248 2645 344 2690 quod
366 2646 522 2691 legatum
546 2650 601 2682 est
624 2647 847 2682 remanserit.

153 2688 205 2727 77
221 2691 235 2711 ⁴
259 2690 368 2726 IDEM
386 2691 476 2727 libro
501 2695 627 2727 octavo
651 2692 787 2727 decimo
802 2692 852 2727 ad
874 2692 1027 2728 edictum
1045 2694 1196 2738 provin-

108 2735 198 2771 ciale
243 2735 285 2770 In
309 2736 454 2780 singulis
479 2737 669 2772 heredibus
704 2738 878 2773 rationem
901 2737 988 2781 legis
1013 2737 1197 2773 Falcidiae

108 2781 413 2825 componendam⁵
436 2793 514 2817 esse
538 2793 610 2817 non
634 2782 829 2818 dubitatur.
878 2787 913 2818 et
943 2782 1022 2817 ideo
1047 2783 1078 2818 si
1102 2783 1196 2818 Titio

109 2829 142 2860 et
175 2825 255 2861 Seio
287 2826 478 2862 heredibus
522 2827 696 2863 institutis
729 2828 833 2863 semis
872 2828 1080 2863 hereditatis
1113 2828 1197 2863 Titii

107 2870 301 2906 exhaustus
315 2876 381 2914 est,
407 2872 488 2908 Seio
506 2877 626 2908 autem
643 2873 823 2918 quadrans
840 2877 998 2909 totorum
1021 2874 1197 2908 bonorum

107 2916 251 2951 relictus
276 2917 331 2959 sit,
359 2918 528 2963 competit
541 2918 633 2953 Titio
659 2918 871 2954 beneficium
896 2918 980 2962 legis
1001 2918 1194 2954 Falcidiae.

152 2958 204 2998 78
229 2961 335 2996 IDEM
356 2962 445 2998 libro
471 2964 575 2998 tertio
610 2963 654 2998 de
688 2963 817 3010 legatis
841 2964 890 2999 acl
913 2964 1065 2999 edictum
1084 2975 1195 3010 prae-

108 3007 196 3041 toris
225 3007 359 3042 urbani
411 3007 514 3052 Quod
557 3008 587 3043 si
626 3009 798 3044 alterutro
842 3020 965 3044 eorum
1011 3009 1197 3044 deficiente

107 3051 196 3086 alter
218 3052 322 3086 heres
347 3053 442 3087 solus
467 3053 652 3097 exstiterit,
677 3057 798 3089 utrum
820 3054 969 3099 perinde
993 3055 1084 3089 ratio
1109 3054 1196 3099 legis

108 3095 288 3131 Falcidiae
312 3097 478 3132 habenda
501 3098 557 3141 sit,
582 3109 624 3133 ac
649 3099 679 3134 si
702 3099 823 3134 statim
847 3101 892 3135 ab
917 3100 1018 3134 initio
1042 3099 1073 3134 is
1098 3100 1196 3135 solus

108 3140 222 3193 heres·
233 3141 418 3177 institutus
443 3148 546 3186 esset,
585 3154 632 3178 an
657 3144 878 3189 singularum
937 3145 1116 3180 ortionum
1140 3155 1195 3180 se-

107 3189 260 3229 paratim
285 3197 414 3223 causae
438 3189 656 3233 spectandae
681 3190 789 3224 sunt?
829 3194 864 3225 et
886 3202 910 3235 p
926 3194 1025 3232 acet,
1059 3190 1091 3225 si
1120 3190 1196 3225 eius

108 3240 191 3281 pars
215 3230 339 3275 legatis
363 3233 538 3269 exhausta
562 3234 624 3276 sit,
660 3234 720 3279 qui
743 3235 847 3270 heres
872 3236 1068 3278 exstiterit,
1094 3235 1195 3270 adiu-

107 3285 182 3309 vari
213 3275 402 3320 legatarios
440 3289 505 3324 per
529 3279 752 3315 deficientem
774 3284 924 3325 partem,
949 3282 1033 3326 quia
1057 3291 1100 3316 ea
1123 3292 1197 3316 non

108 3323 162 3355 est
184 3320 308 3364 legatis
332 3325 512 3367 onerataG,
537 3325 620 3370 quia
644 3328 680 3360 et
709 3325 827 3370 legata
851 3336 942 3370 quae
966 3326 1063 3372 apud
1093 3326 1196 3362 here-

109 3365 186 3399 dem
210 3370 394 3417 remanent
416 3368 587 3413 efficiunt,
612 3374 653 3405 ut
678 3371 803 3406 ceteris
827 3371 1007 3416 legatariis
1021 3375 1083 3406 aut
1107 3372 1196 3406 nihil

109 3414 172 3445 aut
195 3421 311 3445 mmus
325 3411 552 3450 detrahatur:
577 3415 607 3450 si
631 3426 715 3451 vero
729 3415 869 3452 defecta
892 3427 977 3461 pars
1001 3417 1110 3452 fuerit
1133 3427 1195 3452 ex-

108 3455 248 3507 hausta,
272 3456 419 3500 perinde
441 3458 479 3493 in
503 3470 544 3494 ea
567 3461 768 3506 ponendam
799 3462 976 3497 rationem
998 3463 1086 3506 legis
1110 3462 1194 3497 Fal-

107 3500 363 3581 i‹31d}ge,fiatq¹ue
387 3502 417 3537 si
441 3503 487 3538 ad
511 3515 590 3539 eum
612 3506 730 3550 ipsum
755 3507 966 3551 pertineret,
992 3517 1014 3542 a
1037 3518 1108 3552 quo
1134 3507 1194 3543 de-

123 3555 163 3581 88
253 3556 310 3581 ere
330 3573 338 3580 .

108 3662 147 3701 (ι)
172 3661 350 3695 heresedd.
468 3664 510 3704 (2)
535 3662 656 3696 urbani
669 3665 813 3698 adam

108 3706 151 3746 (4)
177 3707 219 3749 cf.
232 3707 313 3740 Inst.
327 3708 359 3749 2,
372 3714 419 3749 22,
434 3715 445 3741 1
584 3710 626 3750 (5)
651 3710 838 3751 ponendam
849 3724 912 3744 scr.

1045 3713 1088 3753 (6)
1115 3712 1195 3754 qm'a

110 3761 148 3782 ea
167 3761 234 3783 non
255 3754 302 3784 est
321 3751 440 3794 legatis
459 3756 595 3785 onerata
616 3755 677 3786 del.

808 3756 850 3794 (7)
876 3758 909 3788 et
928 3756 1013 3798 ideo,
1035 3757 1062 3788 si
1083 3756 1146 3789 soli
1163 3757 1195 3790 ei

1201 115 1282 162 515

2140 114 2307 158 XXXV
2336 116 2362 157 2

1316 238 1369 277 79
1394 240 1501 276 IDEM
1522 239 1614 275 libro
1639 242 1767 275 octavo
1792 239 1928 276 decimo
1953 240 2003 275 ad
2036 240 2192 276 edictum
2210 238 2361 285 provin-

1270 286 1362 322 ciale
1407 286 1450 320 In
1474 284 1676 330 duplicibus
1707 286 1929 321 testamentis
1961 286 2034 321 sive
2066 285 2110 321 de
2147 284 2362 331 patrimonio

1271 342 1497 376 quaeramus,
1522 340 1565 366 ea
1589 330 1666 365 sola
1691 330 1892 365 substantia
1916 334 2110 376 spectatur,
2136 341 2243 376 quam
2261 333 2363 375 pater

1271 388 1353 412 cum
1384 378 1582 412 moreretur
1616 375 1801 417 habuerit,
1838 386 1904 410 nec
1944 376 1990 411 ad
2020 387 2095 412 rem
2125 375 2298 421 pertinet,
2331 374 2363 410 si

1270 426 1353 467 post
1375 425 1525 458 mortem
1548 421 1663 473 patris
1687 421 1782 455 filius
1815 421 1870 456 vel
1901 421 2110 466 adquisierit
2141 420 2277 466 aliquid
2307 420 2363 456 vel

1271 467 1503 503 deminuerit:
1530 476 1601 502 Slve
1625 466 1669 502 de
1692 465 1818 510 legatis
1848 477 2080 511 quaeramus,
2104 470 2178 501 tam
2204 476 2246 501 ea
2294 475 2363 501 uae

1269 513 1306 547 in
1329 513 1452 558 primis
1477 522 1585 557 quam
1608 522 1651 547 ea
1682 522 1773 556 quae
1804 511 1842 546 in
1871 511 2037 547 secundis
2071 512 2204 547 tabulis
2238 522 2277 547 re
2293 512 2364 547 ‘cta

1270 562 1355 593 sunt
1378 558 1415 592 in
1439 568 1550 592 unum
1565 557 1853 599 contribuuntur,
1877 560 2060 602 tamquam
2085 558 2115 592 si
2139 561 2176 593 et
2191 567 2246 599 ea,
2271 567 2363 603 quae

1270 613 1292 638 a
1315 603 1379 638 filii
1403 603 1533 638 herede
1556 602 1760 647 reliquisset
1793 605 1966 644 testator,
1997 613 2019 637 a
2043 613 2107 638 suo
2139 602 2270 638 herede
2295 603 2361 638 sub

1270 648 1341 683 alia
1366 648 1576 684 condicione
1599 648 1765 693 legasset.

1317 690 1370 731 80
1395 693 1502 728 IDEM
1523 693 1616 729 libro
1640 694 1746 728 tertio
1771 692 1815 728 de
1847 692 1977 738 leqatis
2006 692 2056 727 ad
2076 694 2230 728 edictum
2281 704 2362 728 rae-

1271 740 1382 775 torz‘s2
1406 738 1444 773 Si
1467 739 1509 781 is,
1535 739 1595 783 qui
1620 737 1879 783 quadringenta
1902 738 1939 772 in
1962 738 2176 782 patrimonio
2203 738 2250 773 ha
2278 738 2362 780 ebit,

1270 784 1342 820 filio
1367 784 1552 829 impubere
1575 784 1707 819 herede
1731 784 1894 819 instituto
1909 783 2064 818 ducenta
2078 783 2247 828 legaverit
2260 784 2363 829 eique

1270 829 1403 865 Titium
1428 832 1463 864 et
1487 829 1606 864 Seium
1631 829 1780 864 heredes
1805 828 2031 864 substituerit
2056 832 2090 863 et
2114 839 2136 863 a
2160 828 2254 865 Titio
2280 840 2362 864 8811-

1270 878 1347 910 111111
1370 874 1559 920 legaverit,
1594 874 1797 917 videamus,
1833 874 1919 919 quid
1942 874 2030 909 iuris
2055 874 2112 909 sit.
2152 874 2182 909 si
2206 874 2363 910 nondum

1269 919 1396 956 solutis
1420 920 1547 964 legatis
1571 919 1729 965 pupillus
1766 919 1958 955 decesserit
1982 923 2018 955 ct
2041 919 2086 955 ob
2119 919 2156 955 id
2180 930 2223 955 ea
2246 920 2279 955 18
2303 923 2364 955 ata

1268 965 1411 1011 utrique
1436 965 1585 1008 debent,
1630 966 1727 1001 solus
1759 965 1863 1001 heres
1888 964 2004 1000 Titius
2027 967 2149 1000 utetur
2179 965 2255 1010 lege
2312 965 2363 1000 al-

1270 1011 1386 1046 cidia:
1424 1021 1506 1046 cum
1538 1011 1631 1046 enim
1666 1011 1823 1046 ducenta
1855 1021 1899 1046 ex
1930 1010 2128 1045 hereditate
2158 1011 2287 1056 pupilli
2318 1010 2364 1046 ad

1269 1067 1350 1091 eum
1381 1056 1604 1102 pertineant,
1642 1056 1799 1091 ducenta
1837 1056 2035 1101 legatorum
2065 1056 2209 1091 nomine
2248 1056 2364 1098 debet,

1270 1106 1413 1137 centum
1437 1111 1480 1136 ex
1505 1102 1669 1137 ducentis
1695 1112 1788 1147 quae
1819 1102 1977 1147 pupillus
2010 1101 2184 1144 debebat,
2221 1106 2363 1137 centum

1269 1158 1360 1192 quae
1382 1147 1461 1192 ipse
1486 1147 1572 1182 dare
1603 1147 1723 1183 iussus
1756 1150 1829 1183 est:
1862 1147 1984 1193 itaque
2008 1157 2052 1182 ex
2075 1151 2227 1192 utraque
2252 1157 2364 1192 quan-

1268 1193 1370 1228 titate
1394 1196 1524 1238 quarta
1554 1193 1708 1228 deducta
1738 1193 1810 1228 hab
1819 1193 1893 1228 ebit
1923 1192 2190 1238 quinquaginta.
2222 1193 2261 1228 in
2283 1203 2364 1238 per-

1268 1249 1359 1274 sona
1382 1249 1464 1274 vero
1493 1238 1565 1273 Seii
1595 1239 1654 1274 lex
1688 1238 1852 1274 Falcidia
1883 1249 1956 1274 non
1986 1238 2175 1274 intervenit
2206 1249 2288 1274 cum
2319 1238 2366 1274 ad

1269 1295 1349 1319 eum
1375 1294 1418 1318 ex
1441 1283 1640 1319 hereditate
1670 1284 1799 1329 pupilli
1830 1284 1985 1320 ducenta
2043 1283 2222 1319 ertineant
2246 1288 2281 1319 et
2304 1284 2365 1319 de-

1269 1330 1353 1364 beat
1376 1329 1575 1374 legatorum
1599 1330 1742 1365 nomine
1766 1333 1910 1365 centum
1934 1340 1978 1365 ex
2035 1329 2194 1372 ucentis‚
2252 1339 2320 1365 uae
2344 1340 2366 1364 a

1267 1375 1406 1455 {upfflo
1431 1375 1560 1410 relicta
1583 1379 1678 1411 sunt.
1726 1375 1822 1421 quod
1854 1375 1885 1410 si
1915 1375 2073 1420 pupillus
2098 1375 2214 1410 solvat
2228 1340 2364 1420 (legata,

1295 1421 1401 1456 ebent
1426 1430 1554 1455 curare
1585 1424 1722 1456 tutores
1754 1420 1901 1466 pupilli,
1937 1424 1979 1455 ut
2010 1426 2160 1456 caveant
2190 1420 2364 1465 legatarii.

1271 1469 1286 1501 1
1332 1465 1515 1510 Quaedam
1539 1466 1658 1511 legata
1682 1466 1890 1502 divisionem
1910 1476 1983 1501 non
2003 1466 2075 1501 reci
2100 1466 2190 1509 iunt,
2215 1470 2257 1501 ut
2282 1476 2366 1501 ecce

1268 1511 1424 1556 legatum
1456 1511 1534 1546 viae
1566 1511 1703 1547 itineris
1743 1515 1907 1547 actusve:
1941 1511 1988 1546 ad
2030 1523 2054 1546 n
2106 1523 2167 1546 um
2198 1512 2291 1546 enim
2324 1522 2365 1546 ea

1268 1567 1326 1592 res
1350 1567 1415 1602 pro
1442 1560 1545 1602 parte
1595 1561 1688 1592 otest
1711 1557 1899 1610 pertinere.
1933 1557 1997 1592 sed
2021 1560 2056 1592 et
2079 1557 2110 1592 si
2134 1567 2224 1602 opus
2249 1556 2364 1591 muni-

1270 1602 1411 1647 cipibus
1435 1603 1539 1638 heres
1579 1613 1684 1638 acere
1716 1613 1834 1638 lussus
1868 1606 1941 1645 est,
1972 1602 2194 1638 individuum
2225 1602 2366 1637 videtur

1267 1648 1441 1693 legatum:
1467 1658 1582 1693 neque
1601 1648 1694 1683 enim
1714 1648 1827 1683 ullum
1845 1648 2025 1684 balineum
2043 1652 2107 1683 aut
2127 1647 2241 1683 ullum
2261 1648 2363 1683 thea-

1267 1697 1363 1728 trum
1388 1697 1452 1728 aut
1475 1693 1631 1728 stadium
1655 1693 1784 1729 fecisse
1797 1694 2023 1739 intellegitur,
2049 1693 2111 1738 qui
2127 1693 2159 1728 ei
2180 1693 2364 1739 propriam

1267 1739 1432 1781 formam,
1458 1749 1550 1784 quae
1574 1750 1618 1775 ex
1643 1740 1949 1775 consummatione
1981 1738 2174 1784 contingit,
2206 1749 2279 1774 non
2303 1739 2363 1774 de-

1269 1784 1377 1819 derit:
1404 1795 1556 1829 quorum
1572 1785 1729 1820 omnium
1752 1785 1951 1830 legatorum
1974 1784 2127 1828 nomine,
2154 1784 2220 1819 etsi
2242 1784 2364 1836 plures

1269 1829 1417 1865 heredes
1442 1829 1524 1872 sint,
1550 1830 1680 1910 singluli
1701 1830 1739 1865 in
1763 1830 1917 1866 solidum
1931 1834 2110 1866 tenentur.
2134 1830 2225 1865 haec
2242 1833 2365 1875 itaque

1267 1875 1397 1920 legata,
1423 1885 1516 1920 quac
1539 1875 1609 1911 divi
1635 1875 1783 1911 uitatem
1806 1887 1880 1911 non
1902 1876 2080 1921 recipiunt
2093 1902 2102 1918 ,
2133 1879 2212 1910 tota
2235 1875 2283 1911 ad
2313 1876 2363 1911 le-

1268 1920 1445 1964 gatarium
1469 1921 1660 1966 pertinent.
1710 1921 1774 1957 sed
1830 1925 1925 1956 otest
1955 1921 2081 1957 heredi
2114 1921 2184 1956 1108
2207 1921 2363 1957 remedio

1268 1966 1441 2008 succurri,
1468 1970 1509 2001 ut
1532 1967 1782 2002 aestimatione
1821 1971 1904 2002 acta
1926 1967 2034 2012 legati
2058 1966 2244 2002 denuntiet
2266 1967 2362 2012 lega-

1267 2011 1372 2055 tario,
1396 2014 1437 2046 ut
1460 2015 1599 2056 partem
1623 2012 1879 2047 aestimationis
1902 2012 2045 2055 inferat,
2070 2013 2102 2048 si
2122 2022 2196 2047 non
2219 2012 2363 2056 inferat,

1267 2060 1392 2092 utatur
1413 2056 1586 2093 adversus
1605 2068 1686 2093 eum
1710 2058 1920 2103 exceptione
1945 2058 2018 2094 doli
2040 2057 2134 2093 mali.

1314 2099 1363 2140 81
1391 2101 1498 2137 IDEM
1519 2103 1611 2139 libro
1636 2106 1762 2139 octavo
1798 2104 1935 2139 decimo
1967 2103 2017 2139 ad
2039 2104 2193 2139 edictum
2210 2104 2363 2150 provin-

1267 2148 1359 2183 ciale
1406 2147 1476 2183 Sed
1500 2159 1586 2184 usus
1611 2148 1749 2184 fructus
1773 2149 1912 2194 legatus
1935 2149 2032 2184 venit
2062 2149 2100 2184 in
2124 2149 2362 2194 computatio-

1267 2203 1348 2228 nem
1371 2193 1458 2238 legis
1472 2193 1666 2236 Falcidiae,
1691 2205 1774 2229 nam
1799 2194 2006 2230 divisionem
2029 2194 2158 2239 recipit
2181 2194 2283 2237 adeo,
2309 2198 2361 2237 ut,

1267 2239 1298 2274 si
1322 2239 1463 2274 duobus
1488 2239 1627 2284 legatus
1650 2240 1774 2282 fuerit,
1808 2240 1887 2285 ipso
1912 2240 1991 2275 iure
2014 2240 2061 2275 ad
2093 2240 2252 2283 singulos
2304 2250 2362 2275 ar-

1270 2287 1281 2316 1
1334 2288 1388 2319 tes
1412 2285 1628 2328 pertineant.
1665 2285 1741 2320 Dos
1766 2285 1926 2330 relegata
1949 2289 2053 2321 extra
2075 2286 2251 2320 rationem
2289 2285 2362 2330 egis

1265 2329 1448 2365 Falcidiae
1473 2334 1538 2372 est,
1562 2330 1699 2366 scilicet
1722 2330 1805 2376 quia
1829 2341 1930 2366 suam
1954 2341 2029 2366 rem
2052 2331 2178 2366 mulier
2201 2331 2363 2376 recipere

1267 2378 1286 2409 2
1334 2375 1485 2410 videtur.
1534 2375 1604 2411 Sed
1636 2379 1671 2411 et
1695 2375 1739 2412 de
1762 2377 1818 2412 his
1843 2387 1985 2422 quoque
2008 2377 2135 2418 rebus,
2168 2386 2260 2421 quae
2283 2387 2361 2412 mu-

1266 2420 1362 2455 lieris
1388 2430 1499 2455 causa
1524 2425 1664 2466 emptae
1686 2425 1836 2467 paratae
1869 2426 2007 2464 essent,
2041 2425 2081 2457 ut
2115 2422 2184 2456 hae
2218 2432 2360 2467 quoque

1266 2469 1370 2501 extra
1392 2466 1537 2501 modum
1561 2466 1649 2512 legis
1674 2471 1810 2510 essent,
1844 2467 2052 2503 nominatim
2086 2467 2165 2512 ipsa
2196 2466 2361 2502 Falcidia

1266 2511 1343 2556 lege
1367 2521 1411 2546 ex
1437 2522 1575 2547 ressum
1600 2516 1664 2548 est.

1314 2554 1367 2594 82
1427 2567 1595 2593 LPJANUS
1616 2558 1706 2594 libro
1732 2561 1857 2593 octavo
1883 2557 2167 2603 disputationum
2202 2557 2359 2602 Quaere-

1266 2602 1392 2645 batur,
1418 2613 1499 2637 cum
1522 2602 1553 2638 is
1579 2603 1639 2648 qui
1663 2604 1778 2638 solum
1810 2603 1848 2637 in
1871 2602 2014 2638 nomine
2038 2602 2299 2647 quadringenta
2322 2604 2360 2639 in

1266 2648 1369 2683 bonis
1393 2648 1553 2682 habebat
1575 2648 1645 2693 ipsi
1669 2648 1822 2683 debitori
1844 2648 2100 2692 liberationem,
2126 2648 2207 2684 Seio
2234 2652 2358 2685 autem

1266 2693 1527 2738 quadringenta
1550 2694 1582 2728 le
1607 2694 1735 2736 averit,
1772 2693 1803 2728 si
1835 2693 1974 2728 debitor
2005 2693 2061 2728 vel
2093 2694 2262 2729 solvendo
2287 2706 2359 2730 non

1266 2739 1312 2773 sit
1334 2738 1391 2774 vel
1416 2742 1559 2773 centum
1599 2749 1703 2774 acere
1726 2738 1850 2784 possit,
1876 2742 2048 2783 quantum
2065 2739 2144 2784 quis
2169 2750 2215 2775 118
2227 2740 2361 2775 11811881

1266 2784 1468 2819 interventu
1491 2784 1579 2829 legis
1602 2783 1796 2819 Falcidiae.
1838 2783 2002 2819 dicebam
2024 2784 2137 2829 legem
2193 2785 2360 2820 alcidiam

1266 2839 1310 2863 ex
1333 2839 1375 2864 eo
1389 2829 1485 2874 quod
1508 2828 1607 2864 refici
1631 2839 1674 2865 ex
1697 2829 1895 2864 hereditate
1918 2833 2037 2874 potest
2049 2833 2214 2875 quartam
2237 2831 2359 2866 heredi

1265 2874 1434 2916 tribuere,
1459 2875 1640 2909 residuum
1665 2874 1875 2909 dodrantem
1905 2875 2000 2910 inter
2023 2875 2214 2920 legatarios
2239 2875 2357 2911 distri-

1265 2920 1386 2955 buere.
1412 2930 1523 2964 quare
1548 2930 1629 2954 cum
1643 2930 1773 2954 nomen
1795 2920 1912 2955 minus
1937 2921 2106 2956 solvendo
2120 2925 2174 2956 cst
2197 2921 2234 2956 in
2256 2922 2358 2957 here-

1266 2965 1388 3006 ditate,
1414 2965 1489 3000 eius
1514 2965 1610 3010 quod
1634 2965 1726 3009 exigi
1751 2969 1871 3010 potest
1893 2977 1959 3010 pro
1984 2971 2065 3001 rata
2087 2965 2129 3001 fit
2141 2966 2356 3008 distributio,

1264 3009 1397 3044 residui
1421 3009 1574 3045 venditio
1599 3010 1766 3045 facienda
1790 3014 1864 3053 est,
1898 3014 1939 3046 ut
1962 3011 1999 3046 id
2024 3011 2165 3046 demum
2194 3012 2232 3047 in
2255 3012 2355 3047 here-

1266 3055 1376 3090 ditate
1402 3058 1638 3100 computetur,
1663 3056 1787 3107 quanti
1811 3066 1941 3091 nomen
1964 3057 2117 3092 distrahi
2140 3061 2269 3102 potest.
2293 3057 2356 3092 sed

1267 3111 1347 3135 cum
1372 3100 1524 3135 debitori
1547 3100 1711 3136 liberatio
1736 3101 1958 3146 relinquitur,
1993 3103 2071 3147 ipse
2095 3102 2163 3137 sibi
2186 3102 2355 3137 solvendo

1265 3145 1405 3180 videtur
1429 3149 1464 3180 et
1489 3146 1585 3190 quod
1608 3145 1655 3181 ad
1687 3156 1725 3181 se
1755 3147 1901 3189 attinet,
1935 3147 2032 3183 dives
2057 3151 2134 3183 est:
2168 3147 2299 3192 quippe
2324 3147 2355 3182 si

1267 3191 1298 3226 ei
1322 3190 1445 3225 mortis
1471 3201 1582 3226 causa
1605 3201 1691 3227 acce
1718 3195 1755 3228 to
1779 3192 1916 3228 feratur
1939 3193 1977 3227 id
2002 3192 2099 3238 quod
2123 3192 2238 3234 debet,
2264 3202 2353 3236 qua-

1266 3236 1455 3280 dringenta
1480 3237 1616 3281 cepisse
1638 3237 1673 3272 vi
1699 3238 1833 3280 ebitur‚
1858 3237 1942 3273 licet
1966 3238 2054 3273 nihil
2078 3237 2196 3272 facere
2219 3237 2352 3282 possit:

1266 3281 1420 3317 sensisse
1434 3281 1526 3316 enim
1543 3281 1788 3318 liberationem
1829 3283 1945 3318 lenam
1963 3283 2111 3324 videtur,
2126 3282 2281 3327 quamvis
2299 3282 2352 3316 ni-

1266 3327 1314 3361 hil
1330 3326 1450 3362 facere
1465 3327 1589 3371 possit.
1615 3327 1645 3363 si
1660 3328 1727 3363 soli
1742 3328 1775 3365 ei
1825 3329 1962 3364 beratio
1977 3328 2101 3363 relicta
2116 3331 2180 3369 est,
2200 3332 2234 3361 et
2250 3327 2352 3362 ide0⁷

1265 3371 1427 3407 Falcidia
1440 3372 1694 3409 interveniente
1705 3377 1866 3409 trecenta
1880 3377 2028 3418 accepto
2044 3373 2095 3408 illi
2107 3372 2194 3407 ferri
2210 3372 2351 3414 debent,

1264 3417 1407 3452 residua
1432 3421 1574 3452 centum
1598 3418 1780 3454 durabunt
1810 3420 1847 3454 in
1880 3418 2130 3463 obligationem
2154 3421 2189 3451 et
2220 3417 2249 3452 si
2273 3417 2350 3461 qui-

1265 3463 1345 3498 dem
1368 3462 1486 3498 facere
1509 3474 1616 3508 posse
1641 3465 1808 3509 coeperit,
1833 3464 2017 3508 exigentur
2029 3464 2074 3497 ab
2100 3473 2141 3497 eo
2165 3462 2352 3496 dumtaxat

1263 3518 1377 3552 usque
1408 3508 1455 3542 ad
1491 3510 1670 3544 88111111118.
1718 3509 1881 3554 idemque
1913 3509 1979 3543 erit
2010 3507 2215 3548 dicendum,
2255 3511 2291 3542 et
2321 3507 2352 3541 si

1263 3553 1387 3588 mortis
1413 3563 1524 3589 causa
1547 3558 1697 3600 accepto
1723 3555 1755 3590 ei
1779 3554 2037 3600 quadringenta
2059 3552 2231 3588 ferantur.
2257 3551 2352 3587 unde

926 3667 968 3707 (3)
993 3666 1154 3709 imputari
1166 3667 1200 3700 F

1263 3666 1417 3700 liberatio
1430 3667 1547 3701 relicta
1560 3671 1609 3701 est
1619 3682 1680 3702 scr.
1793 3669 1837 3708 (s)
1862 3666 2035 3698 dumtaxat
2047 3676 2149 3707 usque
2163 3666 2204 3698 ad
2216 3667 2348 3698 centum

1265 3713 1326 3745 del.
1348 3713 1479 3746 Voorda

2012 3813 2074 3844 65*
