2528 3918
201 125 309 168 V11

201 250 222 283 2
268 245 405 291 scapha
438 254 578 290 quoque
612 244 804 289 separatim
834 244 1083 280 vindicabitur.
1130 244 1286 289 Pompo-

201 292 281 328 nius
311 290 452 331 scribit,
483 290 513 325 si
546 288 631 334 quid
662 289 758 334 quod
781 289 938 325 eiusdem
971 294 1122 326 naturae
1153 292 1208 324 est
1237 289 1289 324 ita

202 336 390 373 confusum
414 339 468 369 est
490 338 598 380 atque
621 334 869 376 commixtum,
900 339 942 370 ut
973 334 1102 370 deduci
1125 337 1160 370 et
1183 343 1287 378 sepa-

200 382 274 418 rari
285 391 356 416 non
368 379 506 424 possint
518 381 540 421 ¹,
565 389 637 414 non
659 383 785 422 totum,
810 380 872 415 sed
895 391 960 425 pro
984 384 1087 425 parte
1111 389 1189 414 esse
1211 379 1287 413 vin-

201 425 402 462 dicandum.
438 428 480 459 ut
502 427 590 469 puta
613 434 730 459 meum
754 428 790 460 et
813 429 914 460 tuum
933 428 1118 470 argentum
1137 424 1175 458 in
1194 434 1287 458 mas-

200 482 276 507 sam
299 469 482 505 redactum
505 474 577 504 est:
604 469 671 504 erit
693 470 795 505 nobis
821 480 1017 511 commune,
1042 473 1078 504 et
1097 468 1288 521 unusquis-

201 526 269 561 que
292 525 357 560 pro
381 518 462 548 rata
483 514 650 566 ponderis
674 514 769 560 quod
788 515 826 549 in
847 525 966 550 massa
980 514 1153 549 habemus
1175 513 1287 549 vindi-

201 560 371 601 cabimus,
395 559 462 594 etsi
485 563 660 595 incertum
679 559 736 603 sit,
761 564 934 605 quantum
953 560 1102 605 quisque
1121 558 1288 604 ponderis

201 606 238 640 in
262 614 381 640 massa
403 603 523 639 habet.

246 649 271 686 4
295 648 455 684 PAvas
474 649 566 685 libro
589 650 781 686 vicensimo
799 650 923 696 primo
947 649 998 685 ad
1019 649 1174 686 edictum
1210 650 1287 694 Quo

200 694 339 740 quidem
364 704 452 729 casu
475 695 582 730 etiam
613 695 791 730 communi
823 694 1014 730 dividundo
1047 695 1105 740 agi
1135 695 1287 740 poterit:

200 740 262 775 sed
286 743 322 775 et
351 738 439 774 furti
470 743 506 774 et
536 739 583 775 ad
614 739 850 775 exhibendum
881 739 1078 782 tenebitur,
1116 740 1176 785 qui
1207 739 1288 775 dolo

199 785 292 820 malo
318 783 609 820 confundendum
632 784 669 819 id
693 788 878 829 argentum
910 785 1066 820 curavit:
1097 785 1150 820 ita
1180 789 1221 820 ut
1251 785 1289 819 in

200 830 246 865 ad
270 829 509 865 exhibendum
533 830 673 865 actione
696 830 799 874 pretii
822 829 914 865 ratio
938 829 1064 865 haberi
1087 830 1227 872 debeat,
1251 830 1289 864 in

199 874 436 910 vindicatione
458 875 514 910 vel
538 875 716 910 communi
740 874 931 910 dividundo
956 875 1097 910 actione
1118 876 1189 911 hoc
1213 885 1288 910 am-

200 920 294 966 plius
317 919 422 962 ferat,
448 919 550 955 cuius
575 924 761 964 argentum
784 920 975 965 pretiosius
998 919 1128 956 fuerat.

245 964 270 1001 5
302 964 496 1000 ULPIANUS
516 965 607 1000 libro
630 968 735 1000 sexto
760 964 896 1000 decimo
920 965 971 1000 ad
992 965 1146 1001 edictum
1191 965 1290 1000 Idem

199 1009 416 1055 Pomponius
435 1010 576 1045 scribit:
601 1010 631 1044 si
653 1010 870 1045 frumentum
894 1010 1045 1045 duorum
1069 1021 1142 1046 non
1164 1010 1288 1046 volun-

199 1060 274 1091 tate
298 1065 419 1090 eorum
452 1055 639 1091 confusum
671 1055 735 1096 sit,
768 1055 938 1101 competit
968 1056 1115 1100 singulis
1146 1055 1184 1090 in
1215 1066 1290 1090 rem

200 1101 292 1136 actio
316 1100 353 1134 in
376 1099 413 1135 id
423 1100 448 1142 ²,
481 1100 519 1135 in
551 1104 724 1145 quantum
755 1105 860 1145 paret
889 1100 927 1135 in
949 1100 1009 1136 illo
1034 1111 1161 1136 acervo
1186 1111 1290 1136 suum

201 1146 372 1191 cuiusque
403 1155 499 1180 esse:
536 1145 631 1190 quod
661 1146 692 1180 si
723 1146 907 1181 voluntate
942 1155 1063 1181 eorum
1099 1146 1290 1182 commixta

200 1194 302 1233 sunt,
325 1194 412 1225 tunc
437 1191 701 1226 communicata
722 1191 936 1226 videbuntur
960 1195 996 1226 et
1019 1191 1086 1226 erit
1110 1191 1289 1227 communi

203 1240 216 1271 1
268 1235 458 1271 dividundo
482 1236 588 1271 actio.
635 1235 734 1271 Idem
765 1236 910 1279 scribit,
943 1236 974 1271 si
1006 1246 1050 1272 ex
1072 1236 1176 1272 melle
1199 1246 1288 1279 meo,

199 1282 280 1316 vino
303 1285 366 1316 tuo
389 1280 526 1316 factum
550 1281 597 1316 sit
618 1281 783 1324 mulsum,
808 1281 982 1326 quosdam
1007 1281 1228 1317 existimasse
1250 1281 1289 1317 id

200 1336 340 1379 quoque
375 1326 648 1362 communicari:
685 1326 748 1362 sed
779 1331 867 1372 puto
899 1326 1037 1370 verius,
1072 1330 1114 1362 ut
1149 1331 1185 1362 et
1213 1327 1291 1372 ipse

199 1371 395 1417 sigmficat,
432 1372 507 1406 eius
530 1372 650 1417 potius
675 1382 752 1407 esse
776 1372 835 1417 qui
858 1371 962 1415 fecit,
995 1372 1164 1417 quoniam
1188 1382 1290 1407 suam

201 1417 354 1462 speciem
366 1416 553 1462 pristinam
573 1427 646 1452 non
666 1417 835 1452 continet.
871 1416 935 1452 sed
955 1417 986 1452 si
1004 1417 1189 1463 plumbum
1209 1428 1291 1452 cum

200 1466 346 1506 argento
371 1462 519 1497 mixtum
543 1462 600 1504 sit,
625 1462 709 1507 quia
732 1462 861 1498 deduci
884 1463 1018 1507 possit,
1042 1473 1109 1498 nec
1134 1473 1290 1498 commu-

200 1507 378 1542 nicabitur
400 1517 467 1542 nec
491 1507 668 1542 communi
692 1507 882 1543 dividundo
907 1511 1053 1553 agetur,
1078 1508 1164 1554 quia
1186 1518 1290 1553 sepa-

199 1552 273 1587 rari
295 1552 456 1598 potest⁸z
482 1555 607 1597 agetur
630 1556 750 1588 autem
772 1553 810 1588 in
832 1563 907 1587 rem
927 1553 1021 1588 actio
1033 1554 1059 1588 ⁴.
1095 1552 1160 1588 sed
1178 1552 1209 1588 si
1229 1552 1290 1588 de-

201 1596 303 1639 duci,
334 1598 371 1632 in
397 1596 467 1639 uin,
503 1608 576 1633 non
606 1598 738 1643 possit,
773 1601 815 1632 ut
844 1602 935 1650 puta
966 1598 997 1633 si
1020 1608 1082 1633 aes
1106 1601 1143 1633 et
1165 1607 1292 1633 aurum

200 1642 348 1677 mixtum
388 1642 490 1685 uerit,
514 1653 579 1687 pro
599 1646 704 1687 parte
723 1653 802 1678 esse
820 1642 1089 1678 v1ndicandumt
1114 1653 1182 1678 nec
1202 1653 1290 1688 qua-

201 1697 307 1733 quam
331 1687 398 1722 erit
421 1687 621 1731 dicendum,
645 1687 741 1733 quod
764 1687 801 1723 in
824 1687 939 1723 mulso
964 1688 1099 1724 dictum
1119 1692 1184 1731 est,
1231 1688 1293 1723 uia

201 1735 221 1767 2
268 1736 420 1778 utraque
443 1732 593 1768 materia
617 1733 684 1768 etsi
708 1732 860 1768 confusa
882 1737 1003 1768 manet
1024 1737 1155 1769 tamen.
1193 1734 1210 1768 I
1238 1744 1292 1768 em

201 1778 335 1819 scribit,
359 1777 390 1812 si
414 1788 541 1823 equam
564 1788 679 1813 meam
702 1788 815 1824 equus
839 1783 924 1814 tuus
948 1782 1177 1824 praegnatem
1196 1778 1291 1814 fece-

201 1823 265 1865 rit,
302 1833 373 1858 non
407 1832 486 1858 esse
516 1827 637 1866 tuum,
673 1823 737 1859 sed
770 1833 905 1866 meum,
943 1823 1038 1869 quod
1069 1827 1193 1859 natum
1225 1827 1290 1859 est.

202 1870 222 1903 3
268 1868 324 1903 De
343 1868 482 1910 arbore,
502 1879 594 1913 quae
613 1868 650 1904 in
670 1868 824 1904 alienum
836 1879 960 1913 agrum
971 1869 1147 1904 translata
1160 1869 1294 1904 coaluit

202 1917 237 1949 et
266 1912 404 1948 radices
436 1913 596 1957 immisit,
622 1913 741 1950 Varus
773 1918 810 1949 et
838 1914 958 1950 Nerva
989 1915 1112 1950 utilem
1146 1914 1183 1949 in
1217 1925 1292 1950 rem

202 1958 378 1994 actionem
401 1958 552 1994 dabant:
584 1969 667 1994 nam
691 1959 721 1994 si
744 1959 902 1994 nondum
926 1959 1077 2003 coaluit,
1110 1969 1190 1995 mea
1213 1970 1293 1995 esse

202 2007 223 2038 4
270 2014 342 2039 non
366 2003 513 2039 desinet.
563 2004 651 2039 Cum
674 2004 711 2039 in
734 2015 809 2040 rem
833 2008 980 2050 agatur,
1012 2005 1044 2040 si
1075 2004 1119 2040 de
1143 2015 1292 2050 corpore

203 2049 409 2091 conveniat,
434 2059 533 2084 error
556 2053 675 2084 autem
700 2050 747 2085 sit
768 2050 806 2085 in
828 2050 1024 2093 vocabulo,
1049 2053 1147 2085 recte
1171 2054 1292 2085 actum

204 2098 222 2129 5
270 2104 348 2129 esse
366 2093 515 2129 videtur.
554 2094 591 2129 Si
610 2095 732 2140 plures
753 2095 825 2130 sint
847 2095 1004 2130 eiusdem
1023 2095 1175 2130 nominis
1188 2095 1291 2138 servi,

201 2142 291 2219 gum
313 2139 433 2184 plures
456 2139 606 2182 Erotes,
639 2150 705 2176 nec
729 2144 903 2185 appareat
926 2140 970 2176 de
994 2151 1064 2185 quo
1089 2144 1210 2175 actum
1233 2141 1291 2184 sit,

233 2184 419 2229 omponius
444 2184 531 2220 dicit
553 2185 685 2220 nullam
708 2185 786 2221 fieri
810 2185 1151 2221 condemnationem.

248 2227 274 2266 6
298 2229 457 2265 Panos
484 2230 575 2265 libro
607 2235 712 2266 sexto
736 2231 787 2266 ad
808 2230 961 2266 edictum
1008 2230 1046 2265 Si
1068 2231 1106 2265 in
1128 2241 1203 2266 rem
1227 2230 1290 2266 ali-

203 2274 281 2319 quis
314 2278 414 2319 agat,
447 2274 552 2310 debet
575 2275 760 2320 designare
782 2286 876 2317 rem,
909 2279 945 2310 et
967 2279 1086 2311 utrum
1108 2279 1221 2311 totam
1245 2285 1291 2310 an

202 2323 338 2365 partem
362 2324 398 2354 et
421 2324 565 2365 quotam
589 2324 707 2366 petat:
733 2321 925 2366 appellatio
951 2321 1043 2356 enim
1065 2321 1116 2356 rei
1140 2331 1212 2356 non
1230 2331 1290 2365 ge-

203 2375 292 2407 nus,
323 2364 386 2400 sed
414 2366 568 2410 speciem
599 2366 787 2410 significat.
835 2365 1038 2401 Octavenus
1072 2366 1124 2400 ita
1157 2365 1290 2408 definit,

203 2410 299 2456 quod
321 2409 475 2445 infectae
498 2410 639 2456 quidem
662 2411 832 2446 materiae
850 2410 1003 2456 pondus,
1028 2411 1188 2456 signatae
1206 2420 1290 2445 vero

203 2466 404 2498 numerum,
428 2455 548 2491 factae
571 2459 690 2491 autem
714 2456 867 2502 speciem
891 2455 961 2492 dici
984 2460 1143 2501 oportet:
1169 2455 1233 2491 sed
1256 2460 1293 2491 et

203 2510 369 2536 mensura
392 2500 541 2536 dicenda
564 2501 642 2543 erit,
667 2512 748 2537 cum
770 2511 828 2537 res
851 2511 1020 2536 mensura
1040 2500 1289 2536 continebitur.

205 2549 241 2580 et
263 2545 293 2580 si
315 2546 525 2581 vestimenta
548 2550 671 2581 nostra
702 2557 780 2582 esse
810 2546 864 2581 vel
897 2546 974 2581 dari
997 2550 1164 2592 oportere
1187 2546 1291 2582 nobis

204 2595 386 2636 petamus,
418 2595 538 2626 utrum
568 2602 755 2627 numerum
787 2602 908 2627 eorum
943 2591 1062 2627 dicere
1085 2591 1291 2626 debebimus

206 2645 251 2670 an
275 2639 310 2670 et
333 2636 511 2671 colorem?
535 2640 571 2671 et
594 2637 705 2682 magis
730 2640 784 2672 est
806 2641 848 2672 ut
866 2641 1074 2682 utrumque:
1101 2646 1183 2671 nam
1203 2636 1292 2671 illud

204 2680 436 2715 inhumanum
460 2685 514 2715 est
537 2682 614 2726 cogi
638 2692 703 2717 nos
727 2682 864 2724 dicere,
897 2682 983 2717 trita
1012 2681 1084 2717 sint
1116 2692 1161 2716 an
1185 2692 1289 2716 nova.

206 2725 363 2770 quamvis
387 2729 423 2760 et
444 2725 482 2760 in
504 2727 597 2762 vasis
622 2731 790 2762 occurrat
821 2727 1031 2770 difficultas,
1063 2730 1182 2762 utrum
1213 2727 1290 2762 lan-

206 2780 282 2805 cem
307 2769 491 2805 dumtaxat
514 2771 583 2806 dici
607 2776 771 2818 oporteat
794 2783 840 2807 an
873 2772 997 2815 etiam,
1030 2771 1206 2817 quadrata
1238 2772 1293 2807 vel

205 2814 373 2867 rutunda,
396 2815 450 2849 vel
473 2826 564 2860 pura
587 2827 634 2851 an
659 2818 798 2853 caelata
821 2818 892 2853 sint
901 2819 926 2861 ⁵,
952 2828 1044 2863 quae
1066 2817 1146 2863 ipsa
1168 2817 1205 2852 in
1228 2827 1291 2862 pe-

205 2860 390 2895 titiombus
413 2870 552 2905 quoque
576 2861 717 2898 adicere
747 2862 892 2898 difficile
916 2867 980 2898 est.
1024 2873 1091 2898 nec
1114 2862 1166 2897 ita
1190 2872 1291 2898 coar·

205 2904 317 2957 tanda
346 2915 404 2939 res
436 2909 507 2940 est:
538 2906 621 2941 licet
651 2907 687 2942 in
718 2907 872 2953 petendo
896 2908 1039 2943 homine
1062 2918 1191 2943 nomen
1216 2907 1291 2943 eius

207 2949 277 2985 dici
300 2949 429 2984 debeat
451 2954 487 2984 et
509 2954 628 2986 utrum
651 2963 739 2997 puer
762 2963 808 2988 an
832 2953 1041 2988 adulescens
1073 2953 1137 2996 sit,
1169 2953 1293 2998 utique

207 2995 238 3030 si
260 2994 380 3047 plures
404 2995 493 3046 sint:
529 2996 591 3030 sed
622 2997 652 3031 si
683 3008 811 3033 nomen
835 2998 911 3034 eius
934 2998 1110 3043 ignorem,
1146 2997 1291 3033 demon-

207 3044 379 3075 stratione
403 3049 477 3074 eius
502 3041 670 3076 utendum
693 3043 776 3078 erit:
810 3043 919 3078 veluti
944 3043 1016 3089 ‘qui
1041 3053 1083 3078 ex
1106 3043 1167 3078 illa
1189 3043 1290 3078 here-

207 3085 318 3120 ditate
341 3084 417 3126 est'‚
443 3084 515 3136 ‘qui
538 3094 582 3119 ex
604 3085 665 3120 illa
688 3092 793 3123 natus
818 3089 894 3124 est'.
927 3089 1011 3124 item
1030 3088 1181 3123 fundum
1201 3088 1291 3134 peti-

207 3134 310 3166 turus
334 3139 461 3165 nomen
486 3139 561 3165 eius
585 3134 621 3165 et
644 3142 712 3175 quo
737 3133 806 3168 loci
829 3133 876 3168 sit
899 3134 1016 3169 dicere
1040 3133 1193 3169 debebit.

254 3171 277 3211 7
302 3173 410 3210 Ilmu
428 3174 518 3226 lipro·
541 3175 727 3211 undecimo
751 3178 801 3213 ad
823 3178 976 3214 edictum
1017 3178 1056 3214 Si
1074 3178 1117 3220 is,
1142 3177 1203 3223 qui
1226 3188 1290 3223 op-

207 3219 290 3255 tulit
308 3230 347 3255 se
365 3218 467 3254 fundi
486 3218 724 3262 vindicationi,
750 3222 937 3259 damnatus
959 3227 1024 3266 est,
1044 3223 1154 3259 nihilo
1173 3222 1291 3258 minus

208 3275 231 3301 a
301 3274 459 3300 ssessore
482 3268 579 3299 recte
601 3265 743 3310 petitur,
769 3267 862 3303 sicut
883 3268 1015 3304 Pedius
1039 3268 1100 3304 ait.

252 3275 410 3347 golam!
437 3308 527 3361 libro
558 3309 766 3346 duodecimo
797 3313 847 3347 ad
876 3313 1028 3349 edictum
1073 3312 1290 3358 Pomponius

207 3355 298 3391 libro
321 3355 525 3406 trigensimo
549 3358 650 3389 sexto
674 3356 820 3399 probat,
853 3358 883 3393 si
915 3368 959 3393 ex
982 3358 1104 3404 aequis
1126 3357 1290 3403 partibus

208 3400 358 3435 fundum
381 3399 467 3435 mihi
488 3402 607 3434 tecum
632 3410 850 3436 communem
883 3406 923 3437 tu
956 3408 992 3438 et
1014 3403 1149 3439 Lucius
1174 3403 1290 3438 Titius

207 3444 438 3525 possideatis,
470 3454 542 3479 non
572 3444 618 3479 ab
650 3445 809 3490 utrisque
844 3448 1060 3491 quadrantes
1091 3452 1212 3493 petere
1235 3458 1291 3483 me

233 3490 348 3532 abere,
372 3489 441 3542 sed‘
459 3499 483 3525 a
505 3489 619 3531 Titio,
644 3489 704 3535 qui
728 3501 797 3525 non
822 3492 868 3526 sit
892 3492 1071 3536 dominus,
1095 3497 1211 3528 totum
1233 3502 1289 3528 se-

207 3535 361 3572 missem.
395 3535 499 3570 ahter
522 3538 630 3580 atque
653 3534 683 3569 si
709 3535 815 3571 certis
846 3537 1045 3581 regionibus
1076 3537 1290 3582 possideatis

210 3650 249 3690 (1)
273 3648 419 3690 possitS

207 3697 274 3725 test
284 3693 345 3727 del„
359 3691 437 3725 Hal.

210 3741 255 3783 (θ)
279 3740 440 3783 petitioni
449 3739 484 3773 F

544 3650 588 3691 (2)
613 3647 694 3681 inid
704 3648 766 3682 del.
901 3650 943 3689 (3)
968 3650 1046 3691 quia
1056 3650 1205 3692 separari
1226 3661 1288 3694 po-

543 3694 586 3734 (4)
611 3694 647 3726 in
660 3704 727 3726 rem
737 3693 917 3736 separatim
925 3705 987 3726 scr.
1105 3698 1147 3735 (5)
1172 3695 1218 3728 sit
1226 3707 1289 3728 ser.

555 3742 598 3781 (Ἰ)
623 3739 651 3771 si
662 3752 720 3774 om.
731 3738 766 3772 F'
836 3739 881 3781 (8)
906 3751 945 3772 cz·
954 3741 1159 3773 commatibus
1168 3741 1292 3774 duobus

1290 117 1347 166 9⁰

2279 135 2341 166 DE
2370 136 2443 166 RE]

1357 253 1438 279 eum
1461 242 1630 279 fundum:
1654 254 1738 280 nam
1760 247 1848 280 tunc
1872 244 1948 280 sine
1971 244 2079 279 dubio
2102 248 2139 280 et
2158 254 2181 279 a
2197 247 2234 280 te
2253 247 2289 280 et
2308 254 2331 280 a
2350 244 2444 281 Titio

1355 292 1478 368 partes
1501 287 1605 323 fundi
1626 293 1748 334 petere
1770 299 1827 325 me
1850 289 1995 325 debere:
2028 289 2191 334 quotiens
2224 289 2316 325 enim
2347 295 2446 326 certa

1371 343 1439 369 oca
1458 333 1746 378 possidebuntur,
1770 334 1971 370 necessario
1995 334 2033 370 in
2056 334 2112 370 his
2136 334 2289 380 aliquam
2309 339 2446 380 partem

1357 388 1471 413 meam
1503 388 1599 414 esse:
1634 382 1670 414 et
1698 378 1778 415 ideo
1809 383 1846 415 te
1876 390 2018 425 quoque
2050 389 2073 415 a
2095 378 2189 414 Titio
2213 379 2446 425 quadrantem

1358 426 1479 469 petere
1509 422 1648 459 debere.
1724 434 1792 459 uae
1824 424 2003 460 distinctio
2040 434 2155 470 neque
2188 424 2226 459 in
2256 434 2296 460 re
2326 424 2444 460 mobili

1358 478 1474 513 neque
1492 467 1529 503 in
1541 468 1748 504 hereditatis
1760 469 1955 515 petitione⁶
1974 470 2093 505 locum
2111 469 2240 505 habet:
2265 480 2446 515 nunquam

1359 513 1452 548 enim
1499 524 1539 549 ro
1564 513 1673 549 diviso
1723 514 1872 550 ossideri
1894 518 2024 560 potest.

1404 556 1430 595 9
1490 568 1657 594 LPIANUS
1677 558 1702 594 la
1748 571 1770 595 o
1793 563 1899 595 sexto
1923 560 2059 595 decimo
2083 558 2134 594 ad
2155 558 2310 595 edictum
2357 558 2445 595 Offi-

1359 603 1452 639 cium
1487 607 1607 638 autem
1637 603 1764 639 iudicis
1794 604 1832 639 in
1863 604 1933 640 hac
1964 604 2104 640 actione
2135 604 2173 639 in
2194 604 2266 639 hoc
2289 603 2372 646 erit,
2407 608 2447 639 ut

1358 648 1465 684 iudex
1487 648 1673 693 inspiciat,
1698 659 1746 684 an
1769 659 1850 685 reus
1874 649 2075 694 possideat:
2108 658 2175 684 nec
2199 649 2246 684 ad
2269 658 2343 684 rem
2392 659 2446 684 er-

1358 693 1502 736 tinebit,
1535 703 1579 728 ex
1610 704 1681 739 qua
1711 704 1822 730 causa
1845 694 2046 739 possideat:
2082 693 2145 729 ubi
2177 693 2269 729 enim
2301 704 2365 739 pro
2392 694 2448 729 avi

1358 749 1434 774 rem
1457 749 1572 774 meam
1595 749 1683 782 esse,
1708 749 1855 775 necesse
1877 739 2025 774 habebit
2043 749 2230 784 possessor
2249 739 2447 781 restituere,

1359 784 1419 829 qui
1442 794 1515 819 non
1539 783 1669 819 obiecit
1688 784 1842 829 aliquam
1862 784 2116 829 exceptionem.
2153 783 2295 829 quidam
2316 788 2446 827 tamen,

1358 833 1400 864 ut
1410 829 1580 874 Pegasus,
1606 839 1684 864 eam
1703 830 1817 865 solam
1836 829 2096 874 possessionem
2141 832 2332 864 utaverunt
2354 829 2447 864 hanc

1359 874 1537 909 actionem
1569 874 1774 919 complecti,
1807 885 1899 919 quae
1922 874 2041 909 locum
2063 873 2111 908 ha
2138 877 2173 909 et
2195 874 2232 908 in
2255 873 2444 909 interdicto

1358 920 1411 954 uti
1442 918 1632 964 possidetis
1664 919 1719 954 vel
1750 919 1881 954 utrubi.
1919 919 2070 964 denique
2099 918 2150 953 ait
2181 919 2226 954 ab
2259 929 2319 961 eo,
2352 919 2447 964 apud

1359 975 1463 1010 quem
1488 964 1532 999 de
1558 964 1650 999 osita
1673 969 1727 999 est
1749 965 1805 1000 vel
1830 963 2055 1000 commodata
2077 964 2132 999 vel
2155 964 2215 1009 qui
2239 964 2450 999 conduxerit

1359 1014 1423 1044 aut
1446 1009 1506 1054 qui
1544 1013 1727 1054 egatorum
1750 1009 2003 1045 servandorum
2027 1019 2138 1044 causa
2160 1009 2215 1044 vel
2239 1008 2331 1045 dotis
2363 1019 2446 1044 ven-

1358 1054 1467 1090 trisve
1491 1055 1634 1090 nomine
1656 1055 1693 1089 in
1716 1055 1943 1100 possessione
1968 1059 2062 1090 esset
2083 1054 2139 1089 vel
2163 1054 2220 1089 cui
2244 1053 2363 1089 damni
2394 1054 2447 1089 in—

1358 1100 1444 1135 fecti
1467 1099 1609 1135 nomine
1632 1110 1704 1134 non
1728 1100 1931 1143 cavebatur,
1957 1099 2041 1145 quia
2063 1099 2100 1134 hi
2124 1109 2245 1135 omnes
2269 1110 2341 1135 non
2364 1109 2447 1144 pos-

1359 1145 1487 1187 sident,
1511 1144 1683 1180 vindicari
1706 1156 1779 1181 non
1802 1155 1917 1190 posse.
1980 1148 2041 1180 uto
2066 1148 2185 1180 autem
2205 1144 2251 1180 ab
2274 1144 2448 1187 omnibus,

1359 1190 1420 1236 qui
1441 1193 1565 1225 tenent
1586 1194 1622 1225 et
1632 1190 1767 1225 habent
1777 1191 1949 1226 restituen
1978 1189 2218 1233 'facultatem,
2239 1189 2313 1234 peti
2332 1199 2446 1235 posse.

1408 1233 1459 1273 10
1484 1235 1541 1271 ΡΛ
1550 1245 1645 1271 υιυε
1673 1235 1763 1271 libro
1787 1236 1976 1271 vicensimo
1994 1236 2118 1288 primo
2141 1234 2192 1270 ad
2213 1235 2365 1270 edictum
2412 1234 2448 1270 Si

1359 1291 1417 1316 res
1440 1280 1581 1316 mobilis
1604 1280 1717 1326 petita
1739 1280 1805 1324 sit,
1837 1280 1899 1315 ubi
1922 1280 2062 1316 restitui
2085 1280 2233 1323 debeat,
2257 1279 2395 1315 scilicet
2419 1280 2449 1315 si

1359 1335 1529 1372 praesens
1553 1336 1626 1361 non
1650 1325 1725 1361 sit?
1749 1330 1785 1360 et
1807 1336 1880 1361 non
1903 1325 2035 1361 malum
2059 1330 2124 1368 est,
2148 1325 2205 1361 si⁷
2228 1325 2345 1360 bonae
2367 1325 2449 1360 fidei

1358 1381 1545 1417 possessor
1568 1371 1614 1406 sit
1636 1370 1666 1406 is
1692 1381 1772 1406 cum
1796 1381 1866 1416 quo
1891 1371 2026 1416 agitur,
2059 1375 2122 1405 aut
2152 1370 2203 1406 ibi
2225 1369 2365 1405 restitui
2387 1370 2449 1404 ubi

1359 1427 1417 1452 res
1441 1416 1506 1452 sit:
1532 1420 1597 1451 aut
1619 1416 1681 1451 ubi
1705 1416 1833 1461 agitur,
1857 1416 1919 1451 sed
1943 1416 2142 1468 sumptibus
2199 1414 2355 1458 etitoris,
2389 1416 2448 1460 qui

1361 1465 1462 1497 extra
1485 1461 1620 1497 cibaria
1642 1461 1679 1496 in
1701 1461 1771 1496 iter
1792 1461 1847 1497 vel
1879 1462 2137 1506 navigationem
2184 1459 2322 1495 aciendi
2353 1464 2446 1496 sunt.

1409 1505 1456 1544 11
1492 1506 1687 1542 Uzmzws
1707 1506 1800 1542 libro
1823 1510 1928 1542 sexto
1953 1507 2089 1542 decimo
2112 1506 2162 1541 ad
2184 1505 2336 1541 edictum
2371 1504 2449 1540 Nisi

1360 1551 1392 1587 si
1415 1551 1515 1587 malit
1537 1551 1669 1597 petitor
1692 1551 1765 1586 suis
1789 1551 1957 1598 impensis
1982 1555 2017 1587 et
2039 1551 2198 1597 periculo
2222 1550 2284 1592 ibi,
2308 1550 2370 1585 ubi
2393 1550 2447 1585 iu-

1361 1596 1512 1639 dicatur,
1536 1607 1612 1632 rem
1634 1596 1815 1632 restitui⁸:
1840 1601 1928 1633 tunc
1953 1597 2045 1632 enim
2064 1597 2109 1633 de
2129 1595 2355 1633 restitutione
2368 1606 2448 1631 cum

1361 1641 1596 1678 satisdatione
1620 1642 1814 1677 cavebitur.

1409 1685 1460 1724 12
1483 1686 1644 1723 Panas
1671 1687 1762 1723 libro
1785 1688 1976 1722 vicensimo
1992 1688 2116 1734 primo
2140 1686 2191 1723 ad
2212 1685 2364 1721 edictum
2411 1685 2448 1720 Si

1360 1742 1443 1768 vero
1468 1732 1584 1768 malae
1605 1732 1690 1767 fidei
1712 1732 1759 1767 sit
1781 1742 1985 1777 possessor,
2018 1732 2078 1778 qui
2107 1732 2145 1767 in
2168 1731 2239 1767 alio
2262 1731 2342 1766 loco
2368 1741 2446 1766 eam

1359 1788 1434 1813 rem
1457 1781 1586 1813 nactus
1610 1778 1668 1820 sit,
1692 1777 1784 1812 idem
1803 1778 1914 1813 statui
1933 1777 2056 1813 debet:
2081 1778 2112 1812 si
2131 1787 2214 1813 vero
2234 1776 2280 1811 ab
2301 1786 2342 1811 eo
2355 1776 2447 1817 loco,

1360 1823 1423 1858 ubi
1445 1823 1488 1858 lis
1513 1826 1716 1859 contestata
1739 1827 1804 1865 est,
1830 1833 1908 1858 eam
1925 1823 2146 1858 subtractam
2166 1822 2234 1858 alio
2255 1821 2447 1856 transtule-

1361 1868 1428 1921 rito,
1451 1868 1524 1904 illic
1547 1868 1735 1904 restituere
1759 1867 1875 1911 debet,
1899 1867 1994 1904 unde
2018 1868 2214 1911 subtraxit,
2246 1867 2447 1913 sumptibus

1362 1924 1445 1949 suis.

1410 1956 1460 1996 13
1493 1957 1689 1994 ULPJAst
1709 1959 1800 1995 libro
1823 1961 1928 1994 sexto
1952 1958 2088 1994 decimo
2113 1957 2163 1993 ad
2178 1957 2331 1993 edictum
2364 1956 2448 1992 Non

1362 2004 1476 2039 solum
1500 2007 1619 2039 autem
1642 2014 1717 2038 rem
1740 2003 1898 2046 restitui,
1930 2014 2051 2038 verum
2084 2007 2120 2038 et
2151 2002 2182 2038 si
2216 2002 2368 2038 deterior
2391 2012 2448 2037 res

1362 2049 1408 2084 sit
1430 2049 1547 2091 facta,
1572 2049 1748 2084 rationem
1771 2048 1879 2084 iudex
1901 2048 2033 2084 habere
2057 2048 2217 2083 debebit:
2242 2047 2334 2091 finge
2357 2047 2448 2082 enim

1361 2094 1583 2130 debilitatum
1606 2094 1785 2129 hominem
1808 2094 1864 2129 vel
1886 2094 2110 2129 verberatum
2140 2093 2196 2128 vel
2224 2093 2447 2128 vulneratum

1360 2139 1517 2175 restitui:
1548 2139 1601 2174 uti
1628 2149 1672 2174 ue
1694 2139 1786 2174 ratio
1810 2149 1874 2184 per
1896 2139 2048 2174 iudicem
2071 2138 2280 2180 habebitur,
2313 2141 2447 2182 quanto

1361 2184 1514 2219 deterior
1531 2185 1579 2220 sit
1613 2188 1726 2220 actus.
1762 2194 1975 2236 quamquam
1988 2188 2023 2219 et
2034 2184 2120 2229 legis
2132 2183 2295 2228 Aquiliae
2307 2183 2448 2218 actione

1361 2229 1539 2265 conveniri
1569 2239 1758 2275 possessor
1787 2234 1918 2274 possm:
1950 2229 2045 2264 unde
2075 2229 2258 2274 quaeritur
2293 2238 2340 2262 an
2374 2238 2446 2262 non

1360 2275 1448 2309 alias
1471 2274 1578 2310 iudex
1601 2275 1790 2315 aestimare
1814 2274 1982 2309 damnum
2016 2274 2162 2315 debeat,
2195 2283 2301 2318 quam
2331 2273 2361 2307 si
2392 2282 2446 2307 re-

1360 2320 1522 2354 mittatur
1545 2319 1640 2355 actio
1664 2319 1751 2364 legis
1774 2319 1948 2364 Aquiliae.
1987 2323 2022 2353 et
2044 2319 2166 2354 Labeo
2191 2322 2295 2363 putat
2320 2328 2443 2353 cavere

1359 2365 1546 2410 petitorem
1569 2368 1734 2409 oportere
1755 2364 1832 2409 lege
1855 2364 2004 2410 Aquilia
2036 2375 2109 2399 non
2140 2369 2323 2406 acturum,
2356 2373 2448 2408 quae

1361 2409 1538 2445 sententia
1560 2420 1645 2444 vera
1669 2413 1734 2445 est.

1409 2453 1460 2492 14
1485 2454 1541 2490 ΡΑ
1549 2464 1645 2490 Ubus
1664 2454 1755 2490 libro
1779 2455 1994 2490 vicensimo⁹
2017 2453 2067 2489 ad
2089 2453 2242 2490 edictum

1359 2500 1460 2535 malit
1483 2503 1584 2535 actor
1606 2500 1725 2545 potius
1749 2499 1835 2544 legis
1858 2499 2022 2544 Aquiliae
2053 2499 2194 2534 actione
2223 2498 2296 2541 uti,
2328 2498 2446 2534 absol-

1358 2545 1493 2580 vendus
1518 2549 1572 2580 est
1621 2555 1791 2580 ossessor.
1823 2544 1944 2590 itaque
1965 2545 2089 2580 electio
2110 2544 2225 2579 actori
2242 2543 2361 2579 danda
2381 2548 2445 2586 est,

1359 2601 1431 2625 non
1455 2594 1496 2624 ut
1518 2555 1675 2635 tripffim,
1699 2589 1764 2626 sed
1787 2589 1935 2635 duplum
1961 2593 2212 2635 consequatur.

1409 2633 1459 2672 15
1492 2634 1687 2670 ULPIANUS
1707 2635 1798 2671 libro
1821 2639 1926 2670 sexto
1946 2635 2082 2671 decimo
2102 2634 2152 2669 ad
2168 2634 2321 2669 edictum
2356 2633 2446 2668 Item

1361 2680 1391 2715 si
1421 2680 1645 2716 verberatum
1676 2679 1840 2722 tradidit,
1864 2679 1987 2715 Labeo
2021 2680 2072 2715 ait
2103 2679 2208 2714 etiam
2238 2678 2446 2714 iniuriarum

1364 2729 1377 2760 1
1429 2729 1630 2770 competere
1654 2726 1830 2761 actionem
1852 2725 2006 2770 petitori.
2054 2724 2091 2760 Si
2140 2723 2193 2759 uis
2217 2734 2291 2759 rem
2315 2733 2360 2758 ex
2383 2734 2444 2758 ne-

1361 2771 1526 2806 cessitate
1557 2770 1739 2813 distraxit,
1770 2770 1933 2806 fortassis
1963 2770 2046 2805 huic
2070 2768 2111 2805 of
2135 2769 2189 2804 cio
2213 2768 2339 2804 iudicis
2363 2779 2442 2804 suc-

1361 2820 1534 2857 curretur,
1554 2819 1596 2851 ut
1614 2815 1767 2861 pretium
1787 2815 1973 2850 dumtaxat
1992 2815 2121 2850 debeat
2139 2814 2337 2849 restituere.
2362 2823 2445 2848 nam

1361 2865 1397 2896 et
1420 2861 1451 2896 si
1479 2860 1619 2896 fructus
1650 2865 1837 2906 perceptos
1870 2860 2052 2901 distraxit,
2083 2870 2129 2895 ne
2160 2861 2443 2903 corrumpantur,

1361 2908 1381 2941 2
1428 2916 1541 2951 aeque
1553 2916 1626 2941 non
1645 2906 1798 2951 amplius
1818 2915 1923 2950 quam
1943 2905 2095 2950 pretium
2113 2903 2320 2950 praestabit.
2356 2903 2443 2938 Item

1360 2951 1391 2986 si
1413 2950 1507 2987 forte
1530 2961 1614 2996 ager
1634 2950 1705 2986 fuit
1727 2950 1787 2996 qui
1809 2949 1942 2995 petitus
1963 2955 2017 2985 est
2036 2954 2073 2985 et
2090 2949 2258 2984 militibus
2278 2948 2443 2993 adsigna·

1359 3000 1420 3032 tus
1452 3000 1506 3031 est
1536 2995 1676 3031 modico
1707 2995 1853 3031 honoris
1883 2995 1998 3040 gratia
2027 2994 2226 3040 possessori
2256 2993 2359 3035 dato,
2396 3003 2442 3028 an

1360 3044 1380 3076 3
1426 3041 1496 3076 hoc
1519 3041 1706 3076 restituere
1729 3040 1883 3075 debeat?
1914 3043 1950 3075 et
1971 3045 2059 3086 puto
2082 3042 2356 3085 praestaturum.
2404 3038 2442 3072 Si

1360 3096 1481 3122 servus
1512 3086 1645 3131 petitus
1676 3085 1730 3120 vel
1762 3085 1893 3120 animal
1923 3084 2020 3120 aliud
2051 3084 2275 3120 demortuum
2297 3083 2345 3118 sit
2367 3083 2443 3118 sine

1360 3131 1442 3167 dolo
1478 3130 1572 3166 malo
1605 3134 1642 3165 et
1672 3130 1779 3175 culpa
1809 3130 2044 3175 possessoris,
2077 3129 2229 3174 pretium
2261 3138 2333 3163 non
2364 3138 2442 3163 esse

1359 3175 1615 3256 praestandum
1637 3175 1795 3221 plerique
1819 3175 1936 3210 aiunt:
1970 3174 2033 3210 sed
2059 3178 2114 3210 est
2134 3173 2270 3215 verius,
2295 3173 2327 3208 si
2348 3172 2442 3208 forte

1384 3221 1597 3257 istracturus
1621 3223 1700 3256 erat
1721 3220 1852 3265 petitor
1876 3220 1906 3255 si
1930 3219 2144 3264 accepisset,
2175 3228 2310 3254 moram
2333 3227 2440 3263 passo

1359 3266 1490 3302 debere
1513 3265 1706 3311 praestari:
1739 3274 1822 3299 nam
1846 3264 1877 3300 si
1901 3265 1933 3300 ei
1955 3263 2187 3307 restituisset,
2220 3262 2442 3299 distraxisset

1359 3315 1394 3347 et
1441 3311 1569 3347 retium
1593 3314 1686 3346 esset
1707 3310 1877 3346 lucratus.

1433 3353 1458 3393 6
1482 3355 1539 3391 ΡΑ
1547 3365 1642 3391 vsvs
1657 3354 1748 3391 libro
1767 3355 1958 3390 vicensimo
1971 3354 2094 3407 primo
2114 3353 2164 3388 ad
2174 3352 2327 3388 edictum
2362 3351 2439 3387 Uti·

1359 3411 1427 3446 que
1450 3405 1569 3436 autem
1593 3400 1700 3436 etiam
1722 3403 1862 3435 mortuo
1886 3399 2029 3435 homme
2051 3397 2254 3433 necessaria
2277 3401 2332 3432 est
2360 3407 2439 3432 sen-

1358 3446 1470 3481 tentia
1492 3449 1638 3491 propter
1659 3445 1799 3481 fructus
1823 3448 1859 3479 et
1880 3449 2006 3524 plartus
2037 3447 2073 3478 et
2102 3442 2367 3494 stipulationem
2397 3441 2440 3477 de

1359 3491 1551 3528 evictione:
1574 3501 1647 3526 non
1671 3490 1763 3526 enim
1786 3493 1868 3535 post
1904 3489 1986 3524 'tem
2010 3491 2245 3524 contestatam
2263 3491 2386 3532 utique
2405 3490 2441 3522 et

1361 3539 1377 3571 1
1425 3535 1540 3571 fatum
1561 3545 1748 3582 possessor
1770 3537 1952 3581 praestare
1975 3533 2092 3570 debet.
2139 3532 2254 3578 Culpa
2282 3542 2356 3568 non
2384 3531 2438 3567 in·

2289 2453 2392 2498 Quod
2415 2453 2446 2488 si

1361 3649 1381 3682 l.
1391 3656 1425 3683 ιο
1434 3654 1493 3681 aut
1501 3647 1559 3681 ubi
1569 3648 1685 3692 agitur
1699 3672 1708 3681 .
1719 3672 1727 3680 .
1737 3673 1746 3681 .
1762 3647 1909 3681 faciendi
1926 3650 2006 3680 sunt
2022 3654 2053 3681 et
2068 3647 2089 3680 l.
2099 3654 2127 3681 ιι
2144 3645 2213 3679 nisi
2230 3646 2261 3678 si
2278 3644 2375 3678 malit
2389 3668 2398 3677 .
2409 3669 2417 3677 .
2427 3669 2436 3678 .

1360 3704 1429 3726 rem
1445 3693 1580 3727 restitui
1599 3694 1733 3727 alterum
1749 3700 1852 3727 utrum
1869 3693 2023 3726 inducere
2047 3692 2267 3735 compilatores
2294 3691 2437 3735 neqlexe-

1361 3746 1438 3773 runt
1529 3742 1574 3781 (u)
1600 3739 1782 3772 vicensimo
1791 3738 1899 3781 primo
1910 3737 1938 3771 S
