2528 3918
194 132 444 175 XXXVIIII
474 134 499 174 2

192 258 319 302 postea
351 254 383 290 ei
410 253 576 299 stipulari
605 252 739 290 volenti
767 252 957 290 iurandum
988 252 1052 297 sit,
1084 252 1278 289 videamus.
1310 258 1314 267 ·

192 304 229 336 et
258 303 347 346 puto
377 298 508 334 iterum
538 298 746 342 iurandum,
777 299 862 344 quia
889 298 1004 344 possit
1025 297 1122 350 fieri,
1153 301 1194 334 ut
1216 300 1281 350 aut

195 347 236 380 13
283 348 371 380 tunc
401 347 466 379 aut
492 343 598 379 modo
631 343 879 380 calumnietur.
927 343 964 378 Si
995 343 1110 379 aheno
1138 352 1280 379 nomme

194 389 312 426 caven·
347 389 432 424 mihi
468 388 590 424 damni
622 388 748 425 infecti
781 388 977 435 postulem,
1011 388 1132 424 iurare
1167 387 1279 424 debeo

192 445 267 471 non
290 434 490 470 calumniae
514 443 626 470 causa
646 434 685 470 id
707 444 806 476 eum,
838 433 939 469 cuius
969 433 1111 469 nomine
1135 436 1280 469 cautum

200 483 237 515 14
283 479 437 524 postulo,
459 478 571 514 fuisse
591 479 866 525 postulaturum.
904 477 975 514 Sed
991 478 1023 514 si
1041 478 1117 514 eius
1138 478 1281 514 nomine

194 525 388 605 pssfitffl
422 524 556 604 Ἓὲὶὶιὲ
570 526 577 545 ¹
591 524 749 605 {aas
752 523 1282 604 ⁸ssssi²²ri²rz12is¹¹r³d¹sse¹1¹31¹2¹m⁶2⁰3ssi

192 582 311 651 fimum
342 580 668 650 iur’iiurandopnon
697 624 795 650 esse:
828 579 873 649 «fe
901 594 990 665 quo,
1004 613 1097 649 enim
1124 613 1185 649 ille
1202 623 1281 666 'non

193 662 313 696 iurare
363 668 431 695 nec
454 659 516 705 qui
534 660 611 695 vice
630 659 706 695 eius
727 659 888 705 postulat
906 669 943 693 ιιι
961 658 1032 694 hac
1051 658 1281 704 stipulauone

199 709 236 740 15
283 704 328 740 de
354 708 390 741 et
412 704 542 740 iurare.
590 704 684 740 Huic
716 705 762 740 sti
789 703 941 739 ulationi
969 703 1075 740 debet
1103 703 1178 739 dies
1202 713 1281 739 esse

192 753 359 792 insertus,
382 749 479 786 intra
501 759 607 795 quem
630 750 661 785 si
685 749 746 795 qui
795 749 913 784 damni
938 748 1034 785 conti
1058 748 1136 793 erit,
1162 749 1279 784 cautio

193 797 312 831 locum
333 795 461 831 habet:
485 805 601 840 neque
624 794 717 830 enim
739 795 776 829 in
799 793 977 829 infinitum
1000 794 1047 830 ob
1062 794 1072 803 ⁴
1097 799 1179 830 atus
1203 804 1281 830 esse

194 841 300 876 debet
329 840 570 886 stipulatione.
621 840 700 885 ipse
735 839 843 885 igitur
878 842 1024 884 praetor
1058 839 1151 875 d1em
1183 839 1282 874 dabit

194 885 428 931 stipulationi,
454 885 701 921 aestimatione
723 885 848 920 habita
871 895 916 920 ex
940 894 1051 920 causa
1073 888 1110 921 et
1127 894 1173 920 ex
1193 894 1280 930 qua-

193 931 294 967 litate
317 930 394 967 eius
417 930 549 972 damni,
575 930 671 975 quod
695 930 899 975 contingere
922 933 1096 975 speratur.

242 974 294 1013 14
319 975 376 1011 ΡΑ
384 985 480 1011 υισε
505 975 597 1011 libro
626 975 931 1021 quadraqensimo
956 978 1081 1011 octavo
1111 974 1161 1010 ad
1187 974 1280 1010 edic-

195 1025 269 1056 tum
314 1020 358 1056 In
390 1030 522 1056 causae
552 1020 756 1065 cognitione
786 1020 893 1055 etiam
921 1020 1161 1065 longinquitas
1191 1019 1281 1056 soli²

194 1070 232 1102 et
254 1077 276 1102 o
303 1066 372 1102 eris
395 1065 602 1111 magnitudo
626 1065 824 1111 spectanda
847 1069 912 1101 est.

244 1077 300 1149 lg)
327 1111 522 1147 ULHANUS
541 1110 632 1147 libro
652 1111 977 1162 quinquaqergsimo
994 1110 1099 1163 cestio
1119 1110 1169 1162 aqi
1187 1109 1280 1145 edic-

195 1160 268 1193 tum
315 1156 354 1192 Si
382 1156 484 1191 finita
513 1155 582 1191 sit³
615 1155 690 1191 dies
715 1159 851 1191 statuta
873 1166 911 1191 ιιι
935 1159 1119 1198 cautione,
1152 1158 1281 1191 iterum

198 1206 212 1237 1
263 1201 439 1238 arbitratu
462 1201 638 1246 praetoris
662 1211 707 1236 ex
730 1201 804 1236 inte
847 1211 867 1236 o
899 1200 967 1235 erit
990 1199 1196 1236 cavendum.
1245 1199 1283 1235 Si

194 1258 278 1283 vero
301 1247 379 1283 sine
401 1246 601 1282 adiectione
625 1245 695 1281 diei
719 1246 815 1291 stipu
830 1246 903 1281 atio
927 1245 1036 1282 fuerit
1058 1245 1281 1290 interposita,

195 1293 226 1329 si
258 1292 398 1338 quidem
430 1301 475 1327 ex
506 1291 756 1334 conventione,
792 1290 1006 1336 quandoque
1045 1290 1154 1326 fuerit
1185 1301 1281 1327 com-

194 1338 314 1381 missa,
338 1347 385 1372 ex
407 1337 583 1382 stipulatu
606 1336 734 1381 agitur,
759 1336 791 1372 si
813 1346 896 1371 vero
920 1346 986 1381 per
1009 1346 1182 1379 errorem,
1207 1345 1282 1371 ma-

192 1383 248 1428 gis
272 1386 328 1418 est
357 1381 446 1417 illud
476 1381 666 1416 dicendum
697 1380 798 1416 finito
831 1381 904 1425 die,
935 1381 973 1416 in
997 1391 1101 1426 quem
1125 1381 1283 1426 alioquin

194 1427 311 1464 caveri
335 1427 441 1470 solet,
477 1425 749 1462 desiderandum
773 1436 852 1462 esse
876 1436 899 1461 a
921 1430 1096 1472 praetore,
1130 1430 1171 1461 ut
1192 1426 1281 1462 libe—

195 1477 215 1508 2
261 1476 373 1508 retur.
414 1471 554 1507 Deinde
578 1472 629 1506 ait
650 1476 812 1517 praetor:
838 1471 893 1508 ‘de
917 1481 959 1507 eo
983 1481 1103 1517 opere,
1127 1471 1223 1517 quod
1245 1471 1283 1507 in

194 1517 351 1554 ‘flumine
373 1517 520 1562 publico
544 1517 666 1562 ripave
689 1517 765 1552 eius
787 1516 861 1560 fiet,
884 1516 923 1551 in
945 1526 1060 1553 annos
1078 1517 1201 1553 decem
1224 1527 1282 1553 sa-

195 1562 334 1599 ‘tisdari
355 1562 511 1598 iubebo'.
559 1562 618 1597 hic
649 1562 706 1599 exi
733 1562 803 1597 'tur
833 1561 1020 1598 satisdatio
1052 1563 1112 1598 et⁴
1140 1566 1282 1608 tempus

195 1607 418 1654 stipulationi
445 1607 651 1660 praestituit
676 1573 830 1651 ιᾱΐιιοο,
867 1607 952 1652 quia
979 1608 1017 1642 in
1048 1607 1194 1653 publico
1223 1606 1281 1644 fit:

195 1664 277 1690 cum
300 1657 421 1689 autem
444 1664 481 1687 ιιι
504 1653 621 1688 alieno
645 1652 744 1695 fiat⁵‚
768 1651 1037 1689 satisdationem
1060 1656 1206 1699 praetor
1227 1653 1282 1688 in-

195 1703 214 1734 3
261 1698 387 1744 iungit.
433 1697 651 1742 Notandum,
676 1697 773 1743 quod
795 1708 869 1733 non
892 1698 1000 1733 etiam
1023 1698 1068 1733 de
1090 1698 1163 1733 loci
1185 1698 1282 1740 vitio,

194 1743 259 1780 sed
282 1743 326 1780 de
345 1753 366 1779 o
395 1743 465 1779 eris
489 1747 630 1778 tantum
650 1746 807 1787 cavetur,
832 1743 1004 1788 quamvis,
1029 1743 1060 1778 si
1082 1743 1120 1778 in
1142 1743 1282 1788 privato

194 1790 270 1834 fiat,
294 1792 331 1825 et
377 1798 397 1824 e
420 1788 491 1824 loci
514 1791 551 1824 et
573 1788 619 1824 de
640 1788 760 1834 operis
782 1788 868 1824 vitio
893 1791 1080 1824 caveatur:
1114 1788 1178 1824 sed
1202 1799 1284 1824 cum

194 1835 296 1871 locus
319 1833 487 1880 publicus
511 1834 567 1878 sit,
591 1844 665 1869 non
688 1837 766 1869 erat
787 1843 936 1869 necesse
957 1833 1089 1869 ibidem
1113 1844 1205 1879 opus
1228 1833 1283 1869 fa-

196 1879 304 1916 cienti
328 1878 372 1915 de
395 1879 466 1915 alio
490 1879 575 1915 vitio
600 1889 708 1924 quam
731 1879 849 1923 operis
879 1878 1057 1915 satisdare
1086 1878 1207 1914 damni
1229 1879 1283 1914 in-

195 1931 217 1960 4
262 1924 359 1961 fecti.
408 1924 447 1959 Si
499 1924 561 1960 uid
590 1924 700 1968 igitur
731 1924 850 1959 damni
886 1924 983 1959 intra
1013 1923 1135 1960 decem
1170 1934 1284 1960 annos

196 1974 216 2006 5
262 1969 446 2013 acciderit,
469 1969 483 2005 i
531 1969 763 2015 stipulatione
787 1969 1000 2005 continetur.
1041 1969 1092 2005 Et
1115 1969 1211 2015 quod
1234 1970 1285 2005 ait

195 2019 341 2061 praetor
364 2014 420 2051 ‘de
444 2024 486 2050 eo
511 2015 642 2060 opere',
666 2014 719 2050 sic
743 2014 867 2060 accipe
891 2014 935 2050 de
959 2025 1001 2050 eo
1022 2014 1162 2057 damno,
1188 2014 1286 2060 quod

200 2065 221 2096 6
267 2071 314 2097 ex
337 2070 445 2112 opere
469 2059 542 2095 fiet.
590 2059 630 2096 Si
653 2059 740 2105 quid
768 2060 807 2095 in
829 2059 888 2095 via
943 2060 1063 2096 ublica
1086 2059 1166 2103 fiat,
1201 2060 1285 2105 quia

196 2110 214 2141 7
262 2106 302 2142 ιιι
325 2105 440 2141 alieno
464 2104 517 2148 fit,
542 2104 790 2141 satisdandum
810 2109 875 2141 est.
911 2071 981 2141 §ed
1003 2109 1151 2151 praetor
1174 2115 1285 2142 causa

197 2151 347 2232 3⁰23?
361 2154 600 2240 sessu>
618 2150 990 2231 assistas&
1016 2150 1285 2241 {asses

196 2242 253 2278 via
275 2240 422 2287 publica
443 2240 575 2284 faciat,
607 2239 751 2276 debebit
773 2241 893 2276 cautio
916 2240 1036 2276 locum
1058 2241 1209 2285 habere,
1239 2251 1285 2277 ne

197 2290 218 2322 9
263 2296 330 2333 per
353 2286 424 2322 hoc
447 2285 577 2322 damno
600 2285 731 2331 privati
761 2285 1023 2331 contingantur.
1070 2285 1128 2322 De
1156 2286 1284 2322 ceteris

195 2332 285 2368 locis
303 2331 458 2378 publicis
478 2331 567 2366 nihil
583 2330 786 2384 specialiter
803 2335 959 2374 cavetur,
977 2341 1099 2366 verum
1118 2341 1163 2367 ex
1177 2341 1284 2376 gene-

196 2377 264 2413 rali
286 2386 469 2419 sermone,
502 2386 606 2421 quasi
627 2376 666 2411 in
689 2376 804 2411 alieno
835 2375 918 2419 fiat,
950 2376 1119 2412 satisdari
1141 2375 1285 2413 debebit

201 2426 240 2458 10
288 2422 410 2457 damni
439 2420 576 2457 infecti.
630 2421 668 2456 Si
697 2421 863 2467 publicus
895 2422 998 2458 locus
1028 2421 1285 2475 publice—refi-

197 2468 332 2511 ciatur,
364 2467 560 2503 rectissime
583 2467 706 2503 Labeo
730 2467 873 2510 scribit,
902 2477 1016 2514 eoque
1038 2477 1116 2503 iure
1139 2471 1285 2510 utimur,

197 2513 241 2549 de
265 2512 395 2549 damno
424 2512 559 2548 infecto
583 2523 657 2548 non
680 2521 759 2548 esse
790 2512 1005 2555 cavendum,
1038 2512 1069 2547 si
1092 2511 1178 2558 quid
1198 2512 1284 2548 vitio

195 2558 269 2594 loci
298 2563 363 2594 aut
393 2557 512 2603 operis
536 2556 619 2593 fiat:
656 2561 754 2593 certe
776 2557 889 2602 legem
913 2557 1066 2593 dandam
1089 2558 1207 2603 operis
1228 2562 1284 2593 ta-

201 2607 239 2639 11
287 2603 376 2644 lem,
401 2612 446 2639 ne
469 2601 556 2648 quid
578 2606 709 2638 noceat
730 2602 855 2638 vicinis
878 2602 1042 2638 damnive
1065 2602 1180 2638 detur.
1226 2602 1285 2638 Ex

198 2648 268 2684 hoc
293 2648 409 2684 edicto
432 2647 464 2684 si
487 2658 561 2684 non
585 2652 763 2691 caveatur,
786 2647 940 2683 mittitur
962 2648 1000 2683 ιιι
1023 2647 1284 2694 possessionem

198 2693 467 2774 ῗιΡἝωέεέἓ
486 2693 1116 2775 ffimsssssoefflffisfflssffi
1133 2692 1282 2775 tritis·

1274 2766 1282 2782 2

200 2783 391 2819 videamus.
439 2787 476 2819 et
506 2787 605 2820 extat
636 2783 760 2820 Sabini
791 2784 968 2819 sententia
995 2784 1034 2819 ιιι
1056 2787 1153 2820 totas
1176 2783 1282 2820 aedes

200 2828 428 2865 mittendum:
454 2828 523 2864 alio
550 2829 612 2864 uin
625 2829 656 2864 si
678 2839 724 2865 ex
742 2827 942 2874 superficie,
966 2829 1093 2875 inquit,
1117 2829 1283 2865 damnum

202 2873 380 2916 timeatur,
403 2884 476 2910 non
493 2873 541 2908 ha
566 2873 640 2909 ebit
661 2883 719 2910 res
734 2873 879 2917 exitum,
904 2884 971 2910 nec
994 2874 1223 2920 profuturum
1244 2874 1283 2910 in

198 2919 461 2964 possessionem
478 2919 554 2954 eius
574 2919 628 2955 rei
649 2919 753 2962 mitti,
778 2929 885 2964 quam
909 2919 988 2964 quis
1010 2919 1194 2965 possidere
1212 2930 1285 2956 non

199 2963 314 3009 possit
336 2968 401 2998 aut
423 2964 456 2999 ei
478 2974 551 2999 non
575 2963 759 3010 expediat:
785 2968 821 3000 et
842 2965 960 3001 verior
981 2969 1039 3001 est
1056 2964 1179 3001 Sabini
1202 2974 1284 3001 sen-

204 3011 243 3045 13
288 3008 414 3044 tentia.
457 3008 527 3044 Sed
545 3010 575 3044 si
593 3009 632 3044 in
655 3010 775 3062 plures
797 3014 919 3055 partes
944 3009 1057 3046 divisa
1076 3010 1202 3046 domus
1226 3010 1283 3053 sit,

200 3058 320 3090 utrum
349 3053 388 3089 in
418 3057 558 3099 partem
588 3064 635 3089 an
664 3065 702 3089 ιιι
724 3059 839 3091 totam
861 3054 1005 3091 domum
1032 3055 1285 3101 possidendam

200 3099 293 3135 mitti
320 3098 401 3145 quis
431 3097 579 3142 debeat,
609 3099 803 3136 videamus.
850 3100 882 3136 si
910 3103 986 3136 tam
1015 3100 1134 3146 ampla
1157 3100 1284 3137 domus

199 3144 256 3187 sit,
280 3147 323 3180 ut
344 3148 382 3179 et
403 3143 521 3190 spatia
542 3143 635 3179 inter
653 3145 816 3180 vitiosam
838 3149 978 3191 partem
1000 3145 1227 3182 intercedant
1249 3149 1286 3182 et

199 3199 279 3225 eam
302 3198 396 3235 quae
416 3188 541 3225 vitium
563 3199 636 3224 non
659 3189 764 3234 facit,
797 3190 986 3226 dicendum
1007 3191 1046 3226 in
1069 3201 1148 3227 eam
1170 3190 1284 3228 solam

199 3238 338 3285 partem
357 3233 465 3270 mitti:
489 3232 521 3270 si
542 3244 626 3270 vero
646 3234 747 3270 unita
770 3236 817 3271 sit
840 3239 1010 3272 contextu
1029 3235 1283 3279 aedificiorum,

200 3290 238 3314 ιιι
259 3283 383 3315 totam.
430 3278 553 3324 itaque
583 3283 619 3314 et
640 3279 679 3315 in
702 3280 869 3325 spatiosis
894 3280 1057 3317 domibus
1080 3280 1206 3317 melius
1231 3281 1284 3316 di-

200 3327 303 3360 cetur
325 3324 363 3359 in
386 3334 464 3360 eam
487 3327 627 3369 partem
657 3323 782 3361 domus
806 3325 1033 3369 mittendum,
1065 3336 1158 3372 quae
1179 3326 1282 3362 vitio-

199 3378 263 3405 sae
285 3369 381 3415 parti
412 3368 513 3404 unita
537 3373 601 3405 est.
649 3372 805 3406 ceterum
835 3371 866 3407 si
893 3370 1034 3407 modica
1055 3370 1285 3417 portiuncula

200 3413 343 3450 aedium
380 3413 678 3459 amplissimarum
714 3414 837 3450 vitium
876 3415 1030 3459 faceret,
1067 3415 1173 3462 quale
1206 3420 1285 3453 erat

200 3458 320 3495 dicere
354 3463 451 3494 totas
488 3458 595 3495 aedes
632 3459 826 3495 iubendum
863 3460 1046 3505 possidere
1085 3471 1186 3504 eum,
1226 3462 1285 3497 cui

201 3503 321 3539 damni
343 3503 467 3540 infecti
490 3514 562 3540 non
587 3508 788 3546 caveretur,
823 3516 903 3540 cum
927 3506 999 3541 sint
1021 3506 1284 3552 amplissimae?

204 3553 244 3584 14
289 3548 379 3585 Item
402 3548 487 3594 quid
509 3548 679 3593 dicemus,
703 3550 734 3585 si
755 3549 875 3586 insula
898 3550 1065 3587 adiacens
1090 3551 1210 3587 domui
1231 3552 1283 3587 vi·

201 3594 288 3630 tium
310 3593 440 3636 faciat,
473 3598 594 3630 utrum
616 3594 654 3630 in
682 3594 821 3631 insulae
843 3596 1105 3640 possessionem
1129 3607 1176 3632 an
1199 3606 1282 3632 vero

200 3709 239 3746 (ι)
262 3716 295 3739 se
308 3706 360 3739 Γ*

198 3750 407 3786 datioetdel·

442 3709 485 3748 (2)
509 3706 576 3740 loci
589 3708 632 3741 Ρ

490 3755 533 3792 (5)
556 3752 770 3786 inalienariat
782 3753 817 3786 F
893 3754 936 3795 (6)
962 3753 1039 3796 nisi]
1052 3754 1094 3786 isi
1107 3756 1170 3797 F⁰‚
1190 3756 1277 3788 enim

1267 127 1352 176 596

1955 144 2012 175 Da·
2041 143 2201 175 numo
2230 143 2424 176 mucro

1349 253 1387 287 in
1414 252 1533 290 totius
1572 253 1697 290 domus
1737 255 1999 300 possessionem
2032 254 2240 291 mittendum
2281 255 2352 292 sit?
2392 261 2427 292 et

1348 297 1459 342 magis
1483 301 1548 341 est,
1571 303 1612 334 ut
1629 310 1702 335 non
1723 300 1761 335 in
1783 298 1909 336 domus
1933 299 2205 345 possessionem,
2228 301 2291 336 sed
2313 301 2351 337 in
2372 302 2426 337 in-

1350 345 1390 377 15
1438 342 1538 379 sulae
1559 344 1731 380 mittatur.
1776 344 1816 380 Si
1837 345 1957 390 plures
1981 349 2076 387 sunt,
2101 346 2162 390 qui
2210 346 2367 382 ostulent
2387 350 2428 382 ut

1349 391 1529 430 caveatur,
1554 398 1675 425 omnes
1698 389 1790 425 mitti
1811 389 1849 426 in
1871 390 2134 435 possessionem
2156 401 2196 427 so
2212 395 2282 426 ent.
2317 391 2426 427 idem-

1348 442 1417 477 que
1440 432 1563 469 Labeo
1593 434 1724 479 probat
1747 439 1783 470 et
1813 435 1844 470 si
1892 435 1967 470 rius
1999 435 2077 480 quis
2099 435 2137 470 in
2167 436 2427 482 possessionem

1348 477 1478 513 missus
1503 478 1550 513 sit
1573 483 1609 514 et
1630 479 1720 514 alius
1743 480 1836 515 mitti
1885 480 2054 516 esideret:
2086 491 2169 516 nam
2193 491 2265 516 non
2288 487 2426 535 specta-

1348 523 1465 558 bimus
1497 523 1675 566 ordinem,
1712 525 1775 560 sed
1805 525 1989 561 habebunt
2018 525 2122 561 ambo
2155 536 2426 571 possessionem.

1349 567 1445 611 quod
1460 567 1491 603 si
1512 568 1584 603 iam
1602 568 1705 620 prior
1755 570 1912 606 ossidere
1935 570 2053 606 iussus
2078 571 2125 605 sit
2148 576 2183 606 et
2203 571 2293 606 alius
2310 571 2427 606 damni

1348 612 1472 648 infecti
1496 622 1612 649 caven
1636 613 1712 649 desi
1737 618 1830 659 eret,
1862 619 1948 650 tunc
1974 615 2066 651 nisi⁶
2091 620 2245 659 cavetur,
2268 616 2427 652 mittetur

1353 661 1392 692 16
1438 657 1476 692 in
1499 658 1759 703 possessionem
1781 661 1969 705 posterior.
2006 660 2166 696 Iulianus
2189 660 2315 696 scribit
2337 671 2427 704 eum,

1350 702 1411 747 qui
1439 703 1477 737 in
1503 703 1769 755 possessionem
1794 704 1913 740 damni
1943 705 2066 741 infecti
2095 706 2236 741 nomine
2266 705 2428 750 mittitur,

1348 758 1421 782 non
1457 759 1556 793 prius
1591 748 1749 794 incipere
1811 760 1850 785 er
1883 751 2025 795 longum
2061 756 2202 796 tempus
2238 751 2429 787 dominium

1350 803 1497 838 capere,
1534 803 1640 837 quam
1664 804 1774 829 secun
1800 805 1821 830 o
1853 794 1994 831 decreto
2019 806 2041 830 a
2069 799 2235 841 praetore
2267 796 2428 832 dominus

1353 841 1389 872 17
1440 838 1689 874 constituatur.
1738 839 1776 875 Si
1805 844 1888 875 ante
1920 840 1989 875 hoc
2014 840 2196 876 decretum
2226 842 2317 877 alius
2341 852 2428 887 quo-

1349 893 1417 928 que
1439 884 1478 918 in
1499 884 1762 929 possessionem
1791 885 1921 920 missus
1951 886 2076 927 fuerit,
2107 886 2303 939 aequaliter
2324 887 2429 923 ambo

1349 928 1491 963 aedium
1513 928 1606 963 fiunt
1628 929 1779 972 domini,
1812 929 1949 965 scilicet
1978 941 2058 965 cum
2081 931 2171 966 iussi
2193 930 2325 967 fuerint
2347 943 2428 977 pos-

1349 973 1477 1009 sidere.
1524 973 1556 1009 si
1580 984 1662 1010 vero
1692 974 1764 1010 iam
1794 974 1989 1010 constituto
2022 975 2165 1027 domino
2187 986 2247 1020 eo,
2273 977 2334 1030 qui
2347 977 2429 1056 ¹pri-

1348 1029 1427 1054 mus
1450 1019 1487 1053 in
1509 1019 1771 1064 possessionem
1787 1020 1917 1055 missus
1941 1025 2006 1062 est,
2031 1020 2147 1056 Titius
2171 1020 2291 1057 damni
2308 1022 2345 1056 ιιι
2362 1022 2431 1057 ecti

1349 1064 1416 1099 sibi
1441 1064 1558 1100 caveri
1581 1064 1815 1107 desiderabit,
1849 1070 2011 1101 cessante
2066 1066 2153 1102 rimo
2185 1077 2310 1102 cavere
2333 1067 2430 1103 solus

1353 1111 1391 1143 18
1440 1109 1556 1145 Titius
1589 1110 1657 1145 erit
1686 1110 1723 1145 in
1751 1110 1988 1155 possessione.
2068 1122 2127 1146 um
2159 1115 2276 1148 autem
2308 1112 2430 1158 plures

1349 1154 1538 1190 mittuntur
1560 1154 1598 1189 in
1621 1155 1894 1200 possessionem,
1918 1156 2114 1201 aequaliter
2136 1157 2335 1200 mittuntur,
2359 1167 2431 1193 non

1349 1210 1415 1245 pro
1438 1203 1520 1235 rata
1542 1199 1680 1243 damni,
1705 1200 1803 1245 quod
1825 1211 2111 1247 unumquemque
2135 1202 2371 1248 contingeret,
2397 1207 2433 1238 et

1349 1245 1493 1280 merito:
1518 1255 1601 1280 nam
1625 1250 1660 1282 et
1684 1256 1765 1281 cum
1784 1257 1876 1282 unus
1898 1246 2060 1291 mittitur,
2085 1257 2157 1282 non
2179 1258 2246 1293 pro
2269 1248 2433 1293 portione

1351 1290 1471 1326 damni
1486 1290 1650 1333 mittitur,
1676 1291 1739 1326 sed
1762 1291 1800 1326 in
1816 1295 1952 1328 totum:
1979 1303 2060 1327 cum
2077 1292 2184 1337 igitur
2206 1293 2328 1338 plures
2350 1293 2432 1329 mit-

1349 1338 1493 1378 tuntur,
1527 1335 1724 1381 aequaliter
1755 1346 1877 1372 omnes
1901 1337 2005 1382 quasi
2026 1337 2064 1372 in
2087 1341 2202 1373 totum
2225 1338 2324 1375 missi
2347 1349 2431 1374 con-

1353 1383 1394 1415 19
1442 1391 1550 1416 cursu
1561 1385 1683 1433 partes
1701 1381 1895 1417 habebunt.
1934 1382 2005 1418 Sed
2024 1383 2055 1418 si
2073 1383 2151 1428 quis
2170 1393 2293 1419 eorum
2302 1384 2433 1420 missus

1350 1426 1387 1461 in
1419 1436 1681 1471 possessmnem
1712 1431 1894 1472 sumptum
1921 1427 2064 1470 fecerit,
2095 1427 2221 1463 deinde
2244 1429 2433 1465 iubeatur-⁷

1349 1471 1552 1516 possidere,
1584 1481 1631 1507 an
1664 1475 1844 1517 sumptum
1875 1473 2045 1518 consequi
2071 1473 2187 1518 possit
2209 1474 2240 1509 is
2266 1475 2325 1519 qui
2349 1474 2435 1510 fecit

1351 1519 1388 1552 et
1410 1527 1480 1562 quo
1504 1516 1662 1552 iudicio?
1686 1521 1722 1552 et
1744 1517 1863 1562 placet
1887 1518 2064 1553 communi
2088 1518 2279 1555 dividundo
2302 1519 2434 1555 iudicio

1351 1564 1394 1597 20
1442 1562 1613 1607 consequi
1635 1572 1717 1598 eum
1739 1572 1857 1608 posse.
1902 1562 1963 1598 Si⁸
1987 1563 2066 1607 quis
2090 1567 2208 1599 autem
2232 1565 2270 1599 ιιι
2292 1575 2434 1610 posses-

1351 1607 1485 1643 sionem
1509 1607 1656 1650 missus,
1680 1608 1840 1643 nondum
1861 1607 2046 1653 possidere
2068 1608 2188 1645 iussus
2213 1610 2274 1651 sit,
2300 1620 2347 1646 an
2371 1610 2434 1647 do-

1350 1652 1467 1689 minus
1493 1652 1661 1688 decedere
1684 1653 1911 1698 possessione
1935 1653 2073 1697 debeat,
2096 1653 2288 1691 videamus.
2324 1659 2362 1691 et
2384 1656 2436 1691 ait

1351 1698 1474 1734 Labeo
1506 1709 1578 1733 non
1610 1698 1798 1741 decedere,
1828 1698 1936 1735 sicuti
1966 1709 2032 1734 nec
2056 1709 2138 1735 cum
2161 1700 2357 1737 creditores
2380 1701 2435 1737 vel

1353 1745 1393 1778 21
1442 1743 1603 1788 legatarii
1620 1743 1826 1779 mittuntur:
1849 1743 1958 1789 idque
1977 1747 2033 1780 est
2055 1745 2183 1781 verius.
2219 1745 2303 1782 Non
2314 1750 2433 1782 autem

1351 1788 1473 1824 statim
1496 1789 1559 1823 ubi
1582 1789 1677 1823 misit
1699 1793 1845 1834 praetor
1864 1789 1901 1824 in
1924 1789 2197 1834 possessionem,
2221 1791 2328 1827 etiam
2350 1802 2434 1838 pos-

1352 1833 1467 1869 sidere
1491 1834 1607 1877 iubet,
1641 1834 1703 1869 sed
1725 1839 1813 1869 tunc
1837 1834 1993 1876 demum,
2027 1846 2108 1871 cum
2130 1835 2227 1872 iusta
2251 1846 2361 1872 causa
2383 1837 2433 1872 vi·

1353 1878 1494 1914 debitur
1512 1881 1608 1923 (ergo
1626 1879 1850 1914 intervallum
1865 1880 2010 1925 aliquod
2034 1880 2178 1916 debebit
2191 1881 2433 1925 intercedere),

1353 1924 1448 1968 quod
1471 1928 1535 1959 aut
1558 1935 1624 1969 pro
1649 1924 1819 1960 derelicto
1844 1924 1950 1961 aedes
1973 1925 2080 1978 longo
2103 1925 2243 1962 silentio
2272 1927 2435 1963 dominus

1351 1969 1515 2006 videatur
1543 1970 1711 2005 habuisse
1747 1974 1811 2005 aut
1848 1970 2000 2006 emisso⁹
2036 1982 2073 2006 m
2106 1972 2368 2016 possessionem
2400 1978 2436 2008 ct

1353 2017 1395 2049 22
1442 2014 1661 2060 aliquamdiu
1683 2015 1871 2051 immorato
1894 2026 1998 2052 nemo
2023 2021 2156 2052 caveat.
2194 2016 2232 2053 Si
2255 2016 2348 2053 forte
2371 2018 2434 2054 do-

1352 2059 1469 2095 minus
1506 2060 1559 2095 rei
1585 2060 1754 2106 publicae
1785 2070 1897 2097 causa
1933 2061 2036 2097 abest
2065 2065 2129 2097 aut
2160 2072 2204 2098 ex
2240 2063 2311 2098 alia
2340 2064 2435 2099 iusta

1354 2115 1465 2141 causa
1486 2109 1551 2140 aut
1573 2105 1611 2140 in
1633 2115 1678 2141 ea
1701 2106 1749 2141 sit
1767 2109 1886 2142 aetate
1906 2106 1966 2142 cui
1985 2107 2164 2142 subveniri
2175 2108 2203 2129 ¹⁰
2226 2108 2328 2150 solet,
2352 2119 2433 2153 pro-

1353 2150 1511 2186 bandum
1541 2155 1597 2186 est
1628 2161 1701 2187 non
1724 2150 1855 2187 debere
1884 2155 2087 2204 praetorem
2108 2151 2279 2189 festinare
2303 2153 2350 2189 ad
2373 2154 2433 2190 de-

1354 2195 1582 2239 cernendum,
1599 2199 1641 2231 ut
1659 2196 1784 2232 iubeat
1799 2196 1992 2241 poss1dere.
2029 2197 2093 2233 sed
2107 2197 2173 2233 etsi
2189 2197 2384 2234 decreverit
2396 2201 2434 2241 ¹¹,

1353 2250 1456 2276 nemo
1488 2240 1629 2277 dubitat
1660 2241 1697 2276 in
1721 2242 1896 2287 integrum
1918 2243 2178 2278 restitutionem
2200 2243 2434 2280 indulturum.

1353 2288 1396 2321 23
1444 2285 1515 2322 Ubi
1542 2290 1663 2322 autem
1692 2287 1772 2332 quis
1801 2286 1985 2333 possidere
2012 2288 2132 2324 iussus
2161 2293 2232 2333 est,
2272 2289 2435 2325 dominus

1354 2333 1397 2365 24
1445 2330 1650 2367 deiciendus
1682 2332 1749 2367 erit
1785 2332 2023 2377 possessione.
2073 2333 2110 2368 Si
2147 2344 2218 2379 qua
2254 2335 2326 2370 sint
2356 2335 2436 2370 iura

1353 2375 1475 2411 debita
1489 2376 1556 2419 bis,
1582 2377 1644 2421 qui
1666 2381 1861 2422 potuerunt
1877 2377 1920 2413 de
1940 2377 2068 2413 damno
2091 2378 2225 2415 infecto
2250 2379 2435 2421 satisdare,

1353 2421 1561 2466 deneganda
1583 2422 1653 2457 erit
1676 2432 1799 2458 eorum
1821 2423 2022 2468 persecutio
2047 2423 2218 2460 adversus
2242 2435 2342 2469 eum,
2376 2425 2436 2471 qui

1351 2466 1390 2502 in
1418 2466 1681 2512 possessionem
1718 2468 1846 2503 missus
1877 2472 1951 2504 est:
1989 2472 2025 2503 et
2058 2469 2110 2504 ita
2140 2468 2262 2505 Labeo
2291 2471 2433 2515 probat.

1353 2514 1394 2547 25
1442 2512 1532 2548 Item
1555 2513 1740 2557 quaeritur
1761 2513 1799 2547 in
1823 2513 2054 2558 pigueraticio
2079 2514 2264 2557 creditore,
2289 2525 2336 2550 an
2358 2516 2434 2561 pig-

1352 2557 1449 2593 noris
1473 2557 1676 2602 persecutio
1701 2557 1894 2603 denegetur
1917 2558 2086 2595 adversus
2110 2569 2201 2602 eum,
2233 2560 2294 2605 qui
2316 2561 2434 2597 iussus

1353 2603 1400 2638 sit
1421 2602 1617 2648 possidere.
1666 2607 1702 2638 et
1724 2603 1837 2648 magis
1861 2607 1925 2647 est,
1950 2607 2001 2646 ut,
2025 2604 2057 2640 si
2079 2614 2193 2650 neque
2217 2604 2357 2642 debitor
2378 2616 2434 2642 re·

1377 2647 1515 2683 remisit
1530 2658 1647 2692 neque
1664 2648 1818 2684 creditor
1834 2647 2031 2692 satisdedit‚
2055 2649 2214 2695 pignoris
2232 2651 2433 2695 persecutio

1378 2703 1422 2727 en
1466 2697 1556 2728 etur.
1593 2693 1689 2739 quod
1706 2698 1743 2729 et
1764 2694 1802 2728 in
1825 2693 2023 2730 fructuario
2037 2700 2134 2730 recte
2152 2694 2274 2731 Celsus
2299 2696 2433 2732 scribit.

1353 2742 1396 2773 26
1469 2738 1482 2773 ι
1505 2737 1549 2774 de
1566 2738 1799 2783 vectigalibus
1823 2739 1970 2775 aedibus
1995 2750 2067 2775 non
2091 2745 2269 2784 caveatur,
2294 2741 2435 2776 mitten-

1353 2783 1437 2819 dum
1467 2783 1506 2819 in
1534 2784 1795 2829 possessionem
1825 2784 1982 2820 dicemus
2014 2795 2080 2820 nec
2102 2785 2296 2821 iubendum
2320 2787 2433 2831 possi-

1353 2829 1438 2864 dere
1463 2831 1543 2873 (nec
1568 2829 1660 2864 enim
1684 2828 1877 2865 dominium
1903 2839 2030 2882 capere
2053 2830 2268 2875 possidendo
2317 2836 2433 2873 otest),

1352 2874 1416 2910 sed
1439 2874 1716 2917 decernendum,
1741 2880 1783 2910 ut
1805 2875 1930 2911 eodem
1952 2885 2030 2911 iure
2053 2880 2164 2919 esset,
2197 2886 2267 2921 quo
2306 2881 2382 2912 oret
2404 2877 2434 2912 is

1352 2920 1414 2965 qui
1430 2929 1503 2955 non
1522 2922 1683 2955 caverat:
1708 2923 1790 2965 post
1807 2919 1903 2965 quod
1914 2919 2096 2955 decretum
2113 2920 2277 2974 vectigali
2294 2922 2434 2957 actione

1353 2968 1393 3000 27
1442 2964 1495 3001 uti
1509 2964 1652 3010 poterit.
1688 2964 1759 3000 Sed
1781 2964 1820 3000 in
1838 2964 2002 3010 vectigali
2023 2965 2169 3011 praedio
2189 2975 2220 3001 si
2239 2966 2434 3012 municipes

1352 3020 1424 3046 non
1457 3009 1631 3052 caverint,
1672 3009 1862 3046 dicendum
1889 3015 1946 3047 est
1975 3009 2167 3046 dominium
2197 3021 2263 3056 per
2289 3011 2325 3048 lo

1354 3057 1395 3090 28
1441 3059 1581 3100 tempus
1611 3054 1761 3100 adquiri.
1808 3054 2002 3100 Eleganter
2053 3055 2229 3098 nael-itur,
2269 3056 2317 3100 si,
2350 3021 2433 3092 gum

1351 3103 1498 3146 praetor
1530 3099 1574 3135 de
1608 3099 1728 3135 danda
1767 3100 1997 3146 stipulatione
2056 3100 2223 3144 eliberat,
2266 3101 2433 3137 damnum

1353 3145 1556 3191 contigerit,
1589 3155 1636 3180 an
1659 3145 1787 3181 sarciri
1816 3146 1941 3191 possit.
1987 3149 2024 3181 et
2045 3145 2166 3181 missio
2191 3146 2331 3192 quidem
2355 3156 2432 3183 ces-

1351 3190 1462 3226 sabit:
1509 3194 1654 3235 praetor
1693 3195 1813 3226 tamen
1855 3190 2043 3226 decernere
2085 3190 2210 3234 debet,
2261 3191 2432 3238 quidquid

1352 3234 1472 3271 damni
1495 3235 1694 3280 contigerit,
1719 3239 1759 3271 ut
1781 3235 1825 3272 de
1848 3246 1890 3272 eo
1915 3246 1984 3281 quo
2010 3245 2056 3271 ue
2080 3239 2263 3279 caveatur,
2288 3241 2369 3279 aut,
2400 3237 2432 3273 si

1351 3284 1475 3326 putat,
1505 3280 1602 3325 quod
1626 3280 1761 3316 utiliter
1783 3281 1959 3317 actionem
2027 3285 2130 3316 turus
2154 3281 2219 3324 sit,
2251 3281 2428 3318 decernat.

1352 3328 1395 3361 29
1441 3324 1481 3361 Si
1509 3325 1667 3371 pupillus
1703 3330 1858 3362 tutorem
1886 3335 1958 3361 non
1987 3326 2136 3368 habeat,
2199 3337 2245 3362 uo
2283 3331 2431 3363 auctore

1351 3369 1472 3406 damni
1489 3369 1613 3406 infecti
1635 3371 1831 3423 promittat,
1854 3370 1956 3416 quasi
1975 3380 2048 3406 non
2065 3370 2167 3407 defen
2215 3376 2285 3415 tur,
2309 3371 2429 3409 missio

1351 3419 1395 3451 30
1440 3414 1479 3450 in
1501 3425 1763 3467 possessmnem
1790 3415 1910 3451 locum
1931 3415 2090 3451 habebit.
2138 3416 2175 3451 Si
2204 3417 2282 3462 quis
2311 3416 2430 3453 damni

1349 3459 1474 3496 infecti
1503 3470 1541 3496 m
1570 3460 1830 3506 possessionem
1865 3461 1994 3496 missus
2026 3461 2090 3504 sit,
2125 3460 2253 3497 fulcire
2283 3471 2364 3498 eum
2395 3466 2431 3498 et

1350 3504 1497 3541 reficere
1533 3505 1684 3541 insulam
1721 3505 1850 3541 debere
1885 3511 1968 3541 sunt
1998 3506 2059 3551 qui
2086 3509 2214 3558 putent
2243 3517 2392 3553 eamque
2402 3507 2431 3529 ¹⁸

1351 3550 1508 3631 iffi-{¹1¹0
1516 3550 1886 3631 mimus&
1909 3551 2004 3631 ‘³023‘
2025 3551 2428 3632 olmhl'ssgntfftufssffl·

717 3709 760 3748 (a)
783 3707 879 3741 aits*
959 3711 1001 3748 (4)
1027 3709 1277 3751 exigitur-atin-
1345 3709 1411 3742 nisi
1424 3709 1476 3742 F·
1534 3710 1577 3751 (7)
1601 3709 1779 3743 iubeantur
1789 3721 1850 3743 scr.
1912 3711 1956 3751 (8)
1980 3709 2165 3754 posessilc'
2221 3713 2265 3750 (9)
2290 3710 2431 3743 minos

1348 3757 1406 3795 (ιο)
1426 3753 1601 3788 subvenire
1614 3754 1647 3786 F
1653 3754 1667 3774 ²

1713 3757 1767 3794 (ιι)
1787 3754 1965 3788 tentaverit
1976 3754 2011 3788 F
2051 3755 2110 3797 (12)
2128 3764 2269 3797 eumque
2279 3755 2428 3799 Κικερω-
