2528 3918
135 156 191 188 ET
219 153 582 187 mecoufflssls

181 263 233 305 38
258 265 487 303 Poummvs
496 265 586 301 libro
602 268 708 300 sexto
725 263 776 299 ad
793 262 962 300 Sabinum
1009 265 1222 311 Legatarius

134 323 200 358 pro
222 314 326 357 parte
348 310 548 356 adquirere,
572 320 638 355 pre
652 311 756 355 parte
772 308 961 355 repudiare
976 309 1132 354 legatum
1150 320 1223 346 non

133 359 270 403 potest:
294 355 444 392 heredes
468 355 544 394 eius
594 357 730 396 essunt,
762 357 804 389 ut
825 354 916 389 alter
940 364 1062 390 eorum
1085 358 1223 401 partem

136 406 151 437 1
203 411 306 437 suam
329 400 507 446 adquirat,
579 404 634 435 ter
656 398 830 444 repudiet.
878 398 916 435 Si
939 399 1095 444 legatum
1118 400 1223 437 nobis

133 447 296 483 relictum
319 445 606 482 constituerimus
630 444 725 480 nolle
748 443 795 479 ad
828 454 895 480 nos
926 445 1123 490 pertinere,
1180 456 1223 482 ro

133 502 176 528 eo
201 491 278 535 erit,
303 491 405 537 quasi
428 501 495 528 nec
518 491 675 536 legatum
699 489 840 535 quidem
865 489 932 525 sit:
964 493 1001 525 et
1031 490 1110 527 ideo
1173 490 1222 526 ci-

133 547 212 572 mus
238 547 304 572 nec
328 535 497 572 confusas
522 535 722 576 servitutes,
758 534 788 570 si
811 534 905 570 forte
928 536 1113 580 praedium
1138 535 1223 571 mihi

132 582 288 627 legatum
306 581 457 634 praedio
481 591 560 617 meo
585 580 747 616 debuerit
783 580 991 623 servitutes,
1026 585 1063 617 et
1085 582 1224 634 integra

132 627 220 663 furti
243 630 337 662 actio
361 626 538 669 manebit,
571 626 602 662 si
625 636 748 661 servus
778 624 917 670 legatus
942 626 989 661 sit
1013 626 1087 670 ei¹‚
1120 637 1223 662 cuius

132 672 274 708 nomine
297 671 385 707 furti
408 681 513 716 agere
533 670 669 753 {eterit
690 669 895 715 legatarius.

179 715 232 755 39
264 716 480 753 [Istumst
512 717 536 752 la
560 727 603 752 ro
634 716 801 751 vicesimo
828 716 951 762 primo
975 716 1026 752 ad
1047 715 1221 753 Sabinum

132 762 223 798 Cum
246 772 369 798 servus
392 762 530 806 legatus
554 761 592 798 in
615 760 701 806 fuga
725 761 843 796 ³esset
864 761 921 797 vel
943 762 1134 807 longinquo
1159 762 1223 797 ab·

133 818 215 844 sens
241 807 414 852 exigatur,
440 817 586 852 operam
610 809 796 852 praestare
815 806 920 842 heres
946 807 1062 850 debet,
1087 811 1129 843 ut
1144 817 1223 843 eam

132 863 208 888 rem
230 853 392 898 requirat
415 856 451 888 et
466 856 636 896 praestet,
663 855 698 886 et
713 851 766 886 ita
789 851 949 887 lulianus
967 852 1103 888 scribit.
1140 862 1224 888 nam

133 902 168 933 et
192 901 372 943 sumptum
396 897 466 933 an⁴
489 897 526 932 in
550 897 645 933 hanc
675 906 751 932 rem
775 896 896 932 facere
926 897 1030 933 heres
1066 898 1223 941 deberet,

132 943 325 979 Africanus
349 943 440 978 libre
464 942 630 979 vicesimo
656 942 890 987 epistularum
925 943 1023 988 apud
1045 942 1224 979 Iulianum

131 989 273 1034 quaerit
295 991 470 1033 putatque
493 991 673 1032 sumptum
697 987 964 1032 praestandum,
987 988 1084 1033 qued
1107 992 1144 1025 et
1159 998 1223 1034 ege

137 1041 150 1071 1
201 1033 358 1071 arbitror
381 1032 612 1078 sequendum.
659 1032 818 1068 Fructus
843 1036 962 1068 autem
979 1033 1018 1068 hi
1041 1033 1223 1070 deducun-

131 1085 192 1116 tur
214 1082 251 1116 in
273 1078 492 1133 petitionem,
518 1089 590 1113 non
615 1088 705 1124 quos
728 1078 832 1114 heres
855 1079 1027 1124 percepit,
1052 1079 1117 1115 sed
1132 1089 1222 1125 quos

131 1126 145 1162 1
189 1130 326 1161 atauus
349 1127 535 1171 percipere
558 1123 692 1168 potuit:
719 1126 755 1159 et
776 1123 814 1159 id
836 1123 874 1158 in
898 1124 1016 1169 operis
1041 1134 1223 1160 servorum

133 1182 174 1207 ve
209 1171 364 1207 vecturis
387 1172 624 1207 iumentorum
647 1168 702 1205 vel
725 1168 841 1204 naulis
866 1169 1009 1204 navium
1022 1169 1222 1206 dicendum.

132 1216 228 1262 quod
251 1216 290 1252 in
312 1216 491 1252 fructibus
515 1216 661 1260 dicitur,
694 1213 763 1250 hoc
788 1217 822 1249 et
844 1213 881 1249 in
905 1215 1138 1267 pensionibus
1161 1226 1222 1251 ur-

133 1263 308 1298 banorum
324 1261 567 1298 aedificiorum
583 1259 859 1307 intellegendum
870 1264 947 1295 ent.
982 1260 1021 1295 in
1032 1270 1223 1296 usurarum

132 1311 251 1343 autem
275 1307 476 1353 quantitate
498 1317 575 1342 mos
599 1306 752 1352 regionis
777 1307 844 1342 erit
867 1305 1089 1352 sequendus:
1115 1305 1224 1342 iudex

132 1353 239 1397 igitur
262 1363 454 1388 usurarum
477 1351 622 1387 medum
638 1352 841 1388 aestimabit
865 1356 901 1388 et
917 1354 1062 1388 statuet.
1110 1351 1223 1396 ipsius

133 1407 273 1443 queque
296 1397 348 1433 rei
377 1397 585 1432 interitum¹⁵
614 1401 697 1441 pest
728 1407 864 1432 moram
899 1397 1024 1439 debet,
1060 1397 1155 1433 sicut
1186 1397 1224 1431 in

132 1442 371 1488 stipulatione,
397 1442 427 1477 si
450 1446 533 1487 pest
556 1452 694 1478 meram
716 1453 775 1478 res
798 1442 984 1485 interierit,
1021 1443 1222 1479 aestimatio

131 1488 206 1523 eius
230 1490 445 1532 praestatur.
491 1487 576 1522 item
599 1491 726 1532 partus
750 1487 961 1522 ancillarum
978 1492 1024 1531 et,
1050 1488 1081 1523 si
1099 1498 1223 1524 servus

131 1532 238 1568 fuerit
260 1532 409 1577 legatus,
435 1535 471 1567 et
493 1531 673 1567 hereditas
698 1532 752 1568 vel
773 1533 927 1578 legatum
951 1533 1006 1569 vel
1026 1533 1136 1578 quid⁸
1158 1544 1225 1614 Her

132 1581 151 1613 2
200 1587 280 1613 eum
305 1577 521 1622 adquisitum
544 1577 591 1612 sit
613 1577 718 1613 heres
741 1582 928 1622 praestare
948 1578 1064 1613 debet.
1112 1578 1150 1614 Si
1194 1579 1223 1613 i-

130 1623 202 1658 tius
227 1633 249 1657 a
272 1633 328 1657 me
347 1626 426 1657 'rem
451 1622 593 1658 emisset
616 1626 651 1657 et
675 1623 825 1659 eandem
841 1623 928 1658 mihi
951 1623 1105 1668 legasset
1124 1627 1223 1659 ante-

131 1678 238 1713 quam
262 1668 294 1703 ei
317 1667 509 1710 traderem,
533 1678 616 1703 mex
640 1668 672 1703 ei
692 1667 870 1704 tradidero
895 1672 932 1703 et
947 1669 1102 1713 pretium
1124 1679 1223 1704 rece-

157 1723 216 1748 ere
227 1714 252 1755 ⁷,
276 1713 416 1748 videtur
463 1712 582 1748 uidem
606 1713 636 1749 is
656 1713 774 1759 prima
795 1712 890 1748 facie
908 1724 984 1749 rem
1000 1713 1087 1749 mihi
1110 1724 1225 1750 meam

145 1768 268 1803 egasse
292 1762 328 1793 et
350 1758 430 1793 ideo
468 1762 610 1803 egatum
627 1769 700 1794 nen
717 1758 923 1794 consistere.
970 1759 1091 1795 sedex
1105 1764 1224 1805 empto

130 1804 273 1839 actione
295 1803 467 1839 liberatus
499 1803 623 1848 utique
681 1813 719 1839 er
750 1804 906 1848 legatum
936 1814 1013 1839 rem
1044 1804 1226 1840 vindicare

131 1852 257 1894 potero
283 1858 389 1894 quam
412 1848 554 1883 tradidi.
611 1815 677 1884 seg
711 1848 742 1885 si
766 1848 925 1884 nondum
958 1853 1037 1885 erat
1068 1850 1225 1885 solutum

129 1894 217 1929 mihi
240 1894 405 1939 pretium,
437 1893 596 1929 Iulianus
619 1893 746 1930 scribit
769 1904 813 1929 ex
836 1894 978 1930 vendito
1003 1894 1145 1940 quidem
1168 1905 1226 1931 me

129 1943 308 1982 acturum,
333 1942 374 1974 ut
396 1938 550 1984 pretium
574 1949 750 1985 exsequar
760 1939 784 1981 ⁸,
820 1949 865 1975 ex
887 1942 1102 1976 testamento
1126 1950 1223 1983 vero,

132 1988 172 2019 ut
195 1995 270 2020 rem
294 1995 400 2029 quam
423 1983 564 2019 vendidi
588 1988 624 2019 et
646 1983 778 2020 tradidi
800 1984 983 2030 recipiam.
1027 1985 1122 2021 idem
1139 1986 1224 2022 sub-

132 2030 262 2074 iungit,
296 2029 326 2065 si
382 2029 510 2065 retium
565 2028 681 2065 uidem
712 2029 798 2064 mihi
829 2033 908 2065 erat
938 2030 1113 2073 solutum,
1148 2041 1225 2067 rem

132 2078 252 2110 autem
275 2086 348 2111 non
373 2085 433 2110 um
448 2073 543 2109 tradi
570 2085 678 2119 eram,
702 2084 747 2110 ex
759 2077 974 2111 testamento
990 2086 1046 2111 me
1062 2079 1225 2128 agentem

133 2124 152 2155 3
199 2120 445 2156 liberationem
470 2120 651 2165 consequi.
707 2119 805 2155 Idem
836 2120 996 2156 Iulianus
1028 2121 1163 2164 scribit,
1195 2121 1226 2157 si

132 2165 282 2201 fundum
305 2168 468 2207 testator,
494 2175 598 2210 quem
622 2165 668 2200 ab
693 2165 762 2200 alio
789 2169 940 2209 emerat,
974 2166 1061 2201 mihi
1083 2166 1225 2211 legavit,

133 2210 301 2246 heredem
325 2210 523 2255 cogendum
539 2209 624 2245 mihi
637 2210 814 2246 actionem
832 2221 876 2246 ex
893 2214 1010 2256 empto
1053 2215 1225 2255 raestare,

130 2255 269 2291 scilicet
292 2255 322 2290 si
345 2255 504 2291 nondum
526 2265 584 2291 res
608 2255 741 2291 tradita
762 2255 873 2291 fuerit
894 2257 950 2292 vel
974 2256 1018 2292 de
1035 2260 1144 2293 uncte
1168 2257 1228 2293 vel

129 2304 154 2335 4
200 2300 333 2336 heredi.
382 2300 420 2336 Si
443 2300 522 2345 quis
538 2300 645 2336 alicui
659 2300 830 2346 legaverit
845 2301 953 2337 licere
971 2301 1127 2347 lapidem
1144 2312 1225 2338 cae-

131 2346 230 2388 dere,
256 2345 457 2391 quaesitum
480 2349 545 2388 est,
571 2356 617 2381 an
644 2346 751 2381 etiam
774 2346 822 2382 ad
844 2346 1012 2382 heredem
1035 2347 1106 2382 hoc
1128 2347 1225 2393 lega-

132 2395 209 2427 tum
232 2394 405 2426 transeat.
452 2395 488 2426 et
512 2391 705 2427 Marcellus
722 2401 768 2427 ne
793 2394 831 2426 at
855 2392 902 2427 ad
924 2392 1090 2427 heredem
1107 2397 1225 2429 trans-

133 2436 243 2478 mitti,
282 2436 351 2472 nisi
389 2446 518 2472 nomen
555 2435 697 2472 heredis
738 2446 760 2471 a
788 2437 917 2472 'ectum
951 2437 1069 2482 legate
1103 2437 1224 2473 fuerit.

135 2485 154 2517 5
201 2481 314 2517 Heres
339 2481 478 2526 cogitur
500 2481 608 2527 legati
632 2481 769 2526 praedii
793 2482 931 2518 solvere
946 2483 1097 2528 vectigal
1119 2493 1225 2528 prae-

133 2527 277 2563 teritum
299 2526 355 2562 vel
378 2526 552 2562 tributum
575 2526 632 2562 vel
655 2527 826 2562 solarium
849 2527 905 2563 vel
929 2527 1148 2563 cloacarium
1170 2528 1227 2564 vel

134 2575 155 2607 6
227 2582 267 2608 re
292 2582 408 2617 aquae
431 2571 558 2607 forma.
606 2571 687 2607 Scio
713 2582 756 2607 ex
779 2571 877 2608 facto
901 2576 1108 2616 tractatum,
1145 2584 1226 2609 cum

157 2617 194 2652 ui
220 2627 277 2652 am
299 2616 389 2652 duos
413 2616 545 2652 fundos
570 2616 727 2653 eiusdem
751 2618 903 2653 neminis
919 2618 1056 2654 habens
1072 2618 1227 2663 legasset

133 2629 284 2698 ffundum
319 2662 572 2697 Cornelianum
607 2665 643 2696 et
677 2665 771 2697 esset
805 2662 896 2699 alter
953 2663 1034 2698 retii
1068 2664 1225 2707 maioris,

134 2707 224 2743 alter
246 2707 393 2743 minoris
418 2710 454 2743 et
476 2707 580 2742 heres
594 2706 729 2743 diceret
750 2707 924 2743 minorem
949 2712 1103 2753 egatum,
1127 2709 1224 2754 lega-

133 2753 247 2788 tarius
271 2753 459 2788 maiorem:
484 2752 587 2797 volgo
611 2751 785 2788 fatebitur
807 2752 859 2787 uti
885 2763 930 2788 ue
953 2752 1124 2789 minorem
1145 2764 1225 2789 eum

131 2798 289 2843 legasse,
321 2798 352 2833 si
381 2798 551 2833 maiorem
582 2808 655 2834 nen
678 2797 836 2843 potuerit
892 2808 996 2834 ecere
1018 2798 1223 2843 legatarius.

136 2846 153 2877 7
203 2842 354 2878 Constat
377 2843 483 2878 etiam
506 2853 564 2878 res
590 2842 723 2878 alienas
746 2843 858 2888 legari
889 2853 1016 2888 posse,
1047 2844 1171 2889 utique
1194 2844 1226 2880 si

131 2888 257 2934 vparari
290 2888 448 2933 possint,
485 2888 623 2923 etiamsi
654 2887 809 2924 difficilis
841 2898 964 2924 earum
994 2889 1135 2932 paratio
1167 2889 1223 2925 sit.

136 2936 155 2967 8
203 2932 242 2968 Si
263 2943 347 2969 vere
374 2932 610 2968 Sallustianos
633 2933 770 2976 hortos,
818 2933 856 2968 ui
879 2937 964 2969 sunt
983 2935 1146 2980 Augusti,
1169 2935 1226 2970 vel

131 2977 284 3014 fundum
307 2978 498 3020 Albanum,
531 2978 592 3023 qui
614 2978 804 3024 principali
829 2989 871 3014 us
903 2979 1029 3015 usibus
1062 2979 1225 3023 deservit,

134 3021 305 3068 legaverit
329 3023 418 3068 quis,
442 3023 570 3059 furiosi
594 3027 648 3058 est
670 3024 758 3059 talia
780 3023 899 3076 legata
922 3028 1136 3060 testamento
1161 3025 1225 3060 ad-

139 3070 158 3102 9
205 3068 372 3104 scribere.
419 3068 508 3104 Item
533 3078 697 3113 campum
714 3068 892 3104 Martium
923 3072 987 3105 aut
1010 3069 1128 3106 ferum
1150 3069 1226 3106 Ro·

139 3122 281 3148 manum
304 3113 358 3149 vel
382 3113 505 3149 aedem
529 3124 669 3149 sacram
701 3113 814 3158 legari
844 3125 916 3150 non
939 3125 1046 3160 posse
1070 3118 1225 3151 constat.

142 3159 183 3192 10
230 3157 299 3193 Sed
322 3162 358 3193 et
381 3168 424 3194 ea
446 3159 594 3203 praedia
618 3158 791 3201 Caesaris,
817 3169 908 3204 quae
931 3160 968 3195 in
992 3159 1143 3196 formam
1159 3171 1225 3206 pa-

138 3201 294 3237 trimonii
329 3203 477 3238 redacta
517 3204 585 3239 sub
628 3209 863 3249 procuratore
893 3205 1097 3250 patrimonii
1129 3209 1225 3248 sunt,

139 3246 170 3281 si
200 3246 377 3298 legentur,
416 3259 482 3284 nec
514 3249 713 3285 aestimatio
746 3259 868 3285 eorum
900 3250 1007 3286 debet
1036 3251 1226 3296 praestari,

139 3301 307 3336 quomam
331 3294 578 3329 commercium
603 3304 725 3330 eorum
749 3294 819 3330 nisi
841 3295 941 3330 iussu
964 3296 1137 3341 principis
1154 3307 1227 3331 non

140 3337 197 3377 sit,
224 3346 305 3371 cum
329 3336 478 3373 distrahi
501 3349 575 3375 non
598 3339 747 3375 soleant.

188 3379 240 3418 40
266 3380 372 3416 IDEM
398 3382 489 3418 libro
519 3384 676 3419 secundo
697 3384 1054 3429 fideicommissorum
1102 3385 1174 3421 Sed
1198 3385 1227 3421 si

141 3436 197 3461 res
222 3425 348 3468 aliena,
374 3427 475 3463 cuius
500 3429 748 3464 commercium
778 3429 971 3475 legatarius
1007 3441 1080 3466 non
1104 3431 1226 3473 habet,

142 3471 174 3505 ei
207 3471 265 3506 cui
287 3471 343 3506 ius
374 3472 576 3516 possidendi
606 3475 704 3509 nen⁹
734 3478 788 3510 est
846 3485 884 3510 er
914 3474 1228 3512 fideicommissum

141 3515 372 3560 relinquatur,
396 3520 484 3561 puto
509 3518 787 3555 aestimationem
837 3520 945 3555 eberi.

142 3630 186 3671 (1)
211 3628 243 3661 ei
256 3629 317 3662 del.
332 3629 412 3662 Hal.
485 3632 527 3670 (2)
553 3630 677 3663 Paulus
690 3631 744 3664 F²
809 3634 851 3673 (3)
876 3632 935 3673 qui
948 3633 1008 3665 ins.
1078 3632 1120 3672 (4)
1145 3642 1226 3664 num

143 3679 176 3705 et
203 3677 373 3716 sumptum
400 3674 554 3718 Krueyer
711 3677 754 3715 (5)
787 3680 955 3719 praestare
983 3678 1045 3711 ins.
1074 3677 1226 3720 Krueyer

142 3719 187 3759 (6)
213 3719 377 3761 quidquid
390 3731 450 3752 scr.
568 3720 610 3761 (¹1)
634 3721 784 3762 recipere
799 3722 835 3755 F
930 3725 973 3759 (8)
999 3722 1227 3764 consequarS

140 3764 188 3801 (9)
214 3774 281 3796 non
295 3764 357 3798 del.
429 3766 487 3805 (10)
509 3776 545 3807 p.
564 3764 719 3799 Chr.122
784 3769 837 3807 (11)
863 3766 952 3807 leget
965 3766 1040 3799 Fem
1110 3767 1168 3808 (12)
1182 3767 1223 3800 ad

1225 139 1307 187 419

2259 143 2387 186 XXX

1339 262 1389 302 41
1417 264 1525 300 Imm
1545 264 1636 301 libro
1656 264 1822 300 vicesimo
1838 266 1959 311 primo
1976 265 2027 302 ad
2036 265 2211 302 Sabinum
2259 266 2388 302 Cetera

1291 310 1401 355 igitur
1423 312 1568 362 praeter
1589 309 1681 345 haec
1704 308 1898 345 videamus.
1947 314 1984 346 et
2006 311 2147 357 quidem
2165 322 2318 357 corpora
2334 313 2386 347 le-

1295 359 1309 390 1
1359 365 1437 400 gan
1461 354 1580 390 omnia
1605 357 1641 390 et
1663 354 1744 389 iura
1768 357 1804 389 et
1827 355 2013 392 servitutes
2037 360 2200 402 possunt.
2249 356 2321 394 Sed
2344 367 2388 393 ea

1292 410 1385 445 quae
1408 399 1556 436 aedibus
1587 399 1713 434 iuncta
1736 402 1822 435 sunt
1853 399 1963 444 legari
1994 412 2067 436 non
2090 406 2266 447 possunt,
2302 403 2388 447 quia

1291 445 1382 481 haec
1404 445 1516 490 legari
1539 455 1611 480 non
1628 454 1735 490 posse
1754 448 1901 480 senatus
1920 447 2059 481 censuit
2069 447 2197 483 Aviola
2216 451 2252 484 et
2265 447 2388 484 Pansa

1294 493 1313 525 2
1362 490 1569 526 consulibus
1583 491 1623 525 ²⁰.
1671 489 1837 525 Tractari
1861 492 1982 526 tamen
2004 492 2154 536 peterit,
2187 493 2218 528 si
2241 493 2386 539 quando

1292 545 1472 571 marmora
1494 535 1551 571 vel
1574 534 1763 571 columnae
1785 534 1920 570 fuerint
1943 540 2130 581 separatae
2154 538 2201 574 ab
2224 538 2386 582 aedibus,

1292 591 1340 616 an
1363 580 1520 625 legatum
1545 580 1782 616 convalescat.
1838 583 1875 615 et
1899 580 1929 615 si
1953 581 2095 625 quidem
2118 583 2164 618 ab
2188 583 2289 619 initio
2314 595 2387 620 non

1293 626 1454 662 constitit
1464 626 1632 670 legatum,
1650 635 1695 661 ex
1709 628 1794 671 post
1809 624 1907 661 facto
1924 636 1998 661 nen
2012 628 2246 671 convalescet,
2264 640 2386 675 quem·

1293 670 1483 706 admodum
1506 681 1573 706 nec
1596 680 1655 706 res
1679 680 1759 706 mea
1782 670 1900 716 legata
1924 671 2021 713 mihi,
2047 672 2175 717 sipost
2191 676 2386 711 testamen-

1291 720 1369 751 tum
1391 715 1529 751 factum
1552 715 1662 751 fuerit
1685 715 1853 756 alienata,
1877 715 1963 761 quia
1985 716 2078 752 vires
2102 718 2148 754 ab
2172 718 2272 755 initio
2288 720 2386 765 lega-

1292 765 1369 796 tum
1393 771 1465 796 non
1489 761 1627 796 habuit.
1674 761 1738 796 sed
1762 761 1792 796 si
1817 761 1883 796 sub
1908 761 2118 798 condicione
2140 763 2287 808 legetur,
2323 775 2387 811 po-

1291 807 1377 842 terit
1399 806 1555 851 legatum
1577 806 1716 848 valere,
1742 806 1772 841 si
1805 806 2009 842 exsistentis
2041 807 2261 845 condicionis
2296 813 2386 847 tem-

1292 862 1381 897 pore
1395 862 1475 887 mea
1491 862 1563 887 nen
1580 851 1628 887 sit
1645 851 1701 886 vel
1717 851 1864 887 aedibus
1879 851 2003 887 iuncta
2022 863 2096 888 non
2117 853 2174 896 sit,
2192 856 2388 891 secundum

1293 907 1367 940 e08,
1392 897 1454 942 qui
1478 900 1514 932 et
1537 897 1607 932 emi
1621 907 1698 932 rem
1713 907 1829 932 meam
1853 897 1920 932 sub
1942 897 2154 934 condicione
2170 902 2207 934 et
2253 901 2388 936 remitti

1292 942 1378 978 mihi
1402 942 1588 987 stipulanti
1612 945 1648 978 et
1670 942 1782 987 legari
1801 942 1913 977 aiunt.
1959 954 2090 995 purum
2106 943 2214 989 igitur
2228 911 2388 990 fegatum

1293 987 1495 1023 Catoniana
1517 987 1640 1032 regula
1661 986 1840 1032 impediet,
1866 986 2113 1024 condicionale
2124 999 2209 1032 non,
2234 991 2318 1035 quia
2341 991 2389 1027 ad

1294 1036 1313 1068 3
1362 1032 1624 1069 condicionalia
1637 1031 1837 1068 Catoniana
1853 1043 1924 1068 nen
1941 1033 2107 1078 pertinet.
2154 1034 2245 1071 Item
2265 1037 2390 1081 quaeri

1291 1081 1423 1124 potest,
1448 1078 1479 1114 si
1502 1078 1582 1131 quis
1605 1078 1710 1114 binas
1746 1077 1853 1113 aedes
1884 1077 2021 1114 habens
2054 1079 2187 1115 alteras
2218 1080 2390 1125 legaverit

1292 1127 1329 1159 et
1351 1134 1396 1159 ex
1420 1122 1542 1159 alteris
1566 1122 1700 1168 aliquid
1722 1123 1884 1158 iunctum
1907 1123 1941 1158 ei
1964 1124 2023 1159 cui
2046 1124 2152 1160 aedes
2175 1125 2317 1171 legavit,
2342 1137 2390 1162 an

1291 1169 1447 1214 legatum
1470 1168 1628 1205 valebit?
1650 1171 1771 1204 movet
1787 1168 2043 1221 quaestionem,
2093 1170 2164 1205 uod
2180 1180 2226 1206 ex
2242 1175 2388 1207 senatus

1293 1214 1458 1250 consulto
1491 1218 1528 1250 et
1560 1213 1877 1250 constitutiombus
1908 1213 1994 1249 licet
2024 1225 2071 1250 no
2098 1214 2129 1250 is
2161 1216 2207 1251 ab
2240 1216 2389 1252 aedibus

1291 1259 1424 1295 nestris
1448 1259 1486 1295 in
1510 1259 1598 1295 alias
1624 1259 1731 1295 aedes
1755 1258 1954 1295 transferre
1976 1261 2247 1305 possessoribus
2266 1272 2390 1298 earum

1292 1304 1435 1348 futuris,
1459 1305 1496 1340 id
1521 1308 1575 1340 est
1597 1314 1672 1340 non
1695 1304 1939 1340 distracturis:
1966 1308 2002 1340 et
2023 1306 2076 1341 ita
2093 1306 2290 1351 imperator
2305 1318 2389 1343 nos-

1292 1353 1349 1386 ter
1372 1353 1409 1386 et
1432 1350 1537 1386 divus
1562 1350 1714 1385 Severus
1730 1350 2004 1395 rescripserunt.
2053 1351 2227 1397 numquid
2243 1362 2329 1397 ergo
2354 1356 2391 1388 et

1291 1395 1405 1440 legari
1427 1395 1543 1441 possit
1566 1395 1610 1437 ei,
1636 1395 1695 1430 cui
1718 1395 1825 1430 aliam
1849 1394 1993 1431 domum
2016 1395 2130 1441 legem
2144 1398 2197 1433 ¹²¹?
2230 1397 2294 1433 sed
2327 1408 2389 1433 ne-

1291 1441 1552 1522 ianssssffl'st’
1566 1440 1801 1522 ffiffl
1818 1443 1937 1521 33¹&
1948 1444 2391 1533 eissgssss'ssfiffgeffssssfiffiff

1292 1542 1376 1567 nam
1400 1535 1436 1567 et
1451 1542 1495 1567 ex
1513 1541 1557 1567 ea
1580 1530 1684 1567 alteri
1701 1540 1825 1566 eorum
1844 1542 2025 1567 marmora
2041 1532 2088 1567 ad
2108 1534 2389 1569 exstructionem

1293 1577 1420 1613 domus
1445 1576 1598 1612 Seianae
1621 1586 1728 1622 quam
1752 1576 1785 1612 ei
1808 1576 2001 1621 legaverat,
2025 1588 2099 1612 non
2122 1578 2215 1613 male
2238 1578 2389 1623 agitabi-

1293 1626 1364 1665 tur,
1390 1632 1438 1657 an
1461 1621 1590 1664 valeat,
1615 1621 1700 1667 quia
1727 1621 1891 1657 deminus
1914 1625 1969 1657 est
1984 1622 2170 1668 utriusque
2185 1623 2390 1669 legatarius.

1295 1671 1331 1703 et
1365 1667 1451 1712 quid
1484 1667 1514 1703 si
1538 1666 1617 1712 quis
1651 1666 1795 1702 demum
1828 1666 1989 1702 deductis
2021 1668 2260 1704 marmoribus
2291 1668 2389 1714 lega-

1293 1712 1401 1753 verit,
1435 1722 1527 1758 quae
1558 1712 1670 1748 voluit
1703 1711 1870 1747 heredem
1901 1712 2036 1748 habere
2067 1712 2114 1748 ad
2138 1714 2391 1751 exstruendam

1294 1758 1458 1800 domum,
1495 1767 1602 1803 quam
1633 1756 1813 1792 retinebat
1844 1757 1881 1792 in
1905 1757 2128 1793 hereditate?
2169 1758 2233 1794 sed
2262 1759 2390 1795 melius

1295 1803 1434 1839 dicetur
1457 1803 1495 1838 in
1517 1806 1672 1847 utroque
1696 1801 1954 1838 detractionem
1977 1813 2049 1838 non
2069 1803 2209 1839 valere:
2233 1803 2392 1849 legatum

1295 1852 1314 1884 5
1362 1852 1484 1883 tamen
1499 1848 1642 1890 valebit,
1656 1851 1698 1883 ut
1709 1847 1910 1883 aestimatio
1926 1858 2050 1883 eorum
2066 1852 2282 1893 praestetur.
2319 1849 2392 1886 Sed

1295 1894 1326 1929 si
1349 1893 1428 1939 quis
1453 1892 1500 1929 ad
1518 1903 1610 1938 epus
1626 1892 1680 1928 rei
1697 1892 1864 1938 publicae
1881 1892 2086 1929 faciendum
2099 1894 2127 1915 ¹²
2143 1894 2285 1940 legavit,
2300 1898 2390 1940 puto

1294 1939 1414 1975 valere
1436 1938 1612 1983 legatum:
1649 1948 1734 1974 nam
1766 1941 1802 1973 et
1823 1938 2044 1983 Papinianus
2075 1938 2168 1975 libro
2201 1939 2390 1981 undecimo

1294 1994 1550 2030 responsorum
1583 1983 1696 2019 refert
1725 1983 1978 2028 imperatorem
2010 1987 2174 2020 nostrum
2205 1988 2242 2021 et
2272 1984 2391 2021 divum

1295 2029 1466 2065 Severum
1490 2028 1720 2064 constituisse
1751 2038 1832 2069 eos,
1865 2029 1925 2074 qui
1949 2029 2001 2065 rei
2031 2029 2199 2074 publicae
2229 2029 2277 2066 ad
2299 2041 2391 2076 epus

1319 2074 1524 2110 remiserint
1537 2075 1574 2115 ¹³,
1605 2084 1714 2119 posse
1745 2073 1935 2110 detrahere
1966 2084 2011 2110 ex
2042 2075 2191 2111 aedibus
2227 2075 2302 2111 suis
2326 2086 2388 2112 ur·

1320 2120 1397 2155 anis
1422 2123 1531 2165 atque
1553 2119 1699 2155 rusticis
1724 2123 1760 2155 et
1779 2119 1816 2154 id
1840 2119 1886 2155 ad
1900 2120 1927 2140 ¹⁴
1952 2130 2042 2165 opus
2059 2120 2123 2163 uti,
2172 2120 2234 2156 uia
2247 2121 2286 2156 hi
2301 2131 2390 2166 que-

1295 2175 1366 2210 que
1388 2176 1461 2201 non
1484 2164 1676 2210 promercii
1691 2175 1803 2200 causa
1819 2164 1857 2200 id
1878 2164 2064 2201 haberent.
2112 2131 2176 2201 seg
2195 2166 2390 2209 videamus,

1294 2214 1414 2246 utrum
1437 2210 1470 2246 ei
1493 2210 1561 2245 soli
1586 2210 1721 2245 civitati
1742 2210 1855 2255 legari
1877 2210 2003 2256 possit,
2027 2210 2066 2246 in
2083 2211 2184 2246 cuius
2208 2211 2390 2248 territorio

1295 2259 1361 2298 est,
1386 2265 1434 2291 an
1457 2260 1494 2291 et
1518 2255 1563 2291 de
1586 2255 1658 2290 alia
1681 2255 1826 2291 civitate
1854 2255 1893 2290 in
1916 2255 2022 2291 aliam
2046 2255 2243 2292 transferre
2265 2257 2390 2302 possit.

1294 2304 1331 2336 et
1353 2304 1442 2346 puto
1467 2311 1540 2336 nen
1563 2310 1643 2336 esse
1665 2300 1954 2346 permittendum,
1979 2311 2086 2353 quam
2111 2311 2195 2337 uam
2215 2302 2390 2338 constitu-

1294 2350 1371 2381 tum
1394 2346 1451 2389 sit,
1475 2350 1517 2381 ut
1540 2345 1585 2381 de
1608 2345 1728 2389 domu,
1751 2356 1859 2391 quam
1882 2346 2010 2398 aliqu1s
2041 2346 2090 2381 ha
2116 2350 2162 2389 et,
2187 2347 2221 2382 ei
2243 2347 2389 2392 permit-

1296 2395 1316 2427 6
1362 2394 1463 2426 tatur
1483 2391 1523 2426 in
1545 2391 1690 2426 domum
1713 2390 1859 2427 alterius
1884 2391 2036 2427 civ1tatis
2055 2391 2263 2427 transferre.
2310 2392 2390 2428 Hoc

1295 2440 1441 2472 senatus
1466 2436 1670 2472 consultum
1693 2446 1767 2471 nen
1789 2439 1929 2472 tantum
1953 2436 2000 2472 ad
2023 2437 2161 2480 urbem,
2196 2436 2261 2473 sed
2283 2440 2320 2473 et
2343 2437 2391 2473 ad

1296 2485 1314 2516 7
1364 2481 1454 2518 alias
1478 2481 1640 2517 civitates
1662 2482 1828 2526 pertinet.
1885 2481 1955 2517 Sed
1979 2484 2015 2517 et
2046 2482 2207 2517 divorum
2237 2481 2390 2518 fratrum

1295 2530 1350 2563 est
1372 2527 1587 2572 rescriptum
1619 2526 1667 2562 ad
1688 2527 1845 2562 libellum
1869 2526 2050 2562 Procliani
2081 2530 2118 2562 et
2148 2527 2391 2574 Epitynchani

1295 2572 1342 2608 eb
1374 2572 1534 2608 debitum
1565 2572 1748 2617 publicum
1780 2571 2058 2607 desiderantium
2090 2575 2132 2607 ut
2166 2572 2235 2608 sibi
2259 2572 2389 2608 distra-

1293 2617 1381 2653 here
1394 2619 1421 2639 ¹⁵
1444 2617 1685 2662 permittatur,
1710 2616 1806 2662 qued
1819 2618 1847 2638 ¹⁰
1882 2617 1933 2652 eis
1956 2617 2012 2652 ius
2037 2616 2260 2653 distrahendi
2275 2619 2303 2640 ¹⁷
2327 2618 2389 2654 de-

1296 2665 1315 2698 8
1363 2674 1388 2698 n
1434 2666 1594 2698 averunt.
1640 2662 1721 2698 Hoc
1745 2665 1893 2698 senatus
1925 2662 2128 2697 consultum
2151 2673 2225 2699 uon
2247 2666 2390 2699 tantum

1294 2707 1342 2743 ad
1365 2718 1408 2743 ae
1435 2718 1483 2749 es,
1509 2707 1574 2743 sed
1597 2710 1634 2743 et
1656 2706 1702 2743 ad
1717 2707 1860 2743 balinea
1875 2707 1931 2742 vel
1954 2707 2052 2743 aliud
2068 2707 2165 2753 qued
2188 2707 2389 2744 aedificium

1294 2753 1350 2789 vel
1381 2753 1544 2798 perticus
1575 2752 1653 2789 sine
1686 2752 1833 2788 aedibus
1864 2751 1921 2788 vel
1949 2753 2120 2788 tabernas
2150 2753 2206 2789 vel
2235 2754 2389 2799 popinas

1295 2801 1316 2834 9
1363 2798 1578 2834 extenditur.
1641 2798 1732 2833 Item
1758 2797 1829 2832 hoc
1860 2797 2073 2842 prohibetur
2103 2798 2194 2834 haec
2207 2799 2236 2821 ¹⁸
2264 2799 2388 2844 legari,

1293 2842 1801 2924 &fflai‘sstssssnsfflisseiffissstiff
1818 2846 2082 2924 1)ξὲθὲἐῶἵῖ
2095 2843 2387 2925 ᾞεῗῖἶὶῗέἓηὲἰ·

1715 2913 1726 2930 ,
2379 2917 2387 2924 .

1294 2933 1388 2969 idem
1412 2936 1449 2968 et
1470 2933 1508 2968 in
1531 2933 1659 2978 tegulis
1685 2933 1781 2971 etin
1811 2933 1918 2978 tignis
1950 2937 1986 2969 et
2010 2934 2109 2970 ostiis
2133 2937 2280 2970 senatus
2305 2944 2387 2971 cen-

1296 2978 1384 3014 suit:
1419 2978 1482 3013 sed
1506 2982 1543 3013 et
1563 2979 1602 3013 in
1624 2978 1849 3014 bibliothecis
1880 2978 2076 3023 parietibus
2106 2979 2386 3015 inhaerentibus.

1299 3027 1340 3058 10
1388 3022 1459 3059 Sed
1483 3023 1512 3058 si
1537 3023 1687 3059 cancelli
1703 3022 1775 3058 sint
1797 3023 1854 3059 vel
1875 3023 1965 3067 vela,
1989 3024 2000 3059 l
2046 3024 2099 3059 ari
2114 3028 2294 3069 poterunt,
2315 3035 2388 3060 non

1300 3072 1335 3103 11
1386 3071 1508 3103 tamen
1529 3068 1672 3104 fistulae
1694 3068 1755 3104 vel
1778 3068 1927 3104 castelli.
1975 3069 2022 3105 Se
2070 3069 2309 3105 automataria
2324 3072 2387 3104 aut

1295 3113 1407 3159 siquis
1421 3114 1450 3135 ¹⁹
1482 3113 1664 3156 canthari,
1694 3123 1760 3159 per
1790 3124 1879 3159 ques
1903 3124 2020 3167 aquae
2043 3115 2186 3157 saliunt,
2218 3117 2388 3160 poterunt

1298 3161 1339 3194 12
1385 3158 1507 3203 legari,
1531 3159 1684 3194 maxime
1707 3159 1738 3194 si
1760 3158 1963 3204 impositicii
1987 3160 2070 3195 sint.
2126 3159 2219 3203 Quid
2243 3169 2325 3203 ergo
2349 3158 2387 3194 in

1296 3204 1426 3240 statuis
1446 3203 1660 3239 dicendum?
1677 3203 1707 3239 si
1724 3203 1866 3249 quidem
1883 3204 2072 3240 inhaerent
2089 3204 2297 3250 parietibus,
2314 3213 2386 3239 nen

1294 3249 1427 3292 licebit,
1452 3248 1483 3284 si
1505 3258 1589 3285 vere
1613 3248 1701 3284 alias
1717 3249 1902 3291 exsistant,
1928 3250 2086 3286 dubitari
2101 3252 2238 3294 petest:
2263 3258 2386 3284 verum

1295 3305 1395 3330 mens
1419 3297 1564 3330 senatus
1598 3294 1737 3339 plenius
1761 3295 1972 3340 accipienda
2002 3298 2075 3337 est,
2108 3298 2149 3329 ut
2179 3294 2210 3329 si
2264 3303 2313 3328 ua
2335 3293 2385 3328 ibi

1295 3339 1442 3375 fuerunt
1463 3342 1638 3384 perpetua
1649 3339 1690 3382 2⁰,
1716 3340 1820 3384 quasi
1841 3340 1960 3386 portio
1985 3339 2126 3375 aedium
2142 3339 2253 3374 distra
2280 3338 2289 3346 ’
2313 3348 2386 3374 nen

1299 3388 1339 3419 13
1388 3384 1536 3429 possint.
1592 3384 1750 3420 Proinde
1772 3385 1961 3420 dicendum
1985 3388 2040 3420 est
2063 3394 2129 3419 nec
2153 3383 2295 3419 tabulas
2320 3382 2383 3418 ad-

1296 3430 1387 3464 fixas
1406 3433 1442 3464 et
1463 3429 1661 3474 parietibus
1685 3429 1874 3465 adiunctas
1898 3430 1953 3465 vel
1977 3429 2115 3473 singula
2139 3428 2254 3472 sigilla
2276 3427 2384 3463 adae-

1300 3478 1340 3509 14
1388 3479 1498 3519 quata
1520 3474 1631 3520 legari
1653 3485 1771 3520 posse.
1819 3475 1890 3510 Sed
1907 3475 1937 3510 si
1958 3474 2099 3526 paravit
2114 3473 2288 3518 quaedam
2311 3475 2384 3508 tes-

1296 3523 1394 3554 tator
1435 3519 1538 3564 quasi
1568 3521 1811 3557 translaturus
1849 3521 1887 3555 in
1920 3519 2026 3554 allam
2056 3518 2199 3553 domum
2230 3520 2266 3553 et
2294 3517 2384 3553 haec

1296 3643 1382 3675 opus
1395 3632 1586 3666 faciendum
1598 3633 1646 3666 rei
1660 3633 1818 3676 publicae
1831 3644 1894 3665 scr.
2008 3633 2068 3673 (13)
2093 3630 2320 3675 promiserunt
2330 3629 2385 3662 ΡΒ

1296 3678 1355 3719 (14)
1380 3681 1422 3709 ad
1434 3677 1469 3709 id
1481 3689 1545 3711 scr.
1684 3679 1744 3720 (15)
1770 3677 1942 3709 detrahere
1955 3686 2019 3710 scr.
2158 3678 2216 3714 (16)
2243 3686 2307 3718 quo
2320 3687 2384 3715 scr,

1295 3724 1354 3763 (17)
1381 3722 1579 3755 detrahendi
1591 3735 1654 3757 scr.
1758 3724 1818 3763 (18)
1843 3722 1923 3753 haec
1939 3721 1999 3754 del.
2108 3722 2166 3763 (19)
2191 3721 2280 3763 siqui
2295 3720 2384 3760 ΓΜ,

1295 3767 1420 3801 sisenes
1432 3780 1495 3801 scr.
1590 3771 1652 3809 (20)
1677 3770 1840 3809 perpetuo
1853 3766 1930 3798 Fem

2044 3819 2111 3853 53*
