<?xml version="1.0" encoding="UTF-8"?>
<!DOCTYPE html PUBLIC "-//W3C//DTD XHTML 1.0 Transitional//EN"
    "http://www.w3.org/TR/xhtml1/DTD/xhtml1-transitional.dtd">
<html xmlns="http://www.w3.org/1999/xhtml" xml:lang="en" lang="en">
 <head>
  <title>
</title>
<meta http-equiv="Content-Type" content="text/html;charset=utf-8" />
  <meta name='ocr-system' content='tesseract 3.04.00' />
  <meta name='ocr-capabilities' content='ocr_page ocr_carea ocr_par ocr_line ocrx_word'/>
</head>
<body>
  <div class='ocr_page' id='page_1' title='image "./corpusjuriscivil01krueuoft_0147.png"; bbox 0 0 2528 3918; ppageno 0'>
   <div class='ocr_carea' id='block_1_1' title="bbox 70 121 223 152">
    <p class='ocr_par' dir='ltr' id='par_1_1' title="bbox 70 121 223 152">
     <span class='ocr_line' id='line_1_1' title="bbox 70 121 223 152; baseline 0 0"><span class='ocrx_word' id='word_1_1' title='bbox 70 121 223 152; x_wconf 82' lang='lat' dir='ltr'>PACTIS</span> 
     </span>
    </p>
   </div>
   <div class='ocr_carea' id='block_1_2' title="bbox 66 227 1168 3586">
    <p class='ocr_par' dir='ltr' id='par_1_2' title="bbox 66 227 1162 681">
     <span class='ocr_line' id='line_1_2' title="bbox 68 227 1159 275; baseline -0.004 -9"><span class='ocrx_word' id='word_1_2' title='bbox 68 231 171 266; x_wconf 86' lang='lat' dir='ltr'>heres</span> <span class='ocrx_word' id='word_1_3' title='bbox 194 237 334 275; x_wconf 86' lang='lat' dir='ltr'>petam:</span> <span class='ocrx_word' id='word_1_4' title='bbox 361 239 405 264; x_wconf 90' lang='lat' dir='ltr'>ex</span> <span class='ocrx_word' id='word_1_5' title='bbox 429 238 491 270; x_wconf 88' lang='lat' dir='ltr'>eo,</span> <span class='ocrx_word' id='word_1_6' title='bbox 518 227 613 273; x_wconf 90' lang='lat' dir='ltr'>quod</span> <span class='ocrx_word' id='word_1_7' title='bbox 637 229 806 272; x_wconf 89' lang='lat' dir='ltr'>pactum¹</span> <span class='ocrx_word' id='word_1_8' title='bbox 833 227 917 268; x_wconf 87' lang='lat' dir='ltr'>erit,</span> <span class='ocrx_word' id='word_1_9' title='bbox 950 227 1049 273; x_wconf 85' lang='lat' dir='ltr'>pacti</span> <span class='ocrx_word' id='word_1_10' title='bbox 1074 237 1159 263; x_wconf 91' lang='lat' dir='ltr'>con-</span> 
     </span>
     <span class='ocr_line' id='line_1_3' title="bbox 68 272 1160 320; baseline -0.004 -9"><span class='ocrx_word' id='word_1_11' title='bbox 68 276 163 311; x_wconf 83' lang='lat' dir='ltr'>venti</span> <span class='ocrx_word' id='word_1_12' title='bbox 188 275 348 320; x_wconf 83' lang='lat' dir='ltr'>exceptio</span> <span class='ocrx_word' id='word_1_13' title='bbox 373 273 533 319; x_wconf 86' lang='lat' dir='ltr'>aptanda</span> <span class='ocrx_word' id='word_1_14' title='bbox 564 273 649 315; x_wconf 87' lang='lat' dir='ltr'>erit,</span> <span class='ocrx_word' id='word_1_15' title='bbox 683 272 980 317; x_wconf 83' lang='lat' dir='ltr'>quemadmodum</span> <span class='ocrx_word' id='word_1_16' title='bbox 1012 273 1042 308; x_wconf 90' lang='lat' dir='ltr'>si</span> <span class='ocrx_word' id='word_1_17' title='bbox 1075 283 1160 308; x_wconf 90' lang='lat' dir='ltr'>con-</span> 
     </span>
     <span class='ocr_line' id='line_1_4' title="bbox 68 317 1160 363; baseline -0.004 -7"><span class='ocrx_word' id='word_1_18' title='bbox 68 321 204 356; x_wconf 87' lang='lat' dir='ltr'>venerit</span> <span class='ocrx_word' id='word_1_19' title='bbox 235 330 281 355; x_wconf 88' lang='lat' dir='ltr'>ne</span> <span class='ocrx_word' id='word_1_20' title='bbox 302 319 454 355; x_wconf 89' lang='lat' dir='ltr'>fundum</span> <span class='ocrx_word' id='word_1_21' title='bbox 503 322 635 354; x_wconf 91' lang='lat' dir='ltr'>eterem</span> <span class='ocrx_word' id='word_1_22' title='bbox 659 322 695 352; x_wconf 89' lang='lat' dir='ltr'>et</span> <span class='ocrx_word' id='word_1_23' title='bbox 718 328 823 353; x_wconf 89' lang='lat' dir='ltr'>usum</span> <span class='ocrx_word' id='word_1_24' title='bbox 846 317 1005 353; x_wconf 87' lang='lat' dir='ltr'>fructum</span> <span class='ocrx_word' id='word_1_25' title='bbox 1028 321 1160 363; x_wconf 88' lang='lat' dir='ltr'>petam,</span> 
     </span>
     <span class='ocr_line' id='line_1_5' title="bbox 68 330 1160 408; baseline -0.003 -7"><span class='ocrx_word' id='word_1_26' title='bbox 68 371 131 401; x_wconf 87' lang='lat' dir='ltr'>aut</span> <span class='ocrx_word' id='word_1_27' title='bbox 162 375 207 401; x_wconf 90' lang='lat' dir='ltr'>ne</span> <span class='ocrx_word' id='word_1_28' title='bbox 238 375 363 400; x_wconf 90' lang='lat' dir='ltr'>navem</span> <span class='ocrx_word' id='word_1_29' title='bbox 387 330 631 399; x_wconf 52' lang='lat' dir='ltr'>aedificiumve</span> <span class='ocrx_word' id='word_1_30' title='bbox 654 366 814 408; x_wconf 79' lang='lat' dir='ltr'>peterem</span> <span class='ocrx_word' id='word_1_31' title='bbox 838 367 874 398; x_wconf 90' lang='lat' dir='ltr'>et</span> <span class='ocrx_word' id='word_1_32' title='bbox 898 363 1081 399; x_wconf 83' lang='lat' dir='ltr'>dissolutis</span> <span class='ocrx_word' id='word_1_33' title='bbox 1104 363 1160 398; x_wconf 90' lang='lat' dir='ltr'>his</span> 
     </span>
     <span class='ocr_line' id='line_1_6' title="bbox 68 408 1159 456; baseline -0.003 -10"><span class='ocrx_word' id='word_1_34' title='bbox 68 410 224 456; x_wconf 86' lang='lat' dir='ltr'>singulas</span> <span class='ocrx_word' id='word_1_35' title='bbox 248 420 305 445; x_wconf 87' lang='lat' dir='ltr'>res</span> <span class='ocrx_word' id='word_1_36' title='bbox 356 413 468 444; x_wconf 79' lang='lat' dir='ltr'>etam:</span> <span class='ocrx_word' id='word_1_37' title='bbox 501 409 569 444; x_wconf 91' lang='lat' dir='ltr'>nisi</span> <span class='ocrx_word' id='word_1_38' title='bbox 599 419 616 444; x_wconf 92' lang='lat' dir='ltr'>s</span> <span class='ocrx_word' id='word_1_39' title='bbox 645 408 803 444; x_wconf 85' lang='lat' dir='ltr'>ecialiter</span> <span class='ocrx_word' id='word_1_40' title='bbox 827 408 924 444; x_wconf 87' lang='lat' dir='ltr'>aliud</span> <span class='ocrx_word' id='word_1_41' title='bbox 949 413 1071 444; x_wconf 87' lang='lat' dir='ltr'>actum</span> <span class='ocrx_word' id='word_1_42' title='bbox 1094 412 1159 444; x_wconf 89' lang='lat' dir='ltr'>est.</span> 
     </span>
     <span class='ocr_line' id='line_1_7' title="bbox 67 454 1160 500; baseline -0.002 -9"><span class='ocrx_word' id='word_1_43' title='bbox 67 460 88 492; x_wconf 82' lang='lat'>9</span> <span class='ocrx_word' id='word_1_44' title='bbox 136 455 173 491; x_wconf 86' lang='lat' dir='ltr'>Si</span> <span class='ocrx_word' id='word_1_45' title='bbox 196 465 307 500; x_wconf 84' lang='lat' dir='ltr'><strong>accep</strong></span> <span class='ocrx_word' id='word_1_46' title='bbox 351 455 422 490; x_wconf 89' lang='lat' dir='ltr'>atio</span> <span class='ocrx_word' id='word_1_47' title='bbox 446 454 582 490; x_wconf 90' lang='lat' dir='ltr'>inutilis</span> <span class='ocrx_word' id='word_1_48' title='bbox 623 454 686 496; x_wconf 92' lang='lat' dir='ltr'>uit,</span> <span class='ocrx_word' id='word_1_49' title='bbox 711 454 824 489; x_wconf 87' lang='lat' dir='ltr'>tacita</span> <span class='ocrx_word' id='word_1_50' title='bbox 847 455 1017 499; x_wconf 80' lang='lat' dir='ltr'>pactione</span> <span class='ocrx_word' id='word_1_51' title='bbox 1038 454 1076 489; x_wconf 92' lang='lat' dir='ltr'>id</span> <span class='ocrx_word' id='word_1_52' title='bbox 1100 464 1160 489; x_wconf 85' lang='lat' dir='ltr'>ac-</span> 
     </span>
     <span class='ocr_line' id='line_1_8' title="bbox 70 499 1162 545; baseline -0.004 -7"><span class='ocrx_word' id='word_1_53' title='bbox 70 505 110 539; x_wconf 89' lang='lat'>10</span> <span class='ocrx_word' id='word_1_54' title='bbox 156 504 232 536; x_wconf 90' lang='lat' dir='ltr'>tum</span> <span class='ocrx_word' id='word_1_55' title='bbox 254 500 413 543; x_wconf 84' lang='lat' dir='ltr'>videtur,</span> <span class='ocrx_word' id='word_1_56' title='bbox 437 510 482 535; x_wconf 90' lang='lat' dir='ltr'>ne</span> <span class='ocrx_word' id='word_1_57' title='bbox 506 503 697 545; x_wconf 88' lang='lat' dir='ltr'>peteretur.</span> <span class='ocrx_word' id='word_1_58' title='bbox 747 499 877 534; x_wconf 86' lang='lat' dir='ltr'>Servus</span> <span class='ocrx_word' id='word_1_59' title='bbox 901 499 1162 535; x_wconf 77' lang='lat' dir='ltr'>hereditarius²</span> 
     </span>
     <span class='ocr_line' id='line_1_9' title="bbox 66 545 1160 591; baseline -0.003 -9"><span class='ocrx_word' id='word_1_60' title='bbox 66 546 188 582; x_wconf 89' lang='lat' dir='ltr'>heredi</span> <span class='ocrx_word' id='word_1_61' title='bbox 219 549 304 591; x_wconf 89' lang='lat' dir='ltr'>post</span> <span class='ocrx_word' id='word_1_62' title='bbox 338 546 479 581; x_wconf 90' lang='lat' dir='ltr'>adituro</span> <span class='ocrx_word' id='word_1_63' title='bbox 515 545 726 580; x_wconf 89' lang='lat' dir='ltr'>nominatim</span> <span class='ocrx_word' id='word_1_64' title='bbox 783 545 893 580; x_wconf 87' lang='lat' dir='ltr'>acisci</span> <span class='ocrx_word' id='word_1_65' title='bbox 925 556 999 581; x_wconf 92' lang='lat' dir='ltr'>non</span> <span class='ocrx_word' id='word_1_66' title='bbox 1028 548 1160 591; x_wconf 90' lang='lat' dir='ltr'>potest,</span> 
     </span>
     <span class='ocr_line' id='line_1_10' title="bbox 67 556 1161 638; baseline -0.002 -11"><span class='ocrx_word' id='word_1_67' title='bbox 67 592 151 638; x_wconf 89' lang='lat' dir='ltr'>quia</span> <span class='ocrx_word' id='word_1_68' title='bbox 174 591 333 627; x_wconf 88' lang='lat' dir='ltr'>nondum</span> <span class='ocrx_word' id='word_1_69' title='bbox 355 592 386 627; x_wconf 89' lang='lat' dir='ltr'>is</span> <span class='ocrx_word' id='word_1_70' title='bbox 412 590 576 626; x_wconf 87' lang='lat' dir='ltr'>dominus</span> <span class='ocrx_word' id='word_1_71' title='bbox 601 590 665 626; x_wconf 89' lang='lat' dir='ltr'>sit:</span> <span class='ocrx_word' id='word_1_72' title='bbox 698 556 780 626; x_wconf 85' lang='lat' dir='ltr'>sedp</span> <span class='ocrx_word' id='word_1_73' title='bbox 794 590 824 625; x_wconf 92' lang='lat' dir='ltr'>si</span> <span class='ocrx_word' id='word_1_74' title='bbox 854 590 893 625; x_wconf 93' lang='lat' dir='ltr'>in</span> <span class='ocrx_word' id='word_1_75' title='bbox 915 601 991 627; x_wconf 93' lang='lat' dir='ltr'>rem</span> <span class='ocrx_word' id='word_1_76' title='bbox 1014 594 1161 637; x_wconf 89' lang='lat' dir='ltr'>pactum</span> 
     </span>
     <span class='ocr_line' id='line_1_11' title="bbox 67 635 989 681; baseline -0.003 -8"><span class='ocrx_word' id='word_1_77' title='bbox 67 640 280 673; x_wconf 89' lang='lat' dir='ltr'>conventum</span> <span class='ocrx_word' id='word_1_78' title='bbox 303 636 442 672; x_wconf 88' lang='lat' dir='ltr'>factum</span> <span class='ocrx_word' id='word_1_79' title='bbox 466 637 523 679; x_wconf 88' lang='lat' dir='ltr'>sit,</span> <span class='ocrx_word' id='word_1_80' title='bbox 548 635 670 671; x_wconf 88' lang='lat' dir='ltr'>heredi</span> <span class='ocrx_word' id='word_1_81' title='bbox 695 635 835 680; x_wconf 89' lang='lat' dir='ltr'>adquiri</span> <span class='ocrx_word' id='word_1_82' title='bbox 857 639 989 681; x_wconf 88' lang='lat' dir='ltr'>potest.</span> 
     </span>
    </p>

    <p class='ocr_par' dir='ltr' id='par_1_3' title="bbox 66 680 1163 1862">
     <span class='ocr_line' id='line_1_12' title="bbox 112 680 1163 728; baseline -0.004 -8"><span class='ocrx_word' id='word_1_83' title='bbox 112 680 165 720; x_wconf 83' lang='grc'>28</span> <span class='ocrx_word' id='word_1_84' title='bbox 194 682 318 718; x_wconf 72' lang='lat' dir='ltr'><strong><em>GAIUS</em></strong></span> <span class='ocrx_word' id='word_1_85' title='bbox 355 682 446 718; x_wconf 86' lang='lat' dir='ltr'>libro</span> <span class='ocrx_word' id='word_1_86' title='bbox 490 682 616 728; x_wconf 86' lang='lat' dir='ltr'>primo</span> <span class='ocrx_word' id='word_1_87' title='bbox 651 680 702 717; x_wconf 85' lang='lat' dir='ltr'>ad</span> <span class='ocrx_word' id='word_1_88' title='bbox 722 681 878 717; x_wconf 84' lang='lat' dir='ltr'>edictum</span> <span class='ocrx_word' id='word_1_89' title='bbox 906 681 1163 728; x_wconf 78' lang='lat' dir='ltr'>provineiale³</span> 
     </span>
     <span class='ocr_line' id='line_1_13' title="bbox 67 727 1162 772; baseline -0.002 -9"><span class='ocrx_word' id='word_1_90' title='bbox 67 728 201 764; x_wconf 84' lang='lat' dir='ltr'>Contra</span> <span class='ocrx_word' id='word_1_91' title='bbox 229 728 317 763; x_wconf 89' lang='lat' dir='ltr'>iuris</span> <span class='ocrx_word' id='word_1_92' title='bbox 352 727 463 763; x_wconf 91' lang='lat' dir='ltr'>civilis</span> <span class='ocrx_word' id='word_1_93' title='bbox 486 727 627 772; x_wconf 87' lang='lat' dir='ltr'>regulas</span> <span class='ocrx_word' id='word_1_94' title='bbox 650 729 761 772; x_wconf 87' lang='lat' dir='ltr'>pacta</span> <span class='ocrx_word' id='word_1_95' title='bbox 785 730 962 762; x_wconf 89' lang='lat' dir='ltr'>conventa</span> <span class='ocrx_word' id='word_1_96' title='bbox 984 730 1066 762; x_wconf 88' lang='lat' dir='ltr'>rata</span> <span class='ocrx_word' id='word_1_97' title='bbox 1089 737 1162 762; x_wconf 93' lang='lat' dir='ltr'>non</span> 
     </span>
     <span class='ocr_line' id='line_1_14' title="bbox 67 771 1162 817; baseline -0.002 -8"><span class='ocrx_word' id='word_1_98' title='bbox 67 774 262 809; x_wconf 81' lang='lat' dir='ltr'>habentur:</span> <span class='ocrx_word' id='word_1_99' title='bbox 294 773 405 808; x_wconf 89' lang='lat' dir='ltr'>veluti</span> <span class='ocrx_word' id='word_1_100' title='bbox 436 773 467 808; x_wconf 91' lang='lat' dir='ltr'>si</span> <span class='ocrx_word' id='word_1_101' title='bbox 500 772 659 817; x_wconf 90' lang='lat' dir='ltr'>pupillus</span> <span class='ocrx_word' id='word_1_102' title='bbox 690 771 768 807; x_wconf 88' lang='lat' dir='ltr'>sine</span> <span class='ocrx_word' id='word_1_103' title='bbox 790 772 921 808; x_wconf 89' lang='lat' dir='ltr'>tutoris</span> <span class='ocrx_word' id='word_1_104' title='bbox 946 773 1162 808; x_wconf 86' lang='lat' dir='ltr'>auctoritate</span> 
     </span>
     <span class='ocr_line' id='line_1_15' title="bbox 67 818 1163 865; baseline -0.002 -11"><span class='ocrx_word' id='word_1_105' title='bbox 67 823 194 865; x_wconf 90' lang='lat' dir='ltr'>pactus</span> <span class='ocrx_word' id='word_1_106' title='bbox 219 818 266 854; x_wconf 91' lang='lat' dir='ltr'>sit</span> <span class='ocrx_word' id='word_1_107' title='bbox 289 829 334 854; x_wconf 91' lang='lat' dir='ltr'>ne</span> <span class='ocrx_word' id='word_1_108' title='bbox 358 829 380 853; x_wconf 86' lang='lat' dir='ltr'>a</span> <span class='ocrx_word' id='word_1_109' title='bbox 413 818 574 853; x_wconf 86' lang='lat' dir='ltr'>debitore</span> <span class='ocrx_word' id='word_1_110' title='bbox 606 828 672 853; x_wconf 90' lang='lat' dir='ltr'>suo</span> <span class='ocrx_word' id='word_1_111' title='bbox 704 821 860 862; x_wconf 89' lang='lat' dir='ltr'>peteret,</span> <span class='ocrx_word' id='word_1_112' title='bbox 897 821 962 853; x_wconf 91' lang='lat' dir='ltr'>aut</span> <span class='ocrx_word' id='word_1_113' title='bbox 991 828 1037 853; x_wconf 91' lang='lat' dir='ltr'>ne</span> <span class='ocrx_word' id='word_1_114' title='bbox 1066 818 1163 853; x_wconf 90' lang='lat' dir='ltr'>intra</span> 
     </span>
     <span class='ocr_line' id='line_1_16' title="bbox 67 863 1162 909; baseline -0.003 -9"><span class='ocrx_word' id='word_1_115' title='bbox 67 869 205 900; x_wconf 89' lang='lat' dir='ltr'>certum</span> <span class='ocrx_word' id='word_1_116' title='bbox 239 867 380 909; x_wconf 89' lang='lat' dir='ltr'>tempus</span> <span class='ocrx_word' id='word_1_117' title='bbox 415 863 525 899; x_wconf 87' lang='lat' dir='ltr'>veluti</span> <span class='ocrx_word' id='word_1_118' title='bbox 560 863 844 909; x_wconf 85' lang='lat' dir='ltr'>quinquennium</span> <span class='ocrx_word' id='word_1_119' title='bbox 878 867 1034 909; x_wconf 90' lang='lat' dir='ltr'>peteret:</span> <span class='ocrx_word' id='word_1_120' title='bbox 1078 873 1162 898; x_wconf 89' lang='lat' dir='ltr'>nam</span> 
     </span>
     <span class='ocr_line' id='line_1_17' title="bbox 66 908 1161 954; baseline -0.002 -8"><span class='ocrx_word' id='word_1_121' title='bbox 66 921 132 946; x_wconf 92' lang='lat' dir='ltr'>nec</span> <span class='ocrx_word' id='word_1_122' title='bbox 158 909 246 945; x_wconf 90' lang='lat' dir='ltr'>solvi</span> <span class='ocrx_word' id='word_1_123' title='bbox 272 909 304 944; x_wconf 92' lang='lat' dir='ltr'>ei</span> <span class='ocrx_word' id='word_1_124' title='bbox 334 909 411 945; x_wconf 91' lang='lat' dir='ltr'>sine</span> <span class='ocrx_word' id='word_1_125' title='bbox 443 909 572 944; x_wconf 87' lang='lat' dir='ltr'>tutoris</span> <span class='ocrx_word' id='word_1_126' title='bbox 604 909 820 943; x_wconf 86' lang='lat' dir='ltr'>auctoritate</span> <span class='ocrx_word' id='word_1_127' title='bbox 851 912 982 954; x_wconf 86' lang='lat' dir='ltr'>potest.</span> <span class='ocrx_word' id='word_1_128' title='bbox 1029 919 1073 944; x_wconf 92' lang='lat' dir='ltr'>ex</span> <span class='ocrx_word' id='word_1_129' title='bbox 1108 908 1161 943; x_wconf 91' lang='lat' dir='ltr'>di-</span> 
     </span>
     <span class='ocr_line' id='line_1_18' title="bbox 66 954 1163 1034; baseline -0.003 -43"><span class='ocrx_word' id='word_1_130' title='bbox 66 966 169 991; x_wconf 89' lang='lat' dir='ltr'>verso</span> <span class='ocrx_word' id='word_1_131' title='bbox 195 958 315 990; x_wconf 90' lang='lat' dir='ltr'>autem</span> <span class='ocrx_word' id='word_1_132' title='bbox 340 954 370 990; x_wconf 90' lang='lat' dir='ltr'>si</span> <span class='ocrx_word' id='word_1_133' title='bbox 392 954 550 1000; x_wconf 89' lang='lat' dir='ltr'>pupillus</span> <span class='ocrx_word' id='word_1_134' title='bbox 574 954 801 1034; x_wconf 51' lang='lat' dir='ltr'>paciscatur,</span> <span class='ocrx_word' id='word_1_135' title='bbox 834 965 880 989; x_wconf 90' lang='lat' dir='ltr'>ne</span> <span class='ocrx_word' id='word_1_136' title='bbox 912 954 1009 1000; x_wconf 91' lang='lat' dir='ltr'>quod</span> <span class='ocrx_word' id='word_1_137' title='bbox 1033 954 1163 990; x_wconf 89' lang='lat' dir='ltr'>debeat</span> 
     </span>
     <span class='ocr_line' id='line_1_19' title="bbox 67 999 1160 1046; baseline -0.002 -10"><span class='ocrx_word' id='word_1_138' title='bbox 67 1011 89 1036; x_wconf 89' lang='lat' dir='ltr'>a</span> <span class='ocrx_word' id='word_1_139' title='bbox 120 1011 159 1036; x_wconf 92' lang='lat' dir='ltr'>se</span> <span class='ocrx_word' id='word_1_140' title='bbox 190 1003 392 1046; x_wconf 88' lang='lat' dir='ltr'>peteretur,</span> <span class='ocrx_word' id='word_1_141' title='bbox 424 1003 544 1035; x_wconf 90' lang='lat' dir='ltr'>ratum</span> <span class='ocrx_word' id='word_1_142' title='bbox 603 999 732 1035; x_wconf 86' lang='lat' dir='ltr'>abetur</span> <span class='ocrx_word' id='word_1_143' title='bbox 754 1002 903 1044; x_wconf 89' lang='lat' dir='ltr'>pactum</span> <span class='ocrx_word' id='word_1_144' title='bbox 928 1003 1160 1036; x_wconf 86' lang='lat' dir='ltr'>conventum:</span> 
     </span>
     <span class='ocr_line' id='line_1_20' title="bbox 66 1044 1163 1092; baseline -0.002 -11"><span class='ocrx_word' id='word_1_145' title='bbox 66 1047 151 1092; x_wconf 88' lang='lat' dir='ltr'>quia</span> <span class='ocrx_word' id='word_1_146' title='bbox 173 1046 355 1081; x_wconf 88' lang='lat' dir='ltr'>meliorem</span> <span class='ocrx_word' id='word_1_147' title='bbox 379 1045 625 1080; x_wconf 89' lang='lat' dir='ltr'>condicionem</span> <span class='ocrx_word' id='word_1_148' title='bbox 644 1054 746 1080; x_wconf 88' lang='lat' dir='ltr'>suam</span> <span class='ocrx_word' id='word_1_149' title='bbox 765 1044 887 1080; x_wconf 90' lang='lat' dir='ltr'>facere</span> <span class='ocrx_word' id='word_1_150' title='bbox 908 1046 941 1081; x_wconf 91' lang='lat' dir='ltr'>ei</span> <span class='ocrx_word' id='word_1_151' title='bbox 962 1046 1068 1081; x_wconf 86' lang='lat' dir='ltr'>etiam</span> <span class='ocrx_word' id='word_1_152' title='bbox 1087 1045 1163 1080; x_wconf 89' lang='lat' dir='ltr'>sine</span> 
     </span>
     <span class='ocr_line' id='line_1_21' title="bbox 69 1090 1162 1126; baseline -0.001 0"><span class='ocrx_word' id='word_1_153' title='bbox 69 1095 83 1126; x_wconf 93' lang='lat'>1</span> <span class='ocrx_word' id='word_1_154' title='bbox 133 1091 262 1126; x_wconf 86' lang='lat' dir='ltr'>tutoris</span> <span class='ocrx_word' id='word_1_155' title='bbox 286 1091 502 1126; x_wconf 86' lang='lat' dir='ltr'>auctoritate</span> <span class='ocrx_word' id='word_1_156' title='bbox 526 1100 737 1126; x_wconf 86' lang='lat' dir='ltr'>concessum</span> <span class='ocrx_word' id='word_1_157' title='bbox 762 1093 827 1126; x_wconf 88' lang='lat' dir='ltr'>est.</span> <span class='ocrx_word' id='word_1_158' title='bbox 877 1090 915 1126; x_wconf 88' lang='lat' dir='ltr'>Si</span> <span class='ocrx_word' id='word_1_159' title='bbox 939 1094 1085 1126; x_wconf 89' lang='lat' dir='ltr'>curator</span> <span class='ocrx_word' id='word_1_160' title='bbox 1103 1090 1162 1125; x_wconf 80' lang='lat' dir='ltr'>fu-</span> 
     </span>
     <span class='ocr_line' id='line_1_22' title="bbox 66 1135 1161 1182; baseline -0.001 -10"><span class='ocrx_word' id='word_1_161' title='bbox 66 1137 153 1172; x_wconf 89' lang='lat' dir='ltr'>riosi</span> <span class='ocrx_word' id='word_1_162' title='bbox 177 1140 241 1171; x_wconf 89' lang='lat' dir='ltr'>aut</span> <span class='ocrx_word' id='word_1_163' title='bbox 263 1136 403 1182; x_wconf 85' lang='lat' dir='ltr'>prodigi</span> <span class='ocrx_word' id='word_1_164' title='bbox 426 1139 555 1182; x_wconf 87' lang='lat' dir='ltr'>pactus</span> <span class='ocrx_word' id='word_1_165' title='bbox 580 1136 638 1179; x_wconf 90' lang='lat' dir='ltr'>sit,</span> <span class='ocrx_word' id='word_1_166' title='bbox 662 1146 708 1171; x_wconf 91' lang='lat' dir='ltr'>ne</span> <span class='ocrx_word' id='word_1_167' title='bbox 732 1146 754 1170; x_wconf 91' lang='lat' dir='ltr'>a</span> <span class='ocrx_word' id='word_1_168' title='bbox 772 1135 909 1171; x_wconf 85' lang='lat' dir='ltr'>furioso</span> <span class='ocrx_word' id='word_1_169' title='bbox 930 1140 994 1171; x_wconf 88' lang='lat' dir='ltr'>aut</span> <span class='ocrx_word' id='word_1_170' title='bbox 1011 1135 1161 1182; x_wconf 86' lang='lat' dir='ltr'>prodigo</span> 
     </span>
     <span class='ocr_line' id='line_1_23' title="bbox 66 1181 1160 1228; baseline -0.001 -11"><span class='ocrx_word' id='word_1_171' title='bbox 66 1186 266 1228; x_wconf 90' lang='lat' dir='ltr'>peteretur,</span> <span class='ocrx_word' id='word_1_172' title='bbox 301 1182 405 1227; x_wconf 87' lang='lat' dir='ltr'>longe</span> <span class='ocrx_word' id='word_1_173' title='bbox 428 1181 517 1217; x_wconf 90' lang='lat' dir='ltr'>utile</span> <span class='ocrx_word' id='word_1_174' title='bbox 540 1185 595 1217; x_wconf 88' lang='lat' dir='ltr'>est</span> <span class='ocrx_word' id='word_1_175' title='bbox 619 1181 794 1217; x_wconf 89' lang='lat' dir='ltr'>curatoris</span> <span class='ocrx_word' id='word_1_176' title='bbox 818 1181 930 1227; x_wconf 88' lang='lat' dir='ltr'>recipi</span> <span class='ocrx_word' id='word_1_177' title='bbox 953 1182 1160 1227; x_wconf 85' lang='lat' dir='ltr'>pactiones:</span> 
     </span>
     <span class='ocr_line' id='line_1_24' title="bbox 66 1226 1162 1273; baseline -0.002 -10"><span class='ocrx_word' id='word_1_178' title='bbox 66 1231 87 1263; x_wconf 86' lang='lat'><strong>2</strong></span> <span class='ocrx_word' id='word_1_179' title='bbox 135 1227 199 1263; x_wconf 90' lang='lat' dir='ltr'>sed</span> <span class='ocrx_word' id='word_1_180' title='bbox 229 1238 302 1263; x_wconf 91' lang='lat' dir='ltr'>non</span> <span class='ocrx_word' id='word_1_181' title='bbox 335 1230 472 1263; x_wconf 87' lang='lat' dir='ltr'>contra.</span> <span class='ocrx_word' id='word_1_182' title='bbox 521 1226 560 1262; x_wconf 90' lang='lat' dir='ltr'>Si</span> <span class='ocrx_word' id='word_1_183' title='bbox 589 1226 684 1262; x_wconf 89' lang='lat' dir='ltr'>filius</span> <span class='ocrx_word' id='word_1_184' title='bbox 717 1230 781 1262; x_wconf 92' lang='lat' dir='ltr'>aut</span> <span class='ocrx_word' id='word_1_185' title='bbox 805 1237 927 1262; x_wconf 88' lang='lat' dir='ltr'>servus</span> <span class='ocrx_word' id='word_1_186' title='bbox 951 1231 1080 1273; x_wconf 88' lang='lat' dir='ltr'>pactus</span> <span class='ocrx_word' id='word_1_187' title='bbox 1105 1227 1162 1270; x_wconf 89' lang='lat' dir='ltr'>sit,</span> 
     </span>
     <span class='ocr_line' id='line_1_25' title="bbox 67 1272 1163 1318; baseline -0.002 -9"><span class='ocrx_word' id='word_1_188' title='bbox 67 1284 112 1309; x_wconf 89' lang='lat' dir='ltr'>ne</span> <span class='ocrx_word' id='word_1_189' title='bbox 135 1273 212 1318; x_wconf 89' lang='lat' dir='ltr'>ipse</span> <span class='ocrx_word' id='word_1_190' title='bbox 234 1276 390 1318; x_wconf 89' lang='lat' dir='ltr'>peteret,</span> <span class='ocrx_word' id='word_1_191' title='bbox 422 1273 550 1308; x_wconf 91' lang='lat' dir='ltr'>inutile</span> <span class='ocrx_word' id='word_1_192' title='bbox 574 1276 630 1308; x_wconf 90' lang='lat' dir='ltr'>est</span> <span class='ocrx_word' id='word_1_193' title='bbox 651 1276 810 1317; x_wconf 89' lang='lat' dir='ltr'>pactum.</span> <span class='ocrx_word' id='word_1_194' title='bbox 848 1272 879 1307; x_wconf 90' lang='lat' dir='ltr'>si</span> <span class='ocrx_word' id='word_1_195' title='bbox 909 1283 993 1308; x_wconf 89' lang='lat' dir='ltr'>vero</span> <span class='ocrx_word' id='word_1_196' title='bbox 1026 1273 1064 1308; x_wconf 92' lang='lat' dir='ltr'>in</span> <span class='ocrx_word' id='word_1_197' title='bbox 1087 1282 1163 1307; x_wconf 91' lang='lat' dir='ltr'>rem</span> 
     </span>
     <span class='ocr_line' id='line_1_26' title="bbox 68 1318 1161 1364; baseline -0.002 -10"><span class='ocrx_word' id='word_1_198' title='bbox 68 1319 165 1364; x_wconf 86' lang='lat' dir='ltr'>pacti</span> <span class='ocrx_word' id='word_1_199' title='bbox 189 1322 283 1360; x_wconf 90' lang='lat' dir='ltr'>sunt,</span> <span class='ocrx_word' id='word_1_200' title='bbox 308 1318 346 1353; x_wconf 91' lang='lat' dir='ltr'>id</span> <span class='ocrx_word' id='word_1_201' title='bbox 370 1320 424 1353; x_wconf 88' lang='lat' dir='ltr'>est</span> <span class='ocrx_word' id='word_1_202' title='bbox 446 1328 492 1353; x_wconf 90' lang='lat' dir='ltr'>ne</span> <span class='ocrx_word' id='word_1_203' title='bbox 516 1328 559 1353; x_wconf 89' lang='lat' dir='ltr'>ea</span> <span class='ocrx_word' id='word_1_204' title='bbox 577 1318 732 1363; x_wconf 91' lang='lat' dir='ltr'>pecunia</span> <span class='ocrx_word' id='word_1_205' title='bbox 751 1321 946 1363; x_wconf 87' lang='lat' dir='ltr'>peteretur,</span> <span class='ocrx_word' id='word_1_206' title='bbox 970 1319 1022 1353; x_wconf 87' lang='lat' dir='ltr'>ita</span> <span class='ocrx_word' id='word_1_207' title='bbox 1041 1318 1161 1363; x_wconf 87' lang='lat' dir='ltr'>pactio</span> 
     </span>
     <span class='ocr_line' id='line_1_27' title="bbox 68 1363 1161 1408; baseline -0.001 -9"><span class='ocrx_word' id='word_1_208' title='bbox 68 1374 190 1400; x_wconf 91' lang='lat' dir='ltr'>eorum</span> <span class='ocrx_word' id='word_1_209' title='bbox 208 1367 288 1399; x_wconf 87' lang='lat' dir='ltr'>rata</span> <span class='ocrx_word' id='word_1_210' title='bbox 307 1363 474 1398; x_wconf 90' lang='lat' dir='ltr'>habenda</span> <span class='ocrx_word' id='word_1_211' title='bbox 495 1364 562 1398; x_wconf 91' lang='lat' dir='ltr'>erit</span> <span class='ocrx_word' id='word_1_212' title='bbox 583 1363 753 1399; x_wconf 88' lang='lat' dir='ltr'>adversus</span> <span class='ocrx_word' id='word_1_213' title='bbox 772 1367 911 1408; x_wconf 90' lang='lat' dir='ltr'>patrem</span> <span class='ocrx_word' id='word_1_214' title='bbox 926 1364 1161 1406; x_wconf 88' lang='lat' dir='ltr'>dominumve,</span> 
     </span>
     <span class='ocr_line' id='line_1_28' title="bbox 68 1409 1163 1454; baseline -0.001 -9"><span class='ocrx_word' id='word_1_215' title='bbox 68 1410 99 1445; x_wconf 88' lang='lat' dir='ltr'>si</span> <span class='ocrx_word' id='word_1_216' title='bbox 132 1410 282 1444; x_wconf 87' lang='lat' dir='ltr'>liberam</span> <span class='ocrx_word' id='word_1_217' title='bbox 315 1409 447 1454; x_wconf 89' lang='lat' dir='ltr'>peculii</span> <span class='ocrx_word' id='word_1_218' title='bbox 480 1409 824 1444; x_wconf 81' lang='lat' dir='ltr'>administrationem</span> <span class='ocrx_word' id='word_1_219' title='bbox 859 1409 1017 1444; x_wconf 89' lang='lat' dir='ltr'>habeant</span> <span class='ocrx_word' id='word_1_220' title='bbox 1053 1412 1088 1444; x_wconf 89' lang='lat' dir='ltr'>et</span> <span class='ocrx_word' id='word_1_221' title='bbox 1120 1419 1163 1444; x_wconf 88' lang='lat' dir='ltr'>ea</span> 
     </span>
     <span class='ocr_line' id='line_1_29' title="bbox 68 1453 1162 1500; baseline -0.001 -10"><span class='ocrx_word' id='word_1_222' title='bbox 68 1465 135 1498; x_wconf 90' lang='lat' dir='ltr'>res,</span> <span class='ocrx_word' id='word_1_223' title='bbox 162 1455 206 1490; x_wconf 89' lang='lat' dir='ltr'>de</span> <span class='ocrx_word' id='word_1_224' title='bbox 230 1465 301 1500; x_wconf 92' lang='lat' dir='ltr'>qua</span> <span class='ocrx_word' id='word_1_225' title='bbox 324 1454 423 1499; x_wconf 90' lang='lat' dir='ltr'>pacti</span> <span class='ocrx_word' id='word_1_226' title='bbox 446 1453 528 1497; x_wconf 88' lang='lat' dir='ltr'>sint,</span> <span class='ocrx_word' id='word_1_227' title='bbox 553 1454 744 1499; x_wconf 88' lang='lat' dir='ltr'>peculiaris</span> <span class='ocrx_word' id='word_1_228' title='bbox 770 1454 826 1489; x_wconf 89' lang='lat' dir='ltr'>sit.</span> <span class='ocrx_word' id='word_1_229' title='bbox 865 1454 962 1499; x_wconf 91' lang='lat' dir='ltr'>quod</span> <span class='ocrx_word' id='word_1_230' title='bbox 987 1458 1022 1490; x_wconf 92' lang='lat' dir='ltr'>et</span> <span class='ocrx_word' id='word_1_231' title='bbox 1043 1455 1055 1489; x_wconf 92' lang='lat' dir='ltr'>i</span> <span class='ocrx_word' id='word_1_232' title='bbox 1083 1465 1162 1490; x_wconf 90' lang='lat' dir='ltr'>sum</span> 
     </span>
     <span class='ocr_line' id='line_1_30' title="bbox 68 1500 1161 1545; baseline -0.002 -9"><span class='ocrx_word' id='word_1_233' title='bbox 68 1511 140 1536; x_wconf 92' lang='lat' dir='ltr'>non</span> <span class='ocrx_word' id='word_1_234' title='bbox 165 1503 219 1535; x_wconf 89' lang='lat' dir='ltr'>est</span> <span class='ocrx_word' id='word_1_235' title='bbox 243 1500 466 1545; x_wconf 87' lang='lat' dir='ltr'>expeditum:</span> <span class='ocrx_word' id='word_1_236' title='bbox 492 1510 575 1535; x_wconf 87' lang='lat' dir='ltr'>nam</span> <span class='ocrx_word' id='word_1_237' title='bbox 607 1510 688 1535; x_wconf 91' lang='lat' dir='ltr'>cum</span> <span class='ocrx_word' id='word_1_238' title='bbox 719 1510 841 1535; x_wconf 87' lang='lat' dir='ltr'>verum</span> <span class='ocrx_word' id='word_1_239' title='bbox 875 1504 947 1542; x_wconf 88' lang='lat' dir='ltr'>est,</span> <span class='ocrx_word' id='word_1_240' title='bbox 981 1511 1051 1545; x_wconf 87' lang='lat' dir='ltr'>quo</span> <span class='ocrx_word' id='word_1_241' title='bbox 1101 1500 1161 1534; x_wconf 93' lang='lat' dir='ltr'>Iu-</span> 
     </span>
     <span class='ocr_line' id='line_1_31' title="bbox 67 1545 1163 1590; baseline -0.001 -9"><span class='ocrx_word' id='word_1_242' title='bbox 67 1546 163 1581; x_wconf 91' lang='lat' dir='ltr'>liano</span> <span class='ocrx_word' id='word_1_243' title='bbox 194 1546 334 1590; x_wconf 87' lang='lat' dir='ltr'>placet,</span> <span class='ocrx_word' id='word_1_244' title='bbox 369 1545 507 1580; x_wconf 89' lang='lat' dir='ltr'>etiamsi</span> <span class='ocrx_word' id='word_1_245' title='bbox 539 1545 692 1580; x_wconf 82' lang='lat' dir='ltr'>maxime</span> <span class='ocrx_word' id='word_1_246' title='bbox 716 1545 795 1590; x_wconf 90' lang='lat' dir='ltr'>quis</span> <span class='ocrx_word' id='word_1_247' title='bbox 820 1545 1163 1581; x_wconf 86' lang='lat' dir='ltr'>administrationem</span> 
     </span>
     <span class='ocr_line' id='line_1_32' title="bbox 67 1590 1161 1636; baseline -0.001 -10"><span class='ocrx_word' id='word_1_248' title='bbox 67 1591 198 1636; x_wconf 87' lang='lat' dir='ltr'>peculii</span> <span class='ocrx_word' id='word_1_249' title='bbox 221 1591 354 1625; x_wconf 87' lang='lat' dir='ltr'>habeat</span> <span class='ocrx_word' id='word_1_250' title='bbox 378 1601 606 1633; x_wconf 84' lang='lat' dir='ltr'>concessam,</span> <span class='ocrx_word' id='word_1_251' title='bbox 632 1590 790 1626; x_wconf 88' lang='lat' dir='ltr'>donandi</span> <span class='ocrx_word' id='word_1_252' title='bbox 813 1590 868 1625; x_wconf 90' lang='lat' dir='ltr'>ius</span> <span class='ocrx_word' id='word_1_253' title='bbox 894 1601 974 1626; x_wconf 92' lang='lat' dir='ltr'>eum</span> <span class='ocrx_word' id='word_1_254' title='bbox 998 1602 1071 1626; x_wconf 91' lang='lat' dir='ltr'>non</span> <span class='ocrx_word' id='word_1_255' title='bbox 1095 1591 1161 1625; x_wconf 91' lang='lat' dir='ltr'>ha-</span> 
     </span>
     <span class='ocr_line' id='line_1_33' title="bbox 67 1636 1163 1681; baseline -0.002 -9"><span class='ocrx_word' id='word_1_256' title='bbox 67 1638 173 1672; x_wconf 89' lang='lat' dir='ltr'>bere:</span> <span class='ocrx_word' id='word_1_257' title='bbox 199 1636 359 1681; x_wconf 88' lang='lat' dir='ltr'>sequitur</span> <span class='ocrx_word' id='word_1_258' title='bbox 381 1640 443 1678; x_wconf 91' lang='lat' dir='ltr'>ut,</span> <span class='ocrx_word' id='word_1_259' title='bbox 469 1636 500 1671; x_wconf 91' lang='lat' dir='ltr'>si</span> <span class='ocrx_word' id='word_1_260' title='bbox 524 1636 682 1671; x_wconf 88' lang='lat' dir='ltr'>donandi</span> <span class='ocrx_word' id='word_1_261' title='bbox 707 1646 819 1671; x_wconf 90' lang='lat' dir='ltr'>causa</span> <span class='ocrx_word' id='word_1_262' title='bbox 843 1636 886 1670; x_wconf 91' lang='lat' dir='ltr'>de</span> <span class='ocrx_word' id='word_1_263' title='bbox 911 1647 982 1671; x_wconf 93' lang='lat' dir='ltr'>non</span> <span class='ocrx_word' id='word_1_264' title='bbox 1006 1636 1163 1681; x_wconf 87' lang='lat' dir='ltr'>petenda</span> 
     </span>
     <span class='ocr_line' id='line_1_34' title="bbox 67 1681 1162 1727; baseline -0.001 -10"><span class='ocrx_word' id='word_1_265' title='bbox 67 1682 223 1727; x_wconf 91' lang='lat' dir='ltr'>pecunia</span> <span class='ocrx_word' id='word_1_266' title='bbox 246 1685 375 1727; x_wconf 88' lang='lat' dir='ltr'>pactus</span> <span class='ocrx_word' id='word_1_267' title='bbox 400 1682 457 1724; x_wconf 91' lang='lat' dir='ltr'>sit,</span> <span class='ocrx_word' id='word_1_268' title='bbox 482 1692 554 1717; x_wconf 92' lang='lat' dir='ltr'>non</span> <span class='ocrx_word' id='word_1_269' title='bbox 579 1681 708 1717; x_wconf 87' lang='lat' dir='ltr'>debeat</span> <span class='ocrx_word' id='word_1_270' title='bbox 730 1685 849 1716; x_wconf 89' lang='lat' dir='ltr'>ratum</span> <span class='ocrx_word' id='word_1_271' title='bbox 868 1682 994 1717; x_wconf 88' lang='lat' dir='ltr'>haberi</span> <span class='ocrx_word' id='word_1_272' title='bbox 1014 1685 1162 1726; x_wconf 89' lang='lat' dir='ltr'>pactum</span> 
     </span>
     <span class='ocr_line' id='line_1_35' title="bbox 68 1727 1161 1772; baseline 0 -10"><span class='ocrx_word' id='word_1_273' title='bbox 68 1731 291 1763; x_wconf 91' lang='lat' dir='ltr'>conventum.</span> <span class='ocrx_word' id='word_1_274' title='bbox 327 1727 423 1772; x_wconf 91' lang='lat' dir='ltr'>quod</span> <span class='ocrx_word' id='word_1_275' title='bbox 455 1727 486 1761; x_wconf 90' lang='lat' dir='ltr'>si</span> <span class='ocrx_word' id='word_1_276' title='bbox 516 1738 582 1772; x_wconf 86' lang='lat' dir='ltr'>pro</span> <span class='ocrx_word' id='word_1_277' title='bbox 617 1737 657 1762; x_wconf 93' lang='lat' dir='ltr'>eo</span> <span class='ocrx_word' id='word_1_278' title='bbox 690 1730 732 1761; x_wconf 88' lang='lat' dir='ltr'>ut</span> <span class='ocrx_word' id='word_1_279' title='bbox 754 1727 806 1762; x_wconf 92' lang='lat' dir='ltr'>ita</span> <span class='ocrx_word' id='word_1_280' title='bbox 828 1727 1073 1772; x_wconf 86' lang='lat' dir='ltr'>pacisceretur</span> <span class='ocrx_word' id='word_1_281' title='bbox 1097 1727 1161 1762; x_wconf 91' lang='lat' dir='ltr'>ali-</span> 
     </span>
     <span class='ocr_line' id='line_1_36' title="bbox 68 1772 1161 1819; baseline 0 -12"><span class='ocrx_word' id='word_1_282' title='bbox 68 1772 164 1819; x_wconf 89' lang='lat' dir='ltr'>quid,</span> <span class='ocrx_word' id='word_1_283' title='bbox 187 1773 225 1807; x_wconf 91' lang='lat' dir='ltr'>in</span> <span class='ocrx_word' id='word_1_284' title='bbox 249 1783 318 1818; x_wconf 93' lang='lat' dir='ltr'>quo</span> <span class='ocrx_word' id='word_1_285' title='bbox 340 1783 414 1807; x_wconf 92' lang='lat' dir='ltr'>non</span> <span class='ocrx_word' id='word_1_286' title='bbox 433 1772 549 1807; x_wconf 89' lang='lat' dir='ltr'>minus</span> <span class='ocrx_word' id='word_1_287' title='bbox 569 1773 624 1808; x_wconf 90' lang='lat' dir='ltr'>vel</span> <span class='ocrx_word' id='word_1_288' title='bbox 645 1772 751 1808; x_wconf 89' lang='lat' dir='ltr'>etiam</span> <span class='ocrx_word' id='word_1_289' title='bbox 772 1772 924 1817; x_wconf 78' lang='lat' dir='ltr'>amphus</span> <span class='ocrx_word' id='word_1_290' title='bbox 946 1776 1050 1815; x_wconf 90' lang='lat' dir='ltr'>esset,</span> <span class='ocrx_word' id='word_1_291' title='bbox 1076 1783 1161 1808; x_wconf 91' lang='lat' dir='ltr'>con-</span> 
     </span>
     <span class='ocr_line' id='line_1_37' title="bbox 68 1818 886 1862; baseline -0.002 -8"><span class='ocrx_word' id='word_1_292' title='bbox 68 1822 214 1854; x_wconf 89' lang='lat' dir='ltr'>secutus</span> <span class='ocrx_word' id='word_1_293' title='bbox 236 1818 356 1860; x_wconf 80' lang='lat' dir='ltr'>fuerit,</span> <span class='ocrx_word' id='word_1_294' title='bbox 381 1821 462 1852; x_wconf 90' lang='lat' dir='ltr'>rata</span> <span class='ocrx_word' id='word_1_295' title='bbox 484 1818 652 1853; x_wconf 88' lang='lat' dir='ltr'>habenda</span> <span class='ocrx_word' id='word_1_296' title='bbox 676 1821 731 1853; x_wconf 91' lang='lat' dir='ltr'>est</span> <span class='ocrx_word' id='word_1_297' title='bbox 754 1818 886 1862; x_wconf 91' lang='lat' dir='ltr'>pactio.</span> 
     </span>
    </p>

    <p class='ocr_par' dir='ltr' id='par_1_4' title="bbox 67 1861 1162 2000">
     <span class='ocr_line' id='line_1_38' title="bbox 116 1861 1162 1909; baseline -0.004 -8"><span class='ocrx_word' id='word_1_298' title='bbox 116 1861 169 1901; x_wconf 85' lang='lat'>29</span> <span class='ocrx_word' id='word_1_299' title='bbox 202 1863 398 1900; x_wconf 75' lang='lat' dir='ltr'><strong><em>ULPJANUS</em></strong></span> <span class='ocrx_word' id='word_1_300' title='bbox 419 1863 509 1898; x_wconf 82' lang='lat' dir='ltr'>libro</span> <span class='ocrx_word' id='word_1_301' title='bbox 534 1866 666 1909; x_wconf 80' lang='lat' dir='ltr'>quarto</span> <span class='ocrx_word' id='word_1_302' title='bbox 692 1863 742 1898; x_wconf 82' lang='lat' dir='ltr'>ad</span> <span class='ocrx_word' id='word_1_303' title='bbox 763 1863 918 1899; x_wconf 83' lang='lat' dir='ltr'>edictum</span> <span class='ocrx_word' id='word_1_304' title='bbox 966 1862 1028 1898; x_wconf 89' lang='lat' dir='ltr'>Sin</span> <span class='ocrx_word' id='word_1_305' title='bbox 1042 1866 1162 1898; x_wconf 88' lang='lat' dir='ltr'>autem</span> 
     </span>
     <span class='ocr_line' id='line_1_39' title="bbox 70 1908 1161 1954; baseline 0 -10"><span class='ocrx_word' id='word_1_306' title='bbox 70 1909 283 1945; x_wconf 85' lang='lat' dir='ltr'>dominicam</span> <span class='ocrx_word' id='word_1_307' title='bbox 307 1908 496 1954; x_wconf 87' lang='lat' dir='ltr'>pecuniam</span> <span class='ocrx_word' id='word_1_308' title='bbox 521 1908 728 1951; x_wconf 85' lang='lat' dir='ltr'>crediderit,</span> <span class='ocrx_word' id='word_1_309' title='bbox 762 1908 858 1954; x_wconf 91' lang='lat' dir='ltr'>quod</span> <span class='ocrx_word' id='word_1_310' title='bbox 883 1908 1050 1944; x_wconf 91' lang='lat' dir='ltr'>credendi</span> <span class='ocrx_word' id='word_1_311' title='bbox 1073 1912 1161 1944; x_wconf 90' lang='lat' dir='ltr'>tem-</span> 
     </span>
     <span class='ocr_line' id='line_1_40' title="bbox 67 1954 763 2000; baseline -0.003 -10"><span class='ocrx_word' id='word_1_312' title='bbox 67 1965 156 2000; x_wconf 89' lang='lat' dir='ltr'>pore</span> <span class='ocrx_word' id='word_1_313' title='bbox 179 1958 309 2000; x_wconf 90' lang='lat' dir='ltr'>pactus</span> <span class='ocrx_word' id='word_1_314' title='bbox 334 1958 388 1989; x_wconf 91' lang='lat' dir='ltr'>est</span> <span class='ocrx_word' id='word_1_315' title='bbox 411 1954 528 1989; x_wconf 89' lang='lat' dir='ltr'>valere</span> <span class='ocrx_word' id='word_1_316' title='bbox 553 1954 676 1989; x_wconf 88' lang='lat' dir='ltr'>Celsus</span> <span class='ocrx_word' id='word_1_317' title='bbox 702 1954 763 1989; x_wconf 89' lang='lat' dir='ltr'>ait.</span> 
     </span>
    </p>

    <p class='ocr_par' dir='ltr' id='par_1_5' title="bbox 68 1998 1166 3043">
     <span class='ocr_line' id='line_1_41' title="bbox 115 1998 1163 2046; baseline -0.001 -11"><span class='ocrx_word' id='word_1_318' title='bbox 115 1998 167 2038; x_wconf 84' lang='lat'>30</span> <span class='ocrx_word' id='word_1_319' title='bbox 196 2000 320 2036; x_wconf 72' lang='lat' dir='ltr'>GAJUs</span> <span class='ocrx_word' id='word_1_320' title='bbox 341 1999 431 2035; x_wconf 81' lang='lat' dir='ltr'>libro</span> <span class='ocrx_word' id='word_1_321' title='bbox 448 2000 574 2045; x_wconf 87' lang='lat' dir='ltr'>primo</span> <span class='ocrx_word' id='word_1_322' title='bbox 599 2000 649 2035; x_wconf 83' lang='lat' dir='ltr'>ad</span> <span class='ocrx_word' id='word_1_323' title='bbox 670 2000 824 2035; x_wconf 85' lang='lat' dir='ltr'>edictum</span> <span class='ocrx_word' id='word_1_324' title='bbox 842 1998 1072 2046; x_wconf 76' lang='lat' dir='ltr'>provinciale</span> <span class='ocrx_word' id='word_1_325' title='bbox 1120 1999 1163 2034; x_wconf 92' lang='lat' dir='ltr'>In</span> 
     </span>
     <span class='ocr_line' id='line_1_42' title="bbox 68 2044 1162 2091; baseline -0.002 -10"><span class='ocrx_word' id='word_1_326' title='bbox 68 2056 224 2091; x_wconf 90' lang='lat' dir='ltr'>persona</span> <span class='ocrx_word' id='word_1_327' title='bbox 243 2048 364 2080; x_wconf 90' lang='lat' dir='ltr'>tamen</span> <span class='ocrx_word' id='word_1_328' title='bbox 376 2044 439 2079; x_wconf 89' lang='lat' dir='ltr'>filii</span> <span class='ocrx_word' id='word_1_329' title='bbox 457 2045 610 2080; x_wconf 85' lang='lat' dir='ltr'>familias</span> <span class='ocrx_word' id='word_1_330' title='bbox 629 2044 820 2080; x_wconf 88' lang='lat' dir='ltr'>videndum</span> <span class='ocrx_word' id='word_1_331' title='bbox 834 2048 898 2088; x_wconf 86' lang='lat' dir='ltr'>est,</span> <span class='ocrx_word' id='word_1_332' title='bbox 913 2055 959 2080; x_wconf 89' lang='lat' dir='ltr'>ne</span> <span class='ocrx_word' id='word_1_333' title='bbox 970 2044 1162 2090; x_wconf 90' lang='lat' dir='ltr'>aliquando</span> 
     </span>
     <span class='ocr_line' id='line_1_43' title="bbox 69 2090 1162 2142; baseline -0.001 -16"><span class='ocrx_word' id='word_1_334' title='bbox 69 2095 105 2126; x_wconf 90' lang='lat' dir='ltr'>et</span> <span class='ocrx_word' id='word_1_335' title='bbox 118 2091 147 2126; x_wconf 88' lang='lat' dir='ltr'>si</span> <span class='ocrx_word' id='word_1_336' title='bbox 159 2094 288 2136; x_wconf 90' lang='lat' dir='ltr'>pactus</span> <span class='ocrx_word' id='word_1_337' title='bbox 301 2091 348 2125; x_wconf 89' lang='lat' dir='ltr'>sit</span> <span class='ocrx_word' id='word_1_338' title='bbox 359 2100 404 2125; x_wconf 89' lang='lat' dir='ltr'>ne</span> <span class='ocrx_word' id='word_1_339' title='bbox 417 2094 549 2135; x_wconf 87' lang='lat' dir='ltr'>ageret,</span> <span class='ocrx_word' id='word_1_340' title='bbox 562 2091 679 2125; x_wconf 89' lang='lat' dir='ltr'>valeat</span> <span class='ocrx_word' id='word_1_341' title='bbox 697 2091 836 2135; x_wconf 86' lang='lat' dir='ltr'>pactio:</span> <span class='ocrx_word' id='word_1_342' title='bbox 863 2090 947 2142; x_wconf 85' lang='lat' dir='ltr'>quia</span> <span class='ocrx_word' id='word_1_343' title='bbox 971 2090 1162 2135; x_wconf 89' lang='lat' dir='ltr'>aliquando</span> 
     </span>
     <span class='ocr_line' id='line_1_44' title="bbox 68 2135 1164 2179; baseline -0.001 -8"><span class='ocrx_word' id='word_1_344' title='bbox 68 2136 162 2172; x_wconf 88' lang='lat' dir='ltr'>filius</span> <span class='ocrx_word' id='word_1_345' title='bbox 171 2135 325 2171; x_wconf 84' lang='lat' dir='ltr'>familias</span> <span class='ocrx_word' id='word_1_346' title='bbox 334 2136 405 2170; x_wconf 91' lang='lat' dir='ltr'>hab</span> <span class='ocrx_word' id='word_1_347' title='bbox 410 2139 444 2170; x_wconf 91' lang='lat' dir='ltr'>et</span> <span class='ocrx_word' id='word_1_348' title='bbox 454 2136 643 2179; x_wconf 83' lang='lat' dir='ltr'>actionem,</span> <span class='ocrx_word' id='word_1_349' title='bbox 656 2136 766 2171; x_wconf 91' lang='lat' dir='ltr'>veluti</span> <span class='ocrx_word' id='word_1_350' title='bbox 774 2135 995 2170; x_wconf 82' lang='lat' dir='ltr'>iniurlarum.</span> <span class='ocrx_word' id='word_1_351' title='bbox 1010 2135 1072 2170; x_wconf 89' lang='lat' dir='ltr'>sed</span> <span class='ocrx_word' id='word_1_352' title='bbox 1082 2146 1164 2170; x_wconf 89' lang='lat' dir='ltr'>cum</span> 
     </span>
     <span class='ocr_line' id='line_1_45' title="bbox 68 2181 1162 2227; baseline -0.001 -11"><span class='ocrx_word' id='word_1_353' title='bbox 68 2185 215 2227; x_wconf 90' lang='lat' dir='ltr'>propter</span> <span class='ocrx_word' id='word_1_354' title='bbox 225 2181 389 2216; x_wconf 89' lang='lat' dir='ltr'>iniuriam</span> <span class='ocrx_word' id='word_1_355' title='bbox 400 2181 473 2217; x_wconf 90' lang='lat' dir='ltr'>filio</span> <span class='ocrx_word' id='word_1_356' title='bbox 486 2181 622 2216; x_wconf 87' lang='lat' dir='ltr'>factam</span> <span class='ocrx_word' id='word_1_357' title='bbox 642 2181 776 2217; x_wconf 88' lang='lat' dir='ltr'>habeat</span> <span class='ocrx_word' id='word_1_358' title='bbox 795 2185 831 2216; x_wconf 89' lang='lat' dir='ltr'>et</span> <span class='ocrx_word' id='word_1_359' title='bbox 850 2185 954 2226; x_wconf 89' lang='lat' dir='ltr'>pater</span> <span class='ocrx_word' id='word_1_360' title='bbox 973 2181 1162 2223; x_wconf 88' lang='lat' dir='ltr'>actionem,</span> 
     </span>
     <span class='ocr_line' id='line_1_46' title="bbox 69 2226 1163 2272; baseline -0.001 -10"><span class='ocrx_word' id='word_1_361' title='bbox 69 2228 154 2272; x_wconf 90' lang='lat' dir='ltr'>quin</span> <span class='ocrx_word' id='word_1_362' title='bbox 164 2227 284 2272; x_wconf 87' lang='lat' dir='ltr'>pactio</span> <span class='ocrx_word' id='word_1_363' title='bbox 298 2226 534 2262; x_wconf 88' lang='lat' dir='ltr'>filiinocitura</span> <span class='ocrx_word' id='word_1_364' title='bbox 546 2237 619 2262; x_wconf 91' lang='lat' dir='ltr'>non</span> <span class='ocrx_word' id='word_1_365' title='bbox 631 2227 678 2262; x_wconf 92' lang='lat' dir='ltr'>sit</span> <span class='ocrx_word' id='word_1_366' title='bbox 685 2227 779 2272; x_wconf 91' lang='lat' dir='ltr'>patri</span> <span class='ocrx_word' id='word_1_367' title='bbox 792 2237 897 2272; x_wconf 90' lang='lat' dir='ltr'>agere</span> <span class='ocrx_word' id='word_1_368' title='bbox 906 2226 1047 2269; x_wconf 89' lang='lat' dir='ltr'>volenti,</span> <span class='ocrx_word' id='word_1_369' title='bbox 1060 2226 1163 2262; x_wconf 92' lang='lat' dir='ltr'>dubi-</span> 
     </span>
     <span class='ocr_line' id='line_1_47' title="bbox 72 2271 1162 2318; baseline 0 -11"><span class='ocrx_word' id='word_1_370' title='bbox 72 2276 86 2307; x_wconf 89' lang='lat'>1</span> <span class='ocrx_word' id='word_1_371' title='bbox 136 2272 207 2307; x_wconf 89' lang='lat' dir='ltr'>tari</span> <span class='ocrx_word' id='word_1_372' title='bbox 230 2282 302 2307; x_wconf 91' lang='lat' dir='ltr'>non</span> <span class='ocrx_word' id='word_1_373' title='bbox 326 2275 478 2317; x_wconf 86' lang='lat' dir='ltr'>oportet.</span> <span class='ocrx_word' id='word_1_374' title='bbox 528 2271 596 2316; x_wconf 85' lang='lat' dir='ltr'>Qui</span> <span class='ocrx_word' id='word_1_375' title='bbox 619 2273 809 2318; x_wconf 89' lang='lat' dir='ltr'>pecuniam</span> <span class='ocrx_word' id='word_1_376' title='bbox 833 2283 856 2307; x_wconf 92' lang='lat' dir='ltr'>a</span> <span class='ocrx_word' id='word_1_377' title='bbox 879 2282 980 2307; x_wconf 87' lang='lat' dir='ltr'>servo</span> <span class='ocrx_word' id='word_1_378' title='bbox 1013 2272 1162 2317; x_wconf 90' lang='lat' dir='ltr'>stipula-</span> 
     </span>
     <span class='ocr_line' id='line_1_48' title="bbox 68 2317 1163 2362; baseline -0.001 -9"><span class='ocrx_word' id='word_1_379' title='bbox 68 2322 128 2353; x_wconf 90' lang='lat' dir='ltr'>tus</span> <span class='ocrx_word' id='word_1_380' title='bbox 153 2321 226 2360; x_wconf 91' lang='lat' dir='ltr'>est,</span> <span class='ocrx_word' id='word_1_381' title='bbox 260 2328 366 2362; x_wconf 91' lang='lat' dir='ltr'>quam</span> <span class='ocrx_word' id='word_1_382' title='bbox 390 2318 458 2352; x_wconf 89' lang='lat' dir='ltr'>sibi</span> <span class='ocrx_word' id='word_1_383' title='bbox 482 2317 599 2353; x_wconf 89' lang='lat' dir='ltr'>Titius</span> <span class='ocrx_word' id='word_1_384' title='bbox 625 2318 797 2360; x_wconf 88' lang='lat' dir='ltr'>debebat,</span> <span class='ocrx_word' id='word_1_385' title='bbox 831 2318 861 2353; x_wconf 93' lang='lat' dir='ltr'>si</span> <span class='ocrx_word' id='word_1_386' title='bbox 886 2328 908 2353; x_wconf 90' lang='lat' dir='ltr'>a</span> <span class='ocrx_word' id='word_1_387' title='bbox 932 2317 1026 2352; x_wconf 89' lang='lat' dir='ltr'>Titio</span> <span class='ocrx_word' id='word_1_388' title='bbox 1050 2320 1163 2362; x_wconf 88' lang='lat' dir='ltr'>petat,</span> 
     </span>
     <span class='ocr_line' id='line_1_49' title="bbox 70 2363 1164 2408; baseline 0 -10"><span class='ocrx_word' id='word_1_389' title='bbox 70 2374 117 2398; x_wconf 87' lang='lat' dir='ltr'>an</span> <span class='ocrx_word' id='word_1_390' title='bbox 141 2363 351 2408; x_wconf 83' lang='lat' dir='ltr'>exceptione</span> <span class='ocrx_word' id='word_1_391' title='bbox 373 2363 471 2407; x_wconf 89' lang='lat' dir='ltr'>pacti</span> <span class='ocrx_word' id='word_1_392' title='bbox 496 2363 662 2398; x_wconf 86' lang='lat' dir='ltr'>conventi</span> <span class='ocrx_word' id='word_1_393' title='bbox 686 2364 899 2398; x_wconf 91' lang='lat' dir='ltr'>summoveri</span> <span class='ocrx_word' id='word_1_394' title='bbox 923 2366 958 2397; x_wconf 87' lang='lat' dir='ltr'>et</span> <span class='ocrx_word' id='word_1_395' title='bbox 981 2363 1096 2408; x_wconf 90' lang='lat' dir='ltr'>possit</span> <span class='ocrx_word' id='word_1_396' title='bbox 1128 2366 1164 2398; x_wconf 92' lang='lat' dir='ltr'>et</span> 
     </span>
     <span class='ocr_line' id='line_1_50' title="bbox 70 2408 1162 2460; baseline -0.001 -16"><span class='ocrx_word' id='word_1_397' title='bbox 70 2409 209 2451; x_wconf 91' lang='lat' dir='ltr'>debeat,</span> <span class='ocrx_word' id='word_1_398' title='bbox 235 2409 319 2453; x_wconf 87' lang='lat' dir='ltr'>quia</span> <span class='ocrx_word' id='word_1_399' title='bbox 342 2411 470 2453; x_wconf 85' lang='lat' dir='ltr'>pactus</span> <span class='ocrx_word' id='word_1_400' title='bbox 494 2408 668 2451; x_wconf 91' lang='lat' dir='ltr'>videatur,</span> <span class='ocrx_word' id='word_1_401' title='bbox 694 2419 739 2443; x_wconf 91' lang='lat' dir='ltr'>ne</span> <span class='ocrx_word' id='word_1_402' title='bbox 763 2408 893 2444; x_wconf 89' lang='lat' dir='ltr'>aTitio</span> <span class='ocrx_word' id='word_1_403' title='bbox 918 2411 1028 2453; x_wconf 88' lang='lat' dir='ltr'>petat,</span> <span class='ocrx_word' id='word_1_404' title='bbox 1054 2419 1162 2460; x_wconf 78' lang='lat' dir='ltr'>quae-</span> 
     </span>
     <span class='ocr_line' id='line_1_51' title="bbox 70 2453 1162 2499; baseline -0.002 -10"><span class='ocrx_word' id='word_1_405' title='bbox 70 2454 177 2489; x_wconf 89' lang='lat' dir='ltr'>situm</span> <span class='ocrx_word' id='word_1_406' title='bbox 201 2457 265 2489; x_wconf 91' lang='lat' dir='ltr'>est.</span> <span class='ocrx_word' id='word_1_407' title='bbox 313 2454 472 2488; x_wconf 91' lang='lat' dir='ltr'>Iulianus</span> <span class='ocrx_word' id='word_1_408' title='bbox 496 2454 547 2488; x_wconf 87' lang='lat' dir='ltr'>ita</span> <span class='ocrx_word' id='word_1_409' title='bbox 571 2454 864 2489; x_wconf 88' lang='lat' dir='ltr'>summovendum</span> <span class='ocrx_word' id='word_1_410' title='bbox 887 2457 1010 2499; x_wconf 89' lang='lat' dir='ltr'>putat,</span> <span class='ocrx_word' id='word_1_411' title='bbox 1046 2464 1076 2489; x_wconf 81' lang='lat' dir='ltr'>si</span> <span class='ocrx_word' id='word_1_412' title='bbox 1100 2453 1162 2489; x_wconf 89' lang='lat' dir='ltr'>sti-</span> 
     </span>
     <span class='ocr_line' id='line_1_52' title="bbox 70 2499 1163 2545; baseline 0 -11"><span class='ocrx_word' id='word_1_413' title='bbox 70 2499 227 2545; x_wconf 87' lang='lat' dir='ltr'>pulatori</span> <span class='ocrx_word' id='word_1_414' title='bbox 259 2499 297 2534; x_wconf 91' lang='lat' dir='ltr'>in</span> <span class='ocrx_word' id='word_1_415' title='bbox 334 2499 515 2534; x_wconf 87' lang='lat' dir='ltr'>dominum</span> <span class='ocrx_word' id='word_1_416' title='bbox 549 2499 653 2534; x_wconf 88' lang='lat' dir='ltr'>istius</span> <span class='ocrx_word' id='word_1_417' title='bbox 688 2499 780 2534; x_wconf 88' lang='lat' dir='ltr'>servi</span> <span class='ocrx_word' id='word_1_418' title='bbox 815 2499 859 2534; x_wconf 89' lang='lat' dir='ltr'>de</span> <span class='ocrx_word' id='word_1_419' title='bbox 893 2499 1031 2544; x_wconf 90' lang='lat' dir='ltr'>peculio</span> <span class='ocrx_word' id='word_1_420' title='bbox 1069 2500 1163 2534; x_wconf 90' lang='lat' dir='ltr'>actio</span> 
     </span>
     <span class='ocr_line' id='line_1_53' title="bbox 72 2544 1163 2587; baseline -0.001 -7"><span class='ocrx_word' id='word_1_421' title='bbox 72 2545 191 2580; x_wconf 89' lang='lat' dir='ltr'>danda</span> <span class='ocrx_word' id='word_1_422' title='bbox 215 2547 278 2587; x_wconf 92' lang='lat' dir='ltr'>est,</span> <span class='ocrx_word' id='word_1_423' title='bbox 302 2544 339 2579; x_wconf 92' lang='lat' dir='ltr'>id</span> <span class='ocrx_word' id='word_1_424' title='bbox 364 2548 418 2579; x_wconf 92' lang='lat' dir='ltr'>est</span> <span class='ocrx_word' id='word_1_425' title='bbox 442 2545 473 2579; x_wconf 92' lang='lat' dir='ltr'>si</span> <span class='ocrx_word' id='word_1_426' title='bbox 494 2545 626 2579; x_wconf 87' lang='lat' dir='ltr'>iustam</span> <span class='ocrx_word' id='word_1_427' title='bbox 650 2555 797 2579; x_wconf 88' lang='lat' dir='ltr'>causam</span> <span class='ocrx_word' id='word_1_428' title='bbox 820 2544 1065 2580; x_wconf 90' lang='lat' dir='ltr'>intercedendi</span> <span class='ocrx_word' id='word_1_429' title='bbox 1090 2555 1163 2579; x_wconf 89' lang='lat' dir='ltr'>ser-</span> 
     </span>
     <span class='ocr_line' id='line_1_54' title="bbox 70 2589 1163 2634; baseline 0 -9"><span class='ocrx_word' id='word_1_430' title='bbox 70 2601 135 2625; x_wconf 91' lang='lat' dir='ltr'>vus</span> <span class='ocrx_word' id='word_1_431' title='bbox 159 2590 296 2631; x_wconf 87' lang='lat' dir='ltr'>habuit,</span> <span class='ocrx_word' id='word_1_432' title='bbox 322 2590 405 2634; x_wconf 91' lang='lat' dir='ltr'>quia</span> <span class='ocrx_word' id='word_1_433' title='bbox 428 2590 521 2625; x_wconf 86' lang='lat' dir='ltr'>forte</span> <span class='ocrx_word' id='word_1_434' title='bbox 544 2589 753 2624; x_wconf 89' lang='lat' dir='ltr'>tantandem</span> <span class='ocrx_word' id='word_1_435' title='bbox 777 2590 966 2634; x_wconf 88' lang='lat' dir='ltr'>pecuniam</span> <span class='ocrx_word' id='word_1_436' title='bbox 986 2589 1081 2625; x_wconf 91' lang='lat' dir='ltr'>Titio</span> <span class='ocrx_word' id='word_1_437' title='bbox 1103 2589 1163 2625; x_wconf 90' lang='lat' dir='ltr'>de-</span> 
     </span>
     <span class='ocr_line' id='line_1_55' title="bbox 70 2635 1165 2680; baseline 0 -10"><span class='ocrx_word' id='word_1_438' title='bbox 70 2635 167 2670; x_wconf 88' lang='lat' dir='ltr'>buit:</span> <span class='ocrx_word' id='word_1_439' title='bbox 194 2635 332 2680; x_wconf 89' lang='lat' dir='ltr'>quodsi</span> <span class='ocrx_word' id='word_1_440' title='bbox 345 2636 447 2680; x_wconf 87' lang='lat' dir='ltr'>quasi</span> <span class='ocrx_word' id='word_1_441' title='bbox 466 2635 655 2670; x_wconf 87' lang='lat' dir='ltr'>fideiussor</span> <span class='ocrx_word' id='word_1_442' title='bbox 674 2635 875 2677; x_wconf 89' lang='lat' dir='ltr'>intervenit,</span> <span class='ocrx_word' id='word_1_443' title='bbox 898 2645 941 2670; x_wconf 92' lang='lat' dir='ltr'>ex</span> <span class='ocrx_word' id='word_1_444' title='bbox 986 2645 1033 2670; x_wconf 86' lang='lat' dir='ltr'>ua</span> <span class='ocrx_word' id='word_1_445' title='bbox 1054 2645 1165 2670; x_wconf 90' lang='lat' dir='ltr'>causa</span> 
     </span>
     <span class='ocr_line' id='line_1_56' title="bbox 71 2680 1164 2723; baseline -0.001 -7"><span class='ocrx_word' id='word_1_446' title='bbox 71 2682 107 2716; x_wconf 87' lang='lat' dir='ltr'>in</span> <span class='ocrx_word' id='word_1_447' title='bbox 158 2681 310 2716; x_wconf 89' lang='lat' dir='ltr'>eculium</span> <span class='ocrx_word' id='word_1_448' title='bbox 334 2680 428 2715; x_wconf 92' lang='lat' dir='ltr'>actio</span> <span class='ocrx_word' id='word_1_449' title='bbox 454 2691 526 2715; x_wconf 89' lang='lat' dir='ltr'>non</span> <span class='ocrx_word' id='word_1_450' title='bbox 551 2680 708 2723; x_wconf 88' lang='lat' dir='ltr'>daretur,</span> <span class='ocrx_word' id='word_1_451' title='bbox 734 2691 807 2716; x_wconf 88' lang='lat' dir='ltr'>non</span> <span class='ocrx_word' id='word_1_452' title='bbox 831 2691 909 2715; x_wconf 89' lang='lat' dir='ltr'>esse</span> <span class='ocrx_word' id='word_1_453' title='bbox 931 2680 944 2714; x_wconf 96' lang='lat' dir='ltr'>i</span> <span class='ocrx_word' id='word_1_454' title='bbox 998 2680 1164 2715; x_wconf 89' lang='lat' dir='ltr'>&#39;bendum</span> 
     </span>
     <span class='ocr_line' id='line_1_57' title="bbox 73 2726 1163 2771; baseline -0.001 -10"><span class='ocrx_word' id='word_1_455' title='bbox 73 2737 131 2761; x_wconf 90' lang='lat' dir='ltr'>cre</span> <span class='ocrx_word' id='word_1_456' title='bbox 157 2726 302 2768; x_wconf 85' lang='lat' dir='ltr'>iterem,</span> <span class='ocrx_word' id='word_1_457' title='bbox 335 2736 405 2771; x_wconf 90' lang='lat' dir='ltr'>quo</span> <span class='ocrx_word' id='word_1_458' title='bbox 437 2726 554 2760; x_wconf 88' lang='lat' dir='ltr'>minus</span> <span class='ocrx_word' id='word_1_459' title='bbox 587 2736 609 2760; x_wconf 91' lang='lat' dir='ltr'>a</span> <span class='ocrx_word' id='word_1_460' title='bbox 640 2726 734 2760; x_wconf 93' lang='lat' dir='ltr'>Titio</span> <span class='ocrx_word' id='word_1_461' title='bbox 766 2729 883 2770; x_wconf 88' lang='lat' dir='ltr'>petat:</span> <span class='ocrx_word' id='word_1_462' title='bbox 922 2736 1034 2770; x_wconf 89' lang='lat' dir='ltr'>aeque</span> <span class='ocrx_word' id='word_1_463' title='bbox 1066 2726 1163 2761; x_wconf 92' lang='lat' dir='ltr'>nullo</span> 
     </span>
     <span class='ocr_line' id='line_1_58' title="bbox 72 2771 1165 2816; baseline -0.001 -10"><span class='ocrx_word' id='word_1_464' title='bbox 72 2771 178 2806; x_wconf 91' lang='lat' dir='ltr'>modo</span> <span class='ocrx_word' id='word_1_465' title='bbox 202 2771 385 2816; x_wconf 87' lang='lat' dir='ltr'>prohiberi</span> <span class='ocrx_word' id='word_1_466' title='bbox 409 2781 490 2806; x_wconf 93' lang='lat' dir='ltr'>eum</span> <span class='ocrx_word' id='word_1_467' title='bbox 514 2771 662 2813; x_wconf 89' lang='lat' dir='ltr'>debere,</span> <span class='ocrx_word' id='word_1_468' title='bbox 695 2771 725 2806; x_wconf 88' lang='lat' dir='ltr'>si</span> <span class='ocrx_word' id='word_1_469' title='bbox 749 2781 829 2806; x_wconf 90' lang='lat' dir='ltr'>eum</span> <span class='ocrx_word' id='word_1_470' title='bbox 852 2781 992 2806; x_wconf 89' lang='lat' dir='ltr'>servum</span> <span class='ocrx_word' id='word_1_471' title='bbox 1014 2771 1165 2806; x_wconf 91' lang='lat' dir='ltr'>liberum</span> 
     </span>
     <span class='ocr_line' id='line_1_59' title="bbox 73 2815 1163 2861; baseline -0.001 -9"><span class='ocrx_word' id='word_1_472' title='bbox 73 2820 92 2851; x_wconf 88' lang='lat'><strong>2</strong></span> <span class='ocrx_word' id='word_1_473' title='bbox 141 2827 219 2852; x_wconf 88' lang='lat' dir='ltr'>esse</span> <span class='ocrx_word' id='word_1_474' title='bbox 243 2815 461 2852; x_wconf 88' lang='lat' dir='ltr'>credidisset.</span> <span class='ocrx_word' id='word_1_475' title='bbox 511 2815 548 2851; x_wconf 90' lang='lat' dir='ltr'>Si</span> <span class='ocrx_word' id='word_1_476' title='bbox 572 2817 638 2851; x_wconf 91' lang='lat' dir='ltr'>sub</span> <span class='ocrx_word' id='word_1_477' title='bbox 665 2815 875 2851; x_wconf 90' lang='lat' dir='ltr'>condicione</span> <span class='ocrx_word' id='word_1_478' title='bbox 895 2816 1087 2861; x_wconf 90' lang='lat' dir='ltr'>stipulatus</span> <span class='ocrx_word' id='word_1_479' title='bbox 1106 2815 1163 2851; x_wconf 80' lang='lat' dir='ltr'>fu-</span> 
     </span>
     <span class='ocr_line' id='line_1_60' title="bbox 74 2861 1164 2914; baseline -0.001 -18"><span class='ocrx_word' id='word_1_480' title='bbox 74 2862 160 2897; x_wconf 88' lang='lat' dir='ltr'>erim</span> <span class='ocrx_word' id='word_1_481' title='bbox 185 2872 207 2897; x_wconf 90' lang='lat' dir='ltr'>a</span> <span class='ocrx_word' id='word_1_482' title='bbox 230 2866 265 2897; x_wconf 90' lang='lat' dir='ltr'>te</span> <span class='ocrx_word' id='word_1_483' title='bbox 297 2861 394 2914; x_wconf 83' lang='lat' dir='ltr'>quod</span> <span class='ocrx_word' id='word_1_484' title='bbox 418 2861 533 2897; x_wconf 88' lang='lat' dir='ltr'>Titius</span> <span class='ocrx_word' id='word_1_485' title='bbox 564 2862 650 2897; x_wconf 92' lang='lat' dir='ltr'>mihi</span> <span class='ocrx_word' id='word_1_486' title='bbox 681 2872 770 2907; x_wconf 89' lang='lat' dir='ltr'>pure</span> <span class='ocrx_word' id='word_1_487' title='bbox 803 2861 965 2896; x_wconf 89' lang='lat' dir='ltr'>deberet:</span> <span class='ocrx_word' id='word_1_488' title='bbox 999 2871 1046 2895; x_wconf 88' lang='lat' dir='ltr'>an</span> <span class='ocrx_word' id='word_1_489' title='bbox 1078 2861 1164 2896; x_wconf 89' lang='lat' dir='ltr'>defi-</span> 
     </span>
     <span class='ocr_line' id='line_1_61' title="bbox 74 2906 1166 2952; baseline -0.001 -10"><span class='ocrx_word' id='word_1_490' title='bbox 74 2908 188 2942; x_wconf 88' lang='lat' dir='ltr'>ciente</span> <span class='ocrx_word' id='word_1_491' title='bbox 213 2907 421 2943; x_wconf 79' lang='lat' dir='ltr'>condicione</span> <span class='ocrx_word' id='word_1_492' title='bbox 444 2907 475 2942; x_wconf 90' lang='lat' dir='ltr'>si</span> <span class='ocrx_word' id='word_1_493' title='bbox 498 2917 520 2942; x_wconf 91' lang='lat' dir='ltr'>a</span> <span class='ocrx_word' id='word_1_494' title='bbox 543 2907 637 2942; x_wconf 90' lang='lat' dir='ltr'>Titio</span> <span class='ocrx_word' id='word_1_495' title='bbox 662 2911 801 2952; x_wconf 89' lang='lat' dir='ltr'>petam,</span> <span class='ocrx_word' id='word_1_496' title='bbox 836 2906 1044 2951; x_wconf 87' lang='lat' dir='ltr'>exceptione</span> <span class='ocrx_word' id='word_1_497' title='bbox 1068 2907 1166 2951; x_wconf 88' lang='lat' dir='ltr'>pacti</span> 
     </span>
     <span class='ocr_line' id='line_1_62' title="bbox 75 2952 1165 2997; baseline -0.002 -9"><span class='ocrx_word' id='word_1_498' title='bbox 75 2953 238 2988; x_wconf 87' lang='lat' dir='ltr'>conventi</span> <span class='ocrx_word' id='word_1_499' title='bbox 263 2956 298 2987; x_wconf 92' lang='lat' dir='ltr'>et</span> <span class='ocrx_word' id='word_1_500' title='bbox 320 2952 454 2997; x_wconf 89' lang='lat' dir='ltr'>possim</span> <span class='ocrx_word' id='word_1_501' title='bbox 479 2956 515 2988; x_wconf 93' lang='lat' dir='ltr'>et</span> <span class='ocrx_word' id='word_1_502' title='bbox 538 2952 686 2988; x_wconf 87' lang='lat' dir='ltr'>debeam</span> <span class='ocrx_word' id='word_1_503' title='bbox 710 2952 947 2988; x_wconf 83' lang='lat' dir='ltr'>summoveri?</span> <span class='ocrx_word' id='word_1_504' title='bbox 983 2955 1019 2987; x_wconf 89' lang='lat' dir='ltr'>et</span> <span class='ocrx_word' id='word_1_505' title='bbox 1052 2952 1165 2996; x_wconf 89' lang='lat' dir='ltr'>magis</span> 
     </span>
     <span class='ocr_line' id='line_1_63' title="bbox 75 2997 882 3043; baseline -0.001 -10"><span class='ocrx_word' id='word_1_506' title='bbox 75 3002 129 3033; x_wconf 91' lang='lat' dir='ltr'>est</span> <span class='ocrx_word' id='word_1_507' title='bbox 153 2997 397 3042; x_wconf 87' lang='lat' dir='ltr'>exceptionem</span> <span class='ocrx_word' id='word_1_508' title='bbox 421 3008 493 3033; x_wconf 92' lang='lat' dir='ltr'>non</span> <span class='ocrx_word' id='word_1_509' title='bbox 518 3008 596 3033; x_wconf 86' lang='lat' dir='ltr'>esse</span> <span class='ocrx_word' id='word_1_510' title='bbox 620 2997 882 3043; x_wconf 88' lang='lat' dir='ltr'>opponendam.</span> 
     </span>
    </p>

    <p class='ocr_par' dir='ltr' id='par_1_6' title="bbox 75 3040 1165 3223">
     <span class='ocr_line' id='line_1_64' title="bbox 120 3040 1165 3089; baseline -0.004 -9"><span class='ocrx_word' id='word_1_511' title='bbox 120 3040 170 3080; x_wconf 85' lang='lat'>31</span> <span class='ocrx_word' id='word_1_512' title='bbox 206 3042 401 3078; x_wconf 64' lang='lat' dir='ltr'>Urpmws</span> <span class='ocrx_word' id='word_1_513' title='bbox 418 3042 509 3078; x_wconf 85' lang='lat' dir='ltr'>libro</span> <span class='ocrx_word' id='word_1_514' title='bbox 520 3044 645 3089; x_wconf 90' lang='lat' dir='ltr'>primo</span> <span class='ocrx_word' id='word_1_515' title='bbox 665 3043 715 3078; x_wconf 84' lang='lat' dir='ltr'>ad</span> <span class='ocrx_word' id='word_1_516' title='bbox 733 3043 888 3079; x_wconf 85' lang='lat' dir='ltr'>edietum</span> <span class='ocrx_word' id='word_1_517' title='bbox 911 3042 1082 3078; x_wconf 85' lang='lat' dir='ltr'>aedilium</span> <span class='ocrx_word' id='word_1_518' title='bbox 1105 3053 1165 3078; x_wconf 85' lang='lat' dir='ltr'>cu-</span> 
     </span>
     <span class='ocr_line' id='line_1_65' title="bbox 75 3087 1164 3124; baseline 0 -2"><span class='ocrx_word' id='word_1_519' title='bbox 75 3088 208 3124; x_wconf 82' lang='lat' dir='ltr'>rulium</span> <span class='ocrx_word' id='word_1_520' title='bbox 254 3088 395 3123; x_wconf 88' lang='lat' dir='ltr'>Pacisci</span> <span class='ocrx_word' id='word_1_521' title='bbox 420 3092 544 3123; x_wconf 89' lang='lat' dir='ltr'>contra</span> <span class='ocrx_word' id='word_1_522' title='bbox 577 3088 732 3124; x_wconf 91' lang='lat' dir='ltr'>edictum</span> <span class='ocrx_word' id='word_1_523' title='bbox 764 3088 932 3123; x_wconf 88' lang='lat' dir='ltr'>aedilium</span> <span class='ocrx_word' id='word_1_524' title='bbox 964 3087 1164 3123; x_wconf 91' lang='lat' dir='ltr'>omnimodo</span> 
     </span>
     <span class='ocr_line' id='line_1_66' title="bbox 75 3132 1164 3178; baseline -0.001 -10"><span class='ocrx_word' id='word_1_525' title='bbox 75 3133 176 3176; x_wconf 89' lang='lat' dir='ltr'>licet,</span> <span class='ocrx_word' id='word_1_526' title='bbox 212 3132 285 3168; x_wconf 90' lang='lat' dir='ltr'>sive</span> <span class='ocrx_word' id='word_1_527' title='bbox 314 3133 351 3167; x_wconf 92' lang='lat' dir='ltr'>in</span> <span class='ocrx_word' id='word_1_528' title='bbox 381 3133 460 3177; x_wconf 90' lang='lat' dir='ltr'>ipso</span> <span class='ocrx_word' id='word_1_529' title='bbox 491 3133 632 3178; x_wconf 89' lang='lat' dir='ltr'>negotio</span> <span class='ocrx_word' id='word_1_530' title='bbox 664 3134 876 3169; x_wconf 86' lang='lat' dir='ltr'>venditionis</span> <span class='ocrx_word' id='word_1_531' title='bbox 899 3133 1053 3178; x_wconf 89' lang='lat' dir='ltr'>gerendo</span> <span class='ocrx_word' id='word_1_532' title='bbox 1080 3144 1164 3168; x_wconf 90' lang='lat' dir='ltr'>con-</span> 
     </span>
     <span class='ocr_line' id='line_1_67' title="bbox 76 3178 488 3223; baseline 0.002 -11"><span class='ocrx_word' id='word_1_533' title='bbox 76 3178 231 3214; x_wconf 88' lang='lat' dir='ltr'>venisset</span> <span class='ocrx_word' id='word_1_534' title='bbox 256 3178 328 3213; x_wconf 90' lang='lat' dir='ltr'>sive</span> <span class='ocrx_word' id='word_1_535' title='bbox 351 3182 488 3223; x_wconf 90' lang='lat' dir='ltr'>postea.</span> 
     </span>
    </p>

    <p class='ocr_par' dir='ltr' id='par_1_7' title="bbox 77 3221 1167 3528">
     <span class='ocr_line' id='line_1_68' title="bbox 122 3221 1166 3267; baseline -0.003 -6"><span class='ocrx_word' id='word_1_536' title='bbox 122 3221 176 3261; x_wconf 85' lang='lat'>32</span> <span class='ocrx_word' id='word_1_537' title='bbox 200 3223 257 3259; x_wconf 78' lang='grc' dir='ltr'>ΡΑ</span> <span class='ocrx_word' id='word_1_538' title='bbox 266 3233 308 3258; x_wconf 82' lang='lat' dir='ltr'>UL</span> <span class='ocrx_word' id='word_1_539' title='bbox 316 3233 360 3259; x_wconf 76' lang='lat' dir='ltr'>us</span> <span class='ocrx_word' id='word_1_540' title='bbox 376 3223 467 3258; x_wconf 84' lang='lat' dir='ltr'>libro</span> <span class='ocrx_word' id='word_1_541' title='bbox 493 3224 598 3259; x_wconf 83' lang='lat' dir='ltr'>tertio</span> <span class='ocrx_word' id='word_1_542' title='bbox 623 3222 673 3258; x_wconf 87' lang='lat' dir='ltr'>ad</span> <span class='ocrx_word' id='word_1_543' title='bbox 693 3222 879 3258; x_wconf 82' lang='lat' dir='ltr'>Plautium</span> <span class='ocrx_word' id='word_1_544' title='bbox 915 3223 1019 3267; x_wconf 80' lang='lat' dir='ltr'>Quod</span> <span class='ocrx_word' id='word_1_545' title='bbox 1032 3223 1166 3258; x_wconf 89' lang='lat' dir='ltr'>dictum</span> 
     </span>
     <span class='ocr_line' id='line_1_69' title="bbox 79 3268 1165 3313; baseline 0.001 -11"><span class='ocrx_word' id='word_1_546' title='bbox 79 3273 150 3311; x_wconf 90' lang='lat' dir='ltr'>est,</span> <span class='ocrx_word' id='word_1_547' title='bbox 177 3269 207 3304; x_wconf 92' lang='lat' dir='ltr'>si</span> <span class='ocrx_word' id='word_1_548' title='bbox 231 3279 312 3304; x_wconf 91' lang='lat' dir='ltr'>cum</span> <span class='ocrx_word' id='word_1_549' title='bbox 334 3278 395 3303; x_wconf 90' lang='lat' dir='ltr'>reo</span> <span class='ocrx_word' id='word_1_550' title='bbox 420 3273 567 3313; x_wconf 91' lang='lat' dir='ltr'>pactum</span> <span class='ocrx_word' id='word_1_551' title='bbox 590 3268 655 3311; x_wconf 90' lang='lat' dir='ltr'>sit,</span> <span class='ocrx_word' id='word_1_552' title='bbox 679 3271 720 3303; x_wconf 92' lang='lat' dir='ltr'>ut</span> <span class='ocrx_word' id='word_1_553' title='bbox 743 3278 816 3303; x_wconf 92' lang='lat' dir='ltr'>non</span> <span class='ocrx_word' id='word_1_554' title='bbox 840 3272 995 3312; x_wconf 88' lang='lat' dir='ltr'>petatur,</span> <span class='ocrx_word' id='word_1_555' title='bbox 1020 3268 1165 3303; x_wconf 90' lang='lat' dir='ltr'>fideius-</span> 
     </span>
     <span class='ocr_line' id='line_1_70' title="bbox 78 3313 1166 3359; baseline 0.001 -12"><span class='ocrx_word' id='word_1_556' title='bbox 78 3314 148 3348; x_wconf 90' lang='lat' dir='ltr'>sori</span> <span class='ocrx_word' id='word_1_557' title='bbox 173 3324 240 3358; x_wconf 93' lang='lat' dir='ltr'>quo</span> <span class='ocrx_word' id='word_1_558' title='bbox 267 3323 312 3348; x_wconf 93' lang='lat' dir='ltr'>ue</span> <span class='ocrx_word' id='word_1_559' title='bbox 337 3318 538 3358; x_wconf 90' lang='lat' dir='ltr'>competere</span> <span class='ocrx_word' id='word_1_560' title='bbox 562 3314 824 3359; x_wconf 87' lang='lat' dir='ltr'>exceptionem:</span> <span class='ocrx_word' id='word_1_561' title='bbox 849 3317 996 3358; x_wconf 89' lang='lat' dir='ltr'>propter</span> <span class='ocrx_word' id='word_1_562' title='bbox 1015 3313 1067 3348; x_wconf 91' lang='lat' dir='ltr'>rei</span> <span class='ocrx_word' id='word_1_563' title='bbox 1085 3324 1166 3359; x_wconf 89' lang='lat' dir='ltr'>per-</span> 
     </span>
     <span class='ocr_line' id='line_1_71' title="bbox 78 3358 1166 3403; baseline 0 -11"><span class='ocrx_word' id='word_1_564' title='bbox 78 3368 201 3393; x_wconf 86' lang='lat' dir='ltr'>sonam</span> <span class='ocrx_word' id='word_1_565' title='bbox 232 3370 255 3403; x_wconf 90' lang='lat' dir='ltr'>p</span> <span class='ocrx_word' id='word_1_566' title='bbox 271 3358 385 3401; x_wconf 89' lang='lat' dir='ltr'>acuit,</span> <span class='ocrx_word' id='word_1_567' title='bbox 418 3369 463 3393; x_wconf 91' lang='lat' dir='ltr'>ne</span> <span class='ocrx_word' id='word_1_568' title='bbox 486 3359 646 3394; x_wconf 89' lang='lat' dir='ltr'>mandati</span> <span class='ocrx_word' id='word_1_569' title='bbox 668 3358 799 3393; x_wconf 90' lang='lat' dir='ltr'>iudicio</span> <span class='ocrx_word' id='word_1_570' title='bbox 825 3359 1067 3394; x_wconf 91' lang='lat' dir='ltr'>conveniatur.</span> <span class='ocrx_word' id='word_1_571' title='bbox 1103 3358 1166 3403; x_wconf 92' lang='lat' dir='ltr'>igi-</span> 
     </span>
     <span class='ocr_line' id='line_1_72' title="bbox 77 3403 1167 3446; baseline 0.001 -9"><span class='ocrx_word' id='word_1_572' title='bbox 77 3407 136 3437; x_wconf 91' lang='lat' dir='ltr'>tur</span> <span class='ocrx_word' id='word_1_573' title='bbox 161 3404 191 3438; x_wconf 91' lang='lat' dir='ltr'>si</span> <span class='ocrx_word' id='word_1_574' title='bbox 213 3403 372 3438; x_wconf 89' lang='lat' dir='ltr'>mandati</span> <span class='ocrx_word' id='word_1_575' title='bbox 397 3404 490 3439; x_wconf 89' lang='lat' dir='ltr'>actio</span> <span class='ocrx_word' id='word_1_576' title='bbox 514 3404 614 3439; x_wconf 90' lang='lat' dir='ltr'>nulla</span> <span class='ocrx_word' id='word_1_577' title='bbox 637 3404 701 3446; x_wconf 89' lang='lat' dir='ltr'>sit,</span> <span class='ocrx_word' id='word_1_578' title='bbox 735 3404 829 3439; x_wconf 88' lang='lat' dir='ltr'>forte</span> <span class='ocrx_word' id='word_1_579' title='bbox 854 3404 884 3438; x_wconf 89' lang='lat' dir='ltr'>si</span> <span class='ocrx_word' id='word_1_580' title='bbox 909 3403 1067 3439; x_wconf 89' lang='lat' dir='ltr'>donandi</span> <span class='ocrx_word' id='word_1_581' title='bbox 1091 3404 1167 3439; x_wconf 90' lang='lat' dir='ltr'>ani-</span> 
     </span>
     <span class='ocr_line' id='line_1_73' title="bbox 78 3447 1166 3494; baseline 0.002 -12"><span class='ocrx_word' id='word_1_582' title='bbox 78 3458 135 3482; x_wconf 92' lang='lat' dir='ltr'>mo</span> <span class='ocrx_word' id='word_1_583' title='bbox 160 3447 384 3490; x_wconf 86' lang='lat' dir='ltr'>fideiusserit,</span> <span class='ocrx_word' id='word_1_584' title='bbox 409 3449 595 3484; x_wconf 89' lang='lat' dir='ltr'>dicendum</span> <span class='ocrx_word' id='word_1_585' title='bbox 621 3453 675 3484; x_wconf 91' lang='lat' dir='ltr'>est</span> <span class='ocrx_word' id='word_1_586' title='bbox 699 3459 772 3484; x_wconf 90' lang='lat' dir='ltr'>non</span> <span class='ocrx_word' id='word_1_587' title='bbox 795 3449 968 3494; x_wconf 88' lang='lat' dir='ltr'>prodesse</span> <span class='ocrx_word' id='word_1_588' title='bbox 986 3449 1166 3494; x_wconf 89' lang='lat' dir='ltr'>exceptio-</span> 
     </span>
     <span class='ocr_line' id='line_1_74' title="bbox 80 3493 395 3528; baseline 0.006 -2"><span class='ocrx_word' id='word_1_589' title='bbox 80 3503 160 3527; x_wconf 90' lang='lat' dir='ltr'>nem</span> <span class='ocrx_word' id='word_1_590' title='bbox 183 3493 395 3528; x_wconf 88' lang='lat' dir='ltr'>fideiussori.</span> 
     </span>
    </p>

    <p class='ocr_par' dir='ltr' id='par_1_8' title="bbox 126 3534 1168 3586">
     <span class='ocr_line' id='line_1_75' title="bbox 126 3534 1168 3586; baseline 0 -12"><span class='ocrx_word' id='word_1_591' title='bbox 126 3534 205 3574; x_wconf 79' lang='lat'>33⁴</span> <span class='ocrx_word' id='word_1_592' title='bbox 233 3537 376 3573; x_wconf 64' lang='lat' dir='ltr'>Casus</span> <span class='ocrx_word' id='word_1_593' title='bbox 397 3538 487 3574; x_wconf 81' lang='lat' dir='ltr'>libro</span> <span class='ocrx_word' id='word_1_594' title='bbox 503 3539 629 3585; x_wconf 83' lang='lat' dir='ltr'>primo</span> <span class='ocrx_word' id='word_1_595' title='bbox 653 3538 875 3586; x_wconf 75' lang='lat' dir='ltr'>diqestorum</span> <span class='ocrx_word' id='word_1_596' title='bbox 920 3539 1020 3575; x_wconf 88' lang='lat' dir='ltr'>Avus</span> <span class='ocrx_word' id='word_1_597' title='bbox 1051 3539 1168 3584; x_wconf 89' lang='lat' dir='ltr'>neptis</span> 
     </span>
    </p>
   </div>
   <div class='ocr_carea' id='block_1_3' title="bbox 82 3650 451 3737">
    <p class='ocr_par' dir='ltr' id='par_1_9' title="bbox 82 3650 451 3737">
     <span class='ocr_line' id='line_1_76' title="bbox 82 3650 342 3691; baseline -0.008 -8"><span class='ocrx_word' id='word_1_598' title='bbox 82 3650 121 3691; x_wconf 88' lang='lat'>(1)</span> <span class='ocrx_word' id='word_1_599' title='bbox 148 3653 260 3682; x_wconf 84' lang='lat' dir='ltr'>actum</span> <span class='ocrx_word' id='word_1_600' title='bbox 279 3661 342 3683; x_wconf 85' lang='lat' dir='ltr'>scr.</span> 
     </span>
     <span class='ocr_line' id='line_1_77' title="bbox 83 3694 451 3737; baseline 0.003 -10"><span class='ocrx_word' id='word_1_601' title='bbox 83 3695 124 3736; x_wconf 85' lang='lat'>(3)</span> <span class='ocrx_word' id='word_1_602' title='bbox 151 3694 403 3737; x_wconf 84' lang='lat' dir='ltr'>propruineiale</span> <span class='ocrx_word' id='word_1_603' title='bbox 416 3696 451 3728; x_wconf 99' lang='lat' dir='ltr'><em>F</em></span> 
     </span>
    </p>
   </div>
   <div class='ocr_carea' id='block_1_4' title="bbox 83 3698 1165 3778">
    <p class='ocr_par' dir='ltr' id='par_1_10' title="bbox 83 3698 1165 3778">
     <span class='ocr_line' id='line_1_78' title="bbox 582 3698 1165 3741; baseline -0.002 -10"><span class='ocrx_word' id='word_1_604' title='bbox 582 3698 623 3739; x_wconf 81' lang='lat'>(4)</span> <span class='ocrx_word' id='word_1_605' title='bbox 650 3699 730 3731; x_wconf 79' lang='lat' dir='ltr'>citat</span> <span class='ocrx_word' id='word_1_606' title='bbox 742 3698 940 3741; x_wconf 81' lang='lat' dir='ltr'>Pomponius</span> <span class='ocrx_word' id='word_1_607' title='bbox 959 3699 1006 3730; x_wconf 90' lang='lat' dir='ltr'>D.</span> <span class='ocrx_word' id='word_1_608' title='bbox 1021 3699 1075 3738; x_wconf 81' lang='lat'>23,</span> <span class='ocrx_word' id='word_1_609' title='bbox 1091 3705 1118 3738; x_wconf 84' lang='lat'>4,</span> <span class='ocrx_word' id='word_1_610' title='bbox 1132 3704 1165 3730; x_wconf 88' lang='grc'>10</span> 
     </span>
     <span class='ocr_line' id='line_1_79' title="bbox 83 3739 425 3778; baseline 0 -6"><span class='ocrx_word' id='word_1_611' title='bbox 83 3740 124 3778; x_wconf 91' lang='grc'>(5)</span> <span class='ocrx_word' id='word_1_612' title='bbox 152 3739 305 3772; x_wconf 87' lang='lat' dir='ltr'>divisisse</span> <span class='ocrx_word' id='word_1_613' title='bbox 318 3751 351 3772; x_wconf 82' lang='lat' dir='ltr'>se</span> <span class='ocrx_word' id='word_1_614' title='bbox 364 3752 425 3772; x_wconf 83' lang='lat' dir='ltr'>scr.</span> 
     </span>
    </p>
   </div>
   <div class='ocr_carea' id='block_1_5' title="bbox 538 3741 1165 3784">
    <p class='ocr_par' dir='ltr' id='par_1_11' title="bbox 538 3741 1165 3784">
     <span class='ocr_line' id='line_1_80' title="bbox 538 3741 1165 3784; baseline -0.002 -9"><span class='ocrx_word' id='word_1_615' title='bbox 538 3742 580 3783; x_wconf 80' lang='lat'>(6)</span> <span class='ocrx_word' id='word_1_616' title='bbox 605 3742 690 3774; x_wconf 84' lang='lat' dir='ltr'>fatre</span> <span class='ocrx_word' id='word_1_617' title='bbox 704 3744 738 3775; x_wconf 89' lang='lat' dir='ltr'><em>F</em></span> <span class='ocrx_word' id='word_1_618' title='bbox 846 3744 889 3784; x_wconf 86' lang='lat'>(7)</span> <span class='ocrx_word' id='word_1_619' title='bbox 914 3745 961 3776; x_wconf 85' lang='lat' dir='ltr'>sic</span> <span class='ocrx_word' id='word_1_620' title='bbox 974 3741 1026 3775; x_wconf 83' lang='lat' dir='ltr'><em>F²</em></span> <span class='ocrx_word' id='word_1_621' title='bbox 1038 3755 1106 3775; x_wconf 88' lang='lat' dir='ltr'>cum</span> <span class='ocrx_word' id='word_1_622' title='bbox 1119 3742 1165 3784; x_wconf 86' lang='lat' dir='ltr'>B,</span> 
     </span>
    </p>
   </div>
   <div class='ocr_carea' id='block_1_6' title="bbox 1170 100 1223 148">
    <p class='ocr_par' dir='ltr' id='par_1_12' title="bbox 1170 100 1223 148">
     <span class='ocr_line' id='line_1_81' title="bbox 1170 100 1223 148; baseline -0.019 0"><span class='ocrx_word' id='word_1_623' title='bbox 1170 100 1223 148; x_wconf 84' lang='lat'>31</span> 
     </span>
    </p>
   </div>
   <div class='ocr_carea' id='block_1_7' title="bbox 482 3653 1174 3695">
    <p class='ocr_par' dir='ltr' id='par_1_13' title="bbox 482 3653 1174 3695">
     <span class='ocr_line' id='line_1_82' title="bbox 482 3653 1174 3695; baseline -0.001 -9"><span class='ocrx_word' id='word_1_624' title='bbox 482 3654 524 3694; x_wconf 83' lang='lat'>(2)</span> <span class='ocrx_word' id='word_1_625' title='bbox 560 3653 649 3686; x_wconf 84' lang='lat' dir='ltr'>sicS</span> <span class='ocrx_word' id='word_1_626' title='bbox 669 3665 738 3686; x_wconf 87' lang='lat' dir='ltr'>cum</span> <span class='ocrx_word' id='word_1_627' title='bbox 751 3653 797 3695; x_wconf 84' lang='lat' dir='ltr'>B,</span> <span class='ocrx_word' id='word_1_628' title='bbox 818 3653 1044 3685; x_wconf 81' lang='lat' dir='ltr'>hereditarius</span> <span class='ocrx_word' id='word_1_629' title='bbox 1068 3665 1125 3685; x_wconf 91' lang='lat' dir='ltr'>om.</span> <span class='ocrx_word' id='word_1_630' title='bbox 1139 3653 1174 3685; x_wconf 89' lang='lat' dir='ltr'><em>F</em></span> 
     </span>
    </p>
   </div>
   <div class='ocr_carea' id='block_1_8' title="bbox 2205 104 2331 146">
    <p class='ocr_par' dir='ltr' id='par_1_14' title="bbox 2205 104 2331 146">
     <span class='ocr_line' id='line_1_83' title="bbox 2205 104 2331 146; baseline 0 0"><span class='ocrx_word' id='word_1_631' title='bbox 2205 104 2331 146; x_wconf 79' lang='lat'><strong>1114</strong></span> 
     </span>
    </p>
   </div>
   <div class='ocr_carea' id='block_1_9' title="bbox 1230 226 2334 3584">
    <p class='ocr_par' dir='ltr' id='par_1_15' title="bbox 1230 226 2332 579">
     <span class='ocr_line' id='line_1_84' title="bbox 1230 226 2332 272; baseline 0.002 -11"><span class='ocrx_word' id='word_1_632' title='bbox 1230 226 1384 269; x_wconf 89' lang='lat' dir='ltr'>nomine,</span> <span class='ocrx_word' id='word_1_633' title='bbox 1417 236 1525 271; x_wconf 90' lang='lat' dir='ltr'>quam</span> <span class='ocrx_word' id='word_1_634' title='bbox 1559 236 1601 260; x_wconf 88' lang='lat' dir='ltr'>ex</span> <span class='ocrx_word' id='word_1_635' title='bbox 1632 226 1704 262; x_wconf 90' lang='lat' dir='ltr'>filio</span> <span class='ocrx_word' id='word_1_636' title='bbox 1730 226 1908 269; x_wconf 89' lang='lat' dir='ltr'>habebat,</span> <span class='ocrx_word' id='word_1_637' title='bbox 1942 226 2060 262; x_wconf 88' lang='lat' dir='ltr'>dotem</span> <span class='ocrx_word' id='word_1_638' title='bbox 2099 227 2262 272; x_wconf 91' lang='lat' dir='ltr'>promisit</span> <span class='ocrx_word' id='word_1_639' title='bbox 2297 232 2332 263; x_wconf 87' lang='lat' dir='ltr'>et</span> 
     </span>
     <span class='ocr_line' id='line_1_85' title="bbox 1231 272 2329 317; baseline 0.002 -11"><span class='ocrx_word' id='word_1_640' title='bbox 1231 275 1360 316; x_wconf 88' lang='lat' dir='ltr'>pactus</span> <span class='ocrx_word' id='word_1_641' title='bbox 1393 275 1464 314; x_wconf 91' lang='lat' dir='ltr'>est,</span> <span class='ocrx_word' id='word_1_642' title='bbox 1498 281 1543 306; x_wconf 91' lang='lat' dir='ltr'>ne</span> <span class='ocrx_word' id='word_1_643' title='bbox 1576 281 1597 305; x_wconf 90' lang='lat' dir='ltr'>a</span> <span class='ocrx_word' id='word_1_644' title='bbox 1629 282 1668 306; x_wconf 92' lang='lat' dir='ltr'>se</span> <span class='ocrx_word' id='word_1_645' title='bbox 1701 283 1787 307; x_wconf 86' lang='lat' dir='ltr'>neve</span> <span class='ocrx_word' id='word_1_646' title='bbox 1811 283 1832 307; x_wconf 87' lang='lat' dir='ltr'>a</span> <span class='ocrx_word' id='word_1_647' title='bbox 1856 273 1928 307; x_wconf 87' lang='lat' dir='ltr'>filio</span> <span class='ocrx_word' id='word_1_648' title='bbox 1954 283 2019 308; x_wconf 92' lang='lat' dir='ltr'>suo</span> <span class='ocrx_word' id='word_1_649' title='bbox 2045 272 2111 307; x_wconf 91' lang='lat' dir='ltr'>dos</span> <span class='ocrx_word' id='word_1_650' title='bbox 2135 276 2329 317; x_wconf 86' lang='lat' dir='ltr'>peteretur.</span> 
     </span>
     <span class='ocr_line' id='line_1_86' title="bbox 1232 316 2330 363; baseline 0.001 -11"><span class='ocrx_word' id='word_1_651' title='bbox 1232 317 1263 352; x_wconf 90' lang='lat' dir='ltr'>si</span> <span class='ocrx_word' id='word_1_652' title='bbox 1287 327 1309 352; x_wconf 90' lang='lat' dir='ltr'>a</span> <span class='ocrx_word' id='word_1_653' title='bbox 1333 316 1510 352; x_wconf 87' lang='lat' dir='ltr'>coherede</span> <span class='ocrx_word' id='word_1_654' title='bbox 1533 316 1597 351; x_wconf 88' lang='lat' dir='ltr'>filii</span> <span class='ocrx_word' id='word_1_655' title='bbox 1621 317 1686 352; x_wconf 91' lang='lat' dir='ltr'>dos</span> <span class='ocrx_word' id='word_1_656' title='bbox 1717 321 1879 362; x_wconf 87' lang='lat' dir='ltr'>petatur,</span> <span class='ocrx_word' id='word_1_657' title='bbox 1911 318 1990 363; x_wconf 89' lang='lat' dir='ltr'>ipse</span> <span class='ocrx_word' id='word_1_658' title='bbox 2049 317 2167 353; x_wconf 90' lang='lat' dir='ltr'>uidem</span> <span class='ocrx_word' id='word_1_659' title='bbox 2201 328 2330 363; x_wconf 88' lang='lat' dir='ltr'>excep-</span> 
     </span>
     <span class='ocr_line' id='line_1_87' title="bbox 1230 362 2330 406; baseline 0.003 -10"><span class='ocrx_word' id='word_1_660' title='bbox 1230 362 1328 397; x_wconf 88' lang='lat' dir='ltr'>tione</span> <span class='ocrx_word' id='word_1_661' title='bbox 1352 362 1596 397; x_wconf 82' lang='lat' dir='ltr'>conventionis</span> <span class='ocrx_word' id='word_1_662' title='bbox 1620 363 1775 398; x_wconf 90' lang='lat' dir='ltr'>tuendus</span> <span class='ocrx_word' id='word_1_663' title='bbox 1799 374 1873 398; x_wconf 89' lang='lat' dir='ltr'>non</span> <span class='ocrx_word' id='word_1_664' title='bbox 1909 363 1993 406; x_wconf 90' lang='lat' dir='ltr'>erit,</span> <span class='ocrx_word' id='word_1_665' title='bbox 2066 364 2123 398; x_wconf 88' lang='lat' dir='ltr'>ius</span> <span class='ocrx_word' id='word_1_666' title='bbox 2154 374 2237 399; x_wconf 88' lang='lat' dir='ltr'>vero</span> <span class='ocrx_word' id='word_1_667' title='bbox 2270 375 2330 399; x_wconf 88' lang='lat' dir='ltr'>ex-</span> 
     </span>
     <span class='ocr_line' id='line_1_88' title="bbox 1233 406 2329 488; baseline 0.002 -46"><span class='ocrx_word' id='word_1_668' title='bbox 1233 407 1397 488; x_wconf 56' lang='lat' dir='ltr'>cgfitione</span> <span class='ocrx_word' id='word_1_669' title='bbox 1410 406 1654 443; x_wconf 90' lang='lat' dir='ltr'>conventionis</span> <span class='ocrx_word' id='word_1_670' title='bbox 1668 411 1765 443; x_wconf 86' lang='lat' dir='ltr'>recte</span> <span class='ocrx_word' id='word_1_671' title='bbox 1777 412 1908 443; x_wconf 91' lang='lat' dir='ltr'>utetur.</span> <span class='ocrx_word' id='word_1_672' title='bbox 1946 408 2080 454; x_wconf 90' lang='lat' dir='ltr'>quippe</span> <span class='ocrx_word' id='word_1_673' title='bbox 2100 409 2223 444; x_wconf 89' lang='lat' dir='ltr'>heredi</span> <span class='ocrx_word' id='word_1_674' title='bbox 2244 420 2329 444; x_wconf 92' lang='lat' dir='ltr'>con-</span> 
     </span>
     <span class='ocr_line' id='line_1_89' title="bbox 1232 453 2331 499; baseline 0.002 -12"><span class='ocrx_word' id='word_1_675' title='bbox 1232 463 1248 488; x_wconf 91' lang='lat' dir='ltr'>s</span> <span class='ocrx_word' id='word_1_676' title='bbox 1291 453 1299 459; x_wconf 75' lang='lat'><em>⁰</em></span> <span class='ocrx_word' id='word_1_677' title='bbox 1333 463 1544 488; x_wconf 88' lang='lat' dir='ltr'>concessum</span> <span class='ocrx_word' id='word_1_678' title='bbox 1576 456 1630 487; x_wconf 88' lang='lat' dir='ltr'>est</span> <span class='ocrx_word' id='word_1_679' title='bbox 1653 463 1720 488; x_wconf 90' lang='lat' dir='ltr'>nec</span> <span class='ocrx_word' id='word_1_680' title='bbox 1744 454 1934 499; x_wconf 87' lang='lat' dir='ltr'>quicquam</span> <span class='ocrx_word' id='word_1_681' title='bbox 1958 454 2080 489; x_wconf 86' lang='lat' dir='ltr'>obstat</span> <span class='ocrx_word' id='word_1_682' title='bbox 2103 454 2166 489; x_wconf 91' lang='lat' dir='ltr'>uni</span> <span class='ocrx_word' id='word_1_683' title='bbox 2189 457 2331 490; x_wconf 89' lang='lat' dir='ltr'>tantum</span> 
     </span>
     <span class='ocr_line' id='line_1_90' title="bbox 1233 498 2331 543; baseline 0.003 -10"><span class='ocrx_word' id='word_1_684' title='bbox 1233 508 1277 533; x_wconf 91' lang='lat' dir='ltr'>ex</span> <span class='ocrx_word' id='word_1_685' title='bbox 1307 498 1498 534; x_wconf 89' lang='lat' dir='ltr'>heredibus</span> <span class='ocrx_word' id='word_1_686' title='bbox 1533 498 1720 543; x_wconf 88' lang='lat' dir='ltr'>providere</span> <span class='ocrx_word' id='word_1_687' title='bbox 1751 499 1781 534; x_wconf 90' lang='lat' dir='ltr'>si</span> <span class='ocrx_word' id='word_1_688' title='bbox 1812 499 1915 534; x_wconf 88' lang='lat' dir='ltr'>heres</span> <span class='ocrx_word' id='word_1_689' title='bbox 1946 499 2067 535; x_wconf 88' lang='lat' dir='ltr'>factus</span> <span class='ocrx_word' id='word_1_690' title='bbox 2100 500 2166 543; x_wconf 87' lang='lat' dir='ltr'>sit,</span> <span class='ocrx_word' id='word_1_691' title='bbox 2203 501 2331 536; x_wconf 90' lang='lat' dir='ltr'>ceteris</span> 
     </span>
     <span class='ocr_line' id='line_1_91' title="bbox 1232 543 1624 579; baseline 0 -1"><span class='ocrx_word' id='word_1_692' title='bbox 1232 548 1352 578; x_wconf 90' lang='lat' dir='ltr'>autem</span> <span class='ocrx_word' id='word_1_693' title='bbox 1376 554 1449 578; x_wconf 92' lang='lat' dir='ltr'>non</span> <span class='ocrx_word' id='word_1_694' title='bbox 1474 543 1624 579; x_wconf 89' lang='lat' dir='ltr'>consuli.</span> 
     </span>
    </p>

    <p class='ocr_par' dir='ltr' id='par_1_16' title="bbox 1231 586 2331 722">
     <span class='ocr_line' id='line_1_92' title="bbox 1280 586 2330 636; baseline 0.001 -10"><span class='ocrx_word' id='word_1_695' title='bbox 1280 586 1335 626; x_wconf 87' lang='lat'>34</span> <span class='ocrx_word' id='word_1_696' title='bbox 1358 588 1616 626; x_wconf 77' lang='lat' dir='ltr'><em>MODESTJNUS</em></span> <span class='ocrx_word' id='word_1_697' title='bbox 1644 588 1736 624; x_wconf 84' lang='lat' dir='ltr'>libro</span> <span class='ocrx_word' id='word_1_698' title='bbox 1761 589 1888 634; x_wconf 86' lang='lat' dir='ltr'>quinto</span> <span class='ocrx_word' id='word_1_699' title='bbox 1913 590 2125 636; x_wconf 73' lang='lat' dir='ltr'>requiarum</span> <span class='ocrx_word' id='word_1_700' title='bbox 2172 591 2234 627; x_wconf 90' lang='lat' dir='ltr'>Ius</span> <span class='ocrx_word' id='word_1_701' title='bbox 2266 591 2330 626; x_wconf 90' lang='lat' dir='ltr'>ad-</span> 
     </span>
     <span class='ocr_line' id='line_1_93' title="bbox 1231 633 2331 683; baseline 0.004 -14"><span class='ocrx_word' id='word_1_702' title='bbox 1231 634 1412 680; x_wconf 88' lang='lat' dir='ltr'>gnationis</span> <span class='ocrx_word' id='word_1_703' title='bbox 1436 645 1509 670; x_wconf 93' lang='lat' dir='ltr'>non</span> <span class='ocrx_word' id='word_1_704' title='bbox 1532 644 1639 679; x_wconf 89' lang='lat' dir='ltr'>posse</span> <span class='ocrx_word' id='word_1_705' title='bbox 1663 637 1770 679; x_wconf 89' lang='lat' dir='ltr'>pacto</span> <span class='ocrx_word' id='word_1_706' title='bbox 1795 633 1987 679; x_wconf 88' lang='lat' dir='ltr'>repudiari,</span> <span class='ocrx_word' id='word_1_707' title='bbox 2012 646 2085 670; x_wconf 91' lang='lat' dir='ltr'>non</span> <span class='ocrx_word' id='word_1_708' title='bbox 2098 637 2210 682; x_wconf 89' lang='lat' dir='ltr'>magis</span> <span class='ocrx_word' id='word_1_709' title='bbox 2224 647 2331 683; x_wconf 91' lang='lat' dir='ltr'>quam</span> 
     </span>
     <span class='ocr_line' id='line_1_94' title="bbox 1231 680 2327 722; baseline 0.002 -6"><span class='ocrx_word' id='word_1_710' title='bbox 1231 684 1273 716; x_wconf 91' lang='lat' dir='ltr'>ut</span> <span class='ocrx_word' id='word_1_711' title='bbox 1320 681 1375 716; x_wconf 92' lang='lat' dir='ltr'>uis</span> <span class='ocrx_word' id='word_1_712' title='bbox 1401 680 1498 715; x_wconf 88' lang='lat' dir='ltr'>dicat</span> <span class='ocrx_word' id='word_1_713' title='bbox 1521 680 1615 715; x_wconf 83' lang='lat' dir='ltr'>nolle</span> <span class='ocrx_word' id='word_1_714' title='bbox 1640 690 1745 715; x_wconf 90' lang='lat' dir='ltr'>suum</span> <span class='ocrx_word' id='word_1_715' title='bbox 1768 690 1865 722; x_wconf 90' lang='lat' dir='ltr'>esse,</span> <span class='ocrx_word' id='word_1_716' title='bbox 1898 680 2028 715; x_wconf 87' lang='lat' dir='ltr'>Iuliani</span> <span class='ocrx_word' id='word_1_717' title='bbox 2052 683 2230 717; x_wconf 88' lang='lat' dir='ltr'>sententia</span> <span class='ocrx_word' id='word_1_718' title='bbox 2262 686 2327 718; x_wconf 88' lang='lat' dir='ltr'>est.</span> 
     </span>
    </p>

    <p class='ocr_par' dir='ltr' id='par_1_17' title="bbox 1230 691 2333 1453">
     <span class='ocr_line' id='line_1_95' title="bbox 1278 691 2331 771; baseline 0.001 -8"><span class='ocrx_word' id='word_1_719' title='bbox 1278 691 1332 763; x_wconf 72' lang='lat' dir='ltr'>3q5</span> <span class='ocrx_word' id='word_1_720' title='bbox 1357 725 1467 761; x_wconf 78' lang='lat' dir='ltr'><em>IDEM</em></span> <span class='ocrx_word' id='word_1_721' title='bbox 1485 725 1578 761; x_wconf 82' lang='lat' dir='ltr'>libro</span> <span class='ocrx_word' id='word_1_722' title='bbox 1601 725 1759 761; x_wconf 82' lang='lat' dir='ltr'>secundo</span> <span class='ocrx_word' id='word_1_723' title='bbox 1783 736 2038 771; x_wconf 76' lang='lat' dir='ltr'>responsorum</span> <span class='ocrx_word' id='word_1_724' title='bbox 2087 727 2176 762; x_wconf 89' lang='lat' dir='ltr'>Tres</span> <span class='ocrx_word' id='word_1_725' title='bbox 2199 727 2331 764; x_wconf 71' lang='lat' dir='ltr'>fratres</span> 
     </span>
     <span class='ocr_line' id='line_1_96' title="bbox 1232 770 2332 809; baseline 0.003 -3"><span class='ocrx_word' id='word_1_726' title='bbox 1232 771 1348 806; x_wconf 88' lang='lat' dir='ltr'>Titius</span> <span class='ocrx_word' id='word_1_727' title='bbox 1385 774 1422 806; x_wconf 90' lang='lat' dir='ltr'>et</span> <span class='ocrx_word' id='word_1_728' title='bbox 1455 771 1619 806; x_wconf 90' lang='lat' dir='ltr'>Maevius</span> <span class='ocrx_word' id='word_1_729' title='bbox 1656 775 1691 806; x_wconf 91' lang='lat' dir='ltr'>et</span> <span class='ocrx_word' id='word_1_730' title='bbox 1723 770 1805 806; x_wconf 89' lang='lat' dir='ltr'>Seia</span> <span class='ocrx_word' id='word_1_731' title='bbox 1839 781 2062 806; x_wconf 88' lang='lat' dir='ltr'>communem</span> <span class='ocrx_word' id='word_1_732' title='bbox 2096 772 2332 809; x_wconf 88' lang='lat' dir='ltr'>hereditatem</span> 
     </span>
     <span class='ocr_line' id='line_1_97' title="bbox 1230 816 2330 864; baseline 0.004 -13"><span class='ocrx_word' id='word_1_733' title='bbox 1230 816 1324 852; x_wconf 89' lang='lat' dir='ltr'>inter</span> <span class='ocrx_word' id='word_1_734' title='bbox 1347 826 1387 852; x_wconf 88' lang='lat' dir='ltr'>se</span> <span class='ocrx_word' id='word_1_735' title='bbox 1418 816 1615 852; x_wconf 88' lang='lat' dir='ltr'>diviserunt</span> <span class='ocrx_word' id='word_1_736' title='bbox 1645 816 1892 851; x_wconf 86' lang='lat' dir='ltr'>instrumentis</span> <span class='ocrx_word' id='word_1_737' title='bbox 1924 817 2165 862; x_wconf 89' lang='lat' dir='ltr'>interpositis,</span> <span class='ocrx_word' id='word_1_738' title='bbox 2201 819 2330 864; x_wconf 90' lang='lat' dir='ltr'>quibus</span> 
     </span>
     <span class='ocr_line' id='line_1_98' title="bbox 1232 862 2332 901; baseline 0.003 -4"><span class='ocrx_word' id='word_1_739' title='bbox 1232 862 1419 897; x_wconf 79' lang='lat' dir='ltr'>divisisse⁵</span> <span class='ocrx_word' id='word_1_740' title='bbox 1452 865 1652 897; x_wconf 63' lang='lat' dir='ltr'>maternam</span> <span class='ocrx_word' id='word_1_741' title='bbox 1686 862 1921 897; x_wconf 88' lang='lat' dir='ltr'>hereditatem</span> <span class='ocrx_word' id='word_1_742' title='bbox 1963 862 2132 897; x_wconf 86' lang='lat' dir='ltr'>dixerunt</span> <span class='ocrx_word' id='word_1_743' title='bbox 2174 865 2262 899; x_wconf 90' lang='lat' dir='ltr'>nihil</span> <span class='ocrx_word' id='word_1_744' title='bbox 2287 875 2332 901; x_wconf 90' lang='lat' dir='ltr'>ue</span> 
     </span>
     <span class='ocr_line' id='line_1_99' title="bbox 1232 907 2330 953; baseline 0.003 -10"><span class='ocrx_word' id='word_1_745' title='bbox 1232 907 1302 943; x_wconf 91' lang='lat' dir='ltr'>sibi</span> <span class='ocrx_word' id='word_1_746' title='bbox 1336 918 1523 943; x_wconf 90' lang='lat' dir='ltr'>commune</span> <span class='ocrx_word' id='word_1_747' title='bbox 1546 908 1761 942; x_wconf 91' lang='lat' dir='ltr'>remansisse</span> <span class='ocrx_word' id='word_1_748' title='bbox 1786 911 1966 943; x_wconf 91' lang='lat' dir='ltr'>caverunt.</span> <span class='ocrx_word' id='word_1_749' title='bbox 2003 908 2067 943; x_wconf 89' lang='lat' dir='ltr'>sed</span> <span class='ocrx_word' id='word_1_750' title='bbox 2098 912 2227 953; x_wconf 90' lang='lat' dir='ltr'>postea</span> <span class='ocrx_word' id='word_1_751' title='bbox 2285 921 2330 946; x_wconf 91' lang='lat' dir='ltr'>uo</span> 
     </span>
     <span class='ocr_line' id='line_1_100' title="bbox 1233 952 2331 999; baseline 0.003 -11"><span class='ocrx_word' id='word_1_752' title='bbox 1233 953 1277 988; x_wconf 89' lang='lat' dir='ltr'>de</span> <span class='ocrx_word' id='word_1_753' title='bbox 1309 952 1503 996; x_wconf 88' lang='lat' dir='ltr'>fratribus,</span> <span class='ocrx_word' id='word_1_754' title='bbox 1535 952 1572 988; x_wconf 89' lang='lat' dir='ltr'>id</span> <span class='ocrx_word' id='word_1_755' title='bbox 1597 956 1652 988; x_wconf 90' lang='lat' dir='ltr'>est</span> <span class='ocrx_word' id='word_1_756' title='bbox 1675 953 1839 988; x_wconf 88' lang='lat' dir='ltr'>Maevius</span> <span class='ocrx_word' id='word_1_757' title='bbox 1874 956 1909 988; x_wconf 90' lang='lat' dir='ltr'>et</span> <span class='ocrx_word' id='word_1_758' title='bbox 1933 953 2032 996; x_wconf 90' lang='lat' dir='ltr'>Seia,</span> <span class='ocrx_word' id='word_1_759' title='bbox 2070 954 2131 999; x_wconf 90' lang='lat' dir='ltr'>qui</span> <span class='ocrx_word' id='word_1_760' title='bbox 2164 955 2331 991; x_wconf 86' lang='lat' dir='ltr'>absentes</span> 
     </span>
     <span class='ocr_line' id='line_1_101' title="bbox 1233 998 2331 1046; baseline 0.002 -13"><span class='ocrx_word' id='word_1_761' title='bbox 1233 1001 1335 1033; x_wconf 91' lang='lat' dir='ltr'>erant</span> <span class='ocrx_word' id='word_1_762' title='bbox 1358 1002 1519 1044; x_wconf 91' lang='lat' dir='ltr'>tempore</span> <span class='ocrx_word' id='word_1_763' title='bbox 1542 998 1666 1033; x_wconf 90' lang='lat' dir='ltr'>mortis</span> <span class='ocrx_word' id='word_1_764' title='bbox 1691 999 1815 1033; x_wconf 91' lang='lat' dir='ltr'>matris</span> <span class='ocrx_word' id='word_1_765' title='bbox 1837 1008 1935 1041; x_wconf 85' lang='lat' dir='ltr'>suae,</span> <span class='ocrx_word' id='word_1_766' title='bbox 1961 1003 2203 1043; x_wconf 90' lang='lat' dir='ltr'>cognoverunt</span> <span class='ocrx_word' id='word_1_767' title='bbox 2221 1011 2331 1046; x_wconf 84' lang='lat' dir='ltr'>pecu-</span> 
     </span>
     <span class='ocr_line' id='line_1_102' title="bbox 1232 1043 2331 1088; baseline 0.003 -10"><span class='ocrx_word' id='word_1_768' title='bbox 1232 1044 1330 1079; x_wconf 90' lang='lat' dir='ltr'>niam</span> <span class='ocrx_word' id='word_1_769' title='bbox 1362 1054 1510 1079; x_wconf 86' lang='lat' dir='ltr'>auream</span> <span class='ocrx_word' id='word_1_770' title='bbox 1534 1054 1557 1079; x_wconf 89' lang='lat' dir='ltr'>a</span> <span class='ocrx_word' id='word_1_771' title='bbox 1580 1043 1718 1079; x_wconf 79' lang='lat' dir='ltr'>fratre⁶</span> <span class='ocrx_word' id='word_1_772' title='bbox 1741 1054 1807 1079; x_wconf 91' lang='lat' dir='ltr'>suo</span> <span class='ocrx_word' id='word_1_773' title='bbox 1843 1054 1921 1079; x_wconf 89' lang='lat' dir='ltr'>esse</span> <span class='ocrx_word' id='word_1_774' title='bbox 1953 1044 2196 1088; x_wconf 81' lang='lat' dir='ltr'>subtractam,</span> <span class='ocrx_word' id='word_1_775' title='bbox 2231 1046 2331 1082; x_wconf 90' lang='lat' dir='ltr'>cuius</span> 
     </span>
     <span class='ocr_line' id='line_1_103' title="bbox 1232 1089 2329 1129; baseline 0.003 -5"><span class='ocrx_word' id='word_1_776' title='bbox 1232 1089 1332 1124; x_wconf 89' lang='lat' dir='ltr'>nulla</span> <span class='ocrx_word' id='word_1_777' title='bbox 1368 1090 1501 1124; x_wconf 89' lang='lat' dir='ltr'>mentio</span> <span class='ocrx_word' id='word_1_778' title='bbox 1544 1089 1782 1124; x_wconf 91' lang='lat' dir='ltr'>instrumento</span> <span class='ocrx_word' id='word_1_779' title='bbox 1828 1089 2010 1125; x_wconf 89' lang='lat' dir='ltr'>divisionis</span> <span class='ocrx_word' id='word_1_780' title='bbox 2066 1091 2329 1129; x_wconf 85' lang='lat' dir='ltr'>continebatur.</span> 
     </span>
     <span class='ocr_line' id='line_1_104' title="bbox 1234 1134 2331 1182; baseline 0.001 -12"><span class='ocrx_word' id='word_1_781' title='bbox 1234 1145 1366 1180; x_wconf 88' lang='lat' dir='ltr'>quaero</span> <span class='ocrx_word' id='word_1_782' title='bbox 1400 1145 1447 1170; x_wconf 89' lang='lat' dir='ltr'>an</span> <span class='ocrx_word' id='word_1_783' title='bbox 1471 1138 1555 1180; x_wconf 90' lang='lat' dir='ltr'>post</span> <span class='ocrx_word' id='word_1_784' title='bbox 1578 1138 1724 1180; x_wconf 88' lang='lat' dir='ltr'>pactum</span> <span class='ocrx_word' id='word_1_785' title='bbox 1749 1134 1929 1170; x_wconf 90' lang='lat' dir='ltr'>divisionis</span> <span class='ocrx_word' id='word_1_786' title='bbox 1956 1135 2000 1171; x_wconf 89' lang='lat' dir='ltr'>de</span> <span class='ocrx_word' id='word_1_787' title='bbox 2024 1136 2198 1181; x_wconf 87' lang='lat' dir='ltr'>subrepta</span> <span class='ocrx_word' id='word_1_788' title='bbox 2220 1147 2331 1182; x_wconf 89' lang='lat' dir='ltr'>pecu-</span> 
     </span>
     <span class='ocr_line' id='line_1_105' title="bbox 1233 1180 2331 1226; baseline 0.003 -11"><span class='ocrx_word' id='word_1_789' title='bbox 1233 1180 1294 1216; x_wconf 91' lang='lat' dir='ltr'>nia</span> <span class='ocrx_word' id='word_1_790' title='bbox 1325 1180 1498 1215; x_wconf 88' lang='lat' dir='ltr'>fratribus</span> <span class='ocrx_word' id='word_1_791' title='bbox 1531 1180 1702 1216; x_wconf 89' lang='lat' dir='ltr'>adversus</span> <span class='ocrx_word' id='word_1_792' title='bbox 1726 1180 1875 1215; x_wconf 88' lang='lat' dir='ltr'>fratrem</span> <span class='ocrx_word' id='word_1_793' title='bbox 1900 1181 2071 1226; x_wconf 90' lang='lat' dir='ltr'>competit</span> <span class='ocrx_word' id='word_1_794' title='bbox 2095 1182 2202 1217; x_wconf 87' lang='lat' dir='ltr'>actio.</span> <span class='ocrx_word' id='word_1_795' title='bbox 2250 1182 2331 1218; x_wconf 89' lang='lat' dir='ltr'>Mo-</span> 
     </span>
     <span class='ocr_line' id='line_1_106' title="bbox 1233 1226 2331 1271; baseline 0.002 -10"><span class='ocrx_word' id='word_1_796' title='bbox 1233 1226 1394 1261; x_wconf 89' lang='lat' dir='ltr'>destinus</span> <span class='ocrx_word' id='word_1_797' title='bbox 1425 1226 1630 1271; x_wconf 89' lang='lat' dir='ltr'>respondit,</span> <span class='ocrx_word' id='word_1_798' title='bbox 1667 1226 1697 1261; x_wconf 92' lang='lat' dir='ltr'>si</span> <span class='ocrx_word' id='word_1_799' title='bbox 1730 1226 1918 1270; x_wconf 86' lang='lat' dir='ltr'>agentibus</span> <span class='ocrx_word' id='word_1_800' title='bbox 1943 1226 1989 1261; x_wconf 94' lang='lat' dir='ltr'>ob</span> <span class='ocrx_word' id='word_1_801' title='bbox 2014 1227 2217 1271; x_wconf 89' lang='lat' dir='ltr'>portionem</span> <span class='ocrx_word' id='word_1_802' title='bbox 2243 1228 2331 1271; x_wconf 88' lang='lat' dir='ltr'>eius,</span> 
     </span>
     <span class='ocr_line' id='line_1_107' title="bbox 1233 1271 2331 1318; baseline 0.003 -12"><span class='ocrx_word' id='word_1_803' title='bbox 1233 1271 1330 1316; x_wconf 91' lang='lat' dir='ltr'>quod</span> <span class='ocrx_word' id='word_1_804' title='bbox 1353 1271 1562 1316; x_wconf 87' lang='lat' dir='ltr'>subreptum</span> <span class='ocrx_word' id='word_1_805' title='bbox 1587 1282 1608 1306; x_wconf 90' lang='lat' dir='ltr'>a</span> <span class='ocrx_word' id='word_1_806' title='bbox 1633 1271 1727 1306; x_wconf 89' lang='lat' dir='ltr'>Titio</span> <span class='ocrx_word' id='word_1_807' title='bbox 1754 1271 1896 1313; x_wconf 90' lang='lat' dir='ltr'>dicitur,</span> <span class='ocrx_word' id='word_1_808' title='bbox 1921 1272 2096 1316; x_wconf 86' lang='lat' dir='ltr'>generalis</span> <span class='ocrx_word' id='word_1_809' title='bbox 2121 1273 2221 1318; x_wconf 88' lang='lat' dir='ltr'>pacti</span> <span class='ocrx_word' id='word_1_810' title='bbox 2245 1283 2331 1309; x_wconf 92' lang='lat' dir='ltr'>con-</span> 
     </span>
     <span class='ocr_line' id='line_1_108' title="bbox 1233 1316 2332 1362; baseline 0.002 -10"><span class='ocrx_word' id='word_1_811' title='bbox 1233 1317 1330 1352; x_wconf 90' lang='lat' dir='ltr'>venti</span> <span class='ocrx_word' id='word_1_812' title='bbox 1362 1317 1526 1362; x_wconf 88' lang='lat' dir='ltr'>exceptio</span> <span class='ocrx_word' id='word_1_813' title='bbox 1558 1317 1633 1359; x_wconf 89' lang='lat' dir='ltr'>his,</span> <span class='ocrx_word' id='word_1_814' title='bbox 1667 1317 1728 1362; x_wconf 92' lang='lat' dir='ltr'>qui</span> <span class='ocrx_word' id='word_1_815' title='bbox 1751 1316 1914 1352; x_wconf 86' lang='lat' dir='ltr'>fraudem</span> <span class='ocrx_word' id='word_1_816' title='bbox 1939 1327 1961 1352; x_wconf 90' lang='lat' dir='ltr'>a</span> <span class='ocrx_word' id='word_1_817' title='bbox 1985 1317 2079 1353; x_wconf 87' lang='lat' dir='ltr'>Titio</span> <span class='ocrx_word' id='word_1_818' title='bbox 2106 1319 2332 1354; x_wconf 88' lang='lat' dir='ltr'>commissam</span> 
     </span>
     <span class='ocr_line' id='line_1_109' title="bbox 1231 1362 2333 1408; baseline 0.003 -11"><span class='ocrx_word' id='word_1_819' title='bbox 1231 1363 1438 1407; x_wconf 83' lang='lat' dir='ltr'>ignorantes</span> <span class='ocrx_word' id='word_1_820' title='bbox 1462 1366 1731 1408; x_wconf 87' lang='lat' dir='ltr'>transegerunt,</span> <span class='ocrx_word' id='word_1_821' title='bbox 1769 1362 1966 1405; x_wconf 89' lang='lat' dir='ltr'>obiciatur,</span> <span class='ocrx_word' id='word_1_822' title='bbox 2003 1362 2047 1398; x_wconf 91' lang='lat' dir='ltr'>de</span> <span class='ocrx_word' id='word_1_823' title='bbox 2083 1363 2165 1399; x_wconf 87' lang='lat' dir='ltr'>dolo</span> <span class='ocrx_word' id='word_1_824' title='bbox 2196 1364 2333 1400; x_wconf 89' lang='lat' dir='ltr'>utiliter</span> 
     </span>
     <span class='ocr_line' id='line_1_110' title="bbox 1231 1408 1542 1453; baseline 0.003 -11"><span class='ocrx_word' id='word_1_825' title='bbox 1231 1408 1400 1453; x_wconf 87' lang='lat' dir='ltr'>replicari</span> <span class='ocrx_word' id='word_1_826' title='bbox 1424 1418 1542 1453; x_wconf 91' lang='lat' dir='ltr'>posse.</span> 
     </span>
    </p>

    <p class='ocr_par' dir='ltr' id='par_1_18' title="bbox 1231 1451 2333 1762">
     <span class='ocr_line' id='line_1_111' title="bbox 1282 1451 2332 1499; baseline -0.001 -8"><span class='ocrx_word' id='word_1_827' title='bbox 1282 1451 1335 1491; x_wconf 90' lang='grc'>36</span> <span class='ocrx_word' id='word_1_828' title='bbox 1360 1453 1591 1489; x_wconf 70' lang='lat' dir='ltr'>PnocULUs⁷</span> <span class='ocrx_word' id='word_1_829' title='bbox 1624 1453 1715 1488; x_wconf 84' lang='lat' dir='ltr'>libro</span> <span class='ocrx_word' id='word_1_830' title='bbox 1740 1454 1867 1499; x_wconf 82' lang='lat' dir='ltr'>quinto</span> <span class='ocrx_word' id='word_1_831' title='bbox 1892 1454 2131 1499; x_wconf 79' lang='lat' dir='ltr'>epistularum</span> <span class='ocrx_word' id='word_1_832' title='bbox 2179 1453 2217 1489; x_wconf 89' lang='lat' dir='ltr'>Si</span> <span class='ocrx_word' id='word_1_833' title='bbox 2250 1465 2332 1490; x_wconf 91' lang='lat' dir='ltr'>cum</span> 
     </span>
     <span class='ocr_line' id='line_1_112' title="bbox 1231 1498 2333 1543; baseline 0.001 -9"><span class='ocrx_word' id='word_1_834' title='bbox 1231 1499 1384 1534; x_wconf 85' lang='lat' dir='ltr'>fundum</span> <span class='ocrx_word' id='word_1_835' title='bbox 1415 1509 1531 1534; x_wconf 85' lang='lat' dir='ltr'>meum</span> <span class='ocrx_word' id='word_1_836' title='bbox 1563 1498 1745 1543; x_wconf 89' lang='lat' dir='ltr'>possides,</span> <span class='ocrx_word' id='word_1_837' title='bbox 1779 1500 2005 1534; x_wconf 90' lang='lat' dir='ltr'>convenisset</span> <span class='ocrx_word' id='word_1_838' title='bbox 2028 1499 2115 1534; x_wconf 92' lang='lat' dir='ltr'>mihi</span> <span class='ocrx_word' id='word_1_839' title='bbox 2137 1502 2267 1543; x_wconf 90' lang='lat' dir='ltr'>tecum,</span> <span class='ocrx_word' id='word_1_840' title='bbox 2292 1504 2333 1535; x_wconf 91' lang='lat' dir='ltr'>ut</span> 
     </span>
     <span class='ocr_line' id='line_1_113' title="bbox 1234 1544 2333 1589; baseline 0.002 -10"><span class='ocrx_word' id='word_1_841' title='bbox 1234 1545 1309 1580; x_wconf 91' lang='lat' dir='ltr'>eius</span> <span class='ocrx_word' id='word_1_842' title='bbox 1342 1545 1608 1589; x_wconf 88' lang='lat' dir='ltr'>possessionem</span> <span class='ocrx_word' id='word_1_843' title='bbox 1632 1544 1732 1579; x_wconf 90' lang='lat' dir='ltr'>Attio</span> <span class='ocrx_word' id='word_1_844' title='bbox 1764 1544 1943 1580; x_wconf 87' lang='lat' dir='ltr'>traderes:</span> <span class='ocrx_word' id='word_1_845' title='bbox 1979 1544 2220 1580; x_wconf 89' lang='lat' dir='ltr'>vindicantem</span> <span class='ocrx_word' id='word_1_846' title='bbox 2252 1556 2333 1581; x_wconf 91' lang='lat' dir='ltr'>eum</span> 
     </span>
     <span class='ocr_line' id='line_1_114' title="bbox 1231 1589 2333 1636; baseline 0.001 -11"><span class='ocrx_word' id='word_1_847' title='bbox 1231 1589 1384 1625; x_wconf 85' lang='lat' dir='ltr'>fundum</span> <span class='ocrx_word' id='word_1_848' title='bbox 1416 1600 1438 1625; x_wconf 89' lang='lat' dir='ltr'>a</span> <span class='ocrx_word' id='word_1_849' title='bbox 1470 1593 1507 1625; x_wconf 91' lang='lat' dir='ltr'>te</span> <span class='ocrx_word' id='word_1_850' title='bbox 1538 1600 1611 1625; x_wconf 90' lang='lat' dir='ltr'>non</span> <span class='ocrx_word' id='word_1_851' title='bbox 1644 1589 1746 1624; x_wconf 88' lang='lat' dir='ltr'>aliter</span> <span class='ocrx_word' id='word_1_852' title='bbox 1769 1600 1825 1624; x_wconf 94' lang='lat' dir='ltr'>me</span> <span class='ocrx_word' id='word_1_853' title='bbox 1851 1590 2095 1625; x_wconf 90' lang='lat' dir='ltr'>conventionis</span> <span class='ocrx_word' id='word_1_854' title='bbox 2121 1591 2333 1636; x_wconf 89' lang='lat' dir='ltr'>exceptione</span> 
     </span>
     <span class='ocr_line' id='line_1_115' title="bbox 1233 1634 2332 1680; baseline 0.001 -10"><span class='ocrx_word' id='word_1_855' title='bbox 1233 1634 1376 1670; x_wconf 89' lang='lat' dir='ltr'>excludi</span> <span class='ocrx_word' id='word_1_856' title='bbox 1401 1635 1549 1677; x_wconf 89' lang='lat' dir='ltr'>debere,</span> <span class='ocrx_word' id='word_1_857' title='bbox 1583 1645 1691 1680; x_wconf 90' lang='lat' dir='ltr'>quam</span> <span class='ocrx_word' id='word_1_858' title='bbox 1715 1635 1745 1670; x_wconf 88' lang='lat' dir='ltr'>si</span> <span class='ocrx_word' id='word_1_859' title='bbox 1770 1638 1834 1670; x_wconf 90' lang='lat' dir='ltr'>aut</span> <span class='ocrx_word' id='word_1_860' title='bbox 1855 1636 1926 1670; x_wconf 90' lang='lat' dir='ltr'>iam</span> <span class='ocrx_word' id='word_1_861' title='bbox 1950 1635 2180 1679; x_wconf 89' lang='lat' dir='ltr'>tradidisses,</span> <span class='ocrx_word' id='word_1_862' title='bbox 2214 1639 2279 1671; x_wconf 88' lang='lat' dir='ltr'>aut</span> <span class='ocrx_word' id='word_1_863' title='bbox 2302 1636 2332 1672; x_wconf 92' lang='lat' dir='ltr'>si</span> 
     </span>
     <span class='ocr_line' id='line_1_116' title="bbox 1231 1680 2331 1726; baseline 0.001 -10"><span class='ocrx_word' id='word_1_864' title='bbox 1231 1684 1297 1716; x_wconf 87' lang='lat' dir='ltr'>tua</span> <span class='ocrx_word' id='word_1_865' title='bbox 1321 1690 1432 1716; x_wconf 90' lang='lat' dir='ltr'>causa</span> <span class='ocrx_word' id='word_1_866' title='bbox 1455 1680 1492 1715; x_wconf 92' lang='lat' dir='ltr'>id</span> <span class='ocrx_word' id='word_1_867' title='bbox 1515 1681 1609 1715; x_wconf 91' lang='lat' dir='ltr'>inter</span> <span class='ocrx_word' id='word_1_868' title='bbox 1631 1690 1698 1715; x_wconf 90' lang='lat' dir='ltr'>nos</span> <span class='ocrx_word' id='word_1_869' title='bbox 1724 1681 1948 1716; x_wconf 90' lang='lat' dir='ltr'>convenisset</span> <span class='ocrx_word' id='word_1_870' title='bbox 1967 1684 2004 1716; x_wconf 89' lang='lat' dir='ltr'>et</span> <span class='ocrx_word' id='word_1_871' title='bbox 2024 1691 2089 1726; x_wconf 92' lang='lat' dir='ltr'>per</span> <span class='ocrx_word' id='word_1_872' title='bbox 2108 1684 2144 1716; x_wconf 89' lang='lat' dir='ltr'>te</span> <span class='ocrx_word' id='word_1_873' title='bbox 2163 1692 2237 1717; x_wconf 91' lang='lat' dir='ltr'>non</span> <span class='ocrx_word' id='word_1_874' title='bbox 2257 1685 2331 1717; x_wconf 83' lang='lat' dir='ltr'>sta-</span> 
     </span>
     <span class='ocr_line' id='line_1_117' title="bbox 1232 1725 1720 1762; baseline -0.002 -1"><span class='ocrx_word' id='word_1_875' title='bbox 1232 1729 1288 1762; x_wconf 91' lang='lat' dir='ltr'>ret</span> <span class='ocrx_word' id='word_1_876' title='bbox 1335 1737 1382 1762; x_wconf 92' lang='lat' dir='ltr'>uo</span> <span class='ocrx_word' id='word_1_877' title='bbox 1407 1726 1525 1761; x_wconf 90' lang='lat' dir='ltr'>minus</span> <span class='ocrx_word' id='word_1_878' title='bbox 1548 1725 1720 1760; x_wconf 89' lang='lat' dir='ltr'>traderes.</span> 
     </span>
    </p>

    <p class='ocr_par' dir='ltr' id='par_1_19' title="bbox 1232 1769 2334 1989">
     <span class='ocr_line' id='line_1_118' title="bbox 1279 1769 2331 1809; baseline -0.002 -1"><span class='ocrx_word' id='word_1_879' title='bbox 1279 1769 1303 1809; x_wconf 90' lang='lat'><strong>3</strong></span> <span class='ocrx_word' id='word_1_880' title='bbox 1358 1771 1556 1806; x_wconf 75' lang='lat' dir='ltr'>PAPJRJUS</span> <span class='ocrx_word' id='word_1_881' title='bbox 1575 1770 1720 1806; x_wconf 74' lang='lat' dir='ltr'>Iasws</span> <span class='ocrx_word' id='word_1_882' title='bbox 1741 1770 1832 1806; x_wconf 83' lang='lat' dir='ltr'>libro</span> <span class='ocrx_word' id='word_1_883' title='bbox 1855 1770 2014 1806; x_wconf 83' lang='lat' dir='ltr'>seeundo</span> <span class='ocrx_word' id='word_1_884' title='bbox 2039 1771 2084 1806; x_wconf 83' lang='lat' dir='ltr'>de</span> <span class='ocrx_word' id='word_1_885' title='bbox 2108 1772 2331 1807; x_wconf 77' lang='lat' dir='ltr'>constitutio-</span> 
     </span>
     <span class='ocr_line' id='line_1_119' title="bbox 1232 1816 2334 1862; baseline 0.001 -11"><span class='ocrx_word' id='word_1_886' title='bbox 1232 1817 1339 1853; x_wconf 85' lang='lat' dir='ltr'>nibus</span> <span class='ocrx_word' id='word_1_887' title='bbox 1383 1817 1624 1862; x_wconf 89' lang='lat' dir='ltr'>Imperatores</span> <span class='ocrx_word' id='word_1_888' title='bbox 1646 1816 1851 1851; x_wconf 83' lang='lat' dir='ltr'>Antoninus</span> <span class='ocrx_word' id='word_1_889' title='bbox 1876 1819 1912 1851; x_wconf 89' lang='lat' dir='ltr'>et</span> <span class='ocrx_word' id='word_1_890' title='bbox 1930 1816 2046 1851; x_wconf 89' lang='lat' dir='ltr'>Verus</span> <span class='ocrx_word' id='word_1_891' title='bbox 2070 1817 2334 1861; x_wconf 86' lang='lat' dir='ltr'>rescripserunt</span> 
     </span>
     <span class='ocr_line' id='line_1_120' title="bbox 1234 1861 2332 1907; baseline -0.001 -9"><span class='ocrx_word' id='word_1_892' title='bbox 1234 1862 1410 1898; x_wconf 80' lang='lat' dir='ltr'>debitori⁸</span> <span class='ocrx_word' id='word_1_893' title='bbox 1433 1862 1485 1897; x_wconf 90' lang='lat' dir='ltr'>rei</span> <span class='ocrx_word' id='word_1_894' title='bbox 1517 1861 1684 1907; x_wconf 89' lang='lat' dir='ltr'>publicae</span> <span class='ocrx_word' id='word_1_895' title='bbox 1717 1871 1738 1896; x_wconf 88' lang='lat' dir='ltr'>a</span> <span class='ocrx_word' id='word_1_896' title='bbox 1763 1865 1930 1896; x_wconf 89' lang='lat' dir='ltr'>curatore</span> <span class='ocrx_word' id='word_1_897' title='bbox 1953 1862 2136 1906; x_wconf 79' lang='lat' dir='ltr'>permitti⁹</span> <span class='ocrx_word' id='word_1_898' title='bbox 2159 1863 2332 1907; x_wconf 88' lang='lat' dir='ltr'>pecunias</span> 
     </span>
     <span class='ocr_line' id='line_1_121' title="bbox 1233 1907 2331 1953; baseline 0 -10"><span class='ocrx_word' id='word_1_899' title='bbox 1233 1919 1306 1944; x_wconf 91' lang='lat' dir='ltr'>non</span> <span class='ocrx_word' id='word_1_900' title='bbox 1339 1918 1446 1953; x_wconf 88' lang='lat' dir='ltr'>posse</span> <span class='ocrx_word' id='word_1_901' title='bbox 1481 1910 1535 1950; x_wconf 92' lang='lat' dir='ltr'>et,</span> <span class='ocrx_word' id='word_1_902' title='bbox 1569 1918 1651 1943; x_wconf 88' lang='lat' dir='ltr'>cum</span> <span class='ocrx_word' id='word_1_903' title='bbox 1674 1907 1966 1952; x_wconf 89' lang='lat' dir='ltr'>Philippensibus</span> <span class='ocrx_word' id='word_1_904' title='bbox 1997 1907 2168 1942; x_wconf 88' lang='lat' dir='ltr'>remissae</span> <span class='ocrx_word' id='word_1_905' title='bbox 2201 1911 2331 1950; x_wconf 89' lang='lat' dir='ltr'>essent,</span> 
     </span>
     <span class='ocr_line' id='line_1_122' title="bbox 1232 1953 1466 1989; baseline -0.004 0"><span class='ocrx_word' id='word_1_906' title='bbox 1232 1953 1466 1989; x_wconf 88' lang='lat' dir='ltr'>revocandas.</span> 
     </span>
    </p>

    <p class='ocr_par' dir='ltr' id='par_1_20' title="bbox 1233 1996 2332 2090">
     <span class='ocr_line' id='line_1_123' title="bbox 1280 1996 2332 2043; baseline -0.002 -7"><span class='ocrx_word' id='word_1_907' title='bbox 1280 1996 1333 2036; x_wconf 86' lang='lat'>38</span> <span class='ocrx_word' id='word_1_908' title='bbox 1360 1998 1609 2034; x_wconf 71' lang='lat' dir='ltr'><em>PAPJNJANUS</em></span> <span class='ocrx_word' id='word_1_909' title='bbox 1641 1998 1733 2034; x_wconf 83' lang='lat' dir='ltr'>libro</span> <span class='ocrx_word' id='word_1_910' title='bbox 1769 1997 1928 2033; x_wconf 85' lang='lat' dir='ltr'>secundo</span> <span class='ocrx_word' id='word_1_911' title='bbox 1965 1998 2217 2043; x_wconf 81' lang='lat' dir='ltr'>quaestionum</span> <span class='ocrx_word' id='word_1_912' title='bbox 2271 1998 2332 2034; x_wconf 85' lang='lat' dir='ltr'>Ius</span> 
     </span>
     <span class='ocr_line' id='line_1_124' title="bbox 1233 2042 2215 2090; baseline -0.001 -11"><span class='ocrx_word' id='word_1_913' title='bbox 1233 2045 1419 2090; x_wconf 91' lang='lat' dir='ltr'>publicum</span> <span class='ocrx_word' id='word_1_914' title='bbox 1442 2044 1663 2089; x_wconf 89' lang='lat' dir='ltr'>privatorum</span> <span class='ocrx_word' id='word_1_915' title='bbox 1687 2043 1804 2088; x_wconf 88' lang='lat' dir='ltr'>pactis</span> <span class='ocrx_word' id='word_1_916' title='bbox 1828 2042 1962 2078; x_wconf 90' lang='lat' dir='ltr'>mutari</span> <span class='ocrx_word' id='word_1_917' title='bbox 1985 2053 2058 2078; x_wconf 91' lang='lat' dir='ltr'>non</span> <span class='ocrx_word' id='word_1_918' title='bbox 2082 2047 2215 2088; x_wconf 91' lang='lat' dir='ltr'>potest.</span> 
     </span>
    </p>

    <p class='ocr_par' dir='ltr' id='par_1_21' title="bbox 1234 2087 2334 2273">
     <span class='ocr_line' id='line_1_125' title="bbox 1280 2087 2332 2141; baseline -0.004 -13"><span class='ocrx_word' id='word_1_919' title='bbox 1280 2087 1334 2128; x_wconf 86' lang='lat'>39</span> <span class='ocrx_word' id='word_1_920' title='bbox 1358 2089 1468 2125; x_wconf 79' lang='lat' dir='ltr'><em>IDEM</em></span> <span class='ocrx_word' id='word_1_921' title='bbox 1487 2089 1578 2125; x_wconf 87' lang='lat' dir='ltr'>libro</span> <span class='ocrx_word' id='word_1_922' title='bbox 1604 2089 1729 2134; x_wconf 83' lang='lat' dir='ltr'>quinto</span> <span class='ocrx_word' id='word_1_923' title='bbox 1754 2089 2006 2135; x_wconf 84' lang='lat' dir='ltr'>quaestionum</span> <span class='ocrx_word' id='word_1_924' title='bbox 2041 2088 2233 2124; x_wconf 89' lang='lat' dir='ltr'>Veteribus</span> <span class='ocrx_word' id='word_1_925' title='bbox 2254 2089 2332 2141; x_wconf 84' lang='lat' dir='ltr'>pla-</span> 
     </span>
     <span class='ocr_line' id='line_1_126' title="bbox 1235 2134 2334 2178; baseline -0.002 -7"><span class='ocrx_word' id='word_1_926' title='bbox 1235 2139 1293 2171; x_wconf 87' lang='lat' dir='ltr'>cet</span> <span class='ocrx_word' id='word_1_927' title='bbox 1350 2135 1528 2170; x_wconf 88' lang='lat' dir='ltr'>actionem</span> <span class='ocrx_word' id='word_1_928' title='bbox 1558 2134 1750 2170; x_wconf 87' lang='lat' dir='ltr'>obscuram</span> <span class='ocrx_word' id='word_1_929' title='bbox 1782 2134 1836 2169; x_wconf 91' lang='lat' dir='ltr'>vel</span> <span class='ocrx_word' id='word_1_930' title='bbox 1870 2134 2074 2178; x_wconf 86' lang='lat' dir='ltr'>ambiguam</span> <span class='ocrx_word' id='word_1_931' title='bbox 2097 2134 2274 2169; x_wconf 80' lang='lat' dir='ltr'>venditori</span> <span class='ocrx_word' id='word_1_932' title='bbox 2298 2138 2334 2170; x_wconf 91' lang='lat' dir='ltr'>et</span> 
     </span>
     <span class='ocr_line' id='line_1_127' title="bbox 1234 2178 2333 2226; baseline -0.001 -10"><span class='ocrx_word' id='word_1_933' title='bbox 1234 2181 1295 2226; x_wconf 91' lang='lat' dir='ltr'>qui</span> <span class='ocrx_word' id='word_1_934' title='bbox 1341 2180 1459 2216; x_wconf 91' lang='lat' dir='ltr'>ocavit</span> <span class='ocrx_word' id='word_1_935' title='bbox 1489 2190 1639 2222; x_wconf 87' lang='lat' dir='ltr'>nocere,</span> <span class='ocrx_word' id='word_1_936' title='bbox 1672 2180 1709 2214; x_wconf 92' lang='lat' dir='ltr'>in</span> <span class='ocrx_word' id='word_1_937' title='bbox 1741 2189 1894 2225; x_wconf 88' lang='lat' dir='ltr'>quorum</span> <span class='ocrx_word' id='word_1_938' title='bbox 1916 2178 1987 2215; x_wconf 80' lang='lat' dir='ltr'>fuit</span> <span class='ocrx_word' id='word_1_939' title='bbox 2009 2182 2190 2224; x_wconf 90' lang='lat' dir='ltr'>potestate</span> <span class='ocrx_word' id='word_1_940' title='bbox 2220 2180 2333 2224; x_wconf 89' lang='lat' dir='ltr'>legem</span> 
     </span>
     <span class='ocr_line' id='line_1_128' title="bbox 1234 2226 1656 2273; baseline -0.002 -12"><span class='ocrx_word' id='word_1_941' title='bbox 1234 2226 1394 2273; x_wconf 89' lang='lat' dir='ltr'>apertius</span> <span class='ocrx_word' id='word_1_942' title='bbox 1420 2226 1656 2261; x_wconf 90' lang='lat' dir='ltr'>conscribere.</span> 
     </span>
    </p>

    <p class='ocr_par' dir='ltr' id='par_1_22' title="bbox 1232 2270 2333 3267">
     <span class='ocr_line' id='line_1_129' title="bbox 1280 2270 2333 2317; baseline -0.005 -7"><span class='ocrx_word' id='word_1_943' title='bbox 1280 2270 1335 2310; x_wconf 89' lang='grc'>40</span> <span class='ocrx_word' id='word_1_944' title='bbox 1359 2271 1467 2307; x_wconf 75' lang='lat' dir='ltr'><em>IDEM</em></span> <span class='ocrx_word' id='word_1_945' title='bbox 1495 2271 1586 2306; x_wconf 84' lang='lat' dir='ltr'>libro</span> <span class='ocrx_word' id='word_1_946' title='bbox 1612 2271 1736 2316; x_wconf 84' lang='lat' dir='ltr'>primo</span> <span class='ocrx_word' id='word_1_947' title='bbox 1759 2280 2018 2317; x_wconf 81' lang='lat' dir='ltr'>responsorum</span> <span class='ocrx_word' id='word_1_948' title='bbox 2066 2270 2156 2305; x_wconf 89' lang='lat' dir='ltr'>Tale</span> <span class='ocrx_word' id='word_1_949' title='bbox 2186 2274 2333 2315; x_wconf 92' lang='lat' dir='ltr'>pactum</span> 
     </span>
     <span class='ocr_line' id='line_1_130' title="bbox 1235 2315 2331 2363; baseline -0.002 -11"><span class='ocrx_word' id='word_1_950' title='bbox 1235 2316 1418 2363; x_wconf 90' lang='lat' dir='ltr'>‘profiteor</span> <span class='ocrx_word' id='word_1_951' title='bbox 1449 2320 1485 2351; x_wconf 89' lang='lat' dir='ltr'>te</span> <span class='ocrx_word' id='word_1_952' title='bbox 1516 2327 1589 2352; x_wconf 91' lang='lat' dir='ltr'>non</span> <span class='ocrx_word' id='word_1_953' title='bbox 1620 2316 1745 2351; x_wconf 88' lang='lat' dir='ltr'>teneri‘</span> <span class='ocrx_word' id='word_1_954' title='bbox 1771 2326 1844 2350; x_wconf 92' lang='lat' dir='ltr'>non</span> <span class='ocrx_word' id='word_1_955' title='bbox 1875 2315 1914 2350; x_wconf 92' lang='lat' dir='ltr'>in</span> <span class='ocrx_word' id='word_1_956' title='bbox 1944 2326 2136 2361; x_wconf 88' lang='lat' dir='ltr'>personam</span> <span class='ocrx_word' id='word_1_957' title='bbox 2161 2315 2331 2360; x_wconf 83' lang='lat' dir='ltr'>dirigitur,</span> 
     </span>
     <span class='ocr_line' id='line_1_131' title="bbox 1233 2361 2333 2413; baseline -0.003 -15"><span class='ocrx_word' id='word_1_958' title='bbox 1233 2363 1297 2398; x_wconf 89' lang='lat' dir='ltr'>sed</span> <span class='ocrx_word' id='word_1_959' title='bbox 1322 2373 1403 2398; x_wconf 92' lang='lat' dir='ltr'>cum</span> <span class='ocrx_word' id='word_1_960' title='bbox 1433 2362 1597 2407; x_wconf 88' lang='lat' dir='ltr'>generale</span> <span class='ocrx_word' id='word_1_961' title='bbox 1629 2362 1694 2404; x_wconf 90' lang='lat' dir='ltr'>sit,</span> <span class='ocrx_word' id='word_1_962' title='bbox 1731 2362 1851 2397; x_wconf 91' lang='lat' dir='ltr'>locum</span> <span class='ocrx_word' id='word_1_963' title='bbox 1886 2361 1980 2395; x_wconf 89' lang='lat' dir='ltr'>inter</span> <span class='ocrx_word' id='word_1_964' title='bbox 2009 2361 2158 2396; x_wconf 88' lang='lat' dir='ltr'>heredes</span> <span class='ocrx_word' id='word_1_965' title='bbox 2191 2371 2333 2413; x_wconf 82' lang='lat' dir='ltr'>quoque</span> 
     </span>
     <span class='ocr_line' id='line_1_132' title="bbox 1236 2406 2331 2453; baseline -0.002 -11"><span class='ocrx_word' id='word_1_966' title='bbox 1236 2411 1251 2443; x_wconf 91' lang='lat'>1</span> <span class='ocrx_word' id='word_1_967' title='bbox 1300 2408 1482 2453; x_wconf 87' lang='lat' dir='ltr'>litigantes</span> <span class='ocrx_word' id='word_1_968' title='bbox 1505 2407 1663 2442; x_wconf 90' lang='lat' dir='ltr'>habebit.</span> <span class='ocrx_word' id='word_1_969' title='bbox 1713 2406 1782 2451; x_wconf 83' lang='lat' dir='ltr'>Qui</span> <span class='ocrx_word' id='word_1_970' title='bbox 1805 2407 2022 2452; x_wconf 89' lang='lat' dir='ltr'>provocavit,</span> <span class='ocrx_word' id='word_1_971' title='bbox 2047 2410 2176 2451; x_wconf 89' lang='lat' dir='ltr'>pactus</span> <span class='ocrx_word' id='word_1_972' title='bbox 2201 2410 2255 2441; x_wconf 91' lang='lat' dir='ltr'>est</span> <span class='ocrx_word' id='word_1_973' title='bbox 2277 2417 2331 2441; x_wconf 91' lang='lat' dir='ltr'>m-</span> 
     </span>
     <span class='ocr_line' id='line_1_133' title="bbox 1233 2452 2333 2497; baseline -0.001 -9"><span class='ocrx_word' id='word_1_974' title='bbox 1233 2457 1290 2488; x_wconf 89' lang='lat' dir='ltr'>tra</span> <span class='ocrx_word' id='word_1_975' title='bbox 1309 2453 1402 2488; x_wconf 90' lang='lat' dir='ltr'>diem</span> <span class='ocrx_word' id='word_1_976' title='bbox 1424 2456 1561 2488; x_wconf 91' lang='lat' dir='ltr'>certum</span> <span class='ocrx_word' id='word_1_977' title='bbox 1582 2452 1746 2497; x_wconf 87' lang='lat' dir='ltr'>pecunia,</span> <span class='ocrx_word' id='word_1_978' title='bbox 1773 2462 1844 2497; x_wconf 91' lang='lat' dir='ltr'>qua</span> <span class='ocrx_word' id='word_1_979' title='bbox 1863 2455 2098 2496; x_wconf 88' lang='lat' dir='ltr'>transegerat,</span> <span class='ocrx_word' id='word_1_980' title='bbox 2119 2462 2192 2486; x_wconf 92' lang='lat' dir='ltr'>non</span> <span class='ocrx_word' id='word_1_981' title='bbox 2213 2452 2333 2487; x_wconf 88' lang='lat' dir='ltr'>soluta</span> 
     </span>
     <span class='ocr_line' id='line_1_134' title="bbox 1233 2496 2329 2541; baseline -0.002 -7"><span class='ocrx_word' id='word_1_982' title='bbox 1233 2499 1400 2534; x_wconf 86' lang='lat' dir='ltr'>iudicatis</span> <span class='ocrx_word' id='word_1_983' title='bbox 1414 2500 1441 2519; x_wconf 83' lang='lat'>¹⁰</span> <span class='ocrx_word' id='word_1_984' title='bbox 1466 2508 1504 2533; x_wconf 89' lang='lat' dir='ltr'>se</span> <span class='ocrx_word' id='word_1_985' title='bbox 1525 2498 1812 2533; x_wconf 85' lang='lat' dir='ltr'>satisfacturum:</span> <span class='ocrx_word' id='word_1_986' title='bbox 1838 2497 1945 2532; x_wconf 89' lang='lat' dir='ltr'>iudex</span> <span class='ocrx_word' id='word_1_987' title='bbox 1965 2496 2216 2541; x_wconf 87' lang='lat' dir='ltr'>appellationis</span> <span class='ocrx_word' id='word_1_988' title='bbox 2230 2497 2329 2532; x_wconf 89' lang='lat' dir='ltr'>nullo</span> 
     </span>
     <span class='ocr_line' id='line_1_135' title="bbox 1234 2542 2331 2588; baseline -0.002 -9"><span class='ocrx_word' id='word_1_989' title='bbox 1234 2544 1304 2579; x_wconf 92' lang='lat' dir='ltr'>alio</span> <span class='ocrx_word' id='word_1_990' title='bbox 1339 2544 1383 2579; x_wconf 92' lang='lat' dir='ltr'>de</span> <span class='ocrx_word' id='word_1_991' title='bbox 1414 2543 1605 2588; x_wconf 89' lang='lat' dir='ltr'>principali</span> <span class='ocrx_word' id='word_1_992' title='bbox 1637 2553 1747 2578; x_wconf 89' lang='lat' dir='ltr'>causa</span> <span class='ocrx_word' id='word_1_993' title='bbox 1780 2543 1941 2577; x_wconf 88' lang='lat' dir='ltr'>discusso</span> <span class='ocrx_word' id='word_1_994' title='bbox 1966 2542 2099 2576; x_wconf 89' lang='lat' dir='ltr'>iustam</span> <span class='ocrx_word' id='word_1_995' title='bbox 2124 2542 2331 2577; x_wconf 88' lang='lat' dir='ltr'>conventio-</span> 
     </span>
     <span class='ocr_line' id='line_1_136' title="bbox 1234 2586 2332 2632; baseline -0.003 -8"><span class='ocrx_word' id='word_1_996' title='bbox 1234 2592 1254 2624; x_wconf 88' lang='lat'>2</span> <span class='ocrx_word' id='word_1_997' title='bbox 1302 2599 1384 2624; x_wconf 92' lang='lat' dir='ltr'>nem</span> <span class='ocrx_word' id='word_1_998' title='bbox 1415 2589 1512 2624; x_wconf 91' lang='lat' dir='ltr'>velut</span> <span class='ocrx_word' id='word_1_999' title='bbox 1546 2588 1741 2623; x_wconf 87' lang='lat' dir='ltr'>confessi¹¹</span> <span class='ocrx_word' id='word_1_1000' title='bbox 1775 2590 1953 2632; x_wconf 90' lang='lat' dir='ltr'>sequetur.</span> <span class='ocrx_word' id='word_1_1001' title='bbox 2002 2587 2091 2622; x_wconf 94' lang='lat' dir='ltr'>Post</span> <span class='ocrx_word' id='word_1_1002' title='bbox 2126 2586 2332 2622; x_wconf 89' lang='lat' dir='ltr'>divisionem</span> 
     </span>
     <span class='ocr_line' id='line_1_137' title="bbox 1233 2632 2332 2677; baseline -0.003 -7"><span class='ocrx_word' id='word_1_1003' title='bbox 1233 2635 1411 2670; x_wconf 92' lang='lat' dir='ltr'>bonorum</span> <span class='ocrx_word' id='word_1_1004' title='bbox 1443 2637 1478 2669; x_wconf 90' lang='lat' dir='ltr'>et</span> <span class='ocrx_word' id='word_1_1005' title='bbox 1510 2633 1602 2668; x_wconf 89' lang='lat' dir='ltr'>aeris</span> <span class='ocrx_word' id='word_1_1006' title='bbox 1637 2633 1742 2668; x_wconf 89' lang='lat' dir='ltr'>alieni</span> <span class='ocrx_word' id='word_1_1007' title='bbox 1766 2632 1895 2677; x_wconf 87' lang='lat' dir='ltr'>singuli</span> <span class='ocrx_word' id='word_1_1008' title='bbox 1919 2632 2113 2667; x_wconf 89' lang='lat' dir='ltr'>creditores</span> <span class='ocrx_word' id='word_1_1009' title='bbox 2138 2642 2160 2667; x_wconf 91' lang='lat' dir='ltr'>a</span> <span class='ocrx_word' id='word_1_1010' title='bbox 2183 2632 2239 2668; x_wconf 86' lang='lat' dir='ltr'>sin</span> <span class='ocrx_word' id='word_1_1011' title='bbox 2264 2632 2332 2668; x_wconf 91' lang='lat' dir='ltr'>ulis</span> 
     </span>
     <span class='ocr_line' id='line_1_138' title="bbox 1232 2677 2331 2723; baseline -0.003 -8"><span class='ocrx_word' id='word_1_1012' title='bbox 1232 2680 1425 2715; x_wconf 89' lang='lat' dir='ltr'>heredibus</span> <span class='ocrx_word' id='word_1_1013' title='bbox 1459 2690 1533 2714; x_wconf 90' lang='lat' dir='ltr'>non</span> <span class='ocrx_word' id='word_1_1014' title='bbox 1556 2678 1776 2723; x_wconf 88' lang='lat' dir='ltr'>interpositis</span> <span class='ocrx_word' id='word_1_1015' title='bbox 1801 2677 2080 2722; x_wconf 89' lang='lat' dir='ltr'>delegationibus</span> <span class='ocrx_word' id='word_1_1016' title='bbox 2103 2677 2142 2712; x_wconf 92' lang='lat' dir='ltr'>in</span> <span class='ocrx_word' id='word_1_1017' title='bbox 2166 2678 2233 2713; x_wconf 91' lang='lat' dir='ltr'>soli</span> <span class='ocrx_word' id='word_1_1018' title='bbox 2259 2688 2331 2721; x_wconf 90' lang='lat' dir='ltr'>um,</span> 
     </span>
     <span class='ocr_line' id='line_1_139' title="bbox 1233 2723 2330 2768; baseline -0.002 -8"><span class='ocrx_word' id='word_1_1019' title='bbox 1233 2729 1275 2760; x_wconf 91' lang='lat' dir='ltr'>ut</span> <span class='ocrx_word' id='word_1_1020' title='bbox 1299 2728 1534 2767; x_wconf 89' lang='lat' dir='ltr'>convenerat,</span> <span class='ocrx_word' id='word_1_1021' title='bbox 1559 2734 1688 2759; x_wconf 88' lang='lat' dir='ltr'>usuras</span> <span class='ocrx_word' id='word_1_1022' title='bbox 1713 2726 2007 2768; x_wconf 87' lang='lat' dir='ltr'>acceptaverunt:</span> <span class='ocrx_word' id='word_1_1023' title='bbox 2034 2723 2213 2765; x_wconf 90' lang='lat' dir='ltr'>actiones,</span> <span class='ocrx_word' id='word_1_1024' title='bbox 2240 2733 2330 2768; x_wconf 89' lang='lat' dir='ltr'>quas</span> 
     </span>
     <span class='ocr_line' id='line_1_140' title="bbox 1234 2768 2332 2814; baseline -0.003 -8"><span class='ocrx_word' id='word_1_1025' title='bbox 1234 2771 1403 2806; x_wconf 89' lang='lat' dir='ltr'>adversus</span> <span class='ocrx_word' id='word_1_1026' title='bbox 1440 2780 1562 2805; x_wconf 91' lang='lat' dir='ltr'>omnes</span> <span class='ocrx_word' id='word_1_1027' title='bbox 1598 2779 1663 2814; x_wconf 90' lang='lat' dir='ltr'>pro</span> <span class='ocrx_word' id='word_1_1028' title='bbox 1699 2768 1863 2813; x_wconf 89' lang='lat' dir='ltr'>partibus</span> <span class='ocrx_word' id='word_1_1029' title='bbox 1895 2768 2050 2811; x_wconf 89' lang='lat' dir='ltr'>habent,</span> <span class='ocrx_word' id='word_1_1030' title='bbox 2086 2768 2332 2813; x_wconf 88' lang='lat' dir='ltr'>impediendae</span> 
     </span>
     <span class='ocr_line' id='line_1_141' title="bbox 1234 2812 2331 2858; baseline -0.002 -7"><span class='ocrx_word' id='word_1_1031' title='bbox 1234 2827 1306 2851; x_wconf 91' lang='lat' dir='ltr'>non</span> <span class='ocrx_word' id='word_1_1032' title='bbox 1339 2819 1459 2857; x_wconf 87' lang='lat' dir='ltr'>erunt,</span> <span class='ocrx_word' id='word_1_1033' title='bbox 1495 2816 1526 2850; x_wconf 92' lang='lat' dir='ltr'>si</span> <span class='ocrx_word' id='word_1_1034' title='bbox 1557 2825 1629 2849; x_wconf 92' lang='lat' dir='ltr'>non</span> <span class='ocrx_word' id='word_1_1035' title='bbox 1653 2814 1782 2858; x_wconf 89' lang='lat' dir='ltr'>singuli</span> <span class='ocrx_word' id='word_1_1036' title='bbox 1805 2824 1870 2858; x_wconf 91' lang='lat' dir='ltr'>pro</span> <span class='ocrx_word' id='word_1_1037' title='bbox 1894 2812 1966 2849; x_wconf 90' lang='lat' dir='ltr'>fide</span> <span class='ocrx_word' id='word_1_1038' title='bbox 1988 2814 2040 2849; x_wconf 89' lang='lat' dir='ltr'>rei</span> <span class='ocrx_word' id='word_1_1039' title='bbox 2069 2818 2192 2858; x_wconf 89' lang='lat' dir='ltr'>gestae</span> <span class='ocrx_word' id='word_1_1040' title='bbox 2215 2817 2331 2850; x_wconf 91' lang='lat' dir='ltr'>totum</span> 
     </span>
     <span class='ocr_line' id='line_1_142' title="bbox 1235 2858 2330 2904; baseline -0.003 -8"><span class='ocrx_word' id='word_1_1041' title='bbox 1235 2864 1254 2896; x_wconf 90' lang='lat'><strong>3</strong></span> <span class='ocrx_word' id='word_1_1042' title='bbox 1303 2860 1461 2896; x_wconf 91' lang='lat' dir='ltr'>debitum</span> <span class='ocrx_word' id='word_1_1043' title='bbox 1485 2860 1632 2904; x_wconf 89' lang='lat' dir='ltr'>singulis</span> <span class='ocrx_word' id='word_1_1044' title='bbox 1658 2858 1823 2894; x_wconf 89' lang='lat' dir='ltr'>offerant.</span> <span class='ocrx_word' id='word_1_1045' title='bbox 1870 2859 1990 2902; x_wconf 92' lang='lat' dir='ltr'>Pater,</span> <span class='ocrx_word' id='word_1_1046' title='bbox 2017 2860 2078 2904; x_wconf 93' lang='lat' dir='ltr'>qui</span> <span class='ocrx_word' id='word_1_1047' title='bbox 2102 2859 2222 2894; x_wconf 89' lang='lat' dir='ltr'>dotem</span> <span class='ocrx_word' id='word_1_1048' title='bbox 2246 2870 2330 2904; x_wconf 86' lang='lat' dir='ltr'>pro-</span> 
     </span>
     <span class='ocr_line' id='line_1_143' title="bbox 1233 2904 2330 2950; baseline -0.002 -9"><span class='ocrx_word' id='word_1_1049' title='bbox 1233 2906 1348 2948; x_wconf 90' lang='lat' dir='ltr'>misit,</span> <span class='ocrx_word' id='word_1_1050' title='bbox 1372 2909 1502 2950; x_wconf 88' lang='lat' dir='ltr'>pactus</span> <span class='ocrx_word' id='word_1_1051' title='bbox 1527 2908 1592 2947; x_wconf 91' lang='lat' dir='ltr'>est,</span> <span class='ocrx_word' id='word_1_1052' title='bbox 1617 2908 1658 2939; x_wconf 93' lang='lat' dir='ltr'>ut</span> <span class='ocrx_word' id='word_1_1053' title='bbox 1681 2907 1765 2949; x_wconf 91' lang='lat' dir='ltr'>post</span> <span class='ocrx_word' id='word_1_1054' title='bbox 1786 2907 1937 2940; x_wconf 89' lang='lat' dir='ltr'>mortem</span> <span class='ocrx_word' id='word_1_1055' title='bbox 1961 2915 2064 2940; x_wconf 89' lang='lat' dir='ltr'>suam</span> <span class='ocrx_word' id='word_1_1056' title='bbox 2087 2904 2126 2939; x_wconf 91' lang='lat' dir='ltr'>in</span> <span class='ocrx_word' id='word_1_1057' title='bbox 2148 2905 2330 2939; x_wconf 87' lang='lat' dir='ltr'>matrimo—</span> 
     </span>
     <span class='ocr_line' id='line_1_144' title="bbox 1234 2949 2330 2995; baseline -0.002 -9"><span class='ocrx_word' id='word_1_1058' title='bbox 1234 2952 1292 2986; x_wconf 91' lang='lat' dir='ltr'>nio</span> <span class='ocrx_word' id='word_1_1059' title='bbox 1318 2951 1394 2986; x_wconf 88' lang='lat' dir='ltr'>sine</span> <span class='ocrx_word' id='word_1_1060' title='bbox 1417 2950 1538 2986; x_wconf 90' lang='lat' dir='ltr'>liberis</span> <span class='ocrx_word' id='word_1_1061' title='bbox 1564 2949 1733 2985; x_wconf 88' lang='lat' dir='ltr'>defuncta</span> <span class='ocrx_word' id='word_1_1062' title='bbox 1756 2949 1830 2984; x_wconf 89' lang='lat' dir='ltr'>filia</span> <span class='ocrx_word' id='word_1_1063' title='bbox 1852 2950 1968 2995; x_wconf 88' lang='lat' dir='ltr'>portio</span> <span class='ocrx_word' id='word_1_1064' title='bbox 1994 2950 2087 2985; x_wconf 91' lang='lat' dir='ltr'>dotis</span> <span class='ocrx_word' id='word_1_1065' title='bbox 2113 2950 2209 2995; x_wconf 86' lang='lat' dir='ltr'>apud</span> <span class='ocrx_word' id='word_1_1066' title='bbox 2227 2950 2330 2984; x_wconf 90' lang='lat' dir='ltr'>here-</span> 
     </span>
     <span class='ocr_line' id='line_1_145' title="bbox 1235 2995 2331 3031; baseline -0.001 0"><span class='ocrx_word' id='word_1_1067' title='bbox 1235 2997 1316 3031; x_wconf 89' lang='lat' dir='ltr'>dem</span> <span class='ocrx_word' id='word_1_1068' title='bbox 1340 3006 1444 3031; x_wconf 90' lang='lat' dir='ltr'>suum</span> <span class='ocrx_word' id='word_1_1069' title='bbox 1466 2995 1615 3030; x_wconf 84' lang='lat' dir='ltr'>fratrem</span> <span class='ocrx_word' id='word_1_1070' title='bbox 1638 2999 1846 3030; x_wconf 86' lang='lat' dir='ltr'>remaneret.</span> <span class='ocrx_word' id='word_1_1071' title='bbox 1886 3006 1928 3030; x_wconf 88' lang='lat' dir='ltr'>ea</span> <span class='ocrx_word' id='word_1_1072' title='bbox 1953 2995 2139 3031; x_wconf 91' lang='lat' dir='ltr'>conventio</span> <span class='ocrx_word' id='word_1_1073' title='bbox 2164 2995 2284 3030; x_wconf 89' lang='lat' dir='ltr'>liberis</span> <span class='ocrx_word' id='word_1_1074' title='bbox 2310 3005 2331 3030; x_wconf 87' lang='lat' dir='ltr'>a</span> 
     </span>
     <span class='ocr_line' id='line_1_146' title="bbox 1235 3041 2329 3086; baseline -0.002 -9"><span class='ocrx_word' id='word_1_1075' title='bbox 1235 3052 1359 3077; x_wconf 89' lang='lat' dir='ltr'>socero</span> <span class='ocrx_word' id='word_1_1076' title='bbox 1394 3044 1523 3086; x_wconf 86' lang='lat' dir='ltr'>postea</span> <span class='ocrx_word' id='word_1_1077' title='bbox 1558 3041 1735 3085; x_wconf 89' lang='lat' dir='ltr'>susceptis</span> <span class='ocrx_word' id='word_1_1078' title='bbox 1760 3044 1795 3076; x_wconf 92' lang='lat' dir='ltr'>et</span> <span class='ocrx_word' id='word_1_1079' title='bbox 1817 3041 2010 3076; x_wconf 89' lang='lat' dir='ltr'>heredibus</span> <span class='ocrx_word' id='word_1_1080' title='bbox 2034 3043 2248 3076; x_wconf 91' lang='lat' dir='ltr'>testamento</span> <span class='ocrx_word' id='word_1_1081' title='bbox 2274 3050 2329 3075; x_wconf 87' lang='lat' dir='ltr'>re-</span> 
     </span>
     <span class='ocr_line' id='line_1_147' title="bbox 1235 3086 2329 3132; baseline -0.002 -10"><span class='ocrx_word' id='word_1_1082' title='bbox 1235 3087 1329 3122; x_wconf 88' lang='lat' dir='ltr'>lictis</span> <span class='ocrx_word' id='word_1_1083' title='bbox 1354 3097 1420 3131; x_wconf 89' lang='lat' dir='ltr'>per</span> <span class='ocrx_word' id='word_1_1084' title='bbox 1444 3086 1688 3130; x_wconf 89' lang='lat' dir='ltr'>exceptionem</span> <span class='ocrx_word' id='word_1_1085' title='bbox 1714 3086 1786 3121; x_wconf 92' lang='lat' dir='ltr'>doli</span> <span class='ocrx_word' id='word_1_1086' title='bbox 1809 3086 1987 3132; x_wconf 89' lang='lat' dir='ltr'>proderit,</span> <span class='ocrx_word' id='word_1_1087' title='bbox 2023 3096 2104 3121; x_wconf 90' lang='lat' dir='ltr'>cum</span> <span class='ocrx_word' id='word_1_1088' title='bbox 2126 3086 2220 3121; x_wconf 89' lang='lat' dir='ltr'>inter</span> <span class='ocrx_word' id='word_1_1089' title='bbox 2245 3095 2329 3121; x_wconf 91' lang='lat' dir='ltr'>con-</span> 
     </span>
     <span class='ocr_line' id='line_1_148' title="bbox 1234 3131 2331 3174; baseline -0.002 -7"><span class='ocrx_word' id='word_1_1090' title='bbox 1234 3133 1419 3167; x_wconf 90' lang='lat' dir='ltr'>trahentes</span> <span class='ocrx_word' id='word_1_1091' title='bbox 1443 3131 1481 3166; x_wconf 90' lang='lat' dir='ltr'>id</span> <span class='ocrx_word' id='word_1_1092' title='bbox 1505 3134 1625 3166; x_wconf 89' lang='lat' dir='ltr'>actum</span> <span class='ocrx_word' id='word_1_1093' title='bbox 1657 3132 1722 3174; x_wconf 86' lang='lat' dir='ltr'>si&#39;t,</span> <span class='ocrx_word' id='word_1_1094' title='bbox 1755 3134 1797 3167; x_wconf 88' lang='lat' dir='ltr'>ut</span> <span class='ocrx_word' id='word_1_1095' title='bbox 1827 3131 2018 3166; x_wconf 89' lang='lat' dir='ltr'>heredibus</span> <span class='ocrx_word' id='word_1_1096' title='bbox 2053 3131 2264 3166; x_wconf 84' lang='lat' dir='ltr'>consulatur</span> <span class='ocrx_word' id='word_1_1097' title='bbox 2296 3134 2331 3165; x_wconf 90' lang='lat' dir='ltr'>et</span> 
     </span>
     <span class='ocr_line' id='line_1_149' title="bbox 1235 3176 2330 3222; baseline -0.002 -10"><span class='ocrx_word' id='word_1_1098' title='bbox 1235 3178 1294 3213; x_wconf 91' lang='lat' dir='ltr'>illo</span> <span class='ocrx_word' id='word_1_1099' title='bbox 1331 3181 1511 3222; x_wconf 88' lang='lat' dir='ltr'>tempore,</span> <span class='ocrx_word' id='word_1_1100' title='bbox 1543 3187 1613 3222; x_wconf 89' lang='lat' dir='ltr'>quo</span> <span class='ocrx_word' id='word_1_1101' title='bbox 1637 3180 1741 3222; x_wconf 90' lang='lat' dir='ltr'>pater</span> <span class='ocrx_word' id='word_1_1102' title='bbox 1765 3177 1854 3212; x_wconf 88' lang='lat' dir='ltr'>alios</span> <span class='ocrx_word' id='word_1_1103' title='bbox 1885 3177 1979 3212; x_wconf 90' lang='lat' dir='ltr'>filios</span> <span class='ocrx_word' id='word_1_1104' title='bbox 2010 3187 2083 3211; x_wconf 91' lang='lat' dir='ltr'>non</span> <span class='ocrx_word' id='word_1_1105' title='bbox 2114 3176 2259 3218; x_wconf 88' lang='lat' dir='ltr'>habuit,</span> <span class='ocrx_word' id='word_1_1106' title='bbox 2292 3176 2330 3210; x_wconf 91' lang='lat' dir='ltr'>in</span> 
     </span>
     <span class='ocr_line' id='line_1_150' title="bbox 1234 3221 2327 3267; baseline -0.002 -10"><span class='ocrx_word' id='word_1_1107' title='bbox 1234 3223 1384 3258; x_wconf 89' lang='lat' dir='ltr'>fratrem</span> <span class='ocrx_word' id='word_1_1108' title='bbox 1406 3233 1509 3257; x_wconf 91' lang='lat' dir='ltr'>suum</span> <span class='ocrx_word' id='word_1_1109' title='bbox 1527 3221 1698 3257; x_wconf 89' lang='lat' dir='ltr'>iudicium</span> <span class='ocrx_word' id='word_1_1110' title='bbox 1717 3233 1921 3267; x_wconf 88' lang='lat' dir='ltr'>supremum</span> <span class='ocrx_word' id='word_1_1111' title='bbox 1944 3222 2137 3257; x_wconf 90' lang='lat' dir='ltr'>contulisse</span> <span class='ocrx_word' id='word_1_1112' title='bbox 2156 3221 2327 3256; x_wconf 89' lang='lat' dir='ltr'>videatur.</span> 
     </span>
    </p>

    <p class='ocr_par' dir='ltr' id='par_1_23' title="bbox 1237 3266 2330 3449">
     <span class='ocr_line' id='line_1_151' title="bbox 1283 3266 2329 3314; baseline -0.005 -10"><span class='ocrx_word' id='word_1_1113' title='bbox 1283 3267 1333 3304; x_wconf 85' lang='lat'>41</span> <span class='ocrx_word' id='word_1_1114' title='bbox 1361 3267 1470 3302; x_wconf 76' lang='lat' dir='ltr'><em>IDEM</em></span> <span class='ocrx_word' id='word_1_1115' title='bbox 1489 3267 1579 3303; x_wconf 85' lang='lat' dir='ltr'>libro</span> <span class='ocrx_word' id='word_1_1116' title='bbox 1603 3267 1791 3303; x_wconf 85' lang='lat' dir='ltr'>undecimo</span> <span class='ocrx_word' id='word_1_1117' title='bbox 1815 3278 2071 3314; x_wconf 85' lang='lat' dir='ltr'>responsorum</span> <span class='ocrx_word' id='word_1_1118' title='bbox 2108 3267 2219 3301; x_wconf 88' lang='lat' dir='ltr'>‘Intra</span> <span class='ocrx_word' id='word_1_1119' title='bbox 2231 3266 2329 3300; x_wconf 89' lang='lat' dir='ltr'>iHum</span> 
     </span>
     <span class='ocr_line' id='line_1_152' title="bbox 1237 3310 2330 3357; baseline -0.004 -9"><span class='ocrx_word' id='word_1_1120' title='bbox 1237 3313 1341 3348; x_wconf 89' lang='lat' dir='ltr'>‘diem</span> <span class='ocrx_word' id='word_1_1121' title='bbox 1366 3312 1475 3347; x_wconf 89' lang='lat' dir='ltr'>debiti</span> <span class='ocrx_word' id='word_1_1122' title='bbox 1498 3317 1638 3357; x_wconf 90' lang='lat' dir='ltr'>partem</span> <span class='ocrx_word' id='word_1_1123' title='bbox 1668 3313 1754 3348; x_wconf 92' lang='lat' dir='ltr'>mihi</span> <span class='ocrx_word' id='word_1_1124' title='bbox 1786 3313 1816 3348; x_wconf 90' lang='lat' dir='ltr'>si</span> <span class='ocrx_word' id='word_1_1125' title='bbox 1847 3313 2012 3354; x_wconf 88' lang='lat' dir='ltr'>solveris,</span> <span class='ocrx_word' id='word_1_1126' title='bbox 2045 3315 2233 3357; x_wconf 88' lang='lat' dir='ltr'>acceptum</span> <span class='ocrx_word' id='word_1_1127' title='bbox 2265 3310 2330 3345; x_wconf 91' lang='lat' dir='ltr'>tibi</span> 
     </span>
     <span class='ocr_line' id='line_1_153' title="bbox 1238 3356 2328 3397; baseline -0.003 -4"><span class='ocrx_word' id='word_1_1128' title='bbox 1238 3358 1430 3393; x_wconf 88' lang='lat' dir='ltr'>‘residuum</span> <span class='ocrx_word' id='word_1_1129' title='bbox 1437 3357 1552 3393; x_wconf 89' lang='lat' dir='ltr'>feram</span> <span class='ocrx_word' id='word_1_1130' title='bbox 1562 3362 1597 3394; x_wconf 87' lang='lat' dir='ltr'>et</span> <span class='ocrx_word' id='word_1_1131' title='bbox 1605 3361 1641 3393; x_wconf 94' lang='lat' dir='ltr'>te</span> <span class='ocrx_word' id='word_1_1132' title='bbox 1649 3358 1834 3393; x_wconf 90' lang='lat' dir='ltr'>liberab0.&#39;</span> <span class='ocrx_word' id='word_1_1133' title='bbox 1843 3358 1928 3393; x_wconf 90' lang='lat' dir='ltr'>licet</span> <span class='ocrx_word' id='word_1_1134' title='bbox 1937 3358 2115 3393; x_wconf 91' lang='lat' dir='ltr'>actionem</span> <span class='ocrx_word' id='word_1_1135' title='bbox 2127 3368 2198 3392; x_wconf 92' lang='lat' dir='ltr'>non</span> <span class='ocrx_word' id='word_1_1136' title='bbox 2207 3356 2328 3397; x_wconf 87' lang='lat' dir='ltr'>habet,</span> 
     </span>
     <span class='ocr_line' id='line_1_154' title="bbox 1238 3400 2326 3449; baseline -0.003 -12"><span class='ocrx_word' id='word_1_1137' title='bbox 1238 3403 1337 3449; x_wconf 89' lang='lat' dir='ltr'>pacti</span> <span class='ocrx_word' id='word_1_1138' title='bbox 1360 3406 1481 3438; x_wconf 87' lang='lat' dir='ltr'>tamen</span> <span class='ocrx_word' id='word_1_1139' title='bbox 1505 3404 1750 3448; x_wconf 89' lang='lat' dir='ltr'>exceptionem</span> <span class='ocrx_word' id='word_1_1140' title='bbox 1775 3406 1978 3448; x_wconf 90' lang='lat' dir='ltr'>competere</span> <span class='ocrx_word' id='word_1_1141' title='bbox 1991 3402 2142 3437; x_wconf 90' lang='lat' dir='ltr'>debitori</span> <span class='ocrx_word' id='word_1_1142' title='bbox 2155 3400 2326 3436; x_wconf 89' lang='lat' dir='ltr'>constitit.</span> 
     </span>
    </p>

    <p class='ocr_par' dir='ltr' id='par_1_24' title="bbox 1237 3446 2329 3584">
     <span class='ocr_line' id='line_1_155' title="bbox 1284 3446 2329 3495; baseline -0.005 -11"><span class='ocrx_word' id='word_1_1143' title='bbox 1284 3446 1337 3484; x_wconf 85' lang='lat'>42</span> <span class='ocrx_word' id='word_1_1144' title='bbox 1362 3448 1471 3483; x_wconf 77' lang='lat' dir='ltr'><em>IDEM</em></span> <span class='ocrx_word' id='word_1_1145' title='bbox 1489 3448 1580 3484; x_wconf 83' lang='lat' dir='ltr'>libro</span> <span class='ocrx_word' id='word_1_1146' title='bbox 1604 3450 1755 3495; x_wconf 84' lang='lat' dir='ltr'>septimo</span> <span class='ocrx_word' id='word_1_1147' title='bbox 1780 3448 1916 3484; x_wconf 80' lang='lat' dir='ltr'>decimo</span> <span class='ocrx_word' id='word_1_1148' title='bbox 1939 3458 2195 3494; x_wconf 84' lang='lat' dir='ltr'>responsorum</span> <span class='ocrx_word' id='word_1_1149' title='bbox 2230 3446 2329 3480; x_wconf 89' lang='lat' dir='ltr'>Inter</span> 
     </span>
     <span class='ocr_line' id='line_1_156' title="bbox 1239 3492 2328 3535; baseline -0.003 -8"><span class='ocrx_word' id='word_1_1150' title='bbox 1239 3493 1434 3529; x_wconf 88' lang='lat' dir='ltr'>debitorem</span> <span class='ocrx_word' id='word_1_1151' title='bbox 1459 3498 1494 3529; x_wconf 91' lang='lat' dir='ltr'>et</span> <span class='ocrx_word' id='word_1_1152' title='bbox 1518 3493 1731 3529; x_wconf 88' lang='lat' dir='ltr'>creditorem</span> <span class='ocrx_word' id='word_1_1153' title='bbox 1756 3496 1980 3535; x_wconf 88' lang='lat' dir='ltr'>convenerat,</span> <span class='ocrx_word' id='word_1_1154' title='bbox 2004 3496 2045 3527; x_wconf 91' lang='lat' dir='ltr'>ut</span> <span class='ocrx_word' id='word_1_1155' title='bbox 2066 3492 2218 3527; x_wconf 87' lang='lat' dir='ltr'>creditor</span> <span class='ocrx_word' id='word_1_1156' title='bbox 2238 3500 2328 3525; x_wconf 82' lang='lat' dir='ltr'>onus</span> 
     </span>
     <span class='ocr_line' id='line_1_157' title="bbox 1237 3535 2328 3584; baseline -0.004 -11"><span class='ocrx_word' id='word_1_1157' title='bbox 1237 3538 1363 3573; x_wconf 91' lang='lat' dir='ltr'>tributi</span> <span class='ocrx_word' id='word_1_1158' title='bbox 1386 3539 1522 3583; x_wconf 88' lang='lat' dir='ltr'>praedii</span> <span class='ocrx_word' id='word_1_1159' title='bbox 1553 3539 1729 3584; x_wconf 89' lang='lat' dir='ltr'>pignerati</span> <span class='ocrx_word' id='word_1_1160' title='bbox 1759 3549 1833 3574; x_wconf 91' lang='lat' dir='ltr'>non</span> <span class='ocrx_word' id='word_1_1161' title='bbox 1868 3538 2119 3583; x_wconf 88' lang='lat' dir='ltr'>adgnosceret,</span> <span class='ocrx_word' id='word_1_1162' title='bbox 2157 3535 2220 3571; x_wconf 91' lang='lat' dir='ltr'>sed</span> <span class='ocrx_word' id='word_1_1163' title='bbox 2253 3535 2328 3570; x_wconf 90' lang='lat' dir='ltr'>eius</span> 
     </span>
    </p>
   </div>
   <div class='ocr_carea' id='block_1_10' title="bbox 1236 3648 2326 3784">
    <p class='ocr_par' dir='ltr' id='par_1_25' title="bbox 1236 3648 2326 3784">
     <span class='ocr_line' id='line_1_158' title="bbox 1236 3648 2326 3695; baseline -0.001 -13"><span class='ocrx_word' id='word_1_1164' title='bbox 1236 3650 1357 3694; x_wconf 84' lang='lat' dir='ltr'>paulus</span> <span class='ocrx_word' id='word_1_1165' title='bbox 1371 3652 1404 3684; x_wconf 89' lang='lat' dir='ltr'><em>F</em></span> <span class='ocrx_word' id='word_1_1166' title='bbox 1411 3651 1453 3685; x_wconf 74' lang='lat'>¹8</span> <span class='ocrx_word' id='word_1_1167' title='bbox 1556 3653 1600 3695; x_wconf 86' lang='lat'>(8)</span> <span class='ocrx_word' id='word_1_1168' title='bbox 1627 3651 1837 3684; x_wconf 85' lang='lat' dir='ltr'>debitoribus</span> <span class='ocrx_word' id='word_1_1169' title='bbox 1850 3664 1912 3684; x_wconf 85' lang='lat' dir='ltr'>scr.</span> <span class='ocrx_word' id='word_1_1170' title='bbox 2020 3651 2062 3691; x_wconf 84' lang='lat'>(9)</span> <span class='ocrx_word' id='word_1_1171' title='bbox 2087 3651 2135 3682; x_wconf 82' lang='lat' dir='ltr'>sic</span> <span class='ocrx_word' id='word_1_1172' title='bbox 2147 3650 2181 3682; x_wconf 88' lang='lat' dir='ltr'><em>F</em></span> <span class='ocrx_word' id='word_1_1173' title='bbox 2189 3660 2258 3682; x_wconf 85' lang='lat' dir='ltr'>cum</span> <span class='ocrx_word' id='word_1_1174' title='bbox 2270 3648 2307 3681; x_wconf 88' lang='lat' dir='ltr'><em>B</em></span> <span class='ocrx_word' id='word_1_1175' title='bbox 2316 3672 2326 3681; x_wconf 92' lang='lat'>.</span> 
     </span>
     <span class='ocr_line' id='line_1_159' title="bbox 1236 3694 2325 3739; baseline -0.001 -12"><span class='ocrx_word' id='word_1_1176' title='bbox 1236 3696 1364 3728; x_wconf 86' lang='lat' dir='ltr'>remitti</span> <span class='ocrx_word' id='word_1_1177' title='bbox 1379 3696 1408 3729; x_wconf 81' lang='lat' dir='ltr'><strong><em>S</em></strong></span> <span class='ocrx_word' id='word_1_1178' title='bbox 1418 3705 1502 3731; x_wconf 86' lang='lat' dir='ltr'>recte</span> <span class='ocrx_word' id='word_1_1179' title='bbox 1626 3699 1685 3739; x_wconf 88' lang='lat'><strong>(10)</strong></span> <span class='ocrx_word' id='word_1_1180' title='bbox 1700 3697 1860 3729; x_wconf 87' lang='lat' dir='ltr'>iudicatis</span> <span class='ocrx_word' id='word_1_1181' title='bbox 1874 3696 1906 3728; x_wconf 90' lang='lat' dir='ltr'><em>F</em></span> <span class='ocrx_word' id='word_1_1182' title='bbox 1914 3695 1960 3727; x_wconf 74' lang='lat'>¹1³</span> <span class='ocrx_word' id='word_1_1183' title='bbox 1970 3707 2037 3727; x_wconf 84' lang='lat' dir='ltr'>cum</span> <span class='ocrx_word' id='word_1_1184' title='bbox 2051 3694 2086 3726; x_wconf 87' lang='grc' dir='ltr'><em>Β</em></span> <span class='ocrx_word' id='word_1_1185' title='bbox 2111 3694 2255 3736; x_wconf 64' lang='lat' dir='ltr'>(Anam),</span> <span class='ocrx_word' id='word_1_1186' title='bbox 2274 3694 2325 3726; x_wconf 86' lang='lat' dir='ltr'>iu-</span> 
     </span>
     <span class='ocr_line' id='line_1_160' title="bbox 1238 3739 2063 3784; baseline -0.002 -11"><span class='ocrx_word' id='word_1_1187' title='bbox 1238 3741 1342 3774; x_wconf 86' lang='lat' dir='ltr'>dicati</span> <span class='ocrx_word' id='word_1_1188' title='bbox 1354 3740 1407 3774; x_wconf 81' lang='lat' dir='ltr'>F³</span> <span class='ocrx_word' id='word_1_1189' title='bbox 1498 3743 1552 3784; x_wconf 79' lang='lat'>(11)</span> <span class='ocrx_word' id='word_1_1190' title='bbox 1579 3742 1722 3774; x_wconf 80' lang='lat' dir='ltr'>confessi</span> <span class='ocrx_word' id='word_1_1191' title='bbox 1735 3741 1825 3781; x_wconf 88' lang='lat' dir='ltr'>F³S,</span> <span class='ocrx_word' id='word_1_1192' title='bbox 1839 3740 1999 3773; x_wconf 84' lang='lat' dir='ltr'>confessis</span> <span class='ocrx_word' id='word_1_1193' title='bbox 2013 3740 2046 3772; x_wconf 89' lang='lat' dir='ltr'><em>F</em></span> <span class='ocrx_word' id='word_1_1194' title='bbox 2053 3739 2063 3759; x_wconf 93' lang='lat'><strong>¹</strong></span> 
     </span>
    </p>
   </div>
  </div>
 </body>
</html>
