2528 3918
116 126 180 157 DE
209 124 364 156 PACTIS

120 235 297 282 pertinere
321 237 440 268 autem
463 231 602 266 videtur
625 230 672 265 ad
696 241 751 265 me
783 230 874 265 ratio
888 257 896 272 ,
931 230 961 265 si
992 230 1096 266 modo
1130 240 1207 265 eam

118 279 327 317 tractaveris
362 288 418 313 me
452 276 655 311 mandante.
705 275 767 310 sed
800 275 830 310 si
863 280 1076 320 procurator
1108 285 1207 310 meus

117 327 268 362 absente
290 333 347 359 me
368 321 600 363 mandaverit,
625 330 671 356 an
695 321 781 356 mihi
801 320 937 356 edenda
957 321 1013 364 sit,
1039 322 1142 366 quasi
1162 320 1208 356 ad

118 381 174 406 me
196 368 398 416 pertineat?
429 371 464 402 et
495 366 606 412 magis
638 370 693 401 est
724 369 765 401 ut
796 366 934 402 edatur.
982 367 1208 411 procuratori

116 425 260 462 quoque
282 423 362 449 11100
387 412 559 448 edendam
582 411 768 454 rationem,
793 422 900 457 quam
923 422 1063 447 mecum
1086 412 1206 454 habet,

117 472 190 497 non
214 459 349 501 dubito,
375 458 477 503 quasi
500 457 547 492 ad
569 467 650 492 eum
673 457 868 503 pertineat:
895 460 931 492 et
955 460 1143 493 cauturum
1164 456 1208 492 de

116 510 138 543 6
184 509 275 547 rato,
300 504 332 540 si
353 503 562 538 mandatum
587 502 620 537 01
642 512 714 537 11011
739 502 795 537 511.
845 502 882 537 Si
905 502 1045 538 initium
1064 502 1206 537 tabula-

115 560 197 586 rum
217 549 329 585 habet
352 548 445 584 diem
458 550 480 591 ¹,
512 548 550 583 in
574 548 729 600 quibus²
753 547 838 583 Titii
861 548 953 583 ratio
980 548 1116 593 scripta
1141 553 1206 589 est,

142 594 343 633 ostmodum
362 604 443 630 mea
462 594 539 629 sine
558 593 615 629 (110
636 596 672 629 01
693 593 851 636 consule,
874 594 981 628 etiam
1001 593 1087 628 mihi
1100 593 1206 629 eden-

115 607 183 677 3115
208 644 263 676 051
287 640 361 675 dies
385 643 422 675 et
446 638 590 675 consul:
616 638 813 674 communis
839 639 931 674 enim
956 639 1069 674 omnis
1093 639 1204 674 ratio-

117 689 135 722 7
184 686 239 721 nis
263 689 319 721 est
348 684 567 731 praepositio
600 684 670 719 diei
701 687 737 719 et
769 684 936 720 consulis.
984 684 1056 719 Edi
1087 687 1208 720 autem

114 735 172 768 est
193 731 249 767 vel
273 730 409 766 dictare
432 730 489 766 vel
511 729 654 765 tradere
677 729 834 764 libellum
858 730 914 765 vel
939 730 1099 765 codicem
1122 740 1206 775 pro-

114 780 135 813 8
181 776 285 812 ferre.
334 776 485 811 Praetor
516 775 583 810 ait:
617 775 841 820 ‘Argentario
868 775 962 817 eive,
996 775 1057 820 qui
1079 775 1207 810 iterum

116 825 136 858 9
186 821 255 856 ‘edi
278 821 494 866 postulabit,
528 830 640 856 causa
664 820 807 865 cognita
831 820 888 856 edi
911 821 1067 856 iubebo'.
1115 820 1206 856 Pro-

114 867 214 903 hibet
237 867 437 912 argentario
463 866 519 901 edi
541 866 602 901 illa
625 865 776 908 ratione,
802 865 898 911 quod
922 866 1028 901 etiam
1051 866 1130 911 ipse
1152 866 1206 900 in-

112 915 272 949 structus
309 922 387 947 esse
416 914 537 957 potest
566 912 802 946 instrumento
836 921 923 946 suae
954 911 1205 956 professionis:

112 961 150 994 et
173 957 368 993 absurdum
392 961 464 1000 est,
490 967 572 992 cum
593 957 671 1002 ipse
693 956 731 991 in
756 967 799 991 ea
822 957 869 992 sit
892 967 1014 1000 causa,
1038 961 1080 992 ut
1103 957 1208 992 edere

114 1003 262 1045 debeat,
296 1003 414 1048 ipsum
444 1005 566 1048 petere
597 1005 638 1036 ut
662 1001 788 1037 edatur
813 1003 856 1037 ei.
904 1012 951 1037 an
983 1013 1050 1038 nec
1085 1002 1208 1038 heredi

113 1048 307 1094 argentarii
331 1047 388 1084 edi
410 1048 502 1083 ratio
527 1047 674 1089 debeat,
699 1047 907 1083 videndum:
943 1050 979 1083 01
1010 1047 1040 1083 51
1064 1047 1206 1093 quidem

112 1094 388 1130 instrumentum
407 1092 630 1138 argentariae
650 1092 698 1127 ad
717 1103 797 1128 eum
817 1093 987 1138 pervenit,
1007 1104 1081 1129 non
1102 1093 1208 1128 debet

111 1139 146 1175 01
169 1139 243 1181 edi,
269 1138 300 1174 si
322 1139 457 1181 minus,
492 1138 628 1174 edenda
652 1142 707 1173 est
731 1148 775 1173 ex
799 1149 920 1173 causa.
970 1149 1054 1173 nam
1077 1141 1113 1173 et
1135 1138 1205 1184 ipsi

110 1195 155 1220 ar
179 1184 314 1220 entario
340 1195 384 1219 ex
417 1194 527 1219 causa
557 1183 649 1219 ratio
683 1183 820 1219 edenda
852 1187 923 1219 est:
958 1184 988 1219 si
1019 1184 1206 1229 naufragio

112 1196 178 1266 ve?
201 1230 306 1265 ruina
336 1229 391 1265 vel
422 1228 586 1265 incendio
618 1228 674 1264 vel
704 1229 774 1264 alio
808 1229 913 1264 simili
938 1240 1025 1265 casu
1049 1230 1206 1264 rationes

112 1275 309 1321 perdidisse
342 1275 471 1320 probet
505 1278 568 1309 aut
601 1274 640 1309 in
673 1273 867 1319 longinquo
904 1275 1055 1317 habere,
1098 1274 1207 1310 veluti

116 1323 157 1356 10
203 1323 304 1356 trans
335 1330 444 1356 mare.
491 1319 569 1355 Nec
599 1319 728 1355 iterum
758 1320 958 1365 postulanti
982 1320 1038 1355 edi
1061 1324 1207 1365 praetor

110 1366 223 1408 iubet,
247 1365 315 1401 nisi
339 1376 384 1401 ex
408 1375 537 1401 causa:

158 1408 183 1448 7
207 1410 369 1447 PAULUs
389 1410 480 1446 libro
505 1411 610 1446 tertio
634 1410 684 1445 ad
706 1409 860 1446 edictum
896 1410 1005 1446 veluti
1017 1411 1047 1446 si
1059 1421 1207 1457 peregre

111 1456 245 1493 habere
293 1456 364 1491 uod
387 1456 540 1501 primum
573 1455 706 1492 editum
738 1459 793 1491 est
824 1455 970 1491 doceat:
1003 1457 1059 1492 vel
1089 1457 1206 1492 minus

111 1502 215 1548 plene
246 1467 398 1537 editum:
434 1501 490 1536 vel
513 1511 575 1537 eas
607 1501 785 1544 rationes,
818 1511 907 1546 quas
941 1512 1030 1537 casu
1061 1502 1205 1544 maiore,

111 1558 184 1583 non
209 1557 291 1583 vero
315 1546 536 1592 neglegentia
554 1546 760 1592 perdiderit.
794 1556 877 1582 110111
896 1546 926 1582 51
947 1557 988 1582 eo
1009 1558 1098 1582 casu
1118 1548 1204 1582 ami-

115 1595 129 1627 1
180 1593 237 1634 sit,
260 1592 318 1628 cui
331 1592 469 1637 ignosci
482 1592 621 1635 debeat,
644 1602 688 1627 ex
699 1592 838 1637 integro
852 1592 908 1627 edi
919 1592 1067 1628 iubebit.
1104 1593 1204 1628 Haec

110 1649 181 1674 vox
205 1638 354 1673 ‘iterum’
379 1637 468 1673 duas
480 1647 538 1672 res
551 1637 745 1683 significat:
770 1638 938 1680 alteram,
963 1648 1035 1683 qua
1059 1638 1204 1674 demon-

109 1683 311 1718 straretur³
334 1686 474 1728 tempus
506 1682 720 1725 secundum,
753 1682 850 1728 quod
875 1683 1005 1718 Graeci
1038 1681 1206 1729 δεύτερον

110 1728 252 1764 dicunt:
278 1728 438 1770 alteram,
461 1738 554 1773 quae
574 1728 621 1763 ad
640 1728 864 1773 insequentia
885 1739 953 1773 quo
981 1738 1026 1763 ue
1044 1733 1206 1774 tempora

110 1775 275 1819 pertinet,
300 1783 392 1819 quae
416 1773 553 1809 Graece
576 1773 707 1808 dicitur
728 1772 847 1814 πάλιν,
899 1740 979 1808 uodl
995 1774 1047 1809 ita
1071 1774 1149 1809 acci
1176 1774 1203 1808 i-

108 1823 170 1854 tur
194 1819 371 1865 ‘quotiens
396 1829 486 1864 opus
512 1819 600 1854 erit'.
637 1829 721 1853 nam
743 1822 863 1863 potest
913 1819 963 1854 eri
987 1822 1027 1854 ut
1050 1819 1105 1854 bis
1130 1830 1149 1854 e
1178 1819 1203 1845 '-

109 1867 184 1900 tam
207 1864 275 1900 sibi
298 1864 474 1899 rationem
499 1864 578 1909 quis
602 1863 814 1909 perdiderit:
842 1867 882 1899 ut
905 1864 1053 1899 verbum
1076 1864 1204 1899 iterum

110 1920 174 1956 pro
199 1910 342 1955 saepius
366 1910 575 1954 accipiatur.

157 1952 181 1993 8
214 1955 409 1992 ULPJANUS
437 1955 529 1990 libro
562 1958 693 2000 quarto
718 1954 768 1989 ad
790 1954 944 1989 edictum
991 1953 1063 1990 Ubi
1096 1954 1202 1999 exigi-

109 2003 170 2035 tur
202 2000 426 2046 argentarius
458 2000 616 2035 rationes
649 1999 769 2041 edere,
803 2003 890 2034 tunc
921 1999 1086 2044 punitur,
1122 2011 1204 2035 cum

109 2045 192 2082 dolo
217 2045 310 2081 malo
335 2055 407 2080 non
439 2045 598 2080 exhibet:
632 2044 695 2080 sed
728 2044 871 2089 culpam
902 2055 975 2080 non
1006 2045 1204 2090 praestabit

110 2091 178 2126 nisi
211 2090 293 2126 dolo
342 2090 525 2125 roximam.
574 2090 656 2125 dolo
688 2090 780 2125 malo
813 2093 933 2125 autem
964 2101 1037 2126 non
1070 2089 1203 2125 edidit⁴

109 2140 146 2171 et
202 2136 238 2170 ui
269 2146 327 2171 ma
344 2135 444 2171 'tiose
476 2135 587 2171 edidit
619 2139 654 2170 01
678 2135 739 2180 qui
761 2135 798 2170 in
821 2139 937 2170 totum
961 2146 1033 2170 11011
1057 2135 1167 2170 edidit
1177 2137 1201 2171 ⁵.

113 2184 127 2215 1
196 2192 213 2216 s
238 2184 367 2222 autem,
394 2180 454 2226 qui
476 2180 514 2215 in
537 2181 606 2216 hoc
631 2180 787 2216 edictum
809 2180 945 2223 incidit,
970 2180 1007 2215 id
1029 2184 1202 2225 praestat,

108 2226 206 2272 quod
229 2226 390 2262 interfuit
412 2227 516 2261 mea⁶
539 2226 697 2261 rationes
722 2225 800 2268 edi,
835 2236 917 2261 cum
949 2225 1203 2261 decerneretur

108 2281 132 2306 a
154 2275 330 2317 praetore,
355 2281 427 2307 non
451 2271 547 2316 quod
570 2271 677 2307 hodie
694 2271 862 2306 interest:
889 2275 925 2306 et
943 2270 1023 2306 ideo
1044 2271 1129 2307 licet
1146 2271 1200 2306 in-

108 2320 241 2352 teresse
272 2316 376 2351 desiit
405 2316 461 2351 vel
491 2316 637 2352 minoris
660 2317 715 2351 vel
739 2316 851 2361 pluris
875 2316 1047 2351 interesse
1072 2316 1200 2361 coepit,

108 2362 249 2397 locum⁷
275 2362 369 2397 actio
394 2372 468 2397 non
497 2361 643 2397 habebit
673 2371 789 2407 neque
824 2366 1053 2406 augmentum
1085 2372 1201 2407 neque

107 2406 396 2442 deminutionem.

156 2450 180 2489 9
206 2451 366 2488 Pavws
386 2451 477 2488 libro
502 2452 606 2487 tertio
632 2451 682 2487 ad
703 2451 858 2487 edictum
905 2451 1090 2495 Quaedam
1114 2456 1198 2487 sunt

109 2507 303 2542 personae,
337 2507 426 2542 quas
450 2496 607 2532 rationes
631 2496 735 2532 nobis
761 2495 865 2531 edere
889 2500 1031 2541 oportet
1054 2507 1119 2532 nec
1143 2500 1198 2532 ta-

109 2553 191 2578 men
222 2553 245 2578 a
268 2546 434 2588 praetore
456 2551 521 2587 per
543 2542 613 2577 1100
638 2541 793 2576 edictum
817 2541 1089 2586 compelluntur.
1127 2543 1197 2577 vel-

108 2588 162 2623 uti
182 2598 263 2623 cum
282 2590 496 2632 procurator
515 2597 572 2623 res
592 2586 791 2622 rationesve
810 2590 953 2621 nostras
972 2586 1198 2622 administra-

110 2633 176 2675 vit,
212 2643 285 2668 non
321 2632 462 2677 cogitur
496 2642 518 2667 a
547 2635 714 2677 praetore
745 2641 809 2677 per
839 2635 972 2667 metum
1001 2632 1040 2667 in
1062 2631 1200 2668 factum

108 2677 260 2714 actionis
280 2678 436 2713 rationes
458 2677 579 2712 edere:
606 2677 743 2712 scilicet
761 2676 845 2721 quia
866 2676 903 2712 id
923 2678 1094 2723 consequi
1114 2689 1197 2723 pos-

108 2733 232 2758 sumus
256 2733 320 2768 per
342 2722 502 2758 mandati
525 2722 713 2757 actionem.
752 2726 787 2756 et
810 2732 891 2756 cum
916 2722 996 2757 dolo
1021 2723 1115 2758 malo
1140 2733 1197 2758 50-

109 2767 186 2803 cius
211 2768 354 2812 negotia
376 2768 502 2813 gessit,
527 2771 673 2812 praetor
695 2777 760 2812 per
783 2766 877 2801 110110
903 2767 1100 2802 clausulam
1125 2779 1197 2803 non

106 2813 315 2848 intervenit:
351 2816 407 2848 est
439 2813 530 2848 enim
553 2823 618 2858 pro
643 2812 741 2848 socio
766 2812 873 2847 actio.
910 2812 973 2847 sed
1004 2822 1070 2847 1100
1101 2816 1197 2848 tuto-

109 2868 184 2893 rem
208 2869 249 2894 co
275 2858 301 2892 't
324 2861 469 2903 praetor
491 2858 625 2903 pupillo
651 2857 754 2892 edere
777 2858 952 2892 rationes:
979 2857 1043 2892 sed
1066 2857 1198 2894 iudicio

112 2906 129 2939 1
178 2906 254 2938 tute
269 2913 312 2939 ae
344 2903 436 2938 solet
459 2903 537 2948 cogi
561 2902 676 2938 edere.
723 2902 822 2938 Nihil
854 2903 1018 2942 interest,
1055 2903 1086 2938 si
1116 2913 1198 2938 suc-

110 2957 270 2984 cessores
301 2952 365 2983 aut
395 2951 499 2993 pater
529 2951 592 2983 aut
624 2947 786 2983 dominus
818 2958 859 2983 ar
883 2947 1011 2983 entarii
1043 2947 1199 2983 eiusdem

106 2992 254 3028 fuerunt
284 2993 533 3039 professionis:
570 2993 654 3038 quia
685 3004 766 3029 cum
796 2993 832 3028 in
879 3004 984 3029 ocum
1016 2997 1051 3028 et
1082 2993 1119 3028 in
1143 2993 1198 3028 ius

108 3038 305 3074 succedant
328 3038 536 3083 argentarii,
568 3038 732 3083 partibus
758 3038 832 3074 eius
855 3037 955 3083 fungi
979 3038 1121 3073 debent.
1170 3039 1199 3074 is

109 3087 247 3126 autem,
284 3084 342 3119 cui
377 3083 598 3128 argentarius
632 3083 789 3119 rationes
825 3094 908 3119 suas
940 3084 1089 3129 legavit,
1125 3094 1198 3118 non

109 3128 286 3164 videbitur
316 3129 510 3170 contineri,
546 3129 629 3180 quia
660 3128 746 3163 iuris
778 3139 966 3164 successor
996 3129 1051 3164 his
1082 3129 1198 3164 verbis

107 3173 346 3218 significatur:
371 3184 444 3209 non
468 3184 590 3218 mag1s,
617 3184 724 3218 quam
749 3173 780 3209 si
803 3174 835 3209 ei
857 3173 957 3209 vivus
982 3184 1042 3209 eas
1067 3174 1198 3209 donas-

112 3223 176 3254 set.
213 3218 277 3254 sed
301 3229 367 3254 nec
390 3219 493 3254 heres
517 3219 708 3261 tenebitur,
733 3229 814 3254 cum
837 3229 904 3254 1100
928 3219 1110 3264 possideat
1133 3230 1199 3254 nec

110 3262 192 3298 dolo
216 3264 309 3299 malo
333 3264 475 3299 fecerit:
510 3263 573 3299 sed
597 3264 627 3299 si
652 3264 700 3306 ei,
726 3267 917 3308 antequam
942 3274 1002 3299 eas
1025 3264 1197 3309 legatario

108 3308 275 3351 traderet,
300 3309 540 3344 renuntiatum
558 3308 677 3352 fuerit,
698 3319 743 3344 ne
763 3313 847 3344 ante
866 3319 927 3344 eas
947 3309 1077 3352 tradat,
1100 3313 1198 3344 tene-

110 3352 205 3388 bitur
228 3353 331 3399 quasi
355 3353 436 3389 dolo
459 3353 602 3389 fecerit:
634 3354 720 3389 item
751 3358 942 3399 antequam
973 3364 1034 3390 eas
1066 3354 1198 3397 tradat,

109 3398 298 3434 tenebitur.
347 3398 442 3443 quod
466 3399 496 3434 si
519 3398 607 3434 nihil
631 3399 711 3434 dolo
735 3398 881 3442 fecerit,
915 3409 1025 3435 causa
1058 3400 1200 3444 cognita

110 3511 152 3550 (1)
179 3511 212 3541 et
224 3510 395 3543 consulem
408 3513 486 3545 add.
501 3511 554 3545 F³

111 3566 173 3587 scr.
274 3556 315 3596 (3)
341 3556 588 3589 lemonstratur
600 3558 635 3590 F
640 3556 655 3577 ³

659 3513 703 3554 (2)
727 3512 764 3545 in
778 3512 914 3554 quibus]
929 3513 965 3544 in
979 3511 1196 3555 sequentibus

754 3558 796 3599 (4)
822 3557 893 3590 edit
904 3557 956 3591 F¹
1058 3559 1100 3600 (5)
1126 3558 1198 3590 edit

113 3599 215 3631 altero
230 3599 297 3632 loco
311 3601 398 3640 (τι-1111
412 3603 459 3634 bis
472 3603 552 3635 haec
565 3603 701 3644 exhibet)
714 3603 749 3635 F
798 3603 842 3644 (6)
867 3613 956 3635 meas
968 3601 1021 3635 F²
1079 3604 1121 3645 (7)
1147 3602 1195 3634 lo-

111 3653 188 3675 cum
217 3644 278 3677 del.
308 3644 384 3677 Ant.
417 3646 545 3688 Hiber,-
575 3649 634 3680 sed
660 3648 764 3690 vnayis
786 3655 894 3690 putem
924 3648 1082 3681 excidisse
1113 3648 1196 3680 talia

115 3688 202 3723 fere:
229 3688 339 3720 locum
360 3690 449 3721 actio
469 3701 537 3723 non
556 3691 696 3724 habebit
717 3692 841 3732 [minus
860 3695 893 3724 et
913 3691 1064 3733 habebit]
1087 3702 1194 3733 neque

111 3737 328 3773 augmentum
341 3745 448 3775 neque
462 3735 723 3768 deminutionem
802 3738 846 3777 (8)
872 3739 919 3770 sic
931 3738 968 3778 S,
983 3737 1103 3769 edatur
1117 3747 1193 3768 num

1220 103 1274 151 27

2165 109 2208 150 ΙΙ
2242 111 2377 152 13.14

1278 234 1297 265 2
1345 229 1537 276 legatarius
1563 229 1743 282 cogendus
1769 233 1823 265 est
1847 229 1961 265 edere.
1997 229 2266 266 Nummularios
2287 242 2375 276 quo-

1277 286 1346 321 que
1369 287 1443 312 non
1467 285 1545 311 esse
1569 275 1731 327 iniquum
1756 275 1834 319 cogi
1857 275 2015 311 rationes
2037 275 2141 311 edere
2153 275 2375 321 Pomponius

1277 320 1419 357 scribit:
1443 321 1530 400 guia
1554 323 1591 355 et
1613 320 1652 355 111
1675 321 1904 356 nummularii
1928 321 2022 356 sicut
2046 321 2239 366 argentarii
2262 322 2371 357 ratio·

1276 377 1340 402 nes
1374 377 1443 402 con
1471 367 1588 408 ciunt,
1622 365 1707 411 quia
1739 369 1774 401 et
1806 366 1990 411 accipiunt
2020 367 2211 412 pecuniam
2235 370 2272 402 et
2296 377 2374 403 ero-

1275 415 1363 457 gant
1393 422 1458 457 per
1489 414 1629 456 partes,
1662 421 1815 463 quarum
1845 412 2011 463 probatio
2037 412 2217 458 scriptura
2241 412 2374 448 codici-

1276 458 1415 502 busque
1439 466 1563 492 eorum
1586 466 1740 491 maxime
1765 460 1987 492 continetur:
2020 461 2056 492 et
2086 457 2375 503 frequentissime

1278 505 1297 538 3
1346 502 1393 538 ad
1428 502 1536 538 fidem
1572 512 1696 537 eorum
1731 501 1945 538 decurritur.
2006 502 2172 539 Ceterum
2207 503 2375 539 omnibus

1276 547 1544 593 postulantibus
1569 551 1606 583 et
1627 547 1831 583 iurantibus
1855 558 1929 583 non
1958 548 2157 584 calumniae
2178 559 2290 584 causa
2310 559 2374 594 pe-

1277 596 1298 628 4
1344 597 1420 629 tere
1439 593 1609 636 rationes,
1632 603 1724 638 quae
1742 592 1789 628 ad
1805 603 1844 628 se
1863 592 2079 638 pertineant,
2102 594 2158 629 edi
2170 594 2280 630 iubet.
2317 594 2376 630 Ad

1278 649 1343 674 nos
1369 639 1461 674 enim
1484 639 1640 684 pertinet
1663 648 1737 674 non
1759 641 1900 673 tantum
1925 649 2006 674 cum
2029 639 2040 674 i
2069 639 2099 674 si
2132 640 2375 675 contraximus

1276 684 1332 719 vel
1356 684 1595 720 successimus
1621 683 1653 719 ei
1677 684 1738 729 qui
1763 683 1964 727 contraxit,
1988 694 2026 720 se
2076 685 2182 720 etiam
2206 686 2237 721 si
2259 686 2290 721 is
2314 686 2375 731 qui

1276 730 1313 764 in
1337 733 1462 765 nostra
1486 732 1668 775 potestate
1692 732 1746 764 est
1771 729 1961 765 contraxit.

1327 773 1377 812 10
1407 775 1531 811 GAIUS
1547 775 1639 810 libro
1652 775 1778 822 primo
1800 775 1851 810 ad
1869 775 2024 811 edictum
2043 775 2269 822 provinciale
2302 777 2373 811 Ar-

1275 820 1457 864 gentarius
1491 821 1650 855 rationes
1683 820 1786 855 edere
1816 820 1979 856 iubetur:
2015 831 2082 856 nec
2113 820 2262 857 interest
2294 832 2375 857 cum

1279 868 1294 900 1
1344 866 1424 911 ipso
1449 866 1651 910 argentario
1673 866 1917 901 controversia
1937 866 1983 901 511
2003 877 2050 901 011
2071 877 2152 901 cum
2173 866 2254 902 alio.
2289 867 2374 902 Ideo

1277 914 1397 946 autem
1421 911 1642 956 argentarios
1666 914 1808 946 tantum
1832 921 1948 957 neque
1973 911 2062 947 alios
2082 911 2174 947 ullos
2196 912 2375 948 absimiles

1277 957 1326 992 eis
1353 956 1457 992 edere
1479 957 1638 992 rationes
1664 957 1776 1002 cogit,
1811 957 1895 1002 quia
1927 956 2087 992 officium
2120 967 2243 992 eorum
2267 961 2376 1002 atque

1275 1002 1510 1037 ministerium
1533 1002 1715 1047 publicam
1738 1002 1849 1037 habet
1873 1012 2019 1038 causam
2054 1005 2089 1038 et
2118 1002 2210 1038 haec
2266 1003 2374 1038 rinei-

1276 1048 1368 1093 palis
1394 1058 1517 1083 eorum
1541 1058 1652 1093 opera
1676 1051 1748 1090 est,
1773 1051 1815 1083 ut
1838 1051 1941 1083 actus
1966 1047 2021 1083 sui
2044 1048 2203 1083 rationes
2252 1047 2374 1093 iligen·

1277 1096 1296 1128 2
1344 1097 1400 1128 ter
1433 1092 1637 1128 conficiant.
1685 1093 1757 1129 Edi
1789 1096 1909 1128 autem
1939 1093 2031 1128 ratio
2063 1094 2116 1128 ita
2146 1093 2374 1138 intellegitur,

1276 1138 1307 1173 si
1331 1149 1353 1174 a
1377 1139 1495 1183 capite
1519 1138 1664 1182 edatur,
1702 1149 1786 1173 nam
1817 1139 1910 1175 ratio
1942 1139 2012 1174 nisi
2043 1149 2065 1174 a
2098 1138 2239 1184 capite⁸
2262 1139 2373 1184 inspi-

1277 1184 1414 1227 ciatur,
1446 1184 1603 1229 intellegi
1635 1195 1708 1219 non
1731 1187 1870 1229 potest:
1909 1184 2046 1219 scilicet
2080 1188 2122 1219 ut
2153 1195 2227 1220 non
2258 1188 2375 1220 totum

1277 1230 1406 1275 cuique
1431 1229 1591 1265 codicem
1613 1229 1794 1265 rationum
1817 1233 1987 1275 totasque
2009 1230 2237 1265 membranas
2261 1230 2373 1275 inspi-

1277 1274 1394 1310 ciendi
1417 1274 1712 1320 describendique
1743 1278 1905 1320 potestas
1937 1274 2020 1317 fiat,
2056 1275 2119 1310 sed
2151 1279 2192 1310 ut
2223 1285 2266 1310 ea
2297 1275 2375 1311 sola

1276 1331 1360 1365 pars
1393 1320 1594 1363 rationum,
1627 1330 1719 1365 quae
1743 1319 1791 1355 ad
1814 1320 2062 1355 instruendum
2086 1320 2240 1366 aliquem
2264 1320 2373 1366 perti·

1277 1368 1296 1401 3
1344 1370 1449 1408 neat,
1481 1366 1694 1411 inspiciatur
1718 1369 1754 1401 et
1777 1364 2013 1401 describatur.
2064 1364 2153 1401 Cum
2186 1370 2306 1401 autem
2338 1366 2374 1401 in

1275 1410 1312 1446 id
1337 1411 1431 1446 actio
1466 1411 1654 1456 competit,
1688 1410 1814 1456 quanti
1838 1411 1975 1456 agentis
1999 1411 2141 1446 intersit
2166 1411 2280 1447 editas
2305 1411 2373 1446 sibi

1275 1457 1434 1492 rationes
1460 1467 1555 1492 esse:
1583 1456 1730 1499 eveniet,
1755 1459 1815 1499 ut,
1841 1457 1914 1492 sive
1938 1456 2017 1502 quis
2043 1456 2302 1492 condemnatus
2328 1457 2374 1491 sit

1276 1501 1350 1537 sive
1374 1502 1471 1547 quod
1494 1502 1636 1547 petierit
1659 1512 1733 1537 non
1758 1502 1954 1546 optinuerit
1978 1512 2039 1545 eo,
2076 1501 2173 1548 quod
2204 1512 2278 1538 non
2308 1502 2372 1537 ha-

1276 1547 1395 1582 buerit
1426 1547 1584 1582 rationes
1610 1558 1655 1582 ex
1678 1547 1808 1592 quibus
1834 1557 1981 1583 causam
2004 1558 2107 1583 suam
2130 1547 2224 1583 tueri
2247 1548 2372 1593 possit,

1274 1592 1311 1627 id
1334 1593 1463 1638 ipsum,
1490 1592 1586 1638 quod
1609 1593 1661 1628 ita
1683 1592 1890 1638 perdiderit,
1915 1593 1984 1628 hac
2009 1593 2152 1629 actione
2172 1603 2372 1638 consequa·

1275 1642 1344 1672 tur.
1394 1637 1457 1673 sed
1481 1648 1528 1672 an
1552 1638 1622 1673 hoc
1654 1637 1828 1682 procedat
1858 1638 2061 1673 videamus:
2094 1649 2179 1674 nam
2211 1638 2242 1673 si
2273 1638 2372 1683 apud

1275 1683 1372 1718 hunc
1395 1683 1568 1725 iudicem,
1594 1684 1655 1728 qui
1678 1683 1772 1718 inter
1796 1693 1876 1718 eum
1900 1686 1936 1719 et
1960 1684 2202 1727 argentarium
2225 1683 2371 1725 iudicat,

1274 1731 1394 1773 potest
1417 1729 1572 1774 probare
1596 1738 1635 1764 se
1657 1728 1718 1763 illo
1741 1728 1885 1771 iudicio,
1911 1739 1979 1774 quo
2004 1729 2120 1764 victus
2141 1732 2206 1771 est,
2231 1729 2373 1764 vincere

1274 1773 1445 1818 potuisse,
1470 1774 1637 1818 poterat⁹
1661 1777 1696 1809 et
1720 1777 1807 1809 tunc
1830 1774 2006 1819 probare:
2033 1777 2068 1809 et
2092 1774 2122 1809 si
2145 1785 2219 1810 non
2239 1774 2372 1819 proba-

1274 1819 1324 1853 vit
1336 1820 1364 1839 ¹⁰
1387 1822 1452 1853 aut
1497 1819 1684 1854 robantem
1703 1818 1811 1854 iudex
1831 1829 1905 1854 non
1930 1820 2069 1854 curavit
2083 1820 2121 1862 ²¹,
2144 1819 2188 1855 de
2201 1819 2330 1864 seipso
2345 1819 2373 1840 ¹²

1275 1869 1339 1898 aut
1361 1863 1405 1899 de
1423 1864 1460 1899 iu
1488 1864 1542 1899 ice
1561 1864 1664 1909 queri
1683 1863 1799 1899 debet.
1836 1864 1900 1899 sed
1920 1875 1994 1899 non
2013 1864 2065 1900 ita
2086 1867 2151 1900 est.
2188 1864 2266 1900 fieri
2279 1864 2373 1900 enim

1274 1913 1412 1954 potest,
1448 1913 1488 1944 ut
1520 1920 1636 1952 nunc,
1672 1909 1831 1945 rationes
1866 1909 1920 1944 vel
1951 1909 2030 1955 ipso
2064 1909 2189 1945 edente
2221 1910 2276 1945 vel
2301 1910 2370 1945 alio

1273 1954 1379 1990 modo
1415 1958 1588 1997 nanctus,
1625 1958 1690 1990 aut
1724 1954 1803 1990 aliis
1837 1954 2083 1990 instrumentis
2115 1955 2172 1990 vel
2205 1955 2370 1998 testibus,

1274 2000 1404 2045 quibus
1427 2000 1487 2035 illo
1513 2004 1672 2045 tempore
1696 2000 1818 2046 aliqua
1842 2010 1886 2035 ex
1910 2010 2022 2036 causa
2053 2000 2106 2036 uti
2137 2011 2210 2036 non
2241 2001 2370 2046 potuit,

1273 2045 1388 2090 possit
1411 2045 1567 2090 probare
1590 2044 1751 2090 potuisse
1774 2056 1813 2081 se
1844 2045 1997 2082 vincere.
2047 2046 2099 2081 sic
2132 2045 2226 2081 0111111
2259 2049 2295 2080 01
2326 2046 2371 2082 (10

1274 2090 1439 2125 cautione
1472 2091 1646 2135 subrepta
1679 2094 1743 2126 aut
1775 2094 1947 2136 corrupta
1982 2091 2155 2136 competit
2190 2090 2369 2127 condictio

1273 2139 1309 2170 et
1332 2135 1453 2170 damni
1475 2136 1626 2171 iniuriae
1650 2136 1764 2171 actio:
1798 2136 1880 2181 quia
1912 2136 2009 2181 quod
2041 2139 2125 2172 ante
2150 2147 2222 2172 non
2248 2137 2368 2182 potui-

1272 2191 1351 2216 mus
1384 2181 1584 2233 intercepta
1608 2181 1775 2217 cautione
1798 2181 1954 2233 probare
1979 2185 2015 2216 et
2038 2182 2084 2217 ob
2109 2181 2146 2217 id
2170 2181 2367 2224 amisimus,

1271 2226 1341 2262 hoc
1366 2237 1462 2261 nunc
1486 2226 1564 2262 aliis
1588 2226 1834 2262 instrumentis
1859 2230 1923 2261 aut
1946 2226 2111 2269 testibus,
2138 2227 2267 2272 quibus
2292 2230 2368 2262 tum

1272 2271 1325 2307 uti
1348 2281 1421 2307 non
1445 2271 1638 2316 potuimus,
1663 2272 1818 2317 probare
1841 2282 2045 2316 possumus.

1321 2315 1368 2353 11
1396 2315 1653 2352 MODESTINUS
1674 2317 1765 2353 libro
1798 2318 1903 2352 tertio
1934 2317 2146 2364 reqularum
2192 2318 2369 2363 Exempla

1270 2362 1589 2397 instrumentorum
1621 2362 1728 2398 etiam
1759 2362 1836 2398 sine
1860 2362 2125 2408 subscriptione
2149 2363 2285 2399 edentis
2312 2363 2368 2399 edi

1270 2418 1378 2452 posse
1401 2411 1587 2452 receptum
1611 2411 1676 2443 est.

1319 2450 1370 2489 12
1399 2452 1685 2489 CALLISTRATUS
1705 2453 1797 2489 libro
1810 2453 1935 2499 primo
1956 2452 2067 2488 edicti
2083 2453 2269 2488 monitorz'z'
2297 2453 2366 2488 Fe-

1269 2497 1386 2533 minae
1409 2501 1568 2533 remotae
1591 2497 1756 2533 videntur
1779 2499 1824 2533 ab
1849 2497 1968 2533 officio
1990 2497 2194 2542 argentarii,
2220 2508 2302 2533 cum
2325 2508 2368 2534 ea

1269 2553 1380 2588 opera
1402 2543 1511 2578 virilis
1536 2543 1593 2578 sit.

1319 2585 1368 2626 13
1401 2587 1597 2624 ULPIANUS
1616 2588 1707 2623 libro
1728 2591 1860 2633 quarto
1880 2587 1931 2622 ad
1952 2586 2107 2623 edictum
2150 2587 2250 2624 Haec
2271 2588 2365 2624 actio

1269 2643 1384 2678 neque
1402 2636 1486 2679 post
1504 2644 1636 2668 annum
1655 2643 1771 2678 neque
1789 2633 1827 2667 in
1846 2631 2014 2667 heredem
2034 2632 2102 2668 nisi
2123 2643 2167 2668 ex
2188 2643 2253 2669 suo
2266 2633 2365 2670 facto

1269 2678 1421 2714 dabitur.
1459 2678 1580 2713 heredi
1603 2682 1722 2714 autem
1746 2677 1900 2713 dabitur.

1734 2771 1850 2809 XIIII
1861 2769 1900 2810 ¹³.

1686 2837 1747 2868 DE
1772 2835 1942 2871 PAOTIS.

1319 2901 1335 2939 1
1372 2902 1568 2938 ULPIANUS
1588 2902 1679 2938 libro
1705 2906 1837 2948 quarto
1861 2902 1912 2939 ad
1933 2902 2088 2939 edictum
2123 2903 2240 2939 Huius
2256 2903 2363 2939 edicti

1269 2948 1430 2993 aequitas
1456 2947 1628 2983 naturalis
1649 2951 1713 2983 est.
1751 2947 1835 2993 quid
1857 2948 1950 2983 enim
1968 2951 2043 2983 tam
2064 2959 2260 2994 congruum
2282 2949 2364 2984 fidei

1268 2993 1464 3035 humanae,
1522 3004 1604 3028 uam
1636 3003 1679 3028 ea
1711 3003 1803 3038 quae
1832 2993 1925 3029 inter
1956 3003 2017 3029 eos
2041 2994 2257 3039 placuerunt
2288 3005 2362 3030 ser-

1272 3042 1284 3073 1
1335 3038 1445 3073 vare?
1523 3042 1642 3073 actum
1679 3042 1799 3073 autem
1835 3049 1857 3074 a
1891 3039 2060 3084 pactione
2096 3039 2229 3075 dicitur
2264 3039 2362 3081 (inde

1269 3087 1287 3119 2
1337 3083 1443 3119 etiam
1467 3083 1566 3127 pacis
1591 3094 1719 3119 nomen
1743 3093 1765 3118 a
1790 3084 1963 3129 pellatum
1987 3087 2052 3128 est)
2087 3088 2123 3120 et
2155 3088 2210 3120 est
2241 3085 2362 3130 pactio

1268 3129 1418 3164 duorum
1450 3128 1648 3173 pluriumve
1678 3129 1716 3164 in
1737 3095 1832 3164 idem
1855 3129 2028 3175 placitum
2052 3130 2127 3165 01Μ
2153 3140 2361 3165 consensus.

1268 3177 1288 3209 3
1337 3173 1587 3209 Conventionis
1611 3175 1758 3209 verbum
1781 3174 1946 3219 generale
1971 3178 2026 3210 est
2048 3174 2094 3210 ad
2129 3175 2249 3210 omnia
2280 3185 2361 3220 per·

1267 3219 1402 3261 tineus,
1438 3218 1481 3253 (10
1505 3219 1634 3263 quibus
1658 3220 1789 3264 negotii
1814 3219 2048 3255 contrahendi
2071 3220 2362 3265 transigendique

1269 3274 1380 3299 causa
1412 3264 1640 3299 consentiunt
1672 3265 1732 3310 qui
1769 3265 1862 3300 inter
1897 3275 1936 3300 se
1971 3275 1993 3300 a
2042 3268 2100 3300 nt:
2137 3275 2221 3300 nam
2256 3264 2360 3300 sicuti

1269 3309 1457 3344 convenire
1481 3309 1648 3344 dicuntur
1672 3310 1733 3355 qui
1757 3320 1801 3345 ex
1825 3309 1973 3345 diversis
2012 3310 2086 3346 ocis
2110 3310 2148 3345 in
2172 3321 2283 3345 unum
2306 3310 2360 3344 lo-

1269 3365 1350 3389 cum
1381 3354 1595 3398 colliguntur
1626 3358 1662 3390 et
1695 3355 1860 3397 veniunt,
1895 3355 1947 3390 ita
1978 3358 2014 3390 et
2046 3355 2107 3408 qui
2138 3366 2182 3390 ex
2214 3354 2360 3389 diversis

1268 3399 1376 3434 animi
1399 3399 1553 3435 motibus
1577 3400 1615 3435 in
1637 3411 1749 3435 unum
1774 3401 2022 3443 consentiunt,
2053 3400 2090 3435 111
2114 3403 2169 3436 est
2191 3400 2229 3434 in
2251 3409 2359 3434 unam

1268 3513 1355 3544 ratio
1369 3513 1436 3544 nisi
1449 3523 1469 3545 a
1482 3514 1594 3556 capite
1609 3526 1667 3547 om.
1681 3514 1744 3555 F1‚
1766 3514 1885 3546 edatur
1905 3525 1983 3546 nam
1996 3514 2084 3545 ratio
2098 3513 2135 3544 ni
2148 3513 2226 3545 add.
2240 3511 2301 3552 F2,
2321 3513 2357 3544 ni

1267 3559 1299 3590 in
1312 3557 1380 3589 nisi
1392 3559 1527 3591 mutavit
1538 3558 1592 3592 F³
1684 3560 1729 3601 (⁹)
1753 3561 1801 3592 sic
1812 3559 1849 3601 S,
1864 3560 1991 3602 poterit
2003 3559 2037 3591 F
2113 3558 2172 3598 (10)
2198 3556 2358 3600 probabit

1266 3603 1359 3635 solito
1372 3615 1481 3636 errore
1493 3604 1528 3636 F
1614 3605 1668 3645 (11)
1694 3604 1828 3636 curabit
1838 3605 1872 3637 F
1958 3604 2016 3644 (12)
2043 3602 2082 3634 de
2096 3602 2188 3644 sipso
2201 3602 2237 3635 F

1312 3648 1369 3689 (13)
1394 3649 1461 3681 Ed.
1474 3656 1550 3682 1...7.
1566 3656 1667 3683 9...37.
1683 3656 1737 3688 603
1760 3649 1844 3692 Pap.
1860 3656 1888 3683 s.
1903 3654 2023 3682 38...10.
2039 3654 2074 3680 48
2086 3658 2094 3686 3
2118 3647 2208 3691 App.
2230 3654 2276 3681 47.
2299 3654 2354 3685 62;

1266 3692 1477 3727 Sab.49...59.
1493 3700 1538 3728 61.
1551 3712 1595 3717 —
1608 3694 1694 3727 Bas.
1713 3696 1763 3734 11,
1779 3702 1803 3728 1.
1817 3712 1862 3718 —
1880 3694 1929 3736 Cf
1949 3693 2025 3726 Cod.
2040 3692 2072 3732 2,
2087 3698 2104 3725 3
2198 3692 2255 3733 (14)
2281 3691 2355 3726 ets

1266 3749 1332 3770 cum
1351 3737 1497 3776 Graecis,
1511 3751 1570 3771 om.
1588 3739 1620 3770 F

2041 3792 2083 3825 4*
