2528 3918
190 113 362 156 xlmi

191 237 229 270 ii
278 244 353 270 non
383 231 580 269 creditoris.
627 230 700 267 Sed
721 231 754 267 si
776 230 823 268 ab
846 230 917 268 alio
940 233 1124 267 mutuatus
1147 230 1277 266 libera-

188 279 238 316 vit
267 288 367 321 eum,
399 278 460 324 qui
488 277 527 313 in
556 276 657 312 navis
687 275 918 314 refectionem
942 276 1158 318 crediderat,
1189 279 1277 320 puto

188 324 296 362 etiam
318 323 402 359 huic
426 322 580 358 dandam
603 321 799 366 actionem,
831 321 935 368 quasi
956 322 994 357 in
1017 331 1141 356 navem
1165 320 1277 356 credi·

191 373 232 405 12
280 368 381 405 derit.
429 368 541 414 Igitur
563 367 781 413 praepositio
802 371 938 403 certam
956 366 1067 411 legem
1086 365 1170 401 dat¹
1192 375 1277 401 con-

191 414 429 450 trahentibus.
467 423 579 459 quare
609 412 641 448 si
671 422 752 448 eum
782 412 990 458 praeposuit
1020 411 1102 446 navi
1132 410 1179 446 ad
1210 410 1279 446 hoc

188 460 322 502 solum,
355 462 397 494 ut
418 462 583 494 vecturas
608 457 744 503 exigat,
775 468 848 494 non
871 461 913 493 ut
934 457 1030 492 locet
1054 455 1162 508 (quod
1184 454 1279 491 forte

187 501 1280 591 {asarta}.¹ii¹;0fflasxsff⁰sn⁸;dmssgxr

367 575 377 584 ·
948 574 957 589 ι

189 594 284 637 dum,
307 594 402 630 idem
425 594 494 630 erit
518 593 724 630 dicendum:
749 597 813 629 aut
835 593 866 628 si
890 592 936 627 ad
958 592 1039 634 hoc,
1063 595 1105 626 ut
1126 590 1278 627 vectori-

187 640 256 676 bus
279 639 385 683 locet,
409 650 483 675 non
506 643 548 675 ut
568 639 747 675 mercibus
771 648 895 674 navem
919 640 1088 682 praestet,
1113 636 1170 672 vel
1193 646 1278 672 con-

188 689 264 728 tra,
289 684 433 720 modum
457 694 621 731 egressus
645 695 717 720 non
741 683 911 728 obligabit
934 682 1185 717 exercitorem:
1216 680 1280 717 sed

189 734 225 766 et
247 730 279 766 si
301 733 342 766 ιιι
365 730 474 766 certis
497 730 675 766 mercibus
700 739 779 765 eam
809 729 923 770 locet,
954 727 1181 773 praepositus
1214 730 1279 769 est,

188 779 276 821 puta
306 775 492 843 legumini,
526 775 730 817 cannabae,
761 774 820 808 ille
850 772 1086 808 marmoribus
1119 772 1176 807 vel
1209 771 1281 806 alia

188 820 339 856 materia
384 820 526 863 locavit,
550 820 739 856 dicendum
764 819 830 854 erit
853 828 926 853 non
948 817 1072 853 teneri.
1105 816 1279 863 quaedam

190 866 285 902 enim
308 876 417 902 naves
441 866 638 908 onerariae,
663 864 839 910 quaedam
871 865 923 904 (ιιι
945 862 1014 908 ipsi
1037 862 1172 906 dicunt)
1198 864 1279 896 ἐπι-

189 914 346 958 βατηγοὶ
378 915 482 948 sunt:
516 915 551 947 et
581 911 770 957 plerosque
793 908 964 944 mandare
997 908 1091 951 scio,
1122 917 1168 943 ne
1197 917 1279 959 vec3

188 960 284 992 tores
307 956 495 1002 recipiant,
519 960 556 993 et
579 956 643 998 sic,
666 959 707 990 ut
731 957 829 990 certa
849 953 993 999 regione
1017 957 1053 989 et
1072 956 1169 989 certo
1190 962 1280 987 mari

188 1001 489 1084 Eiississe‘i‘seiul
512 1004 711 1093 stiffi,
726 998 1281 1080 ttztzeffifflfflffiffirt

188 1091 312 1128 inhab·
328 1102 386 1135 es,
410 1093 495 1129 item
520 1091 695 1138 quaedam
717 1089 816 1125 fluvii
840 1100 992 1135 capaces
1017 1089 1062 1124 ad
1086 1098 1184 1124 mare
1207 1098 1280 1123 non

192 1140 232 1173 13
280 1136 510 1174 sufficientes.
559 1136 597 1172 Si
626 1136 747 1181 plures
778 1135 850 1170 sint
880 1134 1040 1180 magistri
1063 1145 1136 1170 non
1159 1133 1280 1169 divisis

189 1181 337 1226 officiis,
362 1183 608 1235 quodcumque
632 1192 713 1217 cum
734 1191 806 1216 uno
829 1184 969 1226 gestum
993 1180 1078 1222 erit,
1110 1178 1281 1224 obligabit

191 1228 442 1264 exercitorem:
467 1228 499 1264 si
523 1227 661 1269 divisis,
694 1229 733 1262 ut
764 1226 855 1261 alter
885 1225 1059 1267 locando,
1091 1225 1183 1260 alter
1205 1223 1279 1259 exi-

191 1273 326 1319 gendo,
369 1285 435 1319 pro
479 1273 651 1318 cuiusque
685 1270 805 1306 officio
842 1270 1058 1315 obligabitur
1093 1269 1278 1306 exercitor.

194 1321 233 1354 14
281 1318 351 1354 Sed
372 1322 407 1354 et
424 1318 478 1354 si⁴
502 1318 554 1354 sic
577 1316 795 1363 praeposuit,
819 1319 860 1351 ut
873 1316 1106 1361 plerumque-'³
1128 1313 1279 1356 faciunt,

190 1374 235 1399 ne
258 1364 349 1399 alter
379 1364 455 1399 sine
485 1363 597 1399 altero
629 1361 714 1408 quid
744 1365 864 1406 gerat,
896 1361 958 1406 qui
989 1359 1168 1396 contraxit
1199 1370 1280 1395 cum

193 1411 231 1444 15
280 1419 351 1444 uno
375 1409 443 1444 sibi
466 1407 667 1454 imputabit.
714 1406 963 1442 Exercitorem
985 1410 1105 1441 autem
1125 1415 1206 1441 eum
1226 1404 1278 1439 di-

190 1453 321 1496 cimus,
355 1454 402 1489 ad
434 1464 537 1499 quem
570 1451 800 1489 obventiones
833 1455 869 1487 et
892 1451 1027 1487 reditus
1052 1460 1174 1487 omnes
1198 1460 1278 1495 per-

189 1499 346 1541 veniunt,
371 1499 443 1534 sive
466 1499 497 1535 is
522 1498 685 1534 dominus
709 1497 809 1532 navis
834 1497 881 1532 sit
903 1497 976 1532 sive
1000 1507 1023 1532 a
1046 1496 1188 1532 domino
1213 1505 1277 1530 na-

190 1555 266 1580 vem
296 1554 361 1589 per
391 1544 610 1580 aversionem
643 1542 814 1579 conduxit
844 1542 901 1578 vel
930 1541 978 1578 ad
999 1545 1140 1587 tempus
1163 1541 1220 1577 vel
1242 1540 1279 1575 in

193 1592 232 1625 16
279 1593 501 1634 perpetuum.
548 1589 655 1625 Parvi
667 1591 786 1623 autem
804 1586 924 1630 refert,
944 1586 1004 1633 qui
1023 1590 1165 1623 exercet
1183 1596 1277 1621 mas-

190 1634 290 1670 culus
314 1635 361 1669 sit
384 1645 431 1669 an
455 1634 599 1678 mulier,
633 1637 738 1680 pater
759 1632 912 1668 familias
937 1643 984 1668 an
1006 1632 1101 1668 filius
1124 1631 1278 1667 familias

188 1679 243 1715 vel
266 1689 407 1715 servus:
431 1680 589 1725 pupillus
613 1682 733 1714 autem
757 1678 787 1714 si
811 1688 936 1714 navem
960 1680 1137 1720 exerceat,
1163 1677 1277 1721 exige-

192 1727 229 1760 17
279 1735 357 1760 mus
371 1725 501 1761 tutoris
514 1724 773 1761 auctoritatem.
809 1723 879 1759 Est
890 1727 1010 1759 autem
1022 1723 1126 1759 nobis
1140 1722 1277 1764 electio,

188 1773 306 1805 utrum
338 1770 570 1806 exercitorem
602 1780 651 1805 an
680 1769 887 1814 magistrum
911 1768 1098 1804 convenire
1121 1767 1277 1804 velimus.

193 1817 232 1851 18
279 1814 349 1851 Sed
372 1826 416 1851 ex
440 1815 618 1851 contrario
643 1814 822 1851 exercenti
845 1824 971 1850 navem
1001 1813 1172 1849 adversus
1205 1822 1277 1855 e08,

189 1860 249 1906 qui
274 1871 354 1896 cum
377 1860 546 1906 magistro
572 1863 847 1903 contraxerunt,
878 1859 998 1895 actio⁶
1028 1869 1101 1895 non
1131 1858 1277 1904 pollice-

189 1910 264 1948 tur,
297 1906 381 1951 quia
412 1917 484 1942 non
516 1906 639 1942 eodem
671 1905 803 1940 auxilio
827 1904 1028 1949 indigebat,
1060 1903 1124 1940 sed
1148 1906 1211 1939 aut
1235 1912 1278 1938 ex

187 1951 305 1986 locato
331 1961 412 1986 cum
435 1952 624 1997 magistro,
657 1951 687 1986 si
710 1950 873 1986 mercede
897 1960 1042 1995 operam
1067 1949 1099 1985 ei
1123 1948 1278 1991 exhibet,

188 1999 252 2031 aut
275 1995 305 2031 si
328 1996 530 2040 gratuitam,
554 1996 714 2032 mandati
738 2005 843 2040 agere
866 1998 996 2041 potest.
1034 1995 1149 2030 solent
1173 1994 1279 2039 plane

189 2040 361 2093 praefecti
384 2046 533 2094 propter
555 2041 789 2077 ministerium
813 2051 996 2083 annonae,
1027 2040 1111 2075 item
1134 2039 1171 2074 iii
1195 2049 1278 2084 pro-

188 2086 311 2122 vinciis
342 2087 522 2131 praesides
546 2087 807 2132 provinciarum
832 2089 935 2121 extra
958 2085 1117 2121 ordinem
1140 2094 1201 2120 eos
1224 2084 1278 2119 iu-

193 2134 231 2166 19
278 2142 362 2167 vare
383 2141 427 2167 ex
440 2136 629 2168 contractu
641 2132 901 2177 magistrorum.
951 2130 989 2166 Si
1007 2130 1050 2173 is,
1072 2130 1134 2175 qui
1153 2140 1279 2165 navem

188 2176 405 2220 exercuerit,
436 2177 474 2212 in
498 2178 614 2213 aliena
635 2180 815 2223 potestate
839 2177 906 2212 erit
929 2177 1075 2220 eiusque
1098 2175 1280 2211 voluntate

188 2231 314 2257 navem
346 2223 563 2266 exercuerit,
596 2222 693 2268 quod
725 2232 807 2258 cum
837 2221 1007 2266 magistro
1041 2221 1117 2256 eius
1139 2221 1279 2265 gestum

189 2266 276 2310 erit,
307 2267 345 2302 in
377 2277 475 2310 eum,
510 2268 549 2303 iii
581 2268 682 2304 cuius
739 2270 892 2303 otestate
924 2267 956 2302 is
980 2266 1047 2302 erit
1071 2265 1131 2311 qui
1153 2275 1278 2300 navem

188 2314 231 2347 20
278 2312 486 2355 exercuerit,
510 2313 681 2349 iudicium
730 2316 821 2348 atur.
867 2312 971 2347 Licet
1001 2315 1120 2346 autem
1149 2310 1278 2346 datur⁷

188 2356 282 2393 actio
306 2357 342 2392 in
366 2367 459 2400 eum,
484 2358 585 2394 cuius
609 2358 647 2393 in
696 2361 849 2394 otestate
873 2362 927 2392 est
950 2357 1012 2402 qui
1031 2366 1157 2391 navem
1178 2365 1277 2391 exer-

189 2406 257 2445 cet,
281 2406 401 2438 tamen
424 2403 476 2438 ita
499 2403 642 2440 demum
690 2407 790 2445 atur,
816 2403 846 2438 si
869 2402 1052 2438 voluntate
1076 2401 1151 2436 eius
1177 2411 1277 2436 exer-

189 2451 279 2483 ceat.
316 2447 395 2484 ideo
421 2453 541 2484 autem
572 2459 616 2484 ex
647 2448 830 2484 voluntate
860 2447 898 2482 in
929 2447 1081 2482 solidum
1112 2449 1278 2481 tenentur

189 2492 249 2538 qui
272 2492 408 2528 habent
431 2493 468 2528 in
491 2497 671 2546 potestate
703 2493 953 2535 exercitorem,
988 2491 1072 2537 quia
1103 2490 1151 2526 ad
1182 2501 1276 2526 sum-

188 2547 282 2572 mam
304 2548 379 2573 rem
401 2539 582 2583 pubhcam
605 2539 748 2574 navium
772 2538 939 2574 exercitio
964 2537 1129 2582 pertinet.
1164 2539 1202 2571 at
1224 2536 1277 2571 in-

189 2581 352 2618 stitorum
378 2594 448 2619 non
471 2584 566 2620 idem
589 2594 675 2620 usus
700 2587 771 2619 est:
803 2593 846 2618 ea
876 2587 1022 2628 propter
1045 2582 1083 2617 in
1105 2581 1278 2616 tributum

190 2627 375 2663 dumtaxat
398 2634 584 2672 vocantur,
609 2629 671 2675 qui
695 2632 951 2664 contraxerunt
975 2638 1054 2664 cum
1078 2637 1132 2669 eo,
1157 2626 1218 2671 qui
1240 2626 1278 2661 in

188 2683 305 2708 merce
339 2674 509 2718 peculiari
544 2674 679 2710 sciente
714 2673 856 2709 domino
891 2673 1103 2718 negotiatur.
1151 2671 1215 2707 sed
1248 2671 1278 2706 si

189 2718 322 2752 sciente
353 2718 556 2763 dumtaxat,
589 2730 662 2756 non
693 2719 801 2755 etiam
831 2719 971 2754 volente
1003 2728 1084 2754 cum
1108 2716 1276 2762 magistro

190 2766 411 2814 contractum
442 2764 506 2807 sit,
536 2769 658 2800 utrum
681 2764 784 2810 quasi
806 2764 844 2799 in
866 2764 1042 2800 volentem
1066 2762 1191 2798 damus
1215 2771 1276 2796 ac·

189 2810 320 2843 tionem
332 2808 380 2860 ‘in
404 2809 555 2845 solidum
579 2821 626 2845 an
648 2819 731 2845 vero
757 2809 917 2854 exemplo
941 2808 1153 2844 tributoriae
1176 2806 1276 2842 dabi-

189 2853 295 2887 mus?
329 2863 366 2887 m
390 2863 428 2888 re
450 2854 557 2899 igitur
580 2855 689 2891 dubia
711 2854 836 2890 melius
861 2858 916 2890 est
937 2853 1054 2889 verbis
1076 2852 1184 2888 edicti
1203 2862 1275 2887 ser-

189 2897 262 2932 vire
294 2900 330 2932 et
361 2907 475 2943 neque
505 2900 688 2935 scientiam
718 2900 830 2935 solam
861 2903 897 2935 et
920 2898 1053 2935 nudam
1076 2898 1188 2951 patris
1212 2896 1275 2932 do-

189 2951 315 2994 mimve
338 2942 375 2977 in
399 2943 546 2980 navibus
566 2955 716 2980 onerare
735 2955 850 2990 neque
867 2944 906 2979 in
925 2943 1167 2997 peculiaribus
1184 2952 1275 2978 mer-

189 2986 291 3022 cibus
321 2987 539 3024 voluntatem
570 2989 759 3026 extendere
794 2989 840 3026 ad
875 2989 980 3025 solidi
1013 2988 1273 3033 obligationem.

190 3035 226 3067 et
243 3032 295 3068 ita
313 3031 452 3068 videtur
473 3038 508 3069 et
517 3034 735 3080 Pomponius
755 3034 966 3080 significare,
988 3034 1019 3069 si
1039 3034 1086 3069 sit
1103 3033 1140 3068 in
1160 3032 1276 3068 aliena

238 3080 379 3120 testate,
405 3077 435 3113 si
458 3079 598 3131 quidem
621 3080 805 3116 voluntate
827 3083 939 3125 gerat,
963 3079 1000 3114 in
1024 3078 1175 3114 solidum
1195 3088 1275 3113 eum

215 3124 230 3156 i
258 3166 266 3175 ο
280 3121 439 3175 obligari,
449 3133 479 3159 si
486 3124 860 3175 minus,inpeculium.
893 3125 1124 3170 Inpotestate
1132 3126 1250 3158 autem
1263 3123 1275 3142 ⁸

189 3176 405 3212 accipiemus
425 3171 608 3214 utriusque
628 3180 732 3205 sexus
751 3170 807 3205 vel
825 3170 917 3205 fflios
937 3170 992 3205 vel
1012 3169 1103 3204 filias
1123 3168 1177 3203 vel
1200 3178 1273 3203 ser-

189 3214 233 3248 22
279 3222 342 3248 vos
374 3212 428 3249 vel
459 3223 589 3249 servas.
637 3214 675 3250 Si
705 3219 824 3250 tamen
855 3225 976 3250 servus
999 3213 1189 3259 peculiaris
1212 3223 1273 3248 vo-

188 3256 555 3310 lente‘filioofamilias
577 3259 614 3294 in
639 3259 739 3294 cuius
762 3259 901 3304 peculio
933 3263 1030 3302 erat,
1061 3259 1116 3294 vel
1148 3257 1275 3294 servo⁹

188 3311 341 3338 vicarius
364 3313 439 3338 eius
463 3313 589 3339 navem
613 3304 789 3347 exercuit,
821 3308 925 3349 pater
955 3304 1181 3346 dominusve,
1238 3302 1273 3337 ui

188 3346 408 3384 voluntatem
430 3358 503 3384 non
528 3349 828 3391 accommodavit,
853 3349 1042 3384 dumtaxat
1065 3348 1109 3384 de
1132 3314 1272 3393 peeu‘lio

188 3392 383 3436 tenebitur,
407 3392 471 3429 sed
492 3393 586 3429 filius
609 3393 686 3446 ipse
708 3394 745 3428 in
768 3394 930 3429 solidum.
965 3394 1072 3439 plane
1095 3394 1126 3429 si
1148 3393 1273 3429 volun—

191 3440 264 3473 tate
287 3436 420 3474 domini
448 3438 505 3475 vel
534 3441 648 3484 pan-is
680 3442 886 3481 exerceant,
922 3439 960 3474 in
990 3438 1143 3474 solidum
1174 3442 1273 3474 tene-

189 3481 325 3518 buntur
347 3486 385 3519 et
406 3487 593 3530 praeterea
616 3486 652 3519 et
673 3483 788 3525 filius,
820 3483 850 3518 si
882 3487 918 3519 et
948 3484 960 3518 i
986 3493 1026 3519 se
1056 3483 1274 3519 voluntatem

190 3529 234 3563 23
280 3528 572 3571 accommodavit,
594 3528 633 3564 in
655 3527 807 3564 solidum
830 3528 897 3563 erit
919 3528 988 3564 ob·
1036 3531 1105 3564 tus.
1142 3527 1274 3572 Quam·

191 3647 231 3684 (ι)
256 3643 335 3676 dato
347 3643 383 3676 F

191 3689 233 3729 (4)
259 3689 287 3720 si
302 3689 379 3721 add.
394 3687 442 3721 F*

190 3734 233 3774 (7)
259 3733 357 3765 detui-
368 3733 422 3765 F'

892 3641 935 3683 (8)
960 3641 1012 3674 vel
1024 3641 1184 3674 materiae
1197 3641 1271 3675 dett.

961 3687 1005 3727 (ὅ)
1030 3686 1198 3719 actionem
1210 3699 1272 3719 scr.

956 3732 1001 3772 (9)
1026 3730 1198 3764 voluntate
1211 3731 1274 3763 filii

498 3643 543 3684 (2)
568 3652 634 3677 non
646 3640 766 3694 ins5F¹
824 3684 839 3705 ι

515 3685 854 3774 (εὲδζυιῖξᾜςέιιιΐβ

1271 103 1350 153 186

1347 239 1454 276 quam
1477 233 1615 283 autem,
1639 230 1671 267 si
1693 241 1775 267 cum
1797 231 1966 277 magistro
1989 231 2064 268 eius
2086 235 2225 278 gestum
2248 232 2306 276 sit,
2330 233 2430 268 dum-

1347 279 1449 310 taxat
1470 276 1683 321 polliceatur
1705 280 1849 322 praetor
1872 276 2069 320 actionem,
2099 281 2238 320 tamen,
2261 281 2303 313 ut
2324 278 2430 314 Iulia-

1348 330 1416 356 nus
1441 331 1581 366 quoque
1603 321 1765 366 scripsit,
1798 322 1937 357 etiamsi
1960 332 2042 357 cuin
2064 322 2142 368 ipso
2167 322 2363 359 exercitore
2386 323 2431 358 sit

1349 369 1591 409 contractum,
1621 371 1725 419 pater
1755 366 1962 402 dominusve
1991 367 2029 402 in
2059 367 2211 403 solidum
2241 368 2430 403 tenebitur.

1349 413 1391 445 24
1437 410 1538 447 Haec
1568 415 1662 447 actio
1694 422 1738 447 ex
1768 422 1922 457 persona
1952 412 2111 456 magistri
2140 413 2177 448 in
2201 413 2432 448 exercitorem

1349 455 1502 499 dabitur,
1527 459 1563 492 et
1585 456 1677 499 ideo,
1702 456 1733 491 si
1756 467 1834 492 cuin
1859 461 1939 493 utro
1965 467 2087 493 eorum
2110 461 2231 493 actum
2255 461 2328 501 est,
2352 468 2433 493 cum

1348 501 1459 536 altero
1492 501 1550 547 agi
1579 512 1652 537 non
1682 505 1812 547 potest.
1858 502 1920 538 sed
1950 503 1982 538 si
2013 502 2099 548 quid
2128 502 2175 538 sit
2197 503 2370 546 solutum,
2403 503 2433 538 si

1349 546 1490 598 quidem
1514 556 1536 581 a
1559 546 1739 592 magistro,
1762 547 1840 592 ipso
1864 547 1942 583 iure
1964 547 2135 582 minuitur
2158 548 2344 593 obligatio:
2370 547 2432 583 sed

1349 595 1385 626 et
1408 601 1438 626 si
1462 591 1508 626 ab
1533 592 1747 634 exercitore,
1773 592 1846 627 sive
1869 602 1934 628 suo
1959 593 2119 635 nomine,
2150 593 2187 628 id
2211 597 2266 628 est
2288 597 2433 638 propter

1347 636 1575 672 honorariam
1599 636 1870 682 obligationem,
1904 637 1977 673 sive
2007 637 2166 682 magistri
2195 638 2338 674 nomine
2361 638 2431 673 sol-

1348 681 1447 724 verit,
1471 682 1651 718 minuetur
1673 682 1860 727 obligatio,
1942 682 2060 717 oniam
2092 685 2129 718 et
2159 683 2250 719 alius
2282 693 2346 728 pro
2377 693 2433 718 me

1349 729 1392 761 25
1439 726 1606 762 solvendo
1631 737 1687 762 me
1706 727 1844 762 liberat.
1892 693 2066 772 giuplm-eg
2089 737 2214 763 navem
2233 732 2431 770 exerceant,

1350 782 1430 807 cum
1478 772 1612 808 uolibet
1637 782 1758 808 eorum
1782 773 1818 807 in
1843 772 1995 807 solidum
2018 772 2075 818 agi
2097 776 2228 818 potest,

1394 814 1420 854 2
1476 827 1570 853 Alos
1589 817 1680 853 libro
1703 828 1799 853 nono
1824 817 1874 852 ad
1891 817 2045 853 edictum
2057 818 2287 864 provinciale
2331 829 2376 854 ne
2395 818 2430 854 in

1348 862 1467 908 plures
1499 862 1719 898 adversarios
1743 862 1976 907 distringatur
1989 863 2018 884 ¹⁰
2040 863 2102 908 qui
2131 873 2212 899 cum
2242 874 2314 899 uno
2347 874 2432 900 coii-

1348 907 1514 943 traxerit:

1396 951 1420 990 3
1446 952 1605 989 Psaros
1632 952 1723 988 libro
1754 953 1945 988 vicensimo
1976 963 2071 988 nono
2095 952 2146 988 ad
2167 953 2320 989 edictum
2366 964 2433 989 nec

1350 999 1430 1043 quic
1456 1007 1540 1033 uam
1561 997 1699 1041 facere,
1725 1001 1869 1043 quotam
1892 998 2041 1043 quisque
2063 998 2262 1043 portionem
2285 999 2322 1033 in
2345 1009 2434 1034 nave

1349 1043 1441 1079 habe
1466 1047 1500 1086 t,
1534 1052 1684 1088 eumque
1716 1043 1777 1088 qui
1807 1043 2024 1088 praestiterit
2054 1043 2234 1079 societatis
2257 1043 2387 1079 iudicio
2412 1054 2434 1079 a

1349 1088 1477 1124 ceteris
1501 1092 1788 1124 consecuturum.

1395 1133 1421 1171 4
1452 1133 1647 1170 Uiezfflvs
1675 1133 1767 1169 libro
1799 1134 1989 1169 vicensimo
2023 1143 2119 1169 nono
2132 1134 2159 1155 ¹¹
2195 1133 2245 1169 ad
2279 1133 2433 1169 edictum

1349 1178 1388 1214 Si
1410 1183 1531 1215 tamen
1553 1179 1674 1224 plures
1698 1188 1762 1224 per
1785 1189 1823 1214 se
1854 1188 1980 1214 navem
2011 1182 2218 1221 exerceant,
2252 1189 2316 1224 pro
2350 1189 2432 1224 por-

1349 1224 1507 1260 tionibus
1540 1224 1765 1260 exercitionis
1797 1223 2071 1259 conveniuntur:
2111 1233 2227 1269 neque
2257 1225 2349 1259 enim
2379 1224 2433 1259 in-

1352 1273 1367 1305 1
1417 1270 1530 1305 vicem
1569 1269 1624 1305 sui
1659 1269 1819 1314 magistri
1859 1268 2023 1304 videntur
2035 1269 2074 1304 ¹².
2131 1268 2202 1304 Sed
2243 1269 2274 1304 si
2315 1269 2434 1314 plures

1350 1318 1559 1358 exerceant,
1591 1325 1702 1350 unum
1733 1318 1853 1349 autem
1884 1313 1928 1349 de
1958 1324 2104 1350 numero
2137 1324 2202 1350 suo
2227 1315 2432 1359 magistrum

1347 1360 1509 1403 fecerint,
1533 1360 1639 1396 huius
1662 1359 1804 1395 nomine
1825 1359 1863 1394 in
1886 1358 2036 1395 solidum
2055 1362 2223 1404 poterunt
2243 1359 2431 1395 conveniri.

1349 1409 1369 1441 2
1417 1405 1488 1441 Sed
1521 1405 1553 1441 si
1584 1415 1707 1440 servus
1738 1404 1892 1450 plurium
1915 1414 2041 1440 navem
2064 1408 2230 1440 exerceat
2251 1404 2433 1440 voluntate

1350 1460 1492 1493 eorum,
1523 1450 1616 1486 idem
1641 1450 1778 1495 placuit
1801 1450 1896 1502 quod
1919 1450 1956 1484 in
1979 1449 2140 1495 pluribus
2166 1450 2432 1485 exercitoribus.

1372 1496 1454 1531 lane
1478 1495 1509 1531 si
1532 1496 1638 1531 unius
1664 1506 1707 1531 ex
1730 1495 1893 1531 omnibus
1916 1495 2098 1531 voluntate
2122 1495 2291 1537 exercuit,
2315 1495 2352 1530 in
2376 1505 2432 1530 so-

1363 1541 1455 1577 'dum
1478 1541 1537 1576 ille
1556 1540 1746 1583 tenebitur,
1772 1544 1807 1576 et
1826 1540 1905 1576 ideo
1926 1544 2013 1585 puto
2033 1544 2069 1575 et
2087 1541 2124 1575 in
2144 1540 2325 1586 superiore
2347 1550 2432 1575 casu

1348 1590 1368 1623 3
1414 1586 1452 1622 in
1476 1586 1627 1622 solidum
1651 1596 1773 1622 omnes
1796 1585 1920 1621 teneri.
1969 1585 2006 1620 Si
2029 1596 2151 1621 servus
2182 1586 2247 1628 sit,
2279 1585 2338 1631 qui
2368 1595 2431 1620 na-

1347 1642 1425 1667 vem
1457 1632 1616 1667 exercuit
1644 1631 1827 1667 voluntate
1858 1630 2008 1673 domini,
2041 1634 2077 1666 et
2107 1630 2282 1667 alienatus
2313 1630 2431 1673 fuerit,

1347 1677 1457 1713 nihilo
1491 1677 1606 1713 minus
1630 1676 1660 1712 is
1685 1676 1746 1722 qui
1769 1686 1849 1711 eum
1873 1675 2039 1711 alienavit
2061 1675 2250 1711 tenebitur.
2286 1675 2433 1721 proinde

1348 1725 1384 1758 et
1407 1722 1438 1758 si
1461 1722 1654 1758 decesserit
1677 1732 1820 1764 servus,
1852 1721 2050 1756 tenebitur:
2084 1731 2166 1756 nam
2199 1724 2234 1756 et
2264 1721 2431 1766 magistro

1347 1771 1369 1803 4
1415 1767 1584 1803 defuncto
1597 1767 1787 1803 tenebitur.
1834 1767 1912 1801 Hae
1936 1766 2093 1802 actiones
2116 1770 2288 1819 perpetuo
2313 1770 2349 1802 et
2371 1766 2432 1801 he·

1346 1812 1491 1848 redibus
1516 1816 1552 1848 et
1573 1812 1611 1847 in
1642 1812 1791 1847 heredes
1823 1811 2022 1847 dabuntur:
2054 1811 2202 1857 proinde
2233 1816 2268 1847 et
2298 1811 2328 1847 si
2359 1822 2431 1847 ser-

1347 1868 1433 1901 vae,
1466 1858 1526 1903 qui
1549 1858 1732 1894 voluntate
1756 1857 1888 1892 domini
1912 1856 2090 1899 exercuit,
2124 1856 2295 1899 decessit,
2327 1856 2429 1892 etiam

1346 1906 1430 1949 post
1453 1913 1586 1938 annum
1611 1903 1755 1938 dabitur
1777 1903 1867 1938 haec
1891 1903 2004 1946 actio,
2038 1902 2196 1947 quamvis
2227 1902 2271 1937 de
2295 1902 2429 1947 peculio

1346 1949 1442 1984 ultra
1466 1958 1598 1984 annum
1622 1959 1694 1984 non
1718 1948 1832 1983 detur.

1393 1993 1417 2031 5
1450 1993 1507 2029 ΡΑ
1515 2003 1609 2029 ULUS
1641 1994 1731 2029 libro
1763 1994 1953 2029 vicensimo
1984 2003 2079 2028 nono
2111 1991 2162 2027 ad
2189 1992 2342 2028 edictum
2396 1991 2430 2029 Si

1348 2049 1449 2082 eum,
1474 2039 1535 2084 qui
1558 2039 1594 2074 in
1616 2049 1697 2075 mea
1720 2042 1897 2084 potestate
1920 2038 1983 2080 sit,
2015 2037 2221 2082 magistrum
2246 2037 2344 2072 navis
2368 2036 2430 2072 ha-

1347 2084 1444 2126 beas,
1469 2084 1555 2119 mihi
1578 2094 1719 2129 quoque
1741 2084 1778 2118 in
1802 2087 1837 2119 te
1861 2083 2029 2128 competit
2052 2083 2165 2125 actio,
2189 2082 2219 2118 si
2244 2082 2328 2127 quid
2353 2092 2432 2117 cuin

1349 2140 1389 2166 eo
1416 2134 1646 2165 contraxero:
1679 2129 1773 2164 idem
1805 2132 1877 2171 est,
1911 2129 1941 2164 si
1965 2127 2160 2164 communis
2185 2137 2306 2163 servus
2329 2127 2432 2162 nobis

1349 2175 1424 2210 erit.
1461 2185 1506 2210 ex
1528 2175 1646 2210 locato
1664 2178 1784 2210 tamen
1803 2184 1942 2209 mecum
1959 2184 2055 2218 ages,
2079 2173 2176 2218 quod
2195 2183 2323 2218 operas
2343 2172 2432 2208 servi

1347 2220 1416 2255 mei
1451 2219 1683 2263 conduxeris,
1719 2219 1803 2265 quia
1834 2222 1870 2255 et
1900 2219 1931 2254 si
1961 2229 2043 2254 cum
2077 2218 2146 2254 alio
2183 2218 2431 2260 contraxisset,

1348 2275 1470 2310 ageres
1494 2275 1652 2307 mecum,
1684 2269 1725 2299 ιιι
1748 2264 1926 2307 actiones,
1958 2274 2048 2309 quas
2081 2273 2122 2299 eo
2146 2263 2287 2298 nomine
2310 2263 2431 2306 habui,

1347 2310 1412 2346 tibi
1434 2314 1674 2355 praestarem,
1707 2309 2001 2355 quemadmodum
2025 2319 2105 2344 cum
2128 2308 2259 2350 libero,
2291 2308 2322 2343 si
2353 2307 2431 2353 qui-

1348 2355 1428 2391 dem
1445 2355 1688 2398 conduxisses,
1714 2354 1904 2400 experieris
1919 2355 1962 2389 ¹³:
1988 2353 2083 2399 quod
2103 2353 2133 2389 si
2151 2353 2328 2398 gratuitae
2347 2363 2430 2398 ope-

1351 2404 1368 2441 1,
1415 2411 1477 2436 rae
1506 2400 1659 2443 fuerint,
1690 2399 1849 2435 mandati
1880 2409 1973 2444 ages.
2020 2399 2109 2434 Item
2133 2399 2163 2434 si
2187 2409 2309 2434 servus
2332 2408 2431 2433 meus

1348 2456 1472 2481 navem
1505 2446 1684 2481 exercebit
1715 2449 1750 2480 et
1781 2455 1862 2481 cuin
1894 2444 2062 2489 magistro
2095 2444 2171 2479 eius
2208 2448 2431 2486 conti-axem,

1346 2491 1434 2526 nihil
1468 2491 1645 2533 obstabit,
1682 2501 1752 2536 quo
1784 2490 1900 2525 minus
1932 2490 2100 2524 adversus
2135 2489 2339 2534 magistrum
2371 2499 2430 2524 ex-

1346 2536 1465 2582 periar
1487 2536 1637 2578 actione,
1663 2546 1755 2581 quae
1778 2535 1864 2570 mihi
1886 2535 1941 2570 vel
1960 2535 2037 2569 iure
2057 2534 2149 2569 civili
2167 2534 2222 2569 vel
2241 2533 2431 2569 honorario

1347 2581 1534 2626 competit:
1561 2591 1643 2616 nam
1668 2585 1704 2616 et
1727 2580 1836 2616 cuivis
1860 2580 1920 2615 alii
1943 2590 2014 2615 non
2038 2580 2158 2615 obstat
2175 2579 2245 2615 hoc
2266 2578 2430 2621 edictum,

1347 2637 1417 2672 quo
1452 2627 1568 2662 minus
1604 2637 1685 2662 cum
1719 2625 1886 2670 magistro
1923 2635 2027 2670 agere
2061 2624 2192 2669 possit:
2234 2624 2303 2659 hoc
2339 2624 2431 2660 enim

1347 2675 1366 2707 2
1414 2671 1529 2707 edicto
1542 2682 1614 2707 non
1627 2671 1843 2707 transfertur
1862 2671 1967 2712 actio,
1989 2669 2051 2705 sed
2070 2669 2233 2705 adicitur.
2280 2668 2318 2704 Si
2337 2679 2430 2704 unus

1347 2727 1390 2752 ex
1419 2717 1475 2752 his
1500 2717 1756 2752 exercitoribus
1782 2727 1862 2751 cum
1884 2715 2052 2760 magistro
2077 2714 2176 2750 navis
2200 2714 2430 2757 contraxerit,

1346 2772 1450 2807 agere
1473 2773 1555 2797 cum
1579 2762 1658 2797 aliis
1683 2761 1939 2797 exercitoribus
1962 2760 2103 2805 poterit.

1392 2805 1417 2845 6
1449 2806 1610 2843 Pinus
1637 2807 1728 2843 libro
1757 2811 1863 2842 sexto
1894 2806 2050 2842 brevium
2065 2805 2090 2826 ¹⁴
2137 2804 2175 2840 Si
2204 2814 2327 2840 servus
2357 2815 2429 2839 non

1345 2852 1528 2888 voluntate
1563 2852 1695 2888 domini
1729 2861 1854 2887 navem
1888 2850 2104 2893 exercuerit,
2141 2850 2171 2885 si
2205 2850 2340 2885 sciente
2374 2859 2428 2892 eo,

1345 2897 1448 2942 quasi
1470 2897 1671 2940 tributoria,
1696 2897 1726 2933 si
1749 2897 1952 2949 ignorante,
1977 2895 2022 2931 de
2044 2894 2185 2941 peculio
2209 2895 2304 2930 actio
2329 2894 2428 2930 dabi-

1348 2946 1363 2978 1
1412 2947 1483 2978 tur.
1532 2942 1569 2977 Si
1603 2952 1798 2978 communis
1833 2951 1955 2977 servus
1990 2941 2172 2976 voluntate
2207 2939 2430 2976 dominorum

1345 2990 1511 3023 exerceat
1532 2997 1678 3029 navem,
1711 2987 1749 3022 in
1771 2986 1928 3031 singulos
1952 2985 2031 3021 dari
2055 2985 2197 3021 debebit
2218 2985 2256 3020 in
2278 2984 2429 3020 solidum

1344 3033 1450 3068 actio.

1390 3075 1414 3114 7
1446 3077 1673 3113 Ammmws
1703 3076 1794 3112 libro
1830 3079 1955 3112 octavo
1990 3076 2238 3122 quaestionum
2294 3073 2428 3110 Lucius

1344 3123 1458 3158 Titius
1483 3122 1642 3158 Stichum
1665 3121 1872 3167 magistrum
1895 3121 1995 3156 navis
2011 3122 2037 3142 ¹⁶
2059 3119 2284 3165 praeposuit:
2308 3119 2340 3155 is
2363 3129 2424 3164 pe-

1343 3168 1485 3204 cuniam
1516 3171 1699 3203 mutuatus
1732 3167 1824 3202 cavit
1855 3177 1894 3202 se
1915 3167 1953 3202 in
1974 3165 2203 3201 refectionem
2228 3164 2328 3200 navis
2351 3174 2428 3199 eam

1343 3213 1542 3265 accepisse:
1567 3212 1766 3257 quaesitum
1798 3215 1869 3253 est,
1894 3222 1941 3247 an
1965 3222 2038 3246 non
2061 3210 2166 3245 aliter
2188 3209 2304 3245 Titius
2328 3219 2427 3244 exer-

1344 3259 1470 3294 citoria
1488 3262 1679 3300 teneretur,
1704 3267 1810 3310 quam
1829 3256 1860 3292 si
1879 3256 2034 3292 creditor
2051 3255 2222 3301 probaret
2241 3254 2428 3300 pecuniam

1343 3303 1379 3338 in
1400 3302 1629 3338 refectionem
1649 3312 1746 3338 navis
1768 3311 1845 3337 esse
1855 3304 2113 3346 consumptam.
2147 3299 2332 3345 respondit
2351 3309 2426 3334 cre—

1343 3348 1491 3383 ditorem
1514 3347 1648 3383 utiliter
1670 3351 1844 3389 acturum,
1868 3346 1910 3389 si,
1935 3357 2016 3382 cum
2038 3345 2190 3391 pecunia
2213 3344 2426 3385 crederetur,

1343 3394 1441 3428 navis
1465 3393 1502 3428 in
1525 3402 1568 3428 ea
1590 3402 1703 3428 causa
1724 3391 1870 3433 fuisset,
1903 3395 1944 3426 ut
1974 3390 2073 3426 refici
2105 3390 2265 3426 deberet:
2299 3389 2426 3424 etenim

1342 3442 1383 3473 ut
1406 3448 1478 3473 non
1501 3440 1643 3482 oportet
1666 3436 1875 3473 creditorem
1899 3435 1945 3471 ad
1968 3436 2037 3471 hoc
2060 3434 2250 3487 adstringi,
2281 3438 2322 3469 ut
2350 3434 2427 3479 ipse

1342 3482 1553 3518 reficiendae
1577 3482 1675 3518 navis
1700 3492 1821 3518 curam
1844 3480 2017 3526 suscipiat
2039 3484 2076 3516 et
2097 3483 2276 3525 negotium
2295 3478 2427 3514 domini

1341 3531 1443 3573 gerat
1466 3527 1575 3573 (quod
1599 3530 1695 3563 certe
1717 3526 1878 3562 futurum
1897 3526 1954 3567 sit,
1978 3526 2009 3562 si
2027 3534 2173 3561 necesse
2191 3524 2324 3560 habeat
2342 3533 2425 3569 pro-

1344 3639 1421 3673 sam.
1476 3640 1529 3674 vel
1540 3650 1654 3673 servus
1666 3639 1719 3673 Γ*
1729 3638 1838 3674 „011⁵”
1895 3640 1955 3680 (ιο)
1969 3639 2199 3682 destringatur
2210 3639 2245 3672 F
2302 3639 2358 3680 (ιι)
2369 3647 2423 3671 oc·

1345 3687 1424 3718 tavo
1437 3698 1500 3719 scr.
1605 3690 1662 3723 (12)
1689 3683 1893 3718 videbuntur
1903 3683 1957 3718 F²
2048 3686 2106 3725 (13)
2130 3683 2329 3726 experireris
2341 3682 2424 3717 Hal.

1346 3732 1403 3770 (u)
1428 3728 1539 3763 brevis
1552 3730 1657 3762 odisti
1669 3728 1722 3763 F·
1812 3731 1870 3771 (ιι)
1896 3730 1977 3762 navi
1986 3729 2069 3763 Hal.

1813 120 1875 151 DE
1903 119 2206 152 EXEROITORJA
2234 119 2430 152 AO'HONE
2489 88 2513 111 ³.
