2528 3918
86 176 163 216 QUI
190 172 481 204 TESTAMENTA
509 171 609 202 FAC.
638 171 759 203 POSS.

84 290 104 323 3
150 287 272 320 rentur
295 292 318 317 a
340 285 443 327 patre
466 280 624 326 prodigo.
673 279 744 315 Sed
773 279 857 325 quid
889 280 919 315 si
943 290 1010 315 nec
1035 279 1081 314 ad
1104 279 1174 315 hoc

83 338 320 367 consensurus
345 330 440 361 esset
461 325 658 370 prodigus?
689 325 752 360 sed
775 335 839 370 per
863 325 982 360 omnia
1003 324 1174 360 iudicium

82 373 261 412 testatoris
284 381 413 416 sequen
421 370 502 405 dum
526 374 597 413 est,
629 380 693 413 ne,
725 380 830 415 quem
853 374 958 414 pater
980 380 1062 405 vero
1087 380 1172 405 con-

82 420 159 457 silio
208 417 367 462 rodigum
392 415 558 457 credidit,
584 426 665 451 eum
687 415 914 459 magistratus
938 419 1085 460 propter
1108 414 1172 450 ali-

82 464 166 511 quid
205 466 281 498 orte
305 472 408 496 suum
430 460 554 496 vitium
576 461 744 496 idoneum
768 460 957 505 putaverit.

130 506 179 546 17
207 507 329 544 Gaas
350 506 441 541 libro
457 506 581 552 primo
606 506 651 543 de
673 506 1013 541 manumissionibus
1059 504 1171 540 Cura-

81 558 139 590 tor
170 552 292 588 furiosi
325 551 422 586 nullo
454 550 559 586 modo
591 551 792 586 libertatem
826 554 1010 596 praestare
1040 554 1171 595 potest,

1169 154 1251 201 371

2092 160 2284 203 XXVIII
2317 166 2336 202 1

1243 278 1342 324 quod
1377 289 1420 314 ea
1453 289 1510 314 res
1545 290 1589 315 ex
1624 280 1929 317 administratione
1964 293 2036 318 non
2071 286 2142 318 est:
2186 293 2269 318 nam
2303 283 2340 318 in

1242 324 1418 360 tradendo
1443 325 1494 359 ita
1517 335 1575 360 res
1605 324 1730 360 furiosi
1755 327 1897 370 alienat,
1922 327 1952 362 si
1982 327 2020 362 id
2043 328 2091 363 ad
2114 327 2340 364 administra-

1242 369 1375 405 tionem
1410 370 1633 415 negotiorum
1672 371 1866 415 pertineat:
1909 376 1945 407 et
1974 373 2077 408 ideo¹
2119 373 2149 409 si
2184 373 2341 410 donandi

1243 424 1355 450 causa
1379 415 1527 458 alienet,
1560 426 1676 460 neque
1706 416 1850 452 traditio
1883 417 2073 463 quicquam
2096 419 2247 462 valebit,
2271 418 2341 454 nisi

1241 469 1286 539 ξι
1305 504 1313 512 ·
1328 470 1458 540 magna
1499 460 1654 496 utilitate
1695 460 1822 497 furiosi
1863 462 1932 498 hoc
1968 463 2169 509 cognitione
2212 464 2340 500 iudicis

1258 515 1337 540 acla
1356 533 1364 540 .

795 1064 975 1115 LIBER
1003 1063 1322 1116 VIOESIMUS
1353 1062 1631 1114 OCTAVUS.

603 1181 658 1223 1².

165 1250 245 1288 QUI
269 1248 575 1282 TESTAMENTA
598 1247 777 1281 FACERE
803 1247 1006 1281 POSSUNT
1029 1247 1089 1280 ΕΤ

192 1294 551 1332 QUEMADMODUM
575 1293 884 1326 TESTAMENTA
907 1293 1058 1326 FIANT.

128 1361 147 1400 1
174 1361 429 1398 Monrsrlzws
449 1359 542 1396 libro
564 1359 723 1396 secundo
740 1359 1008 1406 pandectarum
1047 1359 1175 1395 Testa-

80 1411 236 1444 mentum
260 1410 314 1442 est
336 1405 530 1441 voluntatis
554 1406 723 1440 nostrae³
746 1406 842 1440 iusta
865 1405 1043 1440 sententia
1059 1404 1104 1440 de
1120 1414 1174 1447 eo,

79 1452 176 1500 quod
223 1452 277 1487 uis
302 1455 385 1496 post
408 1454 558 1486 mortem
581 1461 683 1486 suam
707 1450 785 1486 fieri
808 1450 903 1486 velit.

124 1496 150 1536 2
186 1464 319 1532 ἓΑΒΕο
360 1496 452 1532 libro
481 1496 605 1542 primo
634 1497 882 1542 posteriorum
920 1496 968 1531 α4
1002 1494 1175 1531 Iauoleno

77 1544 354 1591 epitomatorum
399 1541 442 1576 In
466 1550 508 1576 eo
534 1541 593 1586 qui
618 1544 773 1576 testatur
797 1542 872 1576 eius
899 1541 1081 1587 temporis,
1106 1550 1176 1586 quo

78 1591 328 1624 testamentum
361 1585 470 1628 facit,
506 1586 692 1632 integritas
726 1587 874 1629 mentis,
910 1597 983 1622 non
1018 1586 1177 1632 corporis

78 1634 213 1671 sanitas
238 1631 410 1678 exigenda
433 1634 498 1667 est.

124 1676 148 1716 3
174 1678 422 1713 PAPJNJANUS
453 1676 544 1712 libro
576 1681 709 1722 quarto
748 1676 886 1713 decimo
926 1677 1177 1730 quaestionum

77 1723 299 1760 Testamenti
321 1722 432 1757 factio
456 1732 529 1757 non
552 1722 692 1767 privati,
718 1722 781 1757 sed
805 1722 939 1768 publicl
962 1722 1050 1757 iuris
1075 1724 1140 1757 est.

123 1768 150 1806 4
177 1768 300 1805 Galus
321 1767 411 1803 libro
435 1767 593 1803 secundo
618 1768 905 1803 institutionum⁵
964 1767 1003 1803 Si
1026 1776 1176 1812 quaera-

77 1825 167 1855 mus,
193 1824 241 1848 an
263 1813 381 1848 valeat
395 1815 659 1854 testamentum,
675 1813 713 1847 in
731 1813 852 1858 primis
873 1812 1179 1848 animadvertere⁶

77 1860 267 1900 debemus,
303 1868 350 1893 an
383 1858 414 1893 is
450 1858 511 1903 qui
544 1857 671 1892 fecerit
704 1860 980 1894 testamentum⁷
1011 1857 1179 1893 habuerit

76 1904 280 1941 testamenti
302 1903 507 1945 factionem,
532 1903 669 1945 deinde,
695 1903 726 1938 si
748 1903 925 1946 habuerit,
942 1903 1176 1956 requiremus,

77 1960 125 1986 an
148 1949 343 1985 secundum
366 1948 507 1993 regulas
530 1948 618 1983 iuris
643 1948 754 1984 civilis
767 1950 779 1969 ⁸
802 1953 956 1985 testatus
981 1952 1038 1984 sit.

123 1994 147 2032 5
192 1994 387 2031 ULPIANUS
426 1993 517 2029 libro
552 1996 657 2029 sexto
693 1994 744 2029 ad
775 1993 950 2030 Sabinum
1026 1995 1061 2029 A
1106 2003 1177 2038 qua

77 2044 196 2076 aetate
227 2042 480 2075 testamentum
510 2038 566 2073 vel
596 2039 748 2074 masculi
778 2039 834 2074 vel
871 2039 1026 2075 feminae
1056 2038 1178 2074 facere

77 2089 246 2132 possunt,
277 2085 470 2120 videamus.
516 2084 631 2119 verius
668 2088 724 2119 est
758 2084 795 2119 in
830 2085 1000 2120 masculis
1036 2084 1178 2130 quidem

101 2134 243 2166 uartum
267 2130 444 2165 decimum
468 2139 601 2164 annum
617 2129 865 2174 spectandum,
883 2130 920 2165 in
936 2130 1077 2165 feminis
1093 2140 1176 2165 vero

76 2142 325 2211 duodecimum
350 2174 574 2219 completum.
605 2179 726 2209 utrum
751 2179 870 2210 autem
896 2175 1091 2211 excessisse
1115 2174 1176 2210 de-

76 2222 161 2257 beat
184 2221 263 2266 quis
288 2224 455 2266 quartum
480 2219 655 2254 decimum
679 2230 829 2263 annum,
862 2224 903 2255 ut
926 2224 1178 2256 testamentum

75 2267 195 2302 facere
218 2267 342 2311 possit,
369 2275 415 2300 an
439 2264 574 2300 sufficit
592 2266 816 2310 complesse?
847 2277 1008 2311 propone
1024 2266 1177 2311 aliquem

76 2311 238 2347 kalendis
274 2310 450 2346 Ianuariis
494 2313 618 2345 natum
659 2314 912 2346 testamentum
947 2312 1027 2357 ipso
1064 2311 1178 2346 natali

75 2368 140 2393 suo
164 2356 292 2392 fecisse
316 2359 444 2401 quarto
470 2355 606 2391 decimo
623 2366 736 2392 anno:
771 2367 817 2391 an
840 2357 959 2392 valeat
982 2360 1176 2392 testamen-

76 2403 176 2437 tum?
210 2402 289 2437 dico
313 2402 441 2436 valere.
465 2401 546 2446 plus
572 2401 737 2444 arbitror,
756 2402 896 2437 etiamsi
917 2402 1032 2447 pridie
1051 2402 1175 2436 kalen-

76 2447 202 2483 darum
227 2446 355 2482 fecerit
376 2450 460 2491 post
484 2450 622 2481 sextam
644 2447 771 2482 horam
788 2448 915 2490 noctis,
932 2448 1049 2483 valere
1064 2450 1175 2482 testa—

77 2497 250 2528 mentum:
285 2492 356 2527 iam
381 2491 473 2527 enim
490 2492 688 2536 complesse
702 2492 842 2527 videtur
858 2503 991 2529 annum
1009 2496 1176 2538 quartum

76 2537 262 2580 decimum,
287 2542 329 2572 ut
351 2537 538 2572 Marciano
562 2537 712 2572 videtur.

124 2581 148 2620 6
177 2583 300 2618 θΛιυε
321 2583 414 2618 libro
437 2582 589 2628 septimo
614 2582 751 2618 decimo
776 2582 827 2618 ad
849 2582 1004 2619 edictum
1021 2583 1175 2629 provin-

76 2628 192 2664 ciale⁹
239 2627 308 2672 Qui
330 2628 368 2662 in
391 2631 571 2672 potestate
593 2628 753 2672 parentis
770 2631 836 2670 est,
856 2628 1062 2663 testamenti
1085 2628 1175 2663 faci-

76 2673 159 2708 endi
182 2674 237 2708 ius
262 2683 334 2707 non
357 2673 477 2714 habet,
503 2672 592 2708 adeo
607 2674 635 2694 ¹⁰
658 2676 709 2715 ut,
736 2673 896 2717 quamvis
912 2676 1016 2718 pater
1041 2674 1071 2709 ei
1122 2684 1175 2709 er-

80 2721 95 2752 1
139 2718 268 2760 mittat,
293 2718 401 2753 nihilo
426 2718 537 2762 magis
554 2721 675 2752 tamen
690 2718 767 2754 iure
782 2718 909 2754 testari
924 2719 1050 2764 possit.
1115 2730 1174 2754 ur-

77 2762 144 2798 dus
168 2767 287 2798 mutus
310 2766 562 2798 testamentum
585 2763 705 2798 facere
736 2774 809 2798 non
868 2768 1011 2799 ossunt:
1051 2764 1114 2799 sed
1145 2764 1177 2799 si

77 2809 155 2853 quis
179 2812 263 2853 post
285 2811 535 2843 testamentum
558 2808 695 2843 factum
711 2775 914 2844 valetudine
930 2813 994 2844 aut
1018 2809 1177 2854 quolibet

78 2853 147 2888 alio
173 2864 261 2888 casu
283 2857 402 2888 mutus
427 2857 491 2888 aut
514 2854 645 2889 surdus
670 2864 748 2889 esse
773 2854 941 2899 coeperit,
975 2858 1095 2889 ratum
1118 2854 1172 2890 ni-

79 2898 149 2933 hilo
174 2899 289 2933 minus
315 2902 502 2944 permanet
524 2903 786 2934 testamentum.

126 2941 148 2979 7
175 2944 373 2979 Ammo-s
392 2943 535 2979 Macra
565 2944 657 2980 libro
676 2945 798 2991 primo
834 2945 885 2979 ad
914 2944 1027 2991 leqem
1058 2945 1175 2979 vicen-

79 2988 205 3023 simam
228 2988 478 3024 hereditatium
526 2989 564 3024 Si
586 2993 705 3024 mutus
731 2994 794 3025 aut
818 2990 963 3032 surdus,
988 2992 1030 3024 ut
1051 2990 1177 3025 liceret

80 3033 147 3068 sibi
169 3037 420 3069 testamentum
443 3034 574 3077 facere,
599 3045 621 3069 a
638 3035 797 3079 principe
812 3034 1066 3080 impetraverit,
1082 3035 1176 3070 valet

80 3080 343 3114 testamentum.

127 3120 151 3161 8
179 3124 302 3159 GAJUs
322 3124 412 3159 libro
444 3125 595 3171 septimo
620 3124 756 3159 decimo
781 3124 831 3160 ad
852 3126 1006 3161 edictum
1023 3126 1176 3171 provin—

79 3168 171 3204 ciale
217 3169 306 3204 Eius
343 3169 403 3214 qui
436 3169 533 3214 apud
564 3170 686 3204 hostes
719 3174 772 3204 est
802 3173 1057 3205 testamentum
1082 3169 1177 3215 quod

84 3216 98 3246 1
148 3214 197 3248 ibi
220 3213 305 3249 fecit
328 3225 400 3249 non
424 3215 529 3256 valet,
555 3215 714 3259 quamvis
739 3215 894 3250 redierit.
940 3215 977 3251 Si
1001 3216 1059 3250 cui
1083 3226 1177 3260 aqua

81 3260 118 3292 et
149 3259 220 3303 igni
253 3259 479 3294 interdictum
511 3260 575 3302 sit,
610 3260 684 3294 eius
716 3270 783 3295 nec
813 3261 901 3295 illud
923 3264 1176 3296 testamentum

81 3303 174 3337 valet
209 3304 304 3349 quod
339 3308 422 3339 ante
454 3305 541 3340 fecit
575 3315 641 3340 nec
675 3304 712 3339 id
748 3305 842 3349 quod
878 3309 1005 3350 postea
1028 3305 1175 3341 fecerit:

81 3346 177 3382 bona
211 3359 372 3394 quoque,
408 3360 499 3394 quae
536 3354 624 3385 tunc
658 3350 785 3384 habuit
819 3361 899 3385 cum
935 3351 1176 3394 damnaretur,

82 3393 359 3436 publicabuntur
382 3399 456 3437 aut,
482 3395 512 3430 si
536 3406 609 3430 non
632 3395 819 3430 videantur
842 3396 996 3438 lucrosa,
1022 3396 1176 3431 credito-

82 3439 102 3471 2
148 3439 246 3474 ribus
272 3439 523 3475 concedentur.
563 3440 606 3474 In
629 3441 782 3475 insulam
800 3440 978 3485 deportati
1000 3441 1037 3475 in
1054 3441 1178 3477 eadem

82 3484 102 3516 3
151 3493 261 3518 causa
295 3489 396 3519 sunt:
443 3485 512 3520 Sed
547 3485 693 3529 relegati
728 3486 765 3520 in
796 3485 950 3521 insulam
983 3490 1018 3521 et
1050 3487 1177 3531 quibus

82 3594 124 3635 (1)
149 3594 317 3627 idoneoF

128 3639 170 3680 (2)
197 3639 278 3672 Sab.
298 3648 379 3674 4...e.
406 3649 433 3675 8.
460 3649 488 3675 9.
513 3650 619 3676 11...14.
646 3651 690 3677 16.
715 3651 760 3677 18.
786 3651 916 3684 20...25;
952 3644 1016 3677 Ed.
1031 3652 1055 3678 1.
1082 3653 1108 3679 τ.
1133 3652 1175 3678 15.

14 3706 16 3722 ι
84 3689 126 3716 19.
153 3691 283 3724 26...2s;
309 3685 396 3728 Pap.
410 3693 437 3720 3.
462 3694 506 3720 10.
533 3695 574 3720 17.
601 3694 636 3721 29
652 3695 724 3728 --313
749 3689 836 3732 App.
852 3697 879 3723 2.
911 3707 957 3714 --
980 3690 1067 3723 Bas.
1082 3691 1174 3730 35,1.

84 3743 128 3751 —
155 3729 205 3771 Cf.
219 3730 300 3762 Inst.
313 3731 345 3771 2,
360 3738 402 3764 10.
418 3738 468 3770 123
498 3732 575 3765 Cod.
592 3734 624 3773 6,
639 3740 684 3766 22.
699 3741 735 3767 23

85 3783 104 3803 ο
159 3773 192 3805 F
817 3737 859 3775 (3)
874 3735 1033 3766 nosterF
1099 3736 1176 3775 (tia

108 3785 143 3804 m-

293 3777 335 3815 (5)
364 3779 441 3814 §114
535 3778 577 3815 (6)
604 3777 773 3810 advertere
791 3779 897 3812 Gaius
998 3781 1040 3818 (7)
1067 3780 1125 3820 qui
1139 3780 1174 3811 id

1242 1181 1342 1215 terra
1364 1178 1531 1214 Italica¹¹
1557 1181 1592 1213 et
1615 1188 1682 1214 sua
1698 1179 1883 1224 provincia
1898 1180 2124 1218 interdicitur
2140 1183 2343 1218 testamenti

1244 1227 1266 1259 4
1311 1223 1468 1259 faciendi
1490 1223 1545 1259 ius
1569 1223 1733 1259 retinent.
1780 1224 1828 1259 Hi
1851 1235 1945 1269 vero,
1970 1227 2031 1271 qui
2052 1227 2100 1263 ad
2122 1227 2257 1263 ferrum
2281 1233 2344 1263 aut

1245 1269 1292 1304 ad
1325 1269 1460 1304 bestias
1495 1272 1560 1304 aut
1592 1269 1630 1304 in
1665 1270 1847 1305 metallum
1878 1270 2111 1316 damnantur,
2142 1273 2343 1309 libertatem

1244 1314 1400 1360 perdunt
1432 1315 1598 1359 bonaque
1629 1324 1753 1351 eorum
1782 1315 2030 1360 publicantur:
2073 1318 2170 1354 unde
2193 1324 2344 1364 apparet

1245 1360 1406 1396 amittere
1431 1370 1491 1395 eos
1515 1361 1722 1395 testamenti
1744 1360 1948 1397 factionem.

1292 1403 1317 1443 9
1349 1404 1545 1441 {amm
1566 1405 1657 1441 libro
1674 1405 1954 1452 quadraqesimo
1997 1408 2097 1443 uinto
2117 1407 2167 1443 ad
2189 1408 2344 1444 edictum

1246 1450 1284 1486 Si
1307 1451 1387 1495 quis
1410 1453 1494 1495 post
1517 1451 1784 1486 accusationem
1806 1451 1844 1486 in
1867 1456 1969 1488 custo
1998 1453 2031 1488 ‘a
2062 1452 2172 1489 fuerit
2196 1453 2343 1490 defunc-

1245 1500 1304 1530 tus
1328 1495 1566 1537 indemnatus,
1591 1498 1845 1532 testamentum
1870 1498 1945 1532 eius
1969 1498 2111 1534 valebit.

1295 1539 1346 1578 10
1371 1540 1531 1576 PAULUS
1550 1540 1642 1577 libro
1668 1543 1772 1577 tertio
1802 1544 2059 1579 sententiarum
2114 1543 2183 1588 Qui
2216 1554 2342 1580 manus

1247 1586 1366 1622 amisit
1388 1589 1642 1666 tesgamentum
1672 1586 1793 1622 facere
1823 1592 1961 1632 potest,
1995 1589 2155 1635 quamvis
2187 1590 2344 1625 scribere

1247 1642 1320 1667 non
1343 1642 1440 1677 possi
1460 1659 1468 1666 .

1295 1675 1342 1713 11
1378 1676 1574 1713 ULPIANUS
1593 1677 1685 1713 libro
1710 1677 1846 1713 decimo
1862 1678 1913 1713 ad
1929 1677 2105 1715 Sabinum
2118 1679 2147 1700 ¹2
2194 1678 2344 1715 Obsides

1245 1722 1372 1757 testari
1394 1732 1467 1758 non
1490 1726 1653 1767 possunt,
1678 1722 1747 1758 nisi
1771 1723 1821 1758 eis
1844 1724 2062 1769 permittitur
2077 1725 2114 1758 ¹³.

1295 1765 1346 1804 12
1370 1766 1396 1802 I
1399 1776 1566 1803 ULIANUS
1585 1767 1677 1804 libro
1701 1768 1980 1815 quadraqese'mo
2004 1769 2161 1806 secundo
2189 1769 2345 1815 diqesto-

1245 1823 1326 1848 rum
1371 1812 1468 1857 Lege
1493 1811 1658 1848 Cornelia
1681 1817 1898 1849 testamenta
1922 1824 2063 1858 eorum,
2088 1815 2150 1860 qui
2172 1814 2209 1850 in
2232 1815 2344 1850 hosti-

1245 1869 1306 1893 um
1330 1860 1509 1903 potestate
1533 1857 1762 1901 decesserint,
1781 1859 1929 1903 perinde
1953 1860 2221 1902 confirmantur,
2246 1870 2289 1895 ac
2313 1859 2345 1895 si

1246 1903 1284 1938 hi
1309 1903 1369 1956 qui
1394 1913 1437 1938 ea
1459 1902 1630 1938 fecissent
1652 1903 1689 1938 in
1708 1903 1865 1939 hostium
1888 1908 2104 1950 potestatem
2116 1906 2144 1926 ¹⁴
2168 1914 2240 1941 non
2263 1915 2345 1950 per-

1246 1952 1437 1991 vemssent,
1463 1951 1499 1983 et
1514 1948 1695 1984 hereditas
1712 1959 1756 1984 ex
1771 1949 1827 1984 his
1847 1950 1970 1985 eodem
1986 1950 2091 1986 modo
2107 1949 2154 1985 ad
2166 1951 2195 1972 ¹⁵
2217 1961 2344 1985 unum-

1247 2004 1422 2039 quemque
1457 1994 1622 2039 pertinet.
1666 2004 1777 2039 quare
1811 2004 1934 2030 servus
1968 1995 2073 2031 heres
2107 1996 2264 2041 scriptus
2299 1996 2345 2030 ab

1248 2050 1301 2081 eo,
1328 2039 1389 2084 qui
1411 2039 1448 2074 in
1472 2039 1629 2074 hostium
1645 2043 1824 2085 potestate
1841 2040 2045 2083 decesserit,
2069 2041 2159 2076 liber
2183 2044 2219 2076 et
2242 2041 2345 2077 heres

1248 2085 1315 2120 erit
1339 2095 1403 2120 seu
1427 2084 1510 2119 velit
1534 2093 1597 2119 seu
1613 2085 1639 2106 ¹⁶
1655 2085 1755 2128 nolit,
1779 2085 1863 2120 licet
1885 2086 2003 2121 minus
2019 2086 2164 2131 proprie
2179 2096 2345 2121 necessa-

1247 2130 1321 2165 rius
1345 2130 1448 2165 heres
1473 2129 1636 2165 dicatur:
1670 2141 1754 2165 nam
1778 2134 1813 2165 et
1836 2130 1931 2166 filius
1948 2132 2035 2174 eius,
2061 2131 2174 2184 quiin
2189 2131 2346 2167 hostium

1247 2179 1427 2220 potestate
1451 2174 1615 2217 decessit,
1640 2175 1770 2211 invitus
1794 2176 1984 2211 hereditati
2008 2177 2196 2222 obhgatur,
2222 2187 2345 2222 quam-

1246 2221 1298 2256 vis
1323 2231 1409 2255 suus
1433 2220 1537 2255 heres
1556 2220 1628 2255 dici
1647 2231 1720 2256 non
1740 2222 1866 2266 possit,
1891 2222 1952 2267 qui
1974 2223 2011 2257 in
2036 2225 2215 2268 potestate
2239 2222 2345 2257 mori-

1248 2266 1339 2301 entis
1364 2276 1436 2300 non
1460 2265 1537 2300 fuit.

1296 2308 1345 2349 13
1374 2310 1610 2346 MARCJANUS
1638 2310 1729 2346 libro
1765 2314 1897 2357 quarto
1922 2312 2185 2347 institutionum
2232 2312 2301 2357 Qui
2324 2323 2347 2348 a

1246 2356 1447 2391 latronibus
1480 2356 1577 2401 capti
1608 2359 1716 2398 sunt,
1749 2366 1831 2391 cum
1861 2357 1964 2392 liberi
1994 2361 2157 2398 manent,
2194 2362 2346 2403 possunt

1251 2405 1264 2436 1
1314 2401 1435 2436 facere
1458 2404 1723 2437 testamentum.
1770 2402 1860 2436 Item
1892 2402 1952 2447 qui
1982 2402 2079 2447 apud
2104 2406 2274 2438 externos
2295 2403 2344 2438 le-

1247 2449 1266 2481 2
1314 2447 1457 2492 gatione
1476 2446 1686 2490 funguntur,
1707 2451 1858 2491 possunt
1872 2447 1993 2483 facere
2008 2451 2271 2483 testamentum.
2308 2448 2347 2483 Si

1246 2492 1325 2537 quis
1360 2492 1398 2527 in
1434 2492 1579 2537 capitali
1623 2491 1770 2527 crimine
1805 2492 1996 2527 damnatus
2042 2494 2275 2538 appellaverit
2310 2497 2347 2529 et

1245 2537 1361 2572 medio
1398 2540 1559 2582 tempore
1589 2536 1768 2581 pendente
1807 2537 2046 2582 appellatione
2076 2538 2202 2574 fecerit
2232 2542 2344 2574 testa-

1245 2586 1405 2617 mentum
1429 2586 1464 2618 et
1487 2583 1539 2617 ita
1563 2582 1767 2625 decesserit,
1791 2583 1887 2617 valet
1911 2584 1988 2618 eius
2012 2586 2278 2619 testamentum.

1294 2627 1345 2665 14
1370 2627 1427 2662 ΡΑ
1435 2637 1478 2663 vl.
1486 2637 1530 2662 vs
1551 2627 1641 2663 libro
1664 2627 1822 2662 secundo
1839 2628 2051 2674 reqularum
2098 2628 2166 2673 Qui
2180 2629 2218 2664 in
2233 2633 2344 2664 testa-

1244 2677 1363 2709 mento
1389 2673 1522 2708 domini
1553 2672 1791 2707 manumissus
1824 2676 1898 2714 est,
1931 2673 1961 2708 si
1992 2673 2133 2718 ignorat
2164 2674 2346 2710 dominum

1245 2718 1442 2754 decessisse
1466 2718 1669 2763 editamque
1690 2717 1765 2753 eius
1786 2728 1863 2753 esse
1882 2718 2127 2762 hereditatem,
2151 2723 2345 2755 testamen-

1244 2767 1321 2799 tum
1354 2763 1476 2799 facere
1510 2774 1584 2799 non
1617 2766 1753 2808 potest,
1789 2763 1873 2798 licet
1902 2764 1974 2798 iam
1997 2767 2100 2809 pater
2130 2764 2285 2800 familias
2311 2769 2346 2800 et

1245 2809 1301 2845 sui
1335 2809 1422 2844 iuris
1459 2812 1531 2844 est:
1575 2818 1658 2843 nam
1694 2808 1755 2852 qui
1788 2808 1945 2844 incertus
1982 2809 2026 2845 de
2057 2813 2156 2845 statu
2187 2821 2252 2846 suo
2278 2814 2343 2853 est,

1246 2858 1379 2890 certam
1402 2855 1515 2898 legem
1538 2857 1750 2889 testamento
1777 2853 1893 2888 dicere
1917 2864 1990 2889 non
2013 2858 2143 2900 potest.

1294 2898 1345 2936 15
1390 2898 1587 2934 ULPJANUS
1619 2899 1711 2934 libro
1748 2898 1957 2935 duodecimo
1995 2900 2045 2935 ad
2077 2900 2232 2936 edictum
2290 2901 2345 2936 De

1245 2947 1343 2980 statu
1368 2954 1433 2979 suo
1459 2943 1663 2979 dubitantes
1688 2943 1742 2978 vel
1766 2948 1924 2980 errantes
1948 2948 2202 2981 testamentum
2225 2945 2345 2981 facere

1246 3001 1318 3025 non
1342 2993 1505 3034 possunt,
1529 2992 1571 3023 ut
1594 2989 1695 3024 divus
1719 2989 1805 3024 Pius
1829 2990 2022 3035 rescripsit.

1294 3032 1345 3072 16
1370 3034 1602 3069 ΡοΜΡοΝισε
1630 3034 1721 3069 libro
1752 3035 1935 3080 sinqulari
1962 3036 2173 3082 requtarum
2231 3036 2343 3071 Filius

1245 3079 1398 3114 familias
1424 3083 1459 3114 et
1483 3089 1605 3114 servus
1629 3079 1766 3114 alienus
1791 3084 1827 3114 et
1851 3084 2038 3125 postumus
2061 3085 2096 3116 et
2119 3081 2247 3116 surdus
2272 3085 2342 3116 tes-

1245 3125 1393 3160 tamenti
1417 3124 1611 3159 factionem
1634 3125 1768 3160 habere
1793 3124 1979 3160 dicuntur:
2011 3126 2096 3161 licet
2116 3126 2208 3160 enim
2231 3129 2342 3160 testa-

1245 3175 1404 3206 mentum
1428 3169 1550 3204 facere
1573 3180 1646 3204 non
1677 3173 1847 3214 possunt,
1879 3174 2038 3206 attamen
2063 3182 2108 3206 ex
2130 3174 2342 3206 testamento

1250 3220 1264 3250 1
1314 3216 1369 3251 vel
1393 3215 1460 3250 sibi
1483 3215 1539 3249 vel
1571 3215 1647 3250 aliis
1680 3215 1868 3260 adquirere
1898 3220 2061 3260 possunt.
2110 3216 2348 3250 MARCELLUS

1246 3265 1367 3295 notat:
1407 3259 1565 3294 furiosus
1622 3270 1740 3305 uoque
1770 3261 1975 3295 testamenti
2005 3261 2198 3295 factionem
2221 3260 2342 3301 habet,

1245 3306 1330 3341 licet
1341 3308 1592 3340 testamentum
1621 3315 1724 3340 acere
1743 3316 1816 3341 non
1835 3309 1970 3351 potest:
1995 3306 2074 3340 ideo
2095 3309 2213 3340 autem
2233 3305 2343 3339 habet

1246 3351 1451 3385 testamenti
1473 3349 1678 3392 factionem,
1704 3351 1788 3396 quia
1803 3354 1923 3395 potest
1947 3351 2014 3386 sibi
2038 3350 2223 3394 adquirere
2246 3349 2341 3393 lega-

1246 3400 1323 3430 tum
1365 3395 1421 3430 vel
1466 3394 1794 3431 fideicommissum:
1846 3406 1929 3430 nam
1973 3395 2080 3430 etiam
2117 3394 2341 3439 compotibus

1246 3441 1374 3475 mentis
1397 3441 1604 3485 personales
1636 3441 1794 3476 actiones
1809 3442 1836 3462 ¹⁷
1868 3441 1973 3476 etiam
2007 3439 2253 3484 ignorantibus
2277 3438 2340 3473 ad-

1248 3486 1448 3531 quiruntur.

1612 3601 1656 3641 (8)
1681 3600 1767 3632 iuris
1780 3598 1892 3631 civilis
1905 3597 2055 3638 regulam
2073 3596 2178 3630 Gaius
2293 3597 2338 3638 (9)

1247 3643 1396 3685 prociale
1408 3644 1443 3676 F
1541 3647 1599 3686 (10)
1625 3645 1707 3678 abeo
1720 3645 1754 3677 F
1841 3644 1895 3682 (11)
1921 3641 2022 3673 Italia
2034 3654 2096 3674 scr.
2204 3642 2261 3681 (12)
2287 3652 2337 3673 sa-

1248 3689 1347 3721 binus
1360 3688 1394 3721 F
1535 3693 1592 3731 (13)
1625 3690 1843 3733 permittatur
1855 3686 1906 3719 F2
2044 3688 2100 3727 (14)
2133 3688 2299 3727 potestate
2311 3686 2345 3718 F

1247 3736 1304 3774 (15)
1330 3744 1373 3766 an
1386 3734 1420 3766 F·
1520 3735 1579 3776 (16)
1605 3735 1663 3767 sed
1676 3736 1710 3767 F
1797 3735 1855 3773 (17)
1880 3731 2072 3773 personales
2084 3732 2246 3773 actiones]
2261 3741 2338 3772 per-

1246 3779 1324 3811 inde
1336 3789 1388 3811 res
1402 3780 1617 3822 actionesque
1629 3793 1690 3813 scr.

1249 3599 1367 3631 fecerit
1383 3598 1491 3633 Gaius

1994 3830 2065 3863 47*
