2528 3918
191 119 340 162 XXIII
370 121 395 160 2

191 247 258 281 est,
282 241 388 275 etiam
419 240 455 274 in
485 239 670 275 servilibus
700 239 945 275 adfinitatibus
975 239 1187 276 servandum
1210 245 1275 281 est,

192 285 299 320 veluti
334 290 373 318 ut
408 294 507 325 eam,
542 293 635 328 quae
667 284 704 319 111
739 285 972 320 contubernio
1007 284 1120 330 patris
1158 283 1277 326 fuerit,

192 329 294 374 quasi
319 339 505 363 novercam
530 339 601 363 non
650 329 758 364 ossim
789 329 937 371 ducere,
969 333 1007 364 et
1037 332 1164 365 contra
1188 339 1276 371 eam,

192 384 284 419 quae
307 374 342 408 in
367 373 599 408 contubernio
664 374 684 382 ‘’
709 373 827 416 fuerit,
859 378 998 419 patrem
1022 373 1125 420 quasi
1148 384 1278 408 nurum

192 429 263 453 non
287 418 435 453 ducere:
467 428 581 463 aeque
603 428 670 454 nec
693 424 841 454 matrem
874 420 968 461 eius,
1002 429 1108 464 quam
1138 419 1218 463 quis
1240 418 1278 453 in

192 462 360 498 servitute
397 473 543 498 uxorem
578 463 722 505 habuit,
754 465 855 509 quasi
886 474 1040 499 socrum.
1074 474 1155 499 cum
1187 462 1279 498 enim

192 507 356 552 cognatio
388 507 523 542 servilis
551 507 783 553 intellegitur,
817 518 927 554 quare
959 519 1031 544 non
1055 512 1091 544 et
1113 507 1278 543 adfinitas

191 552 438 597 intellegatur?
469 552 553 587 sed¹
586 553 623 588 in
645 563 684 588 re
707 553 815 588 dubia
839 554 993 588 certius²
1027 557 1063 588 et
1085 553 1278 588 modestius

190 600 211 631 4
260 601 314 631 est
336 597 539 632 huiusmodi
562 598 695 643 nuptiis
719 598 909 633 abstinere.
956 597 1063 633 Nunc
1086 598 1278 639 videamus,

192 641 367 686 quomodo
391 652 544 678 noverca
567 647 604 677 et
626 643 787 687 privigna
810 647 845 677 et
868 653 994 678 socrus
1029 646 1066 678 et
1088 652 1200 678 nurus
1224 642 1278 676 in-

191 686 416 753 tellegantur,
440 691 481 722 ut
504 687 670 730 sciamus,
695 698 783 732 quas
808 698 880 722 non
903 687 1009 722 liceat
1033 687 1174 723 ducere.
1200 687 1277 732 qui-

191 731 273 766 dam
319 741 506 767 novercam
531 741 594 777 per
617 743 656 768 se
679 733 789 777 patris
814 742 959 767 uxorem
972 734 985 753 ⁴
1012 737 1048 768 et
1065 743 1194 767 nurum
1217 731 1280 766 filii

191 786 339 811 uxorem
370 780 406 812 et
435 776 629 822 privignam
665 778 786 812 uxoris
819 787 863 812 ex
905 777 974 812 alio
1006 778 1134 812 marito
1171 776 1279 811 filiam

190 821 417 866 intellegunt:
462 821 526 857 sed
560 822 655 867 quod
687 822 734 856 ad
763 822 858 856 hanc
889 832 1036 857 causam
1074 822 1190 857 verius
1225 825 1281 856 est

191 876 258 901 nec
289 866 346 901 avi
380 877 546 902 uxorem·
566 877 631 902 nec
663 867 785 911 proavi
818 866 902 902 duci
924 877 1042 912 posse.
1075 866 1164 902 duas
1197 876 1278 911 ergo

190 911 245 946 vel
269 910 389 956 plures
414 921 585 946 novercas
609 911 740 947 ducere
763 922 835 946 non
858 911 1006 956 poterit:
1039 922 1111 947 non
1142 911 1278 952 mirum,

190 966 274 991 nam
298 962 334 991 et
357 956 386 991 is
411 956 471 1001 qui
494 956 681 1001 adoptivus
706 960 760 991 est
783 966 848 991 nec
873 957 1045 992 naturalis
1077 956 1190 1001 patris
1213 966 1279 991 nec

191 1001 350 1046 adoptivi
392 1011 537 1036 uxorem
572 1001 702 1036 ducere
694 1005 872 1080 alpotest:
918 1001 981 1036 sed
1024 1005 1060 1036 et
1093 1001 1125 1036 si
1159 1000 1279 1045 plures

190 1055 321 1081 uxores
344 1050 446 1090 pater
469 1046 644 1086 habuerit,
670 1057 693 1080 n
745 1056 803 1081 am
824 1056 945 1081 earum
969 1046 1098 1082 ducere
1120 1056 1278 1097 possum.

190 1090 312 1135 itaque
335 1100 461 1125 socrus
485 1091 723 1135 appellatione
754 1101 826 1126 non
857 1095 996 1125 tantum
1028 1101 1149 1126 uxoris
1181 1100 1281 1125 meae

190 1140 316 1177 mater,
342 1135 405 1170 sed
430 1140 465 1170 et
488 1136 567 1170 avia
590 1140 625 1169 et
648 1136 794 1180 proavia
816 1136 1047 1180 intellegitur,
1083 1139 1123 1170 ut
1146 1135 1279 1170 nullam

191 1190 314 1216 earum
338 1179 468 1215 ducere
486 1180 630 1225 possim.
656 1191 767 1215 nurus
790 1191 930 1225 quoque
951 1181 1190 1225 appellatione
1209 1190 1281 1215 non

190 1229 330 1260 tantum
353 1224 416 1259 filii
439 1235 546 1266 uxor,
582 1224 644 1260 sed
676 1229 711 1260 et
734 1225 873 1270 nepotis
907 1229 942 1260 et
989 1225 1170 1270 ronepotis
1195 1235 1279 1260 con-

191 1270 336 1311 tinetur,
356 1269 439 1304 licet
451 1269 594 1314 quidam
611 1270 676 1304 has
688 1280 867 1314 pronurus
880 1281 972 1315 appe
999 1274 1061 1305 ant
1071 1271 1096 1305 ⁶,
1121 1269 1281 1315 privigna

190 1325 333 1360 quoque
366 1325 438 1349 non
471 1315 586 1349 solum
617 1324 660 1349 ea
690 1315 776 1350 mihi
805 1315 1020 1360 intellegitur
1043 1325 1134 1360 quae
1157 1314 1279 1350 uxoris

190 1370 291 1395 meae
313 1358 386 1394 filia
410 1364 474 1401 est,
500 1359 563 1394 sed
587 1363 623 1394 et
645 1360 763 1404 neptis
787 1364 823 1394 et
845 1360 1046 1405 proneptis,
1078 1363 1119 1394 ut
1145 1359 1279 1394 nullam

191 1415 313 1441 earum
337 1404 467 1439 ducere
490 1404 634 1449 possim.
659 1404 744 1439 item
768 1405 843 1440 eius
864 1409 1023 1446 matrem,
1045 1415 1151 1450 quam
1171 1415 1278 1449 spon-

191 1461 266 1486 sam
292 1450 420 1491 habui,
446 1459 517 1484 non
540 1459 647 1494 posse
676 1459 732 1483 me
764 1460 911 1485 uxorem
944 1450 1074 1485 ducere
1096 1451 1279 1495 Augustus

190 1496 444 1539 interpretatus
469 1498 538 1529 est:
574 1493 686 1529 fuisse
710 1495 802 1529 enim
826 1495 930 1530 eam⁶
954 1505 1108 1530 socrum.

239 1538 289 1576 15
314 1538 562 1574 PAPJNJANUS
577 1539 668 1574 libro
688 1543 820 1584 quarto
840 1550 1095 1586 responsorum
1126 1539 1279 1575 Uxorem

191 1583 371 1629 quondam
404 1583 554 1629 privigni
589 1584 755 1628 coniungi
788 1584 1013 1619 matrimonio
1057 1584 1172 1620 vitrici
1205 1595 1278 1619 non

191 1632 332 1674 oportet
354 1639 420 1664 nec
443 1629 480 1663 in
499 1629 761 1664 matrimonium
781 1630 969 1665 convenire
988 1639 1178 1665 novercam
1203 1629 1278 1664 eius

190 1674 251 1720 qui
299 1674 454 1719 rivignae
476 1673 624 1708 maritus
647 1673 726 1708 fuit.

239 1684 297 1757 18
314 1717 473 1770 Pisonos
512 1718 613 1770 libro·
646 1719 828 1765 triqesimo
870 1719 996 1764 quinto
1031 1718 1082 1754 ad
1123 1718 1278 1770 edictum

191 1763 362 1799 Oratione
395 1763 467 1798 divi
500 1763 616 1798 Marci
647 1767 810 1806 cavetur,
842 1768 901 1806 ut,
935 1764 966 1799 si
997 1763 1173 1799 senatoris
1204 1763 1279 1798 fiha

190 1808 355 1844 libertino
379 1808 578 1853 nupsisset,
602 1818 669 1844 nec
692 1809 839 1854 nuptiae
862 1812 999 1844 essent:
1034 1819 1140 1854 quam
1164 1812 1199 1844 et
1223 1818 1277 1843 se-

192 1858 207 1888 1
259 1857 364 1889 natus
396 1853 598 1888 consultum
633 1858 798 1895 ,secutum
830 1857 893 1889 est.
959 1853 1101 1899 Nepote
1131 1863 1278 1889 uxorem

192 1898 346 1934 ducente
379 1902 415 1932 et
449 1897 543 1933 filius
579 1898 779 1934 consentire
815 1898 940 1934 debet:
981 1898 1098 1943 neptis
1129 1909 1212 1934 vero
1247 1898 1277 1933 si

191 1945 211 1978 2
259 1943 382 1985 nubat,
408 1943 572 1978 voluntas
593 1947 629 1978 et
648 1943 843 1979 auctoritas
870 1944 926 1978 avi
948 1942 1113 1979 sufficiet.
1161 1943 1279 1978 Furor

191 1988 354 2024 contrahi
377 1987 639 2023 matrimonium
662 1999 734 2024 non
758 1988 853 2030 sinit,
878 1988 962 2033 quia
987 1998 1163 2023 consensu
1187 1998 1278 2034 opus

191 2038 256 2074 est,
281 2032 345 2067 sed
367 2037 464 2067 recte
488 2036 710 2068 contractum
732 2043 805 2068 non
827 2033 984 2078 impedit.

241 2075 288 2114 17
318 2077 441 2114 Galus
461 2077 551 2113 libro
574 2077 762 2114 undecimo
794 2078 844 2113 ad
873 2078 1026 2114 edietum
1050 2076 1279 2123 provinciale

190 2122 261 2158 Per
280 2122 508 2167 adoptionem
526 2122 688 2167 quaesita
706 2122 912 2158 fraternitas
933 2131 1090 2168 eousque
1108 2121 1278 2167 impedit⁷

190 2168 354 2212 nuptias,
380 2167 493 2202 donec
517 2171 639 2202 manet
669 2167 835 2212 adoptio:
874 2167 1024 2212 ideoque
1058 2176 1146 2209 eam,
1172 2176 1277 2211 quam

217 2217 294 2247 ater
316 2221 416 2247 meus
440 2211 624 2256 adoptavit
648 2216 683 2247 et
706 2212 959 2257 emancipavit,
983 2216 1107 2257 potero
1131 2220 1278 2246 uxorem

190 2223 334 2292 gucere.
359 2266 472 2308 aeque
485 2261 520 2291 et
539 2256 570 2291 si
581 2267 637 2291 me
649 2257 872 2302 emancipato
893 2257 988 2292 illam
1006 2257 1044 2291 in
1063 2259 1277 2301 potestatem

196 2306 208 2336 1
259 2301 461 2343 retinuerit,
493 2302 687 2346 poterimus
723 2301 821 2346 iungi
858 2301 1094 2336 matrimonio.
1152 2301 1278 2345 Itaque

190 2346 322 2382 volenti
352 2356 519 2391 generum
551 2346 618 2381 ado
645 2350 722 2381 tare
752 2346 934 2388 suadetur,
958 2350 999 2381 ut
1022 2346 1131 2380 filiam
1155 2355 1274 2380 eman-

191 2392 344 2437 ciparet:
370 2391 527 2426 similiter
547 2401 613 2426 sua
637 2395 717 2426 etur
728 2391 771 2433 ei,
785 2391 846 2443 qui
857 2402 984 2426 nurum
997 2390 1080 2426 velit
1092 2390 1276 2434 adoptare,

191 2439 211 2471 2
258 2439 300 2471 111
330 2436 530 2480 emancipet
553 2436 674 2471 filium.
722 2437 877 2471 Amitam
912 2446 1052 2481 quoque
1082 2439 1119 2470 et
1148 2439 1276 2470 mater-

190 2486 303 2516 teram
316 2507 326 2523 ,
359 2481 442 2516 item
465 2491 628 2526 magnam
652 2491 793 2526 quoque
823 2481 968 2516 amitam
991 2484 1028 2516 et
1051 2483 1278 2515 materteram

191 2535 355 2570 magnam
371 2525 607 2591 ¹³prohibemur
630 2536 776 2561 uxorem
800 2526 941 2567 ducere,
967 2524 1127 2571 quamvis
1150 2534 1279 2570 magna

192 2571 300 2605 amita
323 2575 360 2605 et
407 2574 598 2605 matertera
622 2575 749 2616 quarto
773 2571 885 2616 gradu
909 2571 990 2606 sint.
1013 2570 1137 2614 utique
1159 2574 1279 2604 autem

193 2616 337 2650 amitam
370 2619 406 2650 et
436 2615 581 2650 amitam
603 2626 766 2660 magnam
815 2616 1019 2651 rohibemur
1042 2624 1189 2650 uxorem
1212 2614 1277 2650 du-

194 2670 274 2695 cere
311 2660 378 2695 etsi
401 2669 466 2704 per
489 2660 716 2705 adoptionem
739 2626 843 2695 noeis
869 2660 1081 2696 coniunctae
1104 2659 1186 2694 sint.

243 2685 293 2741 1&
319 2703 341 2739 1
346 2714 510 2740 ULIANUS
519 2705 613 2741 libro
625 2709 730 2741 sexto
738 2705 874 2741 decimo
884 2706 1103 2752 diqestorum
1122 2703 1279 2749 Nuptiae

191 2749 285 2783 inter
328 2749 470 2784 easdem
504 2759 676 2794 personas
716 2750 785 2785 nisi
826 2750 1027 2786 volentibus
1069 2748 1278 2794 parentibus

191 2798 383 2829 renovatae
406 2794 521 2829 iustae
546 2805 617 2829 non
640 2794 829 2830 habentur.

242 2835 291 2875 19
316 2837 551 2874 MARCIANUS
578 2839 669 2874 libro
702 2844 809 2875 sexto
848 2839 984 2875 decimo
1015 2839 1277 2874 institutionum

193 2882 244 2918 Ca
269 2883 318 2917 ite
341 2882 519 2933 trigesimo
553 2884 675 2928 quinto
707 2884 793 2929 legis
816 2884 928 2919 Iuliae
951 2884 1012 2928 qui
1034 2883 1165 2919 liberos
1189 2893 1278 2928 quos

193 2928 242 2963 ha
268 2930 329 2962 ent
346 2937 383 2961 in
402 2931 578 2972 potestate
596 2928 726 2964 iniuria
743 2928 990 2973 prohibuerint
1004 2928 1135 2964 ducere
1147 2938 1277 2964 uxores

192 2972 247 3008 vel
269 2971 421 3013 nubere,
453 2972 506 3006 vel
538 2973 597 3017 qui
629 2973 746 3009 dotem
769 2974 856 3009 dare
879 2984 952 3009 non
975 2973 1099 3009 volunt
1121 2982 1167 3008 ex
1191 2983 1277 3009 con-

192 3016 376 3052 stitutione
408 3016 566 3052 divorum
598 3018 718 3053 Severi
749 3022 784 3054 et
813 3018 1003 3060 Antonini,
1036 3028 1102 3063 per
1123 3028 1277 3063 procon-

191 3062 286 3098 sules
309 3060 560 3106 praesidesque
591 3063 850 3107 provinciarum
882 3067 1057 3108 coguntur
1086 3062 1123 3097 in
1154 3062 1275 3098 matri-

192 3105 349 3142 monium
372 3105 549 3141 collocare
573 3112 608 3142 et
630 3107 764 3143 dotare.
790 3107 978 3153 prohibere
1002 3111 1122 3143 autem
1139 3106 1278 3142 videtur

196 3156 232 3187 et
278 3150 317 3186 ui
340 3149 582 3186 condicionem
606 3163 678 3187 non
702 3153 851 3197 quaerit.

239 3161 292 3233 290
316 3194 476 3230 ΡΔυιυε
521 3196 612 3231 libro
653 3197 833 3242 sinqulari
873 3197 923 3232 ad
963 3197 1162 3232 oracionem
1204 3195 1280 3231 divi

192 3239 342 3276 Severi·
364 3243 399 3275 et
420 3239 601 3275 Commodi
634 3240 822 3276 Sciendum
846 3246 901 3278 est
923 3241 970 3277 ad
992 3240 1151 3277 officium
1174 3251 1276 3276 cura·

193 3285 281 3320 toris
304 3295 377 3320 non
390 3285 419 3306 ¹⁰
452 3285 640 3330 pertinere,
672 3286 785 3321 nubat
819 3286 955 3331 pupilla
989 3296 1036 3321 an
1069 3297 1160 3327 non,
1194 3285 1278 3330 quia

193 3329 351 3365 officium
374 3329 452 3364 eius
473 3329 511 3364 in
533 3329 838 3366 administratione
868 3331 1087 3383 negotiorum
1118 3336 1276 3366 constat:

194 3378 230 3410 et
263 3374 314 3409 ita
348 3373 498 3410 Severus
533 3378 569 3410 et
591 3374 793 3410 Antoninus
825 3379 1084 3427 rescripserunt
1116 3376 1153 3410 in
1188 3375 1277 3410 haec

192 3418 320 3455 verba:
375 3418 445 3453 ‘Ad
479 3418 638 3455 officium
671 3420 846 3455 curatoris
878 3420 1135 3456 administratio
1150 3421 1174 3442 ¹¹
1210 3430 1277 3465 pu·

193 3534 234 3572 (1)
258 3532 328 3572 sed]
342 3535 376 3564 et
387 3545 451 3566 scr.

194 3576 328 3618 quidem
343 3578 414 3610 edd.

194 3623 237 3661 (τι)
262 3621 435 3663 appellent
446 3619 499 3654 F²

194 3666 357 3707 impediat
369 3667 403 3699 F
410 3666 418 3686 ¹

186 3711 266 3751 lere
278 3718 312 3744 ut
332 3709 382 3744 W
378 3712 477 3752 ielinq

589 3534 634 3571 (2)
658 3531 782 3563 rectius
791 3531 871 3564 Hal.
1011 3535 1053 3572 (3)
1079 3532 1228 3575 quidam]
1242 3536 1276 3565 et

508 3578 551 3614 (4)
575 3579 610 3609 et
620 3586 751 3609 socrum
763 3576 878 3608 uxoris
891 3581 1028 3609 matrem
1042 3578 1102 3610 im.
1123 3577 1277 3621 Krueqer

589 3622 633 3661 (0)
658 3631 762 3654 meam
773 3633 835 3654 scr.
841 3622 918 3664 sere
928 3629 963 3654 ut
975 3622 1145 3655 Ruckerus

500 3668 544 3706 (8)
569 3676 692 3708 magna
704 3667 764 3699 ine.
845 3665 890 3705 (9)
915 3665 1021 3698 Marci
1035 3667 1200 3699 Antonini
1211 3678 1274 3700 cer.

569 3714 630 3750 (10)
653 3721 720 3744 non
735 3711 809 3744 deu.
824 3722 893 3743 cum
906 3710 951 3751 B,
961 3723 1019 3743 om.
1030 3711 1064 3743 F
1146 3714 1200 3751 (¹¹)
1225 3721 1275 3743 re·

1260 115 1346 167 296

1232 3625 1275 3662 (7)
1343 3621 1428 3654 facit
1437 3618 1482 3654 D.
1498 3621 1519 3653 ἱ.
1530 3632 1610 3664 qam.

2238 133 2431 168 Ditssn'u

1344 239 1486 318 :pmaet’
1496 241 1670 284 pertinet:
1710 241 1844 277 nubere
1874 246 1992 277 autem
2022 243 2160 289 pupilla
2187 255 2252 280 suo
2286 244 2432 281 arbitrio

1381 290 1459 319 otes
1490 311 1498 319 .

1356 295 1441 366 p21
1472 328 1696 366 Tannus
1736 330 1914 366 Cuneus
1953 331 2043 367 libro
2079 334 2183 369 tertio
2227 333 2278 369 ad
2318 333 2431 380 leqem

1345 373 1477 454 ‹liuliam
1496 377 1531 409 et
1548 373 1705 421 Papiam
1738 374 1822 411 Non
1841 376 1978 421 cogitur
1998 376 2091 412 filius
2111 377 2263 414 familias
2285 388 2431 414 uxorem

1370 428 1486 454 ucere.

1392 460 1446 500 22
1473 462 1618 499 Casus
1649 463 1740 500 libro
1777 465 1901 510 quinto
1935 466 2071 501 decimo
2106 466 2328 513 diqestorum
2394 467 2432 503 Si

1347 513 1449 560 patre
1482 513 1631 560 cogente
1661 508 1759 544 ducit
1788 519 1953 561 uxorem,
1985 521 2091 555 quam
2123 521 2195 546 non
2219 511 2375 554 duceret,
2400 512 2431 547 si

1347 563 1402 588 sui
1425 552 1562 588 arbitrii
1585 557 1690 595 esset,
1711 558 1888 589 contraxit
1906 558 2025 590 tamen
2045 556 2314 598 matrimonium,
2337 557 2432 602 quod

1346 598 1440 632 inter
1462 597 1590 633 invitos
1615 608 1687 633 non
1711 599 1951 634 contrahitur:
1991 601 2157 635 maluisse
2179 601 2249 636 hoc
2282 601 2430 637 videtur.

1393 639 1446 679 23
1471 641 1580 684 Imm
1600 642 1691 678 libro
1716 643 1922 689 triqensimo
1947 644 2166 690 diqestorum
2208 646 2304 691 Lege
2319 646 2432 691 Papia

1348 691 1493 722 cavetur
1516 687 1679 722 omnibus
1699 687 1858 732 ingenuis
1878 692 2020 733 praeter
2039 695 2220 725 senatores
2241 700 2432 736 eorumque

1350 732 1482 767 liberos
1506 732 1706 767 libertinam
1730 743 1876 768 uxorem
1898 733 2031 768 habere
2053 733 2170 769 licere.

1394 774 1448 813 24
1472 775 1726 812 Moossrmvs
1745 777 1836 813 libro
1854 778 1976 823 primo
1996 779 2205 824 reqularum
2239 779 2282 814 In
2299 779 2432 815 liberae

1348 820 1503 856 mulieris
1527 821 1785 857 consuetudine
1808 832 1879 857 non
1905 823 2174 865 concubinatus,
2199 824 2262 859 sed
2286 825 2432 870 nuptiae

1347 865 1604 910 intellegendae
1626 870 1728 909 sunt,
1761 867 1792 902 si
1816 877 1887 902 non
1912 878 2062 912 corpore
2086 873 2271 913 quaestum
2293 869 2430 904 fecerit.

1394 908 1447 947 25
1472 910 1580 946 IDEM
1606 911 1696 946 libro
1725 912 1883 947 secundo
1913 913 2121 958 regularum
2175 913 2288 949 Filius
2312 924 2431 949 eman-

1349 956 1490 1000 cipatus
1523 956 1628 990 etiam
1659 956 1736 991 sine
1767 966 1943 991 consensu
1973 957 2085 1001 patris
2123 968 2270 994 uxorem
2301 958 2432 994 ducere

1347 1004 1467 1045 potest
1491 1004 1527 1035 et
1549 1010 1653 1036 susce
1680 1005 1738 1036 tus
1761 1000 1855 1036 filius
1879 1001 1912 1036 ei
1933 1001 2036 1037 heres
2060 1002 2135 1037 erit.

1394 1042 1447 1082 26
1473 1044 1578 1080 102⁸
1617 1045 1645 1080 li
1665 1056 1708 1080 ro
1750 1046 1875 1091 quinto
1916 1056 2170 1093 responsorum
2234 1046 2433 1099 Respondit

1347 1099 1426 1125 reas
1451 1089 1615 1125 adulterii
1637 1089 1754 1125 factas
1786 1100 1853 1125 nec
1884 1095 1968 1126 ante
1998 1091 2260 1127 damnationem
2291 1092 2431 1128 vidente

1346 1136 1473 1170 marito
1489 1135 1516 1155 ¹²
1538 1145 1668 1170 uxores
1691 1134 1774 1170 duci
1796 1145 1913 1180 posse.

1393 1177 1446 1217 27
1479 1178 1673 1215 [simam
1703 1180 1793 1215 libro
1832 1181 1937 1215 tertio
1978 1180 2029 1216 ad
2069 1181 2183 1228 'leqem
2222 1180 2355 1216 Iuliam
2398 1186 2432 1217 et

1347 1224 1503 1271 Papiam
1558 1223 1595 1259 Si
1626 1224 1704 1269 quis
1736 1224 1773 1259 in
1804 1225 1982 1260 senatorio
2018 1225 2142 1261 ordine
2180 1235 2287 1271 agens
2325 1226 2431 1262 liber-

1346 1270 1457 1305 tinam
1487 1269 1654 1304 habuerit
1682 1279 1848 1311 uxorem,
1881 1270 2039 1314 quamvis
2068 1270 2208 1306 interim
2238 1281 2329 1306 uxor
2360 1281 2432 1306 non

1347 1315 1404 1356 sit,
1425 1318 1583 1349 attamen
1602 1313 1640 1348 in
1659 1324 1703 1349 ea
1724 1314 1932 1350 condicione
1945 1319 2008 1357 est,
2030 1319 2081 1358 ut,
2102 1316 2133 1350 si
2145 1315 2301 1351 amiserit
2319 1315 2431 1361 digni-

1347 1363 1468 1401 tatem,
1492 1369 1584 1394 uxor
1608 1369 1686 1394 esse
1708 1359 1866 1404 incipiat.

1393 1401 1446 1442 28
1470 1403 1708 1439 Mimo-uivus
1724 1404 1815 1439 libro
1836 1404 1971 1440 decimo
1991 1405 2251 1440 institutionum
2282 1405 2432 1441 Invitam

1347 1449 1511 1485 libertam
1534 1458 1681 1484 uxorem
1705 1448 1835 1484 ducere
1858 1453 2030 1494 patronus
2054 1459 2127 1494 non
2148 1453 2285 1495 potest:

1393 1491 1447 1531 29
1479 1493 1674 1530 Uzpmws
1712 1493 1804 1529 libro
1847 1495 1950 1529 tertio
1987 1493 2037 1529 ad
2080 1494 2193 1540 leqem
2227 1493 2361 1530 Iuliam
2397 1498 2433 1530 et

1347 1538 1504 1585 Papiam
1539 1538 1634 1583 quod
1657 1542 1693 1573 et
1714 1538 1841 1574 Ateius
1865 1537 1990 1583 Capito
2016 1539 2204 1574 consulatu
2227 1549 2293 1575 suo
2316 1538 2432 1575 fertur

1347 1583 1553 1619 decrevisse.
1599 1583 1668 1618 hoc
1703 1586 1823 1618 tamen
1867 1583 1919 1618 ita
1961 1583 2221 1619 observandum
2255 1588 2327 1626 est,
2363 1584 2432 1620 nisi

1346 1632 1520 1674 patronus
1543 1627 1623 1663 ideo
1648 1638 1727 1663 eam
1750 1628 1962 1670 manumisit,
1987 1632 2028 1662 ut
2047 1639 2193 1664 uxorem
2213 1639 2290 1664 eam
2310 1628 2429 1664 ducat.

1392 1671 1445 1711 30
1474 1673 1597 1709 Gams
1612 1673 1702 1708 libro
1714 1673 1870 1708 secundo
1883 1673 1932 1708 ad
1951 1673 2063 1719 leyem
2075 1672 2208 1708 Iuliam
2222 1677 2258 1708 et
2275 1673 2432 1720 Papiam

1347 1717 1540 1753 Simulatae
1564 1717 1711 1762 nuptiae
1735 1717 1864 1752 nullius
1889 1718 2055 1753 momenti
2078 1722 2172 1753 sunt.

1392 1761 1441 1800 31
1477 1762 1670 1798 ULPIANUS
1709 1762 1800 1798 libro
1841 1768 1946 1798 sexto
1989 1762 2040 1797 ad
2080 1763 2193 1808 leqem
2227 1762 2361 1798 Iuliam
2395 1767 2421 1800 a

1345 1807 1501 1854 Papiam
1548 1807 1586 1842 Si
1609 1807 1765 1843 senatori
1787 1807 2005 1852 indulgentia
2027 1807 2196 1852 principis
2219 1806 2328 1843 fuerit
2348 1818 2422 1853 per·

1346 1853 1492 1888 missum
1526 1852 1726 1887 libertinam
1759 1852 1891 1887 iustam
1924 1862 2072 1887 uxorem
2114 1852 2247 1887 habere
2260 1879 2270 1895 ,
2311 1853 2421 1899 poted

1344 1898 1439 1933 iusta
1462 1908 1553 1932 uxor
1576 1907 1663 1932 esse.
1694 1924 1696 1926 -

1392 1939 1446 1979 32
1470 1942 1710 1978 MARCELLUS
1740 1941 1830 1977 libro
1854 1942 1977 1987 primo
2009 1941 2059 1977 ad
2089 1941 2202 1988 leqem
2231 1941 2366 1978 Iuliam
2395 1946 2431 1977 ct

1345 1987 1402 2022 Pa
1431 1989 1503 2023 iam
1559 1986 1749 2022 Sciendum
1782 1990 1836 2021 est
1868 1986 2087 2028 libertinum,
2147 1986 2185 2021 ui
2217 1980 2256 2022 s'e
2277 1986 2428 2031 ingenuo

1345 2032 1388 2067 de
1416 2033 1441 2067 't
1463 2031 1726 2076 adrogandum,
1759 2031 1916 2075 quamvis
1948 2032 1984 2066 in
2016 2032 2090 2067 eius
2121 1998 2256 2066 ἓ81111118
2287 2031 2430 2076 ingenui

1344 2078 1424 2112 iura
1448 2077 1494 2112 sit
1517 2080 1742 2117 consecutus,
1766 2079 1808 2110 ut
1829 2075 2033 2112 libertinum
2055 2080 2174 2111 tamen
2197 2086 2220 2111 a
2241 2076 2429 2112 senatoriis

1345 2133 1394 2157 nu
1420 2122 1478 2157 tiis
1502 2121 1743 2166 repellendum
1767 2130 1854 2156 esse.

1419 2164 1443 2204 3
1468 2166 1575 2202 IDEM
1595 2166 1685 2202 libro
1710 2166 1814 2201 tertio
1840 2165 1890 2201 ad
1915 2164 1947 2200 le
1973 2175 2028 2199 em
2050 2164 2183 2200 Iuliam
2215 2169 2251 2200 et
2272 2165 2428 2211 Papiam

1344 2212 1508 2257 Plerique
1539 2211 1746 2256 opinantur,
1780 2221 1860 2246 cum
1894 2220 1936 2245 ea
1962 2220 2016 2244 em
2045 2210 2171 2245 mulier
2201 2210 2248 2245 ad
2279 2210 2429 2246 eundem

1344 2257 1458 2291 virum
1481 2260 1689 2297 revertatur,
1713 2255 1750 2290 id
1773 2255 2034 2290 matrimonium
2056 2254 2149 2290 idem
2173 2265 2267 2290 esse:
2299 2255 2428 2299 quibus

1345 2301 1545 2342 adsentior,
1578 2301 1609 2336 si
1639 2311 1711 2335 non
1742 2300 1853 2335 multo
1886 2303 2046 2343 tempore
2068 2299 2277 2344 interposito
2301 2310 2426 2335 recon-

1345 2346 1455 2381 ciliati
1484 2345 1618 2380 fuerint
1648 2355 1714 2380 nec
1744 2345 1837 2380 inter
1868 2354 1986 2379 moras
2017 2347 2080 2378 aut
2101 2343 2163 2378 illa
2185 2344 2246 2379 alii
2269 2344 2429 2389 nupserit

1345 2395 1432 2470 ⁸¹qu
1441 2390 1499 2470 laic
1535 2390 1640 2424 aliam
1673 2389 1831 2431 duxerit,
1867 2389 2018 2424 maxime
2059 2388 2089 2424 si
2122 2398 2189 2424 nec
2225 2388 2343 2424 dotem
2375 2389 2429 2424 vir

1344 2446 1383 2471 re
1433 2436 1445 2470 i
1471 2436 1548 2470 erit.

1390 2478 1444 2518 34
1467 2479 1713 2515 PAPJNJANUs
1735 2478 1824 2514 libro
1857 2482 1988 2530 quarto
2012 2488 2265 2521 responsorum
2281 2479 2308 2500 ¹³
2354 2477 2424 2514 Ge-

1344 2525 1456 2561 nerali
1488 2524 1653 2559 mandato
1685 2523 1877 2568 quaerendi
1908 2523 2024 2557 mariti
2054 2523 2148 2558 filiae
2176 2522 2330 2559 familias
2353 2533 2426 2559 non

1344 2570 1421 2606 fieri
1445 2569 1587 2614 nuptias
1611 2568 1759 2603 rationis
1784 2572 1856 2604 est:
1881 2567 2000 2612 itaque
2022 2577 2210 2612 personam
2233 2568 2309 2604 eius
2330 2567 2425 2613 patri

1345 2614 1591 2655 demonstrari,
1616 2614 1676 2658 qui
1700 2612 1923 2649 matrimonio
1950 2612 2186 2654 consenserit,
2218 2616 2259 2647 ut
2281 2612 2427 2658 nuptiae

1348 2663 1363 2695 1
1414 2659 1682 2700 contrahantur,
1707 2668 1852 2693 necesse
1875 2661 1939 2693 est.
1986 2656 2097 2692 Ream
2120 2656 2296 2699 adulterii,
2321 2667 2427 2702 quam

1345 2705 1398 2740 vir
1420 2705 1497 2739 iure
1520 2703 1637 2739 mariti
1659 2702 1869 2748 postulavit,
1901 2712 1973 2737 non
2003 2701 2212 2747 prohibetur
2233 2706 2317 2747 post
2338 2702 2425 2738 abo·

1344 2750 1503 2785 litionem
1527 2758 1675 2783 uxorem
1710 2748 1825 2782 denuo
1857 2747 2005 2782 ducere:
2041 2746 2103 2782 sed
2135 2750 2171 2782 et
2201 2747 2232 2782 si
2254 2756 2327 2782 non
2348 2747 2426 2782 iure

1345 2794 1463 2829 mariti
1485 2803 1583 2828 ream
1606 2792 1808 2838 postulavit,
1827 2792 1904 2827 iure
1923 2795 2146 2826 contractum
2166 2791 2427 2826 matrimonium

1346 2842 1366 2874 2
1413 2838 1599 2874 videbitur.
1636 2837 1732 2872 Inter
1743 2836 1921 2882 privignos
1935 2836 2096 2871 contrahi
2108 2835 2253 2881 nuptiae
2263 2839 2424 2880 possunt,

1346 2884 1412 2920 etsi
1444 2883 1591 2919 fratrem
1622 2891 1841 2917 communem
1872 2891 1916 2917 ex
1949 2891 2040 2916 novo
2074 2881 2275 2926 parentium
2305 2880 2424 2915 matri-

1346 2932 1365 2964 3
1412 2928 1530 2964 monio
1543 2931 1747 2971 susceptum
1757 2926 1923 2962 habeant.
1956 2925 2084 2961 Filiam
2095 2925 2269 2961 senatoris
2282 2925 2424 2970 nuptias

1343 2972 1498 3009 libertini
1528 2971 1686 3008 secutam
1717 2971 1829 3016 patris
1854 2981 1959 3006 casus
1982 2980 2054 3005 non
2083 2969 2195 3006 faciat
2206 2970 2233 2991 ¹⁴
2257 2979 2423 3006 uxorem:

1345 3028 1428 3098 1131111
1440 3017 1602 3097 quaiesita
1638 3016 1659 3082 '¹
1697 3015 1895 3096 gehberis
1916 3019 2063 3061 propter
2074 3014 2206 3051 crimen
2219 3015 2247 3037 ¹⁸
2268 3014 2383 3060 patris
2395 3015 2424 3035 ¹⁶

1345 3073 1367 3098 a
1409 3073 1491 3098 eren
1518 3072 1540 3096 a
1563 3071 1635 3097 non
1756 3087 1764 3095 .

1390 3104 1443 3145 35
1467 3106 1575 3142 Imm
1593 3106 1684 3142 libro
1707 3109 1813 3141 sexto
1836 3115 2090 3151 responsorum
2135 3103 2247 3139 Filius
2270 3102 2423 3138 familias

1344 3152 1443 3187 miles
1454 3150 1714 3186 matrimonium
1734 3150 1810 3185 sine
1827 3149 1939 3195 patris
1958 3149 2139 3184 voluntate
2150 3158 2222 3183 non
2234 3148 2422 3183 contrahit.

1390 3193 1445 3234 36
1468 3195 1627 3231 Panos
1652 3194 1742 3231 libro
1775 3196 1900 3240 quinto
1931 3194 2179 3239 quaestionum
2233 3192 2347 3243 Tutor
2370 3193 2423 3244 vel

1345 3244 1490 3277 curator
1519 3239 1677 3275 adultam
1706 3249 1852 3274 uxorem
1883 3238 2012 3274 ducere
2041 3248 2112 3273 non
2143 3241 2280 3282 potest,
2312 3247 2380 3272 msi
2402 3246 2426 3271 a

1343 3290 1447 3331 patre
1481 3284 1660 3329 desponsa
1694 3283 1913 3319 destinatave
1953 3285 2207 3318 testamentove
2240 3281 2421 3317 nominata

1345 3329 1554 3367 condicione
1565 3329 1593 3350 ¹⁸
1615 3329 1748 3374 nuptiis
1772 3333 1896 3364 secuta
1917 3327 2034 3362 fuerit.

1390 3372 1443 3412 37
1468 3373 1575 3410 IDEM
1593 3373 1684 3409 libro
1706 3374 1859 3419 septimo
1883 3382 2138 3418 responsorum
2171 3370 2354 3405 Libertum
2364 3380 2423 3405 cu-

1345 3419 1475 3456 ratoris
1481 3418 1621 3465 puellae
1628 3417 1806 3463 prohiberi
1820 3420 1962 3463 oportet
1971 3426 2117 3452 uxorem
2126 3414 2273 3451 eandem
2282 3413 2421 3459 ducere.

1343 3542 1416 3564 rum
1429 3533 1489 3565 ins.
1503 3531 1585 3563 Hal.
1679 3531 1738 3572 (12)
1749 3529 1883 3562 vidente
1894 3529 2016 3561 marito
2027 3528 2079 3568 F'¹‚
2093 3528 2225 3560 vivente
2236 3526 2357 3559 marito
2364 3524 2423 3566 Ρ,

1343 3576 1510 3619 pendente
1521 3585 1560 3607 ea
1571 3585 1592 3607 a
1604 3585 1659 3607 reo
1671 3587 1733 3608 ecc.
1746 3573 1787 3608 B.
1799 3586 1861 3607 scr.
1939 3576 1997 3614 (1³1
2014 3578 2029 3612 fi
2044 3580 2061 3607 3
2075 3590 2118 3602 —
2128 3573 2174 3606 D.
2190 3574 2220 3612 1,
2234 3579 2263 3613 0,
2276 3579 2294 3605 9
2364 3573 2421 3611 (u)

1693 3623 1751 3658 (1⁶)
1764 3619 1904 3658 crimen]
1917 3628 2029 3650 casum
2044 3615 2086 3651 D.
2103 3617 2123 3650 ἱ.
2134 3629 2216 3660 qam.
2298 3617 2357 3656 (ie)
2370 3625 2422 3647 re·

1343 3665 1427 3699 moti
1436 3674 1456 3697 8
1464 3668 1582 3697 senatu
1593 3666 1652 3697 ins.
1662 3661 1707 3698 D.
1718 3664 1738 3697 1.
1743 3676 1824 3708 qem.
1873 3665 1931 3704 (17)
1945 3673 2011 3696 non
2021 3663 2096 3696 deu.
2106 3674 2174 3695 cum
2183 3662 2205 3695 Ι.
2212 3673 2304 3705 qm,
2314 3671 2372 3694 om.
2382 3658 2420 3692 F'.

1344 3713 1404 3749 (18)
1428 3711 1658 3746 condicionem
1671 3723 1734 3743 ner.
