2528 3918
103 162 181 202 qm
207 160 381 191 ramur
408 157 609 189 Turonas

102 280 192 312 eum,
217 269 247 304 si
277 267 468 312 impuberis
501 266 642 301 nomine
675 264 913 306 desideretur,
938 264 1036 300 adire
1061 274 1188 310 eogen-

103 316 197 356 dum,
221 318 261 348 ut
284 316 403 347 tamen
427 311 560 356 pupillo
584 321 634 354 pu
660 310 742 344 illae
773 313 872 345 tutor
894 309 940 344 ab
965 320 1026 351 eo,
1052 310 1110 344 cui
1132 309 1190 344 ius

103 358 210 396 dandi
233 357 311 399 erit,
336 357 451 398 detur,
476 355 536 399 qui
559 358 636 389 tute
651 364 709 389 am
731 355 903 396 retineat,
936 354 1055 399 quoad
1084 354 1189 389 resti-

101 407 224 440 tuatur
246 401 425 436 hereditas
450 404 485 435 et
508 410 582 435 rem
614 399 747 434 salvam
779 399 856 434 fore
887 399 933 433 ab
965 399 1097 435 herede
1128 409 1189 434 ca·

100 452 236 485 veatur.
259 450 386 491 postea
409 445 509 480 divus
533 444 759 486 Hadrianus,
792 448 832 479 ut
862 443 956 478 idem
986 444 1023 479 in
1049 454 1090 479 eo
1115 454 1188 479 ser-

99 498 222 534 vetur,
260 491 319 526 cui
355 491 490 526 directa
523 490 670 524 libertas
705 489 790 524 data
830 489 958 531 fuerit,
994 489 1187 534 rescripsit.

103 542 117 573 1
166 536 332 581 Quamvis
365 540 483 571 autem
515 545 537 569 a
568 538 722 580 patrono
764 544 840 569 rem
881 534 1015 569 salvam
1052 533 1188 579 pupillo

98 582 176 618 fore
198 591 270 616 non
292 580 399 615 facile
434 580 553 615 cautio
587 580 769 624 exigatur,
802 583 920 613 tamen
952 582 1098 614 senatus
1122 589 1188 624 pro

100 630 266 663 extraneo
290 625 414 660 haberi
443 625 555 660 voluit
587 634 687 665 eum,
720 625 791 669 qui,
817 624 912 669 quod
944 625 981 658 in
1004 625 1083 669 ipso
1107 623 1187 666 fuit,

100 673 205 708 etiam
236 670 400 706 libertate
432 670 583 715 privavit
613 670 851 714 impuberem:
893 673 929 703 et
958 670 1014 704 ius
1046 668 1188 714 quidem

98 716 225 758 liberti,
250 715 345 760 quod
368 716 487 756 habet,
514 715 597 759 quia
622 726 664 750 ex
692 725 802 750 causa
825 714 1089 749 fideicommissi
1112 724 1187 749 ma·

99 760 265 802 numittit,
290 771 362 796 non
387 764 440 795 est
465 761 496 795 ei
520 760 691 801 ablatum,
716 759 830 794 tutela
845 770 929 794 vero
945 759 1022 794 sine
1044 759 1187 794 vinculo

99 805 273 842 cautionis
297 816 370 841 non
395 805 636 840 committitur.
670 805 755 850 quid
780 815 860 848 ergo
886 804 916 839 si
940 815 1013 839 non
1038 804 1187 839 caveat?

99 855 118 887 2
164 861 235 886 non
267 850 374 886 dubie
404 851 517 885 tutela
549 861 623 885 non
647 850 714 885 erit
737 849 834 894 apud
865 853 1068 894 patronum.
1117 848 1188 883 Sed

98 897 127 932 si
150 895 270 947 puella
301 895 549 931 duodecimum
585 906 718 930 annum
749 895 796 929 im
823 895 963 937 laverit,
995 898 1094 929 tutor
1125 893 1186 928 de-

98 942 181 977 simt
204 950 301 975 esse:
335 941 503 986 quoniam
526 945 647 975 tamen
670 940 798 975 minori
824 950 866 974 us
890 940 1090 975 annorum¹
1125 938 1186 973 de-

97 985 333 1022 siderantibus
359 989 542 1021 curatores
567 985 644 1020 dari
667 985 800 1027 solent,
835 984 865 1019 si
898 988 1042 1019 curator
1065 988 1186 1029 patro-

98 1041 164 1066 nus
199 1034 365 1075 petatur,
404 1031 491 1066 fides
526 1030 763 1075 inquisitionis
806 1040 871 1074 pro
907 1029 1048 1064 vinculo
1086 1029 1188 1064 cedet

98 1075 283 1111 cautionis.

148 1118 222 1157 14²
244 1120 351 1155 Imm
371 1120 462 1156 libro
487 1121 697 1156 duodecimo
722 1120 973 1165 quaestionum
1019 1118 1187 1154 Libertus

96 1176 169 1202 non
192 1165 271 1201 aliis
294 1165 438 1211 patroni
453 1171 670 1210 patronaeve
693 1165 813 1200 liberis
826 1168 923 1199 tutor
942 1174 1020 1199 esse
1037 1163 1186 1208 cogitur,

97 1221 202 1258 quam
249 1211 287 1245 ui
310 1211 391 1246 iura
414 1214 627 1255 patronatus
652 1220 796 1255 sperare
820 1213 973 1254 possunt
982 1210 1007 1244 ³.

146 1253 194 1293 15
254 1266 381 1291 Amos
402 1256 493 1291 libro
517 1256 675 1291 secundo
699 1255 750 1290 ad
772 1255 927 1290 edictum
981 1255 1023 1289 In
1048 1264 1187 1289 omnem

94 1312 169 1336 rem
193 1305 338 1336 curator
363 1300 502 1336 dandus
528 1304 582 1336 est
616 1302 654 1336 in
687 1300 763 1335 eius
794 1300 922 1335 tutoris
956 1299 1093 1341 locum,
1126 1299 1187 1344 qui

95 1346 146 1382 rei
195 1346 336 1381 ublicae
361 1356 472 1381 causa
495 1345 628 1381 afuit⁴z

143 1390 161 1428 1
218 1390 326 1426 IDEM
364 1391 455 1427 libro
497 1391 762 1437 septuaqesimo
807 1390 911 1425 tertio
948 1390 998 1425 ad
1031 1390 1185 1426 edictum

94 1447 160 1472 nee
184 1436 244 1471 ille
268 1436 397 1471 desinit
427 1439 525 1471 tutor
557 1446 646 1471 esse.
683 1435 780 1480 quod
804 1439 840 1470 et
862 1435 900 1470 in
924 1436 1101 1478 omnibus,
1126 1435 1186 1480 qui

95 1482 139 1517 ad
164 1484 306 1526 tempus
332 1485 559 1523 excusantur,
583 1481 671 1516 iuris
696 1484 760 1516 est.

144 1524 192 1563 17
226 1527 421 1563 ULPJANUS
450 1527 541 1562 libro
572 1537 668 1561 nono
701 1526 751 1560 ad
773 1525 927 1561 edictum
973 1525 1030 1568 Ei,
1057 1526 1117 1571 qui
1141 1526 1186 1561 de

95 1576 192 1608 statu
216 1582 281 1607 suo
305 1572 428 1616 litigat,
453 1575 608 1606 tutorem
633 1571 710 1605 dari
733 1581 840 1616 posse
851 1570 1071 1615 Pomponius
1096 1571 1184 1606 scri-

94 1618 147 1698 Eit
182 1621 218 1652 et
252 1627 374 1652 verum
410 1620 483 1659 est,
519 1620 561 1651 ut
591 1616 643 1651 ita
678 1616 817 1651 demum
848 1620 971 1651 teneat
1002 1616 1118 1659 datio,
1155 1617 1186 1652 si

111 1663 185 1697 'ber
210 1665 276 1697 est.

142 1704 193 1745 18
216 1706 326 1743 IDEM
344 1707 434 1742 libro
458 1707 685 1752 sexaqesimo
710 1706 835 1752 primo
870 1705 920 1740 ad
942 1706 1098 1741 edictum
1144 1706 1186 1741 In

95 1752 212 1788 dando
247 1756 366 1787 tutore
398 1762 441 1787 ex
472 1751 700 1796 inquisitione
733 1754 768 1785 et
798 1750 836 1785 in
868 1761 948 1785 eum
983 1751 1184 1796 inquiritur,

95 1798 155 1844 qui
178 1801 323 1833 senator
349 1801 422 1832 est:
456 1800 491 1831 et
513 1797 565 1831 ita
589 1795 738 1831 Severus
762 1795 958 1841 rescripsit.

142 1840 193 1880 19
217 1842 378 1878 ΡΑυισε
406 1841 496 1877 libro
520 1845 625 1877 seoeto
650 1841 786 1876 decimo
811 1841 860 1876 ad
882 1840 1068 1876 Plautium
1116 1841 1186 1876 Ubi

94 1888 226 1924 absunt
247 1888 296 1930 hi,
322 1886 383 1932 qui
405 1890 542 1922 tutores
556 1886 640 1921 dare
652 1889 814 1931 possunt,
828 1886 1037 1921 decuriones
1058 1886 1183 1921 iuben-

95 1937 152 1968 tur
183 1932 269 1968 dare
299 1936 456 1974 tutores,
489 1931 677 1966 dummodo
715 1931 828 1966 maior
858 1941 943 1976 pars
977 1932 1182 1966 conveniat:

93 1979 153 2013 ubi
177 1989 249 2014 non
274 1982 329 2013 est
352 1977 516 2019 dubium,
551 1977 635 2021 quin
659 1987 769 2011 unum
794 1986 838 2011 ex
862 1987 900 2011 se
924 1976 1009 2011 dare
1032 1977 1182 2028 possint.

97 2027 110 2058 1
159 2023 394 2067 Magistratus
417 2022 642 2067 municipalis
668 2022 838 2066 collegam
862 2030 965 2056 suum
989 2033 1074 2067 quin
1099 2022 1185 2058 dare

93 2072 246 2104 tutorem
268 2068 383 2113 possit
396 2069 421 2110 ⁵,
445 2078 519 2102 non
542 2071 596 2102 est
620 2067 777 2101 dubium.

139 2112 191 2152 20
212 2113 469 2148 MODESTJNUS
478 2113 568 2148 libro
581 2113 731 2158 septimo
745 2112 1033 2157 dzfferentz’arum
1059 2112 1185 2147 Ventri

92 2163 190 2195 tutor
213 2158 514 2203 amagistratibus
538 2158 664 2202 populi
675 2156 829 2191 Romani
853 2156 932 2192 dari
955 2167 1028 2191 non
1052 2162 1182 2202 potest,

94 2207 239 2240 curator
262 2206 400 2248 potest:
426 2213 509 2237 nam
530 2203 573 2237 de
596 2206 761 2237 curatore
791 2202 1041 2237 constituendo
1067 2203 1182 2238 edicto

95 2253 109 2283 1
161 2249 454 2294 comprehensum
476 2251 539 2283 est.
578 2247 786 2282 Curatorem
802 2247 949 2282 habenti
973 2258 1042 2292 quo
1068 2248 1183 2283 minus

93 2294 183 2330 alius
208 2298 354 2330 curator
374 2293 488 2335 detur,
511 2293 634 2338 regula
652 2292 739 2327 iuris
760 2303 832 2328 non
846 2297 899 2327 est
919 2292 1181 2337 impedimento.

138 2338 188 2376 21
215 2338 323 2375 IDEM
344 2338 435 2374 libro
459 2339 584 2384 primo
617 2338 893 2373 excusationum
948 2336 1096 2371 Εἰὸέναι
1129 2336 1185 2372 δεῖ

92 2387 172 2420 τοὺς
198 2382 388 2431 ἄρχοντας,
425 2379 484 2417 ὅτι
514 2384 736 2436 ,κουράτορας
770 2378 917 2428 ἀφήλιξι
946 2387 1116 2429 γυναῖκας
1141 2379 1182 2417 ού

98 2435 109 2465 l
156 2427 481 2475 χειροτονήσουσιν.
525 2427 605 2462 Εάν
626 2427 742 2473 μήτηρ
764 2430 823 2461 ἐπὶ
845 2426 956 2470 ταύτη
980 2430 1023 2474 τῇ
1049 2427 1183 2474 αἱρέσει

92 2474 213 2522 γράψῃ
256 2473 351 2509 υἱοὺς
397 2471 638 2518 κληρονόμους
672 2472 738 2507 ἐὰν
772 2463 989 2507 ἇπολυθῶσι
1023 2475 1085 2516 τῆς
1117 2476 1182 2507 τοῦ

92 2522 227 2566 πατρὸς
250 2517 419 2559 ἐξουσίας,
447 2515 713 2552 ἀπολυθέντων
734 2516 878 2552 τούτων
901 2521 962 2551 καὶ
988 2515 1048 2552 διὰ
1072 2521 1181 2552 τοῦτο

93 2562 443 2610 κληρονομησάντων
456 2559 559 2598 αὐτὸς
582 2560 602 2597 ὁ
625 2561 745 2608 πατὴρ
758 2561 948 2608 κουράτωρ
969 2576 1181 2608 χειροτονη-

95 2610 207 2652 θῆναι
241 2605 282 2643 οὗ
319 2607 491 2649 δύναται,
519 2607 587 2642 κᾶν
616 2607 807 2652 βούληται,
836 2608 895 2641 ἵνα
918 2607 967 2652 μὴ
992 2606 1078 2655 ἄλλῃ
1104 2606 1180 2652 ὁδῷ

93 2657 198 2689 τοῦτο
224 2651 313 2701 ὅπερ
338 2649 402 2688 οὐκ
426 2649 616 2698 ἠβουλήθη
649 2650 671 2696 ἡ
704 2651 904 2698 διαθεμένη
928 2656 1083 2700 γένηται.
1122 2657 1182 2687 καὶ

93 2701 197 2734 τοῦτο
223 2695 335 2734 οὕτως
358 2696 428 2733 ὑπὸ
459 2701 524 2732 τοῦ
559 2698 666 2732 θείου
690 2696 859 2743 Σεβήρου
882 2698 1181 2742 νενομοθέτηται.

94 2747 113 2779 2
159 2740 273 2779 Ἀλλὰ
297 2742 366 2778 κᾶν
386 2757 440 2779 τις
473 2741 545 2778 ἀπὸ
576 2745 715 2789 γονέων
746 2742 895 2789 κωλυθῇ
919 2742 1178 2789 ἐπιτροπεύειν,

93 2791 222 2824 τοῦτον
246 2787 350 2823 οὔτεῦ
370 2789 665 2833 χειροτονεῖσθαι
702 2787 890 2833 προσήκει·
924 2786 993 2822 κᾶν
1014 2800 1181 2834 χειροτο-

94 2835 217 2877 νηθεὶς
227 2834 277 2879 μὴ
287 2832 566 2880 παραιτήσηται,
582 2831 791 2868 κωλύεσθαι
804 2829 913 2867 αὐτὸν
932 2831 1184 2879 ἐπιτροπεύειν

95 2882 114 2914 3
158 2878 331 2925 μενούσης
354 2880 415 2921 τῆς
439 2881 628 2923 ἐπιτιμίας.
688 2878 772 2913 Τοὺς
804 2881 844 2912 ἐν
866 2881 1041 2924 πρεσβείᾳ
1077 2876 1183 2914 ὄντας

95 2923 141 2967 μὴ
160 2927 482 2970 χειροτονείτωσαν
504 2921 722 2970 ἐπιτρόπους
745 2922 767 2966 ἢ
792 2922 1015 2970 κουράτορας
1047 2922 1085 2957 οἱ
1115 2921 1181 2969 ἄρ-

95 2982 219 3011 χοντες,
257 2967 450 3015 ἐπειδήπερ
486 2965 569 3014 παρ’
609 2966 651 3002 ὃν
681 2967 815 3015 χρόνον
848 2967 1123 3015 πρεσβεύουσιν,
1162 2965 1182 3003 ὁ

97 3085 135 3120 (ι)
160 3082 259 3115 annis
271 3081 324 3115 F²
470 3083 513 3124 (2)
538 3099 582 3110 =
603 3082 674 3115 Vat.
698 3089 753 3116 224
893 3083 935 3124 (3)
968 3082 1181 3125 Papinianus

97 3126 181 3159 libro
199 3127 250 3160 XI
271 3128 506 3170 quaestionum
526 3127 701 3168 respondit
720 3126 832 3158 verbis
853 3127 1019 3159 orationis
1039 3127 1181 3160 fratrum

97 3173 333 3215 imperatorum
345 3171 516 3212 libertum,
530 3172 594 3204 etsi
608 3171 649 3203 ob
660 3172 798 3213 aliquod
807 3172 1023 3214 privilegium
1033 3183 1054 3205 a
1064 3173 1182 3205 tutelis

97 3220 199 3257 vacet,
212 3218 348 3259 patroni
361 3222 472 3250 tamen
485 3221 714 3260 patronaeque
726 3216 908 3249 liberorum
923 3221 1016 3250 tutor
1038 3221 1076 3250 ut
1097 3218 1181 3250 deli·

97 3264 196 3302 gatur
208 3263 483 3305 comprehensum
498 3287 504 3293 .
520 3288 527 3294 .
541 3287 548 3294 .
563 3263 620 3295 sed
634 3265 746 3304 potest
765 3262 836 3294 dici
855 3273 923 3294 non
945 3263 1022 3295 aliis
1044 3263 1182 3306 patroni

97 3308 297 3347 patronaeve
311 3310 527 3350 [patronaeve
540 3321 598 3341 om.
614 3308 700 3350 cod.]
725 3306 843 3340 liberis
867 3307 1027 3340 libertum
1047 3309 1110 3340 hoc
1125 3308 1182 3340 de-

96 3350 173 3384 bere
187 3363 285 3394 quam
299 3353 357 3394 qui
370 3354 443 3385 iure
457 3353 592 3395 patroni
606 3353 827 3385 hereditatem
842 3351 920 3396 [hoe
941 3354 1026 3394 cod.]
1047 3364 1182 3396 sperare

98 3400 238 3436 possunt
258 3398 343 3439 Vat„
360 3400 417 3431 ubi
427 3405 604 3440 sequuntur
618 3399 688 3431 alia
760 3401 801 3437 (4)
815 3397 902 3430 abiit
913 3410 976 3430 scr.
1048 3400 1091 3440 (5)
1106 3409 1182 3440 pos-

97 3441 211 3479 uintF
309 3445 351 3482 (ὃ)
378 3439 462 3475 οὐδὲ
472 3443 622 3476 Her-cher
725 3445 767 3484 (7)
793 3444 831 3476 id
849 3450 916 3476 est:
941 3443 1035 3475 Scire
1049 3446 1183 3486 oportet

100 3486 115 3519 1
138 3487 351 3528 magistratus
364 3491 533 3520 curatores
546 3487 778 3530 impuberibus
791 3487 946 3520 mulieres
961 3499 1027 3520 non
1042 3489 1125 3520 dari.
1145 3488 1183 3520 Si

96 3533 202 3563 mater
214 3531 275 3564 sub
295 3533 358 3564 hae
373 3533 570 3565 condicione
595 3533 681 3565 filios
701 3533 840 3565 heredes
865 3532 1001 3572 scribat,
1023 3534 1052 3565 si
1070 3544 1182 3565 eman-

98 3575 204 3618 cipati
227 3576 354 3609 fuerint
378 3587 397 3609 a
419 3580 514 3618 patre
528 3602 536 3617 ‚
562 3578 783 3619 emancipatis
807 3578 849 3610 iis
874 3581 907 3610 et
931 3578 980 3609 ita
1003 3578 1182 3610 heredibus

98 3618 196 3652 factis
218 3621 290 3662 ipse
311 3625 407 3663 pater
431 3626 565 3654 curator
586 3623 659 3654 dari
683 3634 751 3654 non
775 3626 896 3664 potest,
922 3633 963 3654 ne
977 3623 1045 3655 alia
1057 3624 1112 3655 via
1125 3623 1184 3655 fiat

99 3665 187 3706 quod
200 3667 354 3699 testatrix
366 3667 438 3698 fieri
451 3667 571 3698 noluit.
594 3671 627 3699 et
639 3668 701 3700 hoc
715 3668 763 3699 ita
776 3668 999 3699 constitutum
1011 3671 1061 3700 est
1074 3679 1092 3700 a
1106 3669 1183 3700 divo

100 3709 121 3741 2
154 3709 284 3742 Severo.
311 3711 375 3744 Sed
390 3711 490 3743 etiam
504 3713 533 3743 si
547 3713 622 3753 quis
634 3723 653 3744 a
666 3712 864 3754 parentibus
880 3715 972 3744 tutor
984 3723 1054 3745 esse
1068 3713 1183 3755 prohi-

100 3753 214 3794 betur,
242 3755 331 3788 hunc
364 3766 424 3787 neo
453 3756 526 3787 dari
566 3760 708 3788 tutorem
741 3760 895 3799 oportet,
927 3760 960 3788 et
991 3758 1089 3789 datus
1121 3757 1185 3789 etsi

1176 138 1263 186 339

2092 145 2235 188 XXVI
2268 149 2349 189 5.6

1260 267 1280 298 4
1337 261 1499 299 κίνδυνος
1540 262 1658 299 αὐτοῖς
1692 260 1734 297 ού
1766 262 1948 311 διαφέρει.
2008 262 2100 301 Ἐὰν
2131 267 2352 313 έπαρχιακὸν

1261 306 1467 353 ἄνθρωπον
1488 306 1733 353 πρεσβεύοντα
1770 306 1790 342 ὁ
1814 313 1854 343 έν
1875 308 1998 358 Ῥώμῃ
2025 310 2147 357 ἅρχων
2180 310 2236 356 δῷ
2268 315 2349 348 ἐπί-

1260 356 1279 388 5
1327 365 1486 398 τροπον,
1520 351 1761 399 ἀφεθήσεται.
1816 355 1914 400 Πρὸς
1935 361 2011 392 τοῖς
2032 356 2172 393 λοιποῖς
2196 355 2349 394 δικαίοις

1261 396 1317 432 δεῖ
1348 397 1414 432 τὸν
1450 397 1605 443 ἄρχοντα
1641 401 1701 431 καὶ
1736 398 1818 434 τοὺς
1847 399 2004 445 τρόπους
2037 404 2115 436 τῶν
2143 401 2350 446 μελλόντων

1256 442 1638 488 χειροτονηθήσεσθαι
1681 447 1839 477 σκοπεῖν·
1889 443 1971 479 οὔτε
2039 446 2083 493 ἀρ
2128 443 2231 482 οὐσία
2267 446 2350 482 οὔτε

1261 484 1404 533 ἀξίωμα
1430 483 1543 523 οὕτως
1568 487 1698 521 ἱκανὸν
1719 488 1808 542 πρὸς
1831 492 1962 530 πίστιν,
1991 505 2041 527 ως
2065 488 2190 539 ἀγαθὴ
2214 505 2242 528 π
2266 497 2348 527 oal-

1257 536 1277 567 6
1325 546 1418 578 ρεσις
1442 536 1503 567 καὶ
1522 535 1672 577 χρηστοὶ
1694 546 1838 578 τροποι.
1880 534 1949 568 Διὰ
1972 538 2107 572 παντὸς
2131 535 2171 572 δὲ
2191 537 2243 582 μά
2267 551 2348 573 ιστα

1254 579 1362 612 τοῦτο
1397 581 1726 624 παρατηρείτωσαν
1762 577 1799 612 οἱ
1833 576 2000 624 ἄρχοντες
2044 581 2094 626 μὴ
2127 587 2350 629 χειροτονεῖν

1254 622 1335 658 τοὺς
1365 622 1602 667 βουλομενους
1640 625 1723 669 ἐπιρ
1750 626 1869 657 ι’πτειν
1899 624 2058 667 ἑαυτοὺς,
2095 628 2153 661 ἵνα
2181 641 2346 673 χειροτο-

1255 668 1410 709 νηθιῦσι,
1427 671 1487 702 καὶ
1501 665 1522 702 ἆ
1546 666 1673 714 γύριον
1685 636 1863 704 διδόντας*
1887 668 2034 706 τούτους
2052 672 2190 718 γὰρκαὶ
2203 672 2348 708 κολάσει

1254 711 1476 748 ὑπευθύνους
1501 727 1518 746 ε
1532 727 1593 746 ναι
1616 713 1904 757 νενομοθέτηται
1913 715 1936 747 ⁷.

1302 755 1356 794 22
1380 757 1488 793 IDEM
1518 758 1609 794 libro
1640 759 1767 803 quinto
1799 761 2074 795 excusationum
2131 764 2202 794 Καὶ
2234 760 2270 795 οἱ
2297 762 2347 806 μὴ

1253 801 1444 855 βρυλευταὶ
1465 801 1670 847 βουλευτῶν
1693 806 1798 838 παισὶ
1819 808 2109 849 χειροτονοῦνται
2143 809 2343 851 ἐπίτροποι,

1255 843 1376 893 ὥσπερ
1401 851 1461 881 καὶ
1484 846 1672 891 βουλευταὶ
1694 852 1769 883 τοῖς
1791 849 1840 892 μὴ
1864 851 1903 882 ἐκ
1925 848 2128 893 βουλευτῶν
2139 851 2162 885 ⁸.

1301 889 1353 929 23
1379 893 1486 927 IDEM
1506 893 1597 929 libro
1622 897 1754 939 quarto
1770 894 2036 940 pandectarum
2093 895 2203 931 Simul
2226 896 2345 941 plures

1255 941 1392 973 tutores
1417 938 1494 973 dari
1518 941 1679 982 possunt.

1302 980 1353 1019 24
1382 981 1569 1017 ΒῬΑσισε
1591 982 1683 1016 libro
1709 991 1805 1015 nono
1829 991 2087 1026 responsorum
2133 985 2224 1020 ‘Divi
2247 986 2344 1021 Mar-

1256 1031 1332 1063 ‘cus
1358 1031 1393 1063 et
1416 1028 1532 1063 Verus
1559 1029 1722 1063 Cornelio
1746 1029 1912 1064 Proculo.
1962 1029 2000 1064 Si
2032 1030 2174 1075 quando
2208 1030 2347 1066 desint⁹

1256 1073 1304 1108 ‘in
1328 1073 1490 1116 civitate,
1523 1084 1566 1108 ex
1598 1084 1669 1118 qua
1699 1074 1825 1118 pupilli
1849 1074 1989 1109 oriundi
2019 1079 2119 1117 sunt,
2146 1075 2205 1120 qui
2228 1076 2347 1111 idonei

1256 1118 1455 1153 ‘videantur
1487 1128 1565 1153 esse
1589 1121 1737 1160 tutores,
1777 1119 1935 1154 officium
1960 1120 2005 1155 sit
2018 1122 2045 1141 ¹⁰
2077 1122 2347 1164 magistratuum

1256 1163 1444 1208 ‘inquirere
1470 1174 1513 1198 ex
1536 1163 1660 1198 vicinis
1686 1163 1889 1199 civitatibus
1913 1165 2202 1200 honestissimum
2226 1175 2346 1211 quem-

1255 1212 1336 1254 ‘que
1361 1213 1397 1243 et
1419 1209 1564 1244 nomina
1587 1208 1744 1254 praesidi
1792 1209 1970 1245 rovinciae
1990 1211 2139 1253 mittere,
2153 1221 2225 1246 non
2248 1211 2347 1256 ipsos

1255 1254 1454 1288 ‘arbitrium
1478 1253 1585 1288 dandi
1609 1253 1676 1289 sibi
1700 1254 1757 1288 vin
1784 1254 1904 1289 icare'.

1301 1296 1353 1335 25
1379 1298 1487 1333 IDEM
1514 1300 1604 1334 libro
1644 1299 1780 1334 decimo
1819 1310 2073 1345 responsorum
2138 1300 2346 1336 Curatorem

1252 1344 1427 1388 impuberi
1452 1344 1574 1379 datum
1599 1354 1824 1389 quacumque
1856 1355 1899 1379 ex
1925 1356 2036 1380 causa
2086 1356 2286 1381 erseverare
2309 1346 2347 1381 in

1253 1389 1345 1424 diem
1369 1389 1569 1434 pubertatis
1600 1389 1638 1423 in
1663 1388 1787 1424 eadem
1812 1400 1899 1424 cura
1922 1401 2054 1436 respon
2081 1392 2110 1426 i:
2149 1402 2229 1436 ergo
2263 1394 2347 1436 post

1252 1434 1478 1480 pubertatem
1501 1434 1610 1469 alium
1635 1439 1838 1470 curatorem
1861 1435 1929 1470 sibi
1952 1439 2073 1481 petere
2098 1436 2251 1472 debebit.

1299 1477 1353 1516 26
1378 1479 1584 1515 SGAEVOLA
1617 1479 1708 1515 libro
1740 1480 1896 1515 secundo
1927 1491 2187 1527 responsorum
2243 1481 2346 1517 Seiae

1254 1535 1415 1569 egressae
1439 1535 1553 1560 annos
1578 1524 1768 1560 duodecim
1792 1525 1935 1561 decreto
1960 1527 2137 1571 praetoris
2163 1537 2206 1562 ex
2229 1527 2344 1572 inqui-

1253 1570 1381 1605 sitione
1406 1570 1512 1605 datus
1538 1574 1593 1605 est
1615 1573 1714 1605 tutor
1738 1571 1840 1615 quasi
1863 1571 2009 1607 minori:
2043 1582 2176 1617 quaero
2212 1582 2258 1607 an
2284 1583 2344 1607 ex-

1253 1626 1380 1651 cusare
1405 1626 1443 1651 se
1467 1615 1623 1650 deberet.
1668 1616 1836 1660 respondi
1860 1616 2054 1652 secundum
2079 1628 2122 1652 ea
2146 1627 2238 1669 quae
2260 1628 2344 1663 pro·

1251 1664 1471 1706 ponerentur
1513 1670 1628 1705 neque
1671 1662 1938 1696 excusationem
1984 1673 2221 1698 necessarlam
2266 1673 2346 1698 esse

1252 1717 1297 1741 ne
1323 1716 1367 1740 ue
1392 1706 1541 1750 obligari
1565 1705 1662 1750 quod
1685 1717 1759 1741 non
1781 1711 1929 1751 gereret.

1329 1749 1352 1787 7
1378 1751 1725 1786 HERMOGENJANUS
1745 1751 1836 1787 libro
1860 1752 2018 1787 secundo
2051 1753 2142 1787 iuris
2172 1753 2344 1798 epitoma-

1254 1800 1372 1832 torum
1418 1796 1580 1841 Pupillo,
1614 1796 1674 1841 qui
1705 1800 1779 1831 tam
1803 1796 1940 1832 Romae
1972 1808 2077 1842 quam
2101 1798 2137 1832 111
2161 1797 2345 1842 provincia

1252 1841 1444 1878 facultates
1475 1841 1604 1883 habet,
1636 1851 1755 1876 rerum
1790 1852 1882 1886 quae
1914 1846 1998 1877 sunt
2020 1842 2156 1878 Romae
2187 1846 2343 1887 praetor,

1255 1891 1269 1922 1
1320 1887 1591 1933 provincialium
1615 1896 1759 1931 praeses
1782 1890 1937 1921 tutorem
1957 1888 2042 1923 dare
2054 1892 2184 1932 potest.
2218 1887 2343 1922 Liber-

1252 1933 1326 1968 tino
1350 1936 1486 1967 tutores
1509 1932 1627 1966 liberti
1641 1932 1667 1952 ¹¹
1692 1931 1799 1966 dandi
1824 1936 1925 1967 sunt:
1959 1933 2022 1967 sed
2047 1937 2082 1967 et
2105 1933 2135 1967 si
2167 1933 2343 1978 ingenuus

1254 1978 1357 2013 detur
1380 1988 1446 2013 nec
1471 1987 1510 2012 se
1535 1977 1767 2018 excusaverit,
1793 1980 1892 2012 tutor
1914 1978 2164 2022 perseverabit.

1300 2020 1353 2060 28
1378 2022 1539 2058 PAULUS
1569 2022 1660 2057 libro
1693 2022 1850 2057 secundo
1875 2023 2099 2058 decretorum
2146 2022 2343 2059 Romanius

1251 2068 1416 2113 Appulus
1448 2068 1494 2102 ab
1526 2067 1644 2102 iudice
1679 2067 1922 2112 appellaverat
1957 2068 2076 2103 dicens
2109 2078 2146 2103 se
2179 2079 2250 2103 non
2283 2068 2342 2102 de-

1251 2113 1373 2149 buisse
1406 2112 1484 2147 dari
1514 2112 1552 2147 in
1584 2112 1698 2147 tutela
1729 2112 1901 2157 collegam
1933 2114 1983 2155 ei,
2014 2123 2119 2158 quem
2150 2114 2238 2158 ipse,
2263 2123 2344 2148 cum

1251 2159 1479 2204 magistratus
1516 2161 1629 2200 esset,
1667 2157 1887 2193 nominasset
1921 2169 1986 2193 suo
2022 2159 2200 2203 periculo,
2232 2169 2276 2193 ne
2306 2158 2344 2193 in

1251 2215 1325 2238 una
1348 2203 1463 2238 tutela
1487 2202 1620 2248 duplex
1643 2202 1840 2246 periculum
1866 2204 2066 2238 sustineret.
2100 2203 2255 2239 decrevit
2278 2203 2343 2238 im·

1250 2252 1395 2294 perator
1419 2258 1524 2293 posse
1549 2258 1653 2293 quem
1685 2252 1720 2283 et
1751 2247 1995 2284 fideiussorem
2026 2260 2091 2293 pro
2123 2253 2242 2285 tutore
2266 2258 2344 2284 esse

1251 2298 1286 2330 et
1310 2294 1417 2329 nihilo
1442 2294 1559 2328 minus
1582 2296 1738 2329 tutorem
1754 2294 1782 2314 ¹²
1814 2293 1909 2328 dari:
1941 2294 2063 2339 itaque
2091 2294 2255 2329 detentus
2290 2296 2344 2329 est

1250 2340 1286 2374 in
1310 2339 1433 2374 tutela.

1297 2382 1350 2422 29
1387 2384 1494 2419 IDEM
1537 2383 1628 2419 libro
1670 2383 1854 2429 sinqularz'
1886 2383 1930 2418 de
1972 2384 2237 2429 ooqnz’te‘onz'bus
2305 2382 2344 2418 Si

1250 2440 1397 2475 peregre
1433 2432 1541 2474 agant
1573 2428 1634 2473 qui
1666 2432 1806 2463 tutores
1839 2429 1893 2463 vel
1925 2432 2108 2463 curatores
2140 2428 2215 2463 dati
2247 2431 2342 2470 sunt,

1250 2479 1291 2510 ut
1314 2475 1409 2510 intra
1432 2474 1525 2509 diem
1548 2474 1766 2518 trigesimum
1789 2477 1914 2508 notum
1945 2474 2000 2508 his
2032 2484 2055 2508 a
2078 2473 2341 2518 magistratibus

1250 2520 1326 2563 fiat,
1352 2519 1453 2555 divus
1476 2519 1625 2554 Marcus
1649 2518 1841 2563 rescripsit.

1741 2654 1845 2696 VIIS.

1294 2723 1374 2760 QUI
1399 2721 1581 2755 PETANT
1605 2721 1812 2753 TUTORES
1838 2721 1930 2752 VEL
1956 2720 2222 2753 GURATORES
2246 2721 2307 2753 ET

1613 2766 1692 2799 UBI
1716 2765 1971 2799 PETANTUR.

1299 2832 1318 2870 1
1346 2832 1602 2868 Moosssmws
1618 2832 1709 2867 libro
1730 2832 1881 2877 septimo
1901 2832 1941 2867 di
1971 2833 2188 2868 erentz'arum
2211 2832 2341 2868 Matris

1250 2878 1452 2915 sollicitudo
1477 2878 1514 2912 in
1536 2877 1698 2922 petendis
1722 2876 1794 2912 filio
1818 2877 1930 2912 tutori
1956 2888 2017 2920 us,
2050 2889 2123 2913 non
2148 2878 2254 2913 etiam
2279 2888 2340 2913 cu-

1250 2923 1430 3003 rassorigltliss
1450 2923 1675 3002 ⁴pslzservatur,
1700 2921 1769 2957 nisi
1793 2933 1863 2967 quo
1889 2933 1975 2957 casu
1998 2923 2172 2967 impuberi
2197 2928 2341 2958 curator

1250 2979 1295 3014 pe
1314 2979 1358 3004 en
1507 2995 1514 3002 .

1250 3092 1285 3115 se
1308 3092 1377 3113 non
1399 3084 1546 3122 excuset,
1567 3091 1587 3113 a
1617 3081 1725 3113 tutela
1747 3079 1949 3124 prohibetur
1974 3082 2223 3113 existimatione
2236 3081 2337 3113 salva.

1250 3129 1270 3161 3
1296 3127 1364 3163 Qui
1376 3127 1413 3159 in
1426 3126 1595 3168 legatione
1608 3128 1698 3166 sunt,
1712 3137 1767 3159 eos
1781 3130 1907 3158 tutores
1917 3129 1976 3158 aut
1985 3130 2154 3158 curatores
2164 3126 2339 3167 magistra-

1250 3175 1305 3205 tus
1324 3183 1366 3204 ne
1375 3172 1490 3212 danto,
1500 3181 1576 3203 nam
1587 3171 1747 3213 quamdiu
1761 3172 1796 3203 111
1809 3171 1981 3213 legatione
1994 3174 2082 3211 sunt,
2095 3171 2280 3213 periculum
2295 3170 2338 3202 ad

1249 3219 1271 3251 4
1302 3228 1358 3249 eos
1380 3227 1446 3249 non
1462 3216 1620 3258 pertinet.
1648 3217 1684 3248 Si
1703 3227 1742 3248 ex
1758 3217 1935 3258 provincia
1951 3216 2119 3248 hominem
2141 3216 2200 3257 qui
2213 3216 2337 3246 Romae

1249 3264 1269 3296 5
1301 3262 1501 3304 magistratu
1519 3261 1674 3303 fungitur
1695 3265 1840 3294 tutorem
1853 3261 1919 3301 det,
1939 3261 2162 3293 excusabitur.
2201 3260 2337 3291 Praeter

1250 3307 1381 3349 reliqua
1391 3307 1467 3339 iura
1479 3307 1714 3348 magistratum
1727 3310 1861 3349 oportet
1873 3306 1972 3338 etiam
1983 3306 2025 3338 ad
2036 3316 2141 3337 mores
2151 3304 2337 3336 dandorum

1250 3353 1436 3394 respicere:
1462 3362 1569 3394 neque
1589 3352 1679 3384 enim
1699 3352 1841 3384 facultas
1862 3352 2052 3393 dignitasve
2069 3354 2135 3382 tam
2150 3349 2280 3381 faciunt
2293 3348 2336 3381 ad

1251 3398 1272 3431 6
1296 3397 1394 3429 fidem
1407 3396 1594 3429 habendam
1607 3407 1707 3438 quam
1719 3396 1808 3429 bona
1822 3397 1950 3428 indoles
1964 3400 1996 3428 et
2009 3395 2106 3437 probi
2119 3405 2234 3426 mores.
2258 3394 2334 3425 Om-

1250 3443 1333 3474 nino
1348 3445 1459 3474 autem
1468 3442 1531 3473 hoe
1544 3442 1596 3474 vel
1608 3443 1749 3474 maxime
1764 3443 1980 3483 magistratus
1993 3440 2271 3476 animadvertant,
2292 3449 2334 3469 ne

1251 3487 1332 3519 dent
1342 3487 1400 3529 qui
1410 3487 1567 3519 studeant
1576 3487 1727 3529 ingerere
1737 3498 1771 3519 se
1785 3490 1823 3519 ut
1840 3490 1995 3518 creentur
2007 3488 2040 3517 et
2054 3484 2229 3525 pecuniam
2244 3483 2284 3515 ob
2298 3482 2334 3514 id

1252 3533 1351 3564 dent:
1373 3543 1449 3564 nam
1463 3532 1524 3564 hos
1543 3543 1672 3575 poenae
1693 3542 1824 3574 quoque
1837 3531 2000 3562 obnoxios
2020 3540 2090 3561 esse
2111 3528 2334 3561 constitutum

1252 3580 1312 3609 est.
1352 3579 1394 3617 (8)
1410 3578 1447 3610 id
1455 3585 1511 3610 est:
1523 3578 1638 3609 Etiam
1649 3578 1707 3619 qui
1722 3588 1789 3609 non
1803 3579 1882 3608 sunt
1895 3575 2100 3612 decuriones,
2115 3573 2333 3605 decurionum

1251 3621 1369 3654 liberis
1390 3625 1517 3654 tutores
1538 3623 1673 3664 dantur,
1694 3626 1732 3654 ut
1745 3622 1845 3654 etiam
1866 3620 2062 3651 decuriones
2089 3618 2205 3650 liberis
2219 3627 2333 3649 eorum

1241 3667 1299 3707 qui
1312 3676 1381 3698 non
1393 3669 1474 3699 sunt
1486 3666 1683 3700 decuriones
1719 3669 1776 3709 (8¹)
1789 3682 1834 3694 =
1844 3666 1889 3698 D.
1901 3667 1955 3706 27,
1965 3672 1993 3705 8,
2004 3673 2027 3705 1,
2038 3672 2070 3698 10
2110 3665 2156 3705 (9)
2170 3663 2293 3696 desinit
2306 3666 2339 3697 F

1240 3712 1301 3753 (ιο)
1313 3706 1367 3745 sit]
1385 3713 1433 3744 est
1446 3712 1466 3744 l.
1479 3725 1560 3755 yem.
1609 3713 1667 3753 (11)
1685 3711 1837 3744 libertini
1853 3711 1932 3742 Hal.
1980 3710 2040 3750 (12)
2055 3719 2129 3741 cum
2143 3708 2255 3741 eodem
2273 3710 2333 3741 ins.

1300 3761 1355 3795 (13)
1382 3757 1445 3789 Ed.
1462 3764 1483 3789 1.
1498 3764 1532 3795 23
1559 3757 1642 3799 Pap.
1659 3764 1685 3789 3.
1698 3764 1724 3788 4.
1752 3774 1792 3779 -
1817 3754 1900 3786 Bas.
1916 3754 1970 3793 37,
1985 3760 2002 3786 e
2025 3771 2069 3776 —
2097 3752 2144 3795 Cf.
2163 3753 2239 3785 Cod.
2255 3754 2287 3793 5,
2300 3759 2331 3786 31

1996 3807 2059 3840 43*
