2528 3918
161 121 356 166 XXXXI
386 125 424 166 7.
449 120 551 165 8.9.
580 122 631 164 10

161 245 240 284 eius
264 255 343 282 esse
366 244 512 288 desinit,
544 247 587 280 ut
607 243 679 280 hoc
703 242 751 280 sit
772 242 810 279 in
832 246 952 289 parte,
978 242 1073 288 quod
1095 242 1134 278 in
1156 245 1252 279 toto:

162 291 287 337 atquin
315 290 428 327 totius
458 290 512 327 rei
549 289 714 326 dominus
755 287 898 325 efficere
929 298 1002 324 non
1038 290 1174 332 potest,
1214 291 1256 324 ut

163 340 303 382 partem
325 336 489 379 retineat,
513 338 653 381 partem
675 344 742 380 pro
767 333 937 373 derelicto
962 333 1105 368 habeat.

210 380 237 419 4
269 380 326 417 ΡΛ
334 390 429 417 vws
456 381 546 417 libro
605 380 706 416 uinto
731 379 874 415 decimo
899 378 948 413 ad
979 377 1155 414 Sabinum
1200 377 1254 421 Id,

163 426 261 471 quod
291 437 357 472 pro
390 425 561 462 derelicto
618 424 756 460 abitum
787 428 842 460 est
866 427 901 458 et
924 422 1052 459 haberi
1074 427 1254 468 putamus,

163 480 362 516 usucapere
383 481 592 516 possumus,
618 471 725 506 etiam
748 469 780 506 si
799 469 1022 514 ignoramus,
1052 478 1076 503 a
1099 479 1170 514 quo
1194 468 1254 504 de-

106 543 108 545 >
163 516 327 552 relictum
351 516 408 552 sit.

210 559 235 599 5
260 560 491 597 Poupomvs
509 560 601 597 libro
617 561 825 607 triqensimo
840 558 997 595 seeundo
1014 558 1064 594 ad
1080 556 1254 595 Sabinum

164 606 204 642 Si
224 605 280 651 id,
314 605 411 652 quod
442 616 509 652 pro
541 605 710 642 derelicto
742 604 906 640 habitum
928 603 1157 649 possidebas,
1189 613 1253 650 ego

163 651 281 687 sciens
310 651 348 686 in
378 661 422 687 ea
451 661 563 687 causa
600 661 678 687 esse
715 651 781 686 abs
813 653 850 685 te
882 649 1044 692 emerim,
1081 659 1139 684 me
1167 660 1253 685 usu-

164 700 355 742 capturum
385 700 529 732 constat
555 706 623 732 nec
656 696 817 737 obstare,
854 694 951 740 quod
980 694 1018 730 in
1047 694 1151 730 bonis
1182 695 1255 731 tuis

163 752 238 778 non
266 741 393 778 fueriti
428 751 513 777 nam
541 746 578 778 et
607 741 639 777 si
661 740 728 776 tibi
751 750 825 775 rem
857 740 903 776 ab
935 750 1048 775 uxore
1085 739 1255 776 donatam

164 786 281 823 sciens
304 796 440 830 emero,
479 786 563 833 quia
587 787 688 831 quasi
711 785 851 821 volente
883 787 919 820 et
949 784 1168 821 concedente
1191 785 1254 821 do-

166 835 182 868 1
231 831 328 868 mino
351 831 390 868 id
412 832 571 876 faceres,
602 832 695 867 idem
717 830 806 866 iuris
831 834 897 866 est.
944 829 1021 875 1d¹,

163 887 231 924 pro
267 877 436 915 derelicto
472 876 656 919 habuerit,
693 876 862 912 continuo
894 886 1012 911 meum

165 933 244 959 cum
269 923 349 968 quis
373 933 435 959 aes
460 922 634 969 sparserit
656 925 721 956 aut
752 931 835 957 aves
867 920 1026 957 amiserit
1035 921 1060 965 ²,
1093 921 1254 967 quamvis

163 968 322 1004 incertae
339 978 517 1015 personae
536 967 688 1003 voluerit
705 977 766 1002 eas
779 976 867 1009 esse,
886 970 1007 1002 tamen
1027 966 1103 1002 eius
1116 966 1254 1009 fierent,

165 1013 225 1049 cui
249 1023 355 1050 casus
379 1013 528 1049 tulerit³
550 1023 610 1056 ea,
643 1022 751 1057 quae,
786 1022 866 1047 cum
914 1012 971 1047 uis
994 1023 1060 1058 pro
1085 1011 1255 1048 derelicto

165 1058 310 1103 habeat,
335 1058 440 1095 simul
461 1057 678 1103 intellegitur
701 1056 858 1093 voluisse
882 1067 904 1092 a
920 1056 1034 1093 ‘cuius
1058 1056 1147 1093 fieri.

211 1100 237 1142 6
275 1103 297 1139 1
303 1113 469 1140 omnus
509 1102 601 1140 libro
645 1103 750 1138 tertio
791 1102 842 1138 ad
884 1101 1045 1138 Urseium
1087 1103 1256 1139 Ferocem

164 1148 278 1185 Nemo
295 1152 417 1195 potest
432 1159 499 1195 pro
520 1147 691 1184 derelicto
710 1157 921 1194 usucapere,
941 1146 1004 1192 qui
1021 1147 1114 1184 falso
1133 1147 1255 1184 existi-

163 1194 314 1230 maverit
334 1204 411 1230 rem
432 1204 499 1240 pro
524 1193 693 1229 derelicto
718 1192 880 1228 habitam
903 1202 992 1228 esse.

211 1236 235 1277 '7
261 1239 369 1275 Ios-u
388 1238 479 1275 libro
502 1239 660 1275 secundo
684 1249 734 1274 εει·
757 1237 907 1274 Minicio
955 1237 993 1273 Si
1016 1238 1096 1283 quis
1119 1248 1256 1274 merces

165 1294 210 1320 ex
238 1294 328 1320 nave
356 1284 535 1320 iactatas⁴
563 1283 774 1326 invenisset,
814 1294 900 1319 num
937 1282 1018 1319 ideo
1058 1293 1257 1329 usucapere

164 1340 238 1366 non
268 1329 402 1376 possit,
435 1330 520 1375 quia
555 1339 630 1366 non
660 1328 866 1365 viderentur
898 1327 1108 1372 derelictae,
1147 1338 1256 1374 quae-

164 1375 267 1411 ritur.
314 1374 378 1411 sed
408 1374 526 1410 verius
557 1378 613 1411 est
647 1384 728 1410 eum
758 1385 825 1420 pro
855 1373 1026 1410 derelicto
1057 1384 1257 1420 usucapere

164 1431 237 1456 non
286 1430 377 1456 osse.

212 1463 237 1503 8
296 1475 422 1501 Anus
442 1465 534 1501 libro
559 1467 684 1501 octavo
709 1464 846 1501 decimo
865 1475 926 1501 res
952 1475 1122 1500 onsorum
1158 1463 1257 1499 Sem-

163 1510 315 1557 pronius
327 1510 474 1546 Thetidi
496 1513 614 1546 status
638 1509 884 1556 quaestionem
923 1520 1027 1545 acere
1044 1509 1256 1555 temptabat,

166 1555 269 1601 quasi
293 1555 338 1591 de
361 1565 465 1591 serva
488 1566 556 1592 sua
579 1559 667 1591 nata
690 1555 747 1591 sit.
827 1555 866 1590 ui
888 1555 961 1590 iam
983 1556 1141 1590 testato⁵
1171 1565 1256 1590 con-

164 1605 292 1637 ventus
323 1611 346 1636 a
375 1600 532 1637 Procula
562 1601 701 1636 nutrice
724 1600 888 1636 Thetidis
919 1600 959 1635 in
989 1599 1167 1636 solvendis
1191 1599 1256 1635 ali-

165 1646 294 1682 mentis
317 1645 503 1692 respondit
524 1656 598 1682 non
618 1655 656 1682 se
680 1646 826 1690 habere,
850 1645 946 1681 unde
970 1645 1141 1681 alimfflita
1163 1645 1257 1681 eius-

165 1691 246 1728 dem
269 1691 448 1734 exsolvat,
482 1691 546 1727 sed
579 1691 709 1728 debere
732 1701 811 1726 eain
834 1691 932 1737 patri
955 1700 1021 1726 suo
1045 1690 1259 1727 restituere⁶

165 1736 279 1772 Lucio
293 1736 406 1773 Titio:
430 1736 539 1782 idque
556 1738 622 1773 ex⁷
646 1736 710 1772 illa
737 1737 776 1771 in
802 1736 1033 1772 testationem
1052 1736 1257 1781 redegisset,

165 1785 208 1817 ut
236 1785 365 1828 postea
394 1782 530 1817 nullam
560 1781 805 1827 quaestionem
839 1784 1024 1827 pateretur
1055 1781 1102 1817 ab
1133 1781 1259 1817 eodem

167 1827 398 1873 Sempronio,
440 1827 576 1863 Lucius
612 1827 729 1863 Titius
775 1827 878 1863 Seiae
911 1826 1090 1863 Proculae
1130 1827 1257 1863 solutis

166 1872 342 1908 alimentis
380 1873 537 1926 puellam
574 1872 731 1908 vindicta
760 1872 983 1908 manumisit:
1022 1882 1173 1917 quaero,
1211 1882 1258 1907 an

166 1918 282 1963 possit
309 1917 466 1953 rescindi
496 1918 644 1954 libertas
675 1917 847 1954 Thetidis.
895 1917 1032 1953 Paulus
1063 1917 1258 1963 respondit,

190 1963 335 1998 uoniam
371 1962 534 1999 dominus
567 1963 738 2006 ancillae,
771 1973 814 1998 ex
839 1973 910 2008 qua
935 1962 1059 1998 Thetis
1083 1967 1170 1998 nata
1192 1966 1258 2005 est,

200 2008 356 2044 hetidem
394 2019 461 2061 pro
494 2008 664 2045 derelicto
700 2008 870 2044 habuisse
900 2007 1059 2051 videtur,
1098 2008 1260 2055 potuisse

168 2064 247 2089 eam
271 2064 293 2090 a
318 2054 431 2090 Lucio
457 2054 551 2090 Titio
576 2054 623 2090 ad
645 2054 848 2090 libertatem
871 2053 1032 2100 perduci.

1080 830 1152 867 uod
1175 831 1254 876 quis

1076 879 1108 912 t:
1148 875 1256 912 sicuti

248 2170 268 2191 ⁰
644 2192 742 2231 viii
755 2190 782 2230 ⁸.

561 2257 648 2290 PRO
673 2257 866 2291 LEGATO.

217 2323 236 2362 1
272 2323 467 2361 Usmzms
479 2323 570 2360 libro
594 2327 700 2359 sexto
723 2323 1009 2370 disputationum
1043 2322 1261 2367 Legatorum

169 2370 312 2406 nomine
341 2369 373 2405 is
403 2368 543 2405 videtur
578 2368 763 2414 possidere
779 2398 783 2399 γ
798 2368 858 2404 cui
895 2367 1054 2412 legatum
1086 2370 1158 2403 est:
1194 2378 1260 2412 pro

169 2415 287 2460 legato
324 2414 417 2450 enim
447 2414 696 2460 possessio-et
729 2413 904 2459 usucapio
937 2413 1026 2448 nulli
1050 2412 1129 2457 alii,
1154 2423 1261 2457 quam

170 2460 229 2496 cui
251 2461 264 2496 l
331 2464 408 2495 tuin
431 2464 497 2502 est,
523 2460 703 2505 competit.

216 2503 243 2543 2
301 2514 428 2541 AULUS
456 2504 547 2540 libro
580 2505 907 2552 quinquaqensimo
940 2506 1072 2550 quarto
1095 2502 1146 2538 ad
1167 2502 1261 2538 edic-

171 2556 246 2586 tum
298 2550 336 2587 Si
371 2549 574 2596 possideam
614 2550 771 2595 aliquam
805 2561 899 2593 reni,
940 2560 1048 2595 quam
1088 2548 1261 2594 putabam

169 2595 256 2631 milii
278 2596 450 2641 legatam,
484 2606 566 2631 cuin
588 2605 662 2631 non
685 2598 798 2638 esset,
829 2606 897 2641 pro
930 2595 1049 2640 legato
1078 2604 1152 2629 non
1174 2604 1260 2630 usu-

170 2651 215 2676 ca
240 2651 332 2677 iam:

267 2685 516 2722 PAPINIANUS
542 2685 634 2722 libro
658 2686 849 2722 vicensimo
882 2685 987 2720 tertio
1011 2684 1261 2731 quaestionum

170 2741 243 2767 non
277 2730 389 2776 magis
429 2740 535 2777 quam
575 2731 607 2767 si
636 2731 714 2777 quis
746 2734 905 2776 emptum
935 2730 1130 2773 existimet,
1166 2729 1262 2774 quod

171 2787 244 2812 non
267 2777 403 2812 emerit.

218 2820 244 2859 4
261 2821 315 2857 ΡΑ
324 2831 367 2856 υι
374 2831 418 2856 tls
437 2821 528 2857 libro
545 2821 871 2876 quiizquaqeusimo
894 2824 1026 2867 quarto
1044 2819 1093 2855 ad
1108 2819 1261 2855 edictum

172 2866 243 2902 Pro
275 2866 392 2911 legato
423 2870 545 2918 potest
575 2876 746 2920 usucapi,
783 2866 815 2902 si
843 2876 901 2902 res
933 2865 1050 2901 aliena
1073 2865 1191 2910 legata
1215 2864 1263 2900 sit

172 2915 236 2947 aut
275 2915 459 2947 testatoris
496 2911 638 2956 quidem
677 2916 742 2954 sit,
783 2911 846 2947 sed
885 2910 1052 2956 adempta
1090 2909 1262 2946 codicillis

172 2958 374 3002 ignoratur:
396 2956 432 2991 in
450 2957 578 2992 horum
596 2956 689 2992 enim
708 2967 862 3002 persona
880 2957 1006 2992 subest
1024 2956 1120 2991 iusta
1140 2965 1261 2997 causa,

172 3012 266 3048 quae
297 3001 433 3038 sufficit
467 3002 514 3037 ad
545 3002 813 3047 usucapionem.
860 3002 954 3037 idem
1011 3004 1104 3036 otest
1133 3000 1203 3035 dici
1227 3004 1264 3035 et

172 3048 204 3084 si
227 3048 265 3083 in
287 3047 429 3083 nomine
460 3047 528 3082 erit
558 3047 752 3090 dubitatio,
781 3047 891 3082 veluti
920 3047 952 3082 si
1005 3046 1076 3081 'itio
1107 3045 1262 3090 legatum

174 3093 232 3136 sit,
257 3103 338 3128 cum
363 3092 436 3128 sint
460 3091 530 3127 duo
550 3092 645 3135 Titii,
670 3097 712 3127 ut
735 3092 828 3127 alter
850 3102 973 3127 eorum
998 3091 1040 3126 de
1065 3101 1103 3126 se
1127 3090 1263 3136 cogita-

172 3142 249 3173 tum
274 3137 537 3173 existimaverit.

220 3181 245 3220 5
272 3181 316 3218 la
327 3191 498 3218 vohs-ivos
528 3181 619 3217 libro
656 3183 807 3228 septimo
847 3192 896 3217 σω
932 3180 1053 3217 Cassio
1107 3180 1164 3215 Ea
1193 3189 1262 3221 res,

174 3238 266 3273 quae
286 3227 393 3273 legati
416 3227 558 3263 nomine
583 3226 714 3261 tradita
733 3231 800 3268 est,
826 3227 984 3272 quamvis
1005 3226 1169 3261 dominus
1187 3225 1263 3260 eius

175 3273 278 3316 vivat,
303 3273 503 3317 legatorum
525 3277 644 3308 tamen
668 3273 808 3307 nomine
831 3271 1075 3318 usucapietur,

221 3315 247 3356 6
275 3317 503 3353 POMPONIUS
519 3317 611 3354 libro
632 3318 840 3363 triqensimo
853 3317 1010 3353 secundo
1029 3317 1078 3351 ad
1089 3314 1262 3352 Sabinum

176 3363 207 3399 sl
231 3364 273 3407 is,
299 3363 358 3399 cui
381 3362 514 3399 tradita
539 3366 603 3406 est,
627 3362 758 3397 mortui
782 3372 860 3398 esse
884 3361 1150 3397 existimaverit.

224 3406 247 3445 7
274 3408 319 3444 ΙΔ
330 3418 500 3444 vocemus
527 3408 618 3444 libro
640 3408 791 3453 septimo
817 3418 867 3443 ex
894 3408 1014 3443 Cassio
1061 3406 1174 3442 Nemo
1197 3416 1262 3452 po-

176 3457 247 3490 test
270 3453 468 3499 legatorum
491 3452 633 3490 nomine
664 3462 863 3497 usucapere
897 3452 966 3487 nisi
995 3452 1043 3498 is,
1077 3462 1159 3487 cum
1194 3461 1263 3496 quo

174 3571 214 3609 (ι)
239 3567 287 3610 id]
300 3567 467 3600 interdum
482 3580 544 3601 scr.
616 3569 659 3607 (2)
685 3565 830 3599 emiserit
843 3565 872 3598 S
940 3566 981 3605 (3)
1006 3566 1139 3609 sic-sere
1152 3564 1263 3603 Taur„

176 3612 234 3656 qui
247 3613 371 3645 cassius
382 3612 499 3645 tulerit
507 3612 541 3646 F
548 3613 570 3654 ¹,
583 3612 643 3654 qui
655 3621 708 3645 ees
719 3609 893 3644 sustulerit
904 3610 958 3642 F²
1006 3613 1048 3652 (4)
1067 3610 1171 3643 iactas
1181 3609 1262 3642 Hal.

177 3666 218 3697 (51
245 3659 302 3700 qui
320 3661 399 3690 ante
416 3661 535 3691 testato
557 3658 718 3699 (similiter
731 3656 911 3690 Ruckerw
932 3667 994 3688 scr.
1098 3658 1143 3697 (0)
1168 3653 1264 3688 resti·

178 3704 282 3745 tuere}
297 3701 486 3744 relinquere
498 3715 561 3736 scr.
657 3704 698 3743 Π)
723 3701 825 3743 idque
836 3711 874 3734 ea
887 3698 950 3742 Ρ,
967 3699 1067 3742 idque
1080 3710 1155 3733 cum
1169 3699 1198 3733 S

224 3751 268 3787 (s)
295 3749 376 3781 Sab.
390 3755 417 3782 2.
433 3755 467 3787 ος
493 3748 558 3781 Ed.
573 3754 599 3781 2.
614 3755 640 3781 4.
655 3755 680 3780 5.
697 3754 730 3786 '³3
757 3748 840 3790 Pap.
856 3753 882 3780 3.
897 3752 925 3780 s.
940 3752 968 3779 e.
989 3762 1035 3769 -
1054 3745 1139 3779 Bae.
1152 3746 1207 3785 44,
1227 3751 1262 3777 25

1242 115 1329 165 664

1481 1 1487 32 l

1489 30 1552 110 ἢ

1545 112 1679 164 ‘uso
1702 102 1896 164 niceno.
1926 131 2016 164 rso
2039 130 2175 164 nors.
2205 126 2295 163 rso
2319 127 2406 163 sno

1322 242 1529 295 testamenti
1545 242 1654 280 factio
1674 248 1741 288 est,
1770 244 1855 291 quia
1875 255 1918 281 ea
1937 245 2116 291 possessio
2135 255 2181 283 ex
2201 245 2279 282 iure
2297 248 2407 283 testa-

1324 290 1436 322 menti
1457 287 1709 333 proficiscitur.

1352 328 1396 385 ,8
1421 331 1667 386 Paprmsiws
1694 335 1786 371 libro
1810 336 2000 372 vicensimo
2031 337 2136 372 tertio
2158 337 2408 383 quaestionum

1324 376 1362 412 Si
1384 387 1470 430 non·
1487 378 1657 414 traditam
1687 381 1950 426 possessionem
1972 380 2193 426 ingrediatur
2224 381 2300 419 sine
2322 381 2407 418 vitio

1323 422 1535 467 legatarius,
1557 423 1696 469 legatae
1718 425 1771 462 rei
1794 426 1967 472 usucapio
1992 426 2173 472 competit.
2361 456 2363 458 ,

1370 465 1396 505 9
1421 467 1765 506 Hssuoosmws
1791 471 1882 507 libro
1907 472 2033 517 quinto
2057 472 2149 507 iuris
2218 472 2409 508 itomarum

1323 511 1395 548 Pro
1418 513 1536 558 legato
1560 515 1743 560 usucapit‚
1769 515 1828 551 cui
1848 521 1947 552 recte
1970 516 2127 562 legatum
2150 527 2189 552 re
2206 517 2315 552 ’ctum
2338 519 2408 552 est:

1324 557 1387 593 sed
1417 561 1453 593 et
1484 558 1515 594 si
1545 569 1618 594 non
1640 559 1718 596 iure
1747 560 1902 606 legatum
1931 561 2154 615 relinquatur
2176 561 2231 598 vel
2253 562 2410 607 legatum

1325 603 1531 655 ademptum
1554 607 1633 657 est,
1657 615 1722 650 pro
1746 605 1863 651 legato
1893 617 2044 654 usucapi
2073 610 2158 653 post
2179 617 2326 653 magnas
2349 617 2411 643 va-

1323 651 1470 685 rietates
1498 651 1663 695 optinuit.

1793 789 1912 829 VIIII
1919 788 1948 829 ⁹.

1749 855 1836 888 PRO
1860 855 1995 888 DOTE.

1374 917 1393 956 1
1428 917 1624 955 Usmiws
1652 918 1743 956 libro
1774 921 1983 967 triqensimo
2007 921 2131 968 primo
2161 921 2213 957 ad
2238 919 2413 958 Sabinum

1325 963 1470 1000 Titulus
1500 968 1555 1000 est
1584 965 1815 1011 usucapionis
1847 969 1883 1001 et
1913 965 2054 1011 quidem
2082 965 2317 1010 iustissimus,
2353 966 2415 1012 qui

1325 1009 1528 1056 appellatur
1550 1020 1617 1055 pro
1641 1009 1741 1054 dote,
1774 1014 1831 1054 ut,
1886 1011 1924 1046 ui
1945 1012 1984 1047 in
2007 1010 2126 1048 dotem
2148 1021 2225 1048 rein
2247 1011 2413 1057 accipiat,

1324 1065 1526 1101 usucapere
1549 1054 1664 1101 possit
1687 1056 1803 1101 spatio
1829 1067 1869 1092 so
1899 1056 2001 1100 enini,
2027 1067 2097 1101 quo
2117 1056 2244 1099 solent,
2293 1057 2330 1092 ui
2348 1067 2414 1093 *ιι-ο

1331 1104 1346 1135 1
1397 1104 1557 1146 emptore
1579 1101 1809 1154 usucapiunt.
1846 1101 1896 1136 Et
1919 1101 2008 1137 nihil
2029 1101 2151 1144 refert,
2175 1102 2231 1137 sin
2355 1112 2415 1138 res

1326 1147 1346 1180 2
1393 1155 1442 1180 an
1475 1145 1612 1191 pariter
1644 1156 1832 1182 umversae
1864 1147 1941 1182 in²⁰
1976 1146 2095 1183 dotem
2127 1146 2308 1183 darentur.
2363 1146 2415 1182 Et

1325 1190 1480 1236 primum
1504 1190 1547 1226 de
1570 1195 1730 1236 tempore
1753 1191 1947 1235 videamus,
1973 1192 2117 1237 quando
2139 1202 2205 1239 pro
2229 1192 2314 1228 dote
2337 1192 2415 1238 quis

1326 1245 1526 1281 usucapere
1548 1236 1682 1282 possit,
1706 1241 1828 1272 utrum
1849 1242 1934 1283 post
1957 1241 2120 1283 tempora
2138 1238 2346 1283 nuptiarum
2369 1247 2415 1272 an

1325 1291 1409 1318 vero
1434 1285 1470 1316 et
1494 1285 1577 1317 ante
1600 1281 1756 1327 nuptias.
1794 1285 1850 1318 est
1873 1283 2034 1328 quaestio
2058 1282 2211 1328 volgata,
2236 1292 2283 1318 an
2307 1293 2415 1329 spon-

1327 1337 1389 1363 sus
1419 1327 1537 1372 possit
1568 1326 1651 1370 (hoc
1683 1331 1738 1363 est
1768 1327 1830 1373 qui
1862 1328 2020 1363 nondum
2060 1328 2209 1364 maritus
2240 1331 2308 1371 est)
2340 1338 2415 1364 rem

1325 1382 1393 1418 pro
1425 1371 1509 1408 dote
1541 1382 1752 1418 usucapere.
1800 1376 1837 1408 et
1866 1372 2028 1409 Iulianus
2052 1373 2185 1419 inquit,
2222 1373 2253 1409 si
2284 1383 2417 1419 sponsa

1326 1427 1461 1497 1siponso
1496 1427 1540 1453 ea
1572 1422 1691 1453 mente
1722 1417 1910 1453 tradiderit
1939 1429 2017 1461 res,
2052 1422 2094 1454 ut
2123 1429 2195 1454 non
2227 1422 2311 1454 ante
2341 1418 2416 1454 eius

1354 1462 1406 1497 eri
1428 1462 1544 1506 vellet,
1569 1473 1677 1507 quani
1699 1463 1847 1509 nuptiae
1865 1467 2012 1499 secutae
2035 1463 2116 1507 sint,
2141 1474 2211 1499 usu
2223 1465 2251 1486 ¹¹
2275 1473 2418 1509 quoque

1328 1507 1431 1553 capio
1463 1508 1636 1544 cessabit:
1677 1508 1709 1544 si
1742 1513 1864 1544 tamen
1899 1519 1973 1544 non
2007 1508 2188 1544 evidenter
2223 1508 2261 1544 id
2297 1512 2417 1544 actum

1329 1552 1450 1595 fuerit,
1477 1553 1695 1588 credendum
1717 1563 1797 1590 esse
1819 1554 1856 1589 id
1879 1554 1938 1599 agi
1960 1554 2122 1590 Iulianus
2146 1554 2207 1598 ait,
2232 1557 2274 1589 ut
2296 1554 2417 1589 statim

1326 1608 1384 1634 res
1417 1598 1495 1634 eius
1526 1598 1616 1633 fiant
1646 1603 1698 1641 et,
1738 1599 1770 1634 si
1799 1599 1937 1634 alienae
1960 1599 2052 1642 sint,
2084 1599 2236 1645 usucapi
2258 1599 2415 1645 possint:

1327 1653 1419 1688 quae
1444 1643 1620 1679 sententia
1642 1644 1729 1679 mihi
1751 1644 1949 1690 probabilis
1972 1644 2124 1680 videtur.
2167 1648 2251 1679 ante
2273 1655 2323 1680 nu
2348 1645 2417 1679 tias

1329 1692 1348 1724 3
1396 1692 1516 1723 autem
1539 1699 1612 1724 non
1634 1699 1701 1735 pro
1725 1688 1808 1724 dote
1831 1689 2009 1734 usucapit‚
2035 1689 2099 1725 sed
2121 1700 2187 1735 pro
2207 1700 2286 1726 suo.
2353 1700 2417 1724 on-

1328 1737 1446 1770 stante
1485 1737 1605 1769 autem
1646 1734 1871 1771 matrimonio
1906 1745 1973 1781 pro
2003 1734 2086 1771 dote
2124 1734 2296 1780 usucapio
2325 1734 2420 1770 inter

1329 1789 1391 1815 eos
1414 1779 1535 1814 locum
1556 1779 1678 1822 habet,
1703 1779 1796 1815 inter
1818 1790 1907 1825 quos
1932 1783 1988 1816 est
2009 1779 2288 1816 matrimonium:
2322 1784 2416 1815 cete-

1328 1835 1408 1859 rum
1432 1824 1462 1860 si
1487 1828 1603 1860 cesset
1623 1825 1896 1868 matrimonium,
1922 1825 2069 1861 Cassius
2093 1824 2146 1860 ait
2167 1835 2309 1861 cessare
2331 1835 2417 1860 usu-

1329 1872 1351 1904 4
1398 1869 1595 1915 capionem,
1620 1870 1705 1922 quia
1724 1874 1762 1906 et
1773 1871 1802 1893 ¹2
1825 1870 1890 1906 dos
1911 1870 2011 1905 nulla
2028 1870 2087 1906 sit.
2121 1870 2221 1906 Idem
2239 1870 2364 1906 scribit
2384 1874 2420 1905 et

1330 1914 1360 1950 si
1382 1915 1524 1961 putavit
1545 1919 1696 1951 maritus
1727 1925 1806 1951 esse
1829 1915 1898 1951 sibi
1927 1915 2206 1958 matrimonium,
2243 1926 2324 1951 cum
2346 1926 2418 1950 non

1331 1964 1444 2002 esset,
1469 1970 1670 2014 usucapere
1693 1970 1774 1996 eum
1796 1971 1870 1996 non
1891 1971 2011 2007 posse,
2035 1961 2120 2006 quia
2142 1960 2243 1997 nulla
2266 1960 2331 1997 dos
2355 1960 2416 1996 sit:

1329 2015 1422 2051 quae
1446 2008 1624 2041 sententia
1647 2006 1758 2042 habet
1779 2006 1966 2042 rationem.

1376 2048 1402 2087 2
1426 2050 1483 2086 ΡΑ
1491 2060 1586 2087 ULUS
1613 2051 1703 2087 libro
1736 2052 2063 2098 quinquaqensimo
2095 2055 2227 2098 quarto
2251 2050 2302 2087 ad
2323 2050 2417 2087 edic-

1332 2100 1406 2130 tum
1453 2096 1492 2131 Si
1520 2096 1710 2132 aestimata
1741 2107 1800 2132 res
1824 2099 1908 2132 ante
1930 2097 2076 2142 nuptias
2099 2096 2234 2132 tradita
2257 2096 2320 2139 sit,
2351 2106 2418 2131 nec

1330 2152 1396 2186 pro
1421 2145 1581 2187 emptore
1609 2151 1676 2177 nec
1706 2152 1772 2188 pro
1797 2152 1864 2178 suo
1888 2145 1972 2177 ante
2000 2140 2144 2187 nuptias
2175 2141 2417 2188 usucapietur.

1378 2183 1402 2224 3
1435 2185 1640 2222 SOAEVOLA
1679 2187 1770 2223 libro
1807 2187 1998 2223 vicensimo
2034 2188 2161 2232 quinto
2198 2187 2418 2234 diqestorum

1331 2231 1435 2267 Duae
1468 2230 1564 2267 filiae
1605 2231 1776 2268 intestato
1815 2231 1915 2278 patri
1954 2232 2102 2267 heredes
2138 2232 2350 2268 exstiterunt
2384 2234 2420 2267 et

1331 2276 1510 2323 mancipia
1541 2278 1742 2313 communia
1771 2277 1932 2322 singulae
1961 2277 1999 2312 in
2030 2277 2148 2313 dotem
2179 2276 2354 2313 dederunt
2383 2280 2420 2312 et

1330 2326 1414 2367 post
1444 2321 1582 2374 aliquot
1620 2333 1734 2358 annos
1747 2323 1775 2344 ¹³
1812 2326 1927 2358 morte
1954 2323 2070 2368 patris
2099 2322 2254 2359 familiae
2283 2321 2418 2358 hercis-

1331 2366 1471 2403 cundae
1501 2366 1671 2403 iudicium
1699 2367 1794 2403 inter
1822 2377 1884 2403 eas
1907 2367 2081 2404 dictatum
2104 2371 2171 2403 est.
2219 2367 2419 2413 quaesitum

1330 2416 1395 2454 est,
1422 2423 1512 2464 eum.
1527 2413 1646 2448 mariti
1669 2413 1764 2449 bona
1785 2412 1856 2448 fide
1878 2413 2056 2459 mancipia
2077 2412 2115 2448 in
2134 2412 2253 2449 dotem
2270 2415 2420 2466 accepta

1330 2460 1371 2493 ut
1402 2457 1538 2493 dotaha
1568 2457 1690 2494 multis
1724 2457 1827 2493 annis
1850 2457 2104 2503 possederunt,
2139 2468 2188 2493 an
2211 2466 2420 2504 usucepisse

1329 2502 1530 2538 videantur.
1562 2503 1593 2538 si
1634 2503 1671 2539 ui
1689 2503 1926 2548 accipiebant,
1943 2503 2061 2539 dantis
2080 2502 2315 2539 credidissent
2328 2512 2418 2545 esse,

1330 2548 1518 2594 respondit
1541 2548 1613 2583 nih‘
1653 2548 1819 2595 proponi,
1844 2558 1908 2584 cur
1931 2558 2004 2584 non
2026 2548 2288 2594 usucepissent.

1835 2686 1872 2725 X
1883 2685 1921 2725 ¹⁴.

1774 2751 1861 2785 PRO
1885 2751 1978 2785 SUO.

1381 2816 1399 2855 1
1435 2817 1629 2854 ULPIANUS
1650 2817 1741 2853 libro
1765 2818 1891 2864 quinto
1915 2817 2051 2853 decimo
2075 2816 2126 2852 ad
2147 2816 2300 2853 edietum
2346 2816 2418 2852 Pro

1333 2874 1398 2899 suo
1421 2863 1601 2909 possessio
1625 2863 1706 2898 talis
1730 2867 1796 2898 est.
1831 2873 1912 2898 cuin
1936 2862 2128 2898 dominium
2151 2861 2255 2898 nobis
2279 2860 2419 2907 adquiri

1331 2912 1521 2954 putamus,
1561 2912 1598 2943 et
1627 2918 1671 2943 ex
1700 2918 1743 2943 ea
1772 2918 1882 2943 causa
1910 2907 2152 2953 possidemus,
2185 2917 2230 2942 ex
2258 2917 2330 2951 qua
2353 2906 2417 2941 ad-

1333 2953 1503 2998 quiritur,
1539 2956 1575 2989 et
1604 2957 1793 2999 praeterea
1822 2964 1888 2999 pro
1921 2963 2002 2988 suo:
2039 2955 2080 2987 ut
2111 2955 2201 2998 puta
2232 2961 2277 2987 ex
2307 2961 2419 2987 causa

1333 2998 1522 3044 emptionis
1546 3002 1582 3033 et
1604 3009 1670 3043 pro
1695 3002 1855 3044 emptore
1880 3002 1915 3033 et
1963 3008 2004 3033 ro
2027 3008 2094 3033 suo
2144 2996 2301 3039 ossideo,
2333 2997 2419 3032 item

1334 3044 1468 3079 donata
1501 3043 1556 3078 vel
1584 3043 1702 3087 legata
1734 3043 1788 3078 vel
1823 3054 1889 3088 pro
1921 3009 2052 3078 ‹ssnato
2081 3052 2123 3077 ve
2166 3052 2233 3087 pro
2262 3042 2379 3086 legato
2392 3043 2419 3063 ¹⁶

1337 3093 1349 3123 ι
1401 3088 1508 3124 etiam
1531 3098 1597 3133 pro
1610 3098 1676 3124 suo
1701 3088 1880 3132 possideo.
1915 3087 1986 3123 Sed
2008 3087 2040 3123 si
2062 3097 2120 3123 res
2143 3086 2229 3121 mihi
2245 3097 2290 3122 ex
2308 3096 2419 3122 causa

1332 3134 1428 3170 iusta
1458 3137 1548 3178 puta
1581 3133 1769 3178 emptionis
1801 3133 1933 3168 tradita
1964 3132 2011 3168 sit
2040 3135 2078 3167 et
2106 3132 2330 3177 usucapiam,
2362 3132 2416 3167 in-

1334 3179 1426 3224 cipio
1445 3177 1586 3222 quidem
1606 3182 1643 3213 et
1663 3184 1745 3214 ante
1765 3178 2018 3223 usucapionem
2039 3187 2104 3222 pro
2125 3187 2204 3212 meo
2222 3175 2415 3222 possidere.

1333 3224 1397 3260 sed
1426 3233 1474 3258 an
1502 3223 1661 3259 desinam
1695 3234 1739 3259 ex
1769 3233 1880 3259 causa
1903 3222 2090 3267 emptionis
2121 3226 2204 3267 post
2227 3221 2416 3266 usucapio-

1333 3279 1425 3350 3em,
1443 3268 1642 3303 dubitatur:
1664 3272 1698 3303 et
1711 3268 1953 3303 Mauricianus
1970 3266 2099 3302 dicitur
2111 3267 2331 3303 existimasse
2345 3277 2417 3301 non

1360 3323 1507 3349 esmere.

1380 3356 1406 3396 2
1430 3358 1488 3394 ΡΑ
1494 3367 1538 3393 Ul.
1545 3368 1590 3394 vs
1608 3358 1699 3395 libro
1713 3358 2035 3405 quinquaqensimo
2057 3360 2188 3403 quarto
2201 3355 2252 3392 ad
2263 3355 2414 3393 edietum

1333 3403 1403 3440 Est
1425 3404 1562 3449 species
1585 3403 1833 3449 possessionis,
1858 3412 1950 3448 quae
1972 3407 2121 3438 vocatur
2142 3412 2208 3447 pro
2233 3412 2310 3438 suo.
2346 3401 2415 3436 hoc

1335 3449 1427 3485 enim
1449 3447 1555 3484 modo
1579 3448 1802 3495 possidemus
1816 3448 1945 3491 omnia,
1970 3458 2061 3493 quae
2083 3447 2174 3483 mari
2196 3450 2294 3483 terra
2313 3445 2413 3482 caelo

1379 3563 1423 3604 (ο)
1448 3562 1530 3595 sab.
1544 3571 1573 3600 ις
1590 3564 1655 3596 Ed.
1670 3570 1705 3602 ις
1722 3563 1809 3606 App.
1824 3568 1851 3596 a.
1861 3580 1905 3586 -
1917 3562 2002 3595 Bas.
2012 3563 2068 3602 50,
2082 3569 2165 3596 8.-
2181 3562 2232 3604 of.
2245 3561 2324 3594 eoa.
2335 3561 2367 3602 τ,
2379 3567 2416 3594 2⁸

1334 3609 1396 3662 (io)
1420 3607 1458 3640 in
1470 3619 1528 3640 om.
1544 3609 1579 3641 F
1639 3610 1693 3650 (ιι)
1719 3607 1841 3640 ususF
1910 3610 1969 3649 (12)
1994 3607 2025 3639 ei
2039 3607 2100 3649 ΙΝ,
2113 3607 2174 3641 del.
2190 3604 2241 3639 17²
2314 3606 2374 3647 (1³)
2397 3614 2415 3636 a

1332 3651 1437 3739 ιηεξιῗ)
1462 3698 1527 3731 Ed.
1544 3706 1567 3731 1.
1582 3703 1617 3734 2;
1644 3696 1876 3729 Sab.³...5.-
1898 3695 1982 3729 Bas.
1997 3696 2053 3739 50,
2068 3702 2085 3730 s
2201 3696 2259 3737 (is)
2287 3693 2337 3728 vel
2354 3703 2416 3738 pro

1333 3742 1456 3775 donato
1469 3741 1521 3775 vel
1532 3752 1594 3786 pro
1604 3740 1716 3784 legato
1729 3741 1791 3775 del.
