2528 3918
144 105 231 149 V1

143 228 315 272 tenderet,
335 227 422 264 dicit
445 238 484 264 se
502 227 605 280 privil
649 229 721 264 'um
739 227 874 264 habere
885 227 940 263 sui
951 226 1097 263 iudicis:
1122 235 1231 271 quae·

143 274 252 316 ritur,
285 283 332 309 an
354 273 469 319 possit
490 273 589 308 litem
613 283 635 308 a
684 283 726 310 eo
749 272 885 315 iudice,
919 271 1016 318 apud
1047 281 1151 317 quem
1175 280 1232 306 res

142 319 236 354 inter
256 318 445 364 petitorem
469 322 505 354 et
529 328 584 353 em
610 322 723 355 torem
747 321 875 364 coepta
899 323 966 360 est,
990 316 1037 352 ad
1055 326 1160 352 suum
1178 315 1233 350 iu·

147 365 261 399 dicem
293 373 471 399 revocare.
518 362 571 397 Pa
611 372 652 397 us
685 363 867 408 respondit
895 361 1113 396 venditorem
1137 367 1234 409 emp-

149 413 162 443 1
214 409 302 445 toris
325 408 478 444 iudicem
500 407 603 454 sequi
624 406 751 443 solere.
787 406 929 442 Iudices
946 416 968 441 a
984 403 1149 450 praeside
1161 402 1234 437 dati

142 453 260 488 solent
290 453 397 487 etiam
427 453 464 486 in
494 454 635 496 tempus
666 461 915 488 successorum
946 453 1021 486 eius
1046 452 1176 486 durare
1200 454 1236 485 et

144 498 223 543 cogi
245 497 480 542 pronuntiare
503 506 636 542 easque
667 497 862 533 sententias
894 495 1039 531 servari.
1075 495 1113 530 in
1146 505 1233 530 eun·

142 542 224 578 dem
247 552 391 578 sensum
415 541 522 577 etiam
546 541 718 578 Scaevola
740 552 798 578 res
826 541 936 577 ondit.

190 586 242 625 50
285 586 482 623 Ulmanus
519 587 610 624 libro
643 591 750 623 seaeto
812 586 1138 622 deicommissomm
1197 585 1233 620 Si

142 632 455 669 fideicommissum
485 632 532 668 ab
564 632 683 679 aliquo
710 635 858 685 petatur
887 632 988 676 isque
1021 630 1118 665 dicat
1149 630 1234 665 alibi

142 689 221 714 esse
242 677 412 713 maiorem
436 680 575 723 partem
598 677 824 719 hereditatis,
856 687 927 711 non
961 676 1028 710 erit
1060 675 1106 710 ad
1129 686 1233 721 prae-

141 723 333 759 stationem
353 733 432 758 com
459 723 636 758 ellendus:
663 726 698 758 et
717 723 767 757 ita
786 721 905 757 multis
919 720 1234 756 constitutionibus

145 772 312 811 cavetur,
345 772 387 803 ut
416 768 429 803 i
454 768 467 803 i
498 772 643 813 petatur
666 767 996 809 fideicommissum,
1028 765 1090 801 ubi
1121 766 1235 801 maior

141 824 227 860 pars
246 812 454 849 hereditatis
474 817 546 848 est:
572 813 640 848 nisi
660 813 690 848 si
713 813 885 858 probetur
909 822 950 847 eo
974 811 1055 847 loco
1079 811 1235 846 voluisse

139 862 350 895 testatorem
391 858 702 894 fideicommissum
745 857 940 903 praestari,
985 856 1047 891 ubi
1087 856 1232 902 petitur.

144 907 159 939 1
210 904 422 939 Tractatum
447 908 501 939 est
526 904 569 938 de
593 913 674 938 aere
698 903 831 938 alieno:
857 902 888 937 si
910 902 947 936 in
972 911 1015 937 ea
1037 901 1233 947 provincia,

141 949 205 985 ubi
226 948 538 984 fideicommissum
569 949 721 994 petitur,
754 949 836 993 plus
868 950 962 982 esset
992 946 1084 982 aeris
1116 947 1234 990 alieni,

139 1005 188 1030 an
212 994 314 1040 quasi
338 994 451 1029 maior
499 1004 558 1029 ars
582 994 666 1028 alibi
698 997 809 1034 esset,
844 992 1079 1038 praescriptio
1114 992 1234 1028 locum

141 1040 300 1075 haberet.
337 1039 401 1074 sed
425 1042 461 1074 et
511 1040 541 1074 'c
572 1038 707 1091 placuit
739 1038 824 1072 nihil
855 1037 975 1073 facere
1005 1037 1097 1073 aeris
1129 1037 1234 1073 alieni

141 1095 292 1127 nomen,
317 1095 398 1120 cum
422 1094 494 1119 non
517 1084 588 1119 1001
611 1083 658 1119 sit
681 1094 741 1118 aes
766 1083 938 1125 alienum,
964 1082 1028 1118 sed
1050 1082 1233 1118 universa·

140 1141 221 1166 rum
243 1129 490 1165 facultatium:
523 1139 584 1164 aes
609 1129 701 1164 enim
724 1128 878 1163 alienum
901 1128 1154 1173 patrimonium
1176 1131 1233 1163 to-

140 1179 217 1211 tum
248 1174 457 1210 imminuere
489 1174 669 1215 constitit,
701 1184 775 1209 non
807 1173 895 1209 certi
926 1173 997 1209 loci
1026 1172 1231 1208 facultates.

165 1220 226 1256 uid
248 1224 369 1255 tamen
393 1219 424 1255 si
453 1218 547 1255 forte
578 1219 684 1254 certis
717 1218 883 1254 oneribus
917 1218 1133 1253 destinatum
1164 1218 1233 1254 sit¹

139 1266 153 1301 i
200 1264 472 1312 patrimonium,
504 1269 545 1299 ιιι
574 1268 664 1309 puta
687 1264 863 1299 alimentis
887 1263 1116 1309 praestandis
1141 1273 1233 1309 quae

140 1310 278 1346 Romae
300 1310 475 1355 praestari
497 1313 600 1361 pater
622 1309 774 1344 familias
798 1310 970 1352 iusserat,
1002 1308 1058 1344 vel
1089 1309 1233 1344 tributis

139 1356 196 1392 vel
219 1355 431 1401 quibusdam
455 1355 534 1390 aliis
557 1354 859 1390 inexcusabilibus
883 1354 1064 1396 oneribus,
1090 1364 1137 1388 an
1149 1364 1233 1399 pos-

140 1401 188 1437 sit
210 1400 443 1446 praescriptio
467 1400 586 1435 locum
606 1400 765 1435 habere?
788 1399 846 1434 1110
870 1403 991 1445 putem
1014 1399 1143 1434 iustius
1164 1399 1234 1434 dici

141 1449 161 1482 2
186 1446 303 1481 locum
315 1446 458 1480 habere.
495 1444 566 1480 Sed
590 1448 625 1480 et
647 1445 757 1480 rescri
784 1448 860 1479 tum
884 1448 949 1488 est,
973 1448 1015 1479 ut
1037 1444 1110 1479 illic
1133 1444 1233 1480 fidei-

141 1491 366 1527 commissum
378 1493 533 1535 petatur,
546 1490 608 1524 ubi
628 1489 755 1525 domic·
771 1489 845 1524 ium
866 1490 969 1525 heres
989 1489 1111 1525 habet.
1144 1500 1232 1535 quo-

140 1537 231 1571 tiens
256 1539 375 1571 autem
401 1535 518 1580 coepit
542 1535 620 1580 quis
643 1534 957 1570 fideicommissum
981 1534 1136 1577 solvere,
1160 1545 1233 1570 non

139 1584 259 1628 potest
281 1581 350 1616 hac
373 1580 532 1625 praescri
558 1580 656 1615 tione
679 1580 743 1623 uti,

186 1624 235 1664 51
263 1624 501 1662 Manomws
542 1626 619 1661 ibro
643 1628 770 1661 octavo
795 1625 1059 1660 institutionum
1106 1636 1231 1671 quam-

139 1671 192 1708 vis
224 1671 270 1707 ad
301 1681 382 1706 eum
405 1670 584 1706 hereditas
607 1670 717 1706 fuerit
741 1669 906 1705 devoluta
931 1670 992 1715 qui
1016 1670 1233 1706 domicilium

138 1717 175 1753 in
199 1716 383 1762 provincia
405 1715 524 1750 habet.
562 1715 626 1751 sed
650 1719 687 1751 et
710 1715 779 1750 divi
799 1714 950 1751 Severus
975 1718 1010 1750 et
1028 1716 1232 1751 Antoninus

139 1762 249 1798 rescri
276 1764 418 1803 serunt,
451 1760 482 1796 si
513 1760 734 1796 consenserit
764 1760 1137 1796 fideicommissarius²
1162 1761 1231 1796 alio

139 1807 219 1843 loco
269 1816 341 1848 are,
366 1816 513 1841 necesse
536 1806 669 1842 habere
693 1805 888 1841 secundum
913 1816 1127 1842 consensum
1147 1806 1233 1842 dare

139 1852 203 1888 ubi
228 1851 458 1887 consenserit.

186 1894 239 1934 52
272 1896 467 1932 ULPJANUS
501 1896 593 1932 libro
624 1900 730 1931 sexto
759 1895 1115 1941 fideicommissorum
1163 1896 1234 1932 Sed

139 1946 177 1978 et
199 1943 231 1978 si
254 1942 411 1986 suscepit
436 1941 612 1976 actionem
635 1940 899 1977 fideicommissi
933 1945 968 1976 et
1006 1942 1085 1977 aliis
1109 1941 1232 1977 defen-

139 1987 300 2024 sionibus
323 1997 410 2022 usus
433 1987 527 2022 hanc
552 1986 679 2028 omisit,
704 1991 840 2032 postea,
866 1987 1026 2031 quamvis
1046 1990 1131 2022 ante
1152 1997 1232 2023 sen-

138 2033 306 2075 tentiam,
341 2032 470 2067 reverti
505 2031 551 2066 ad
586 2031 681 2066 hanc
718 2031 959 2066 defensionem
993 2042 1066 2067 nou
1100 2035 1231 2077 potest.

142 2081 158 2114 1
209 2077 247 2113 Si
269 2077 406 2112 libertis
430 2076 504 2111 suis
528 2079 683 2110 tesseras
706 2075 961 2111 frumentarias
982 2076 1051 2111 emi
1069 2077 1232 2118 voluerit,

164 2122 298 2158 uamvis
310 2121 424 2156 maior
442 2131 526 2166 pars
546 2121 754 2156 hereditatis
773 2121 810 2155 in
830 2121 1014 2166 provincia
1033 2121 1089 2164 sit,
1114 2126 1233 2157 tamen

139 2134 277 2203 {omae
312 2166 440 2202 debere
474 2165 789 2201 fideicommissum
824 2166 913 2201 solvi
946 2165 1136 2202 dicendum
1168 2171 1231 2209 est,

140 2223 222 2249 cum
253 2215 404 2257 apparet
432 2210 469 2246 id
499 2214 708 2247 testatorem
740 2211 894 2246 sensisse
917 2221 962 2246 ex
983 2221 1112 2256 genere
1137 2223 1232 2247 com-

142 2260 162 2294 2
210 2256 418 2310 parationis.
467 2255 538 2291 Sed
573 2260 610 2291 et
639 2256 670 2291 si
701 2266 881 2310 proponas
914 2256 1127 2301 quibusdam
1159 2257 1232 2292 cla-

138 2302 286 2338 rissimis
321 2302 405 2337 viris
438 2302 575 2346 argenti
608 2301 664 2337 uel
696 2311 776 2337 auri
805 2300 926 2347 pondo
959 2301 1085 2337 relicta
1117 2305 1153 2337 et
1187 2302 1233 2337 sit

139 2347 321 2383 sufficiens
346 2347 392 2381 ad
427 2346 628 2383 huiusmodi
658 2346 931 2382 fideicommissa
954 2346 1091 2382 Romae
1122 2348 1232 2392 patri-

139 2392 315 2428 monium:
351 2392 435 2427 licet
466 2392 580 2427 maior
636 2402 695 2427 ars
726 2392 837 2427 totius
860 2391 1066 2437 patrimonii
1089 2393 1126 2427 111
1149 2404 1231 2438 pro-

139 2438 255 2474 vincia
278 2438 335 2480 sit,
360 2437 430 2472 dici
451 2440 593 2482 oportet
646 2447 748 2472 omae
769 2447 847 2472 esse
891 2437 1140 2473 raestandum:
1166 2448 1233 2473 nec

140 2483 232 2518 enim
255 2482 441 2517 verisimile
464 2487 519 2517 est
541 2486 762 2524 testatorem,
787 2482 848 2527 qui
898 2492 1045 2517 onorem
1068 2482 1231 2518 habitum

139 2528 250 2562 voluit
280 2527 336 2562 his
368 2528 497 2572 quibus
521 2527 663 2572 reliquit
686 2532 760 2562 tam
783 2527 925 2563 modica
947 2527 1232 2571 fideicommissa,

141 2575 161 2607 3
185 2573 243 2607 -in
275 2572 458 2617 provincia
489 2573 666 2617 praestari
694 2572 859 2608 voluisse.
908 2571 947 2607 Si
977 2583 1021 2607 ea
1050 2583 1108 2608 res
1141 2584 1233 2618 quae

140 2627 204 2663 per
227 2617 534 2652 fideicommissum
558 2618 683 2653 relicta
706 2622 761 2653 est
784 2628 827 2653 eo
850 2617 921 2653 loci
945 2617 1010 2660 sit,
1045 2618 1233 2654 dicendum

141 2666 197 2698 est
219 2673 290 2697 non
315 2662 444 2697 debere
467 2663 663 2707 praescribi
688 2663 719 2698 ei
751 2663 812 2708 qui
870 2663 952 2705 etit,
985 2663 1089 2708 quasi
1119 2663 1233 2700 maior

142 2710 163 2741 4
210 2717 292 2751 pars
324 2707 530 2742 hereditatis
562 2708 647 2743 alibi
678 2708 734 2743 sit.
784 2708 829 2743 Se
885 2708 916 2743 si
947 2718 1020 2743 non
1051 2708 1231 2744 fideicom-

141 2752 288 2787 missum
311 2756 455 2796 petatur
478 2763 519 2788 eo
543 2753 630 2794 loci,
665 2753 729 2788 sed
751 2752 1025 2789 fideicommisso
1051 2754 1157 2797 satis,
1180 2755 1231 2790 vi-

142 2796 297 2832 dendum
322 2802 394 2838 est,
428 2807 474 2831 an
497 2798 586 2833 haec
609 2798 846 2843 praescriptio
871 2799 990 2834 locum
1013 2798 1164 2835 habeat:
1197 2804 1233 2835 et

142 2852 214 2877 non
238 2845 325 2886 puto
349 2841 497 2883 habere,
522 2844 606 2887 quin
630 2844 755 2886 immo,
790 2847 826 2879 et
849 2844 879 2879 si
903 2843 990 2878 nihil
1014 2844 1060 2879 sit
1084 2854 1125 2879 eo
1149 2844 1231 2888 loci,

142 2890 299 2922 attamen
312 2886 503 2922 iubendum
522 2888 708 2923 satisdare.
742 2888 827 2934 quid
848 2888 941 2924 enim
960 2893 1113 2932 veretur,
1137 2900 1231 2933 cum,

142 2932 173 2967 si
196 2931 283 2966 satis
310 2943 380 2965 non
405 2931 559 2971 dederit.
591 2934 753 2968 mittatur
777 2934 1002 2969 adversarius
1026 2935 1063 2969 in
1086 2945 1230 2980 posses-

142 2977 277 3012 sionem
301 2976 561 3012 fideicommissi
585 2979 746 3013 servandi
771 2979 906 3014 causa?

189 3019 241 3058 53
267 3020 610 3058 HERMOGENJANUS
630 3023 720 3058 libro
734 3025 858 3070 primo
880 3025 973 3059 iuris
991 3025 1229 3070 epitomarum

141 3067 213 3102 Vix
245 3066 351 3102 certis
383 3076 426 3101 ex
459 3068 575 3102 causis
607 3068 776 3103 adversus
808 3069 970 3105 dominos
1002 3070 1112 3105 servis
1144 3081 1230 3106 con·

142 3112 268 3148 sistere
290 3111 500 3156 permissum
525 3116 595 3147 est:
621 3113 656 3147 id
681 3117 735 3148 est
758 3114 788 3148 si
812 3114 872 3159 qui
891 3124 1104 3159 suppressas
1124 3116 1230 3150 tabu-

141 3156 196 3193 las
218 3156 420 3192 testamenti
445 3155 584 3199 dicant,
616 3159 651 3192 in
684 3158 811 3203 quibus
842 3159 1042 3195 libertatem
1075 3160 1144 3195 sibi
1174 3171 1230 3195 re-

141 3202 265 3238 lictam
294 3200 514 3253 adseverant.
550 3202 634 3237 item
659 3203 798 3238 artioris
823 3214 988 3240 annonae
1010 3205 1134 3257 populi
1156 3204 1230 3240 Ro·

142 3247 258 3290 mani,
282 3256 412 3282 census
444 3250 550 3281 etlam
582 3251 617 3281 et
646 3247 760 3283 falsae
783 3253 947 3284 monetae
970 3250 1126 3285 criminis
1149 3261 1230 3286 reos

143 3292 304 3328 dominos
347 3290 509 3336 detegere
544 3292 652 3327 servis
687 3294 896 3337 permissum
933 3298 998 3330 est.
1044 3299 1231 3340 praeterea

141 3335 449 3373 fideicommissam
472 3336 671 3372 libertatem
702 3338 747 3371 ab
779 3338 833 3373 his
864 3343 1006 3384 petent:
1039 3339 1103 3375 sed
1134 3343 1170 3376 et
1200 3341 1231 3375 si

142 3382 203 3428 qui
233 3381 308 3417 suis
340 3381 493 3417 nummis
525 3381 725 3426 redemptos
757 3393 795 3417 se
826 3387 862 3418 et
892 3395 964 3420 non
994 3385 1230 3421 manumissos

142 3430 270 3463 contra
291 3426 415 3472 placiti
437 3425 543 3462 fidem
567 3426 786 3462 adseverent.
822 3427 912 3463 liber
932 3430 1039 3465 etiam
1059 3440 1138 3466 esse
1156 3431 1229 3465 ius-

142 3483 203 3508 sus
227 3472 259 3508 si
281 3471 438 3507 rationes
461 3470 670 3514 reddiderit,
704 3472 875 3508 arbitrum
900 3479 1027 3510 contra
1050 3475 1230 3511 dominum

142 3516 341 3553 rationibus
376 3516 596 3552 excutiendis
631 3520 727 3552 recte
762 3521 869 3561 petet.
918 3518 980 3554 sed
1016 3524 1052 3555 et
1086 3520 1116 3555 si
1151 3520 1229 3566 quis

143 3675 185 3717 (ι)
210 3674 237 3706 εἰ
251 3673 285 3706 F

145 3720 188 3761 (⁴)
214 3719 443 3752 tantummodo
454 3721 514 3754 im.

373 3677 415 3715 (2)
441 3674 731 3707 fideicommissum
746 3674 855 3708 Faber
955 3678 997 3715 (3)
1023 3676 1157 3710 dicatur
1168 3689 1230 3711 scr.

574 3721 617 3756 (51
643 3720 827 3752 transactio
840 3719 905 3760 vel]
919 3723 1042 3753 transit
1054 3722 1089 3754 id
1102 3722 1232 3755 actiove

1247 99 1305 150 76
2122 119 2184 153 ns
2211 120 2400 164 runicus

1302 226 1409 261 fidem
1433 225 1582 261 alicuius
1607 226 1760 272 elegerit,
1786 232 1827 262 ut
1849 228 2000 263 nummis
2025 228 2101 264 eius
2125 228 2320 266 redimatur
2343 234 2398 266 at-

1303 280 1372 316 que
1395 271 1452 306 his
1475 270 1601 306 solutis
1625 273 1907 316 manumittatur,
1932 283 2000 308 nec
2021 273 2082 308 ille
2105 274 2263 310 oblatam
2285 285 2396 321 pecu-

1306 316 1401 351 niam
1425 316 1608 362 suscipere
1637 317 1727 353 velle
1757 317 1855 353 dicat
1865 319 1890 361 ³,
1924 322 2131 354 contractus
2162 318 2271 356 fidem
2302 320 2397 356 dete-

1303 360 1410 406 gendi
1432 370 1534 397 servo
1557 364 1719 406 potestas
1742 363 1878 398 tributa
1902 367 1966 399 est.
2172 400 2174 402 .

1350 403 1404 442 54
1428 405 1589 442 Pavws
1615 406 1708 443 libro
1731 409 1856 454 primo
1879 409 2140 444 sententiarum
2185 409 2257 446 Per
2286 410 2399 446 mino-

1304 461 1379 486 rem
1403 460 1550 486 causam
1573 452 1699 488 maiori
1722 453 1915 498 cognitioni
1937 453 2196 500 praeiudicium
2219 454 2297 490 fieri
2319 466 2394 492 uon

1304 499 1478 576 opzrrffit
1498 496 1613 532 maior
1645 498 1737 534 enim
1769 499 1932 544 quaestio
1965 499 2135 535 minorem
2172 509 2318 536 causam
2354 500 2401 536 ad

1304 551 1344 576 se
1480 568 1488 577 .

1350 584 1404 623 55
1429 586 1540 622 IDEM
1568 586 1661 623 libro
1695 587 1883 634 sinqulari
1914 588 1959 624 de
2001 589 2129 635 officio
2171 589 2399 625 adsessor-um

1304 631 1485 675 Edictum,
1509 631 1606 678 quod
1629 632 1675 667 ab
1700 636 1927 669 antecessore
1951 633 2075 669 datum
2100 637 2165 678 est,
2188 634 2227 669 111
2250 645 2397 671 numero

1304 676 1413 712 trium
1424 676 1622 713 edictorum
1635 679 1885 714 connumerari
1906 678 2023 714 debet.
2055 679 2163 725 plane
2181 679 2265 715 licet
2286 681 2400 716 omnis

1305 722 1350 756 ab
1375 725 1602 758 antecessore
1631 732 1800 758 numerus
1831 723 1955 759 finitus
1987 724 2055 767 sit,
2087 724 2179 760 solet
2212 734 2400 761 successor

1304 777 1414 802 unum
1439 767 1595 803 edictum
1619 767 1715 803 dare.

1351 809 1405 849 56
1437 811 1632 848 ULPJANUS
1652 813 1744 848 libro
1769 813 1974 849 trt‘censimo
1998 813 2050 849 ad
2070 813 2245 850 Sabinum
2292 815 2397 851 Licet

1305 858 1449 893 verum⁴
1473 861 1743 903 procuratorem
1766 858 1805 893 in
1827 858 1958 894 iudicio
1982 868 2057 894 rem
2082 859 2260 896 deducere
2290 861 2400 896 veris·

1305 903 1431 938 simum
1456 905 1530 945 est,
1561 906 1683 938 tamen
1715 906 1751 938 et
1781 903 1813 938 si
1835 903 1934 950 quis,
1970 914 2052 939 cum
2083 909 2298 950 procurator
2328 916 2400 941 non

1305 951 1418 990 esset,
1450 947 1548 983 litem
1579 948 1627 983 sit
1650 951 1893 991 contestatus,
1929 948 2057 984 deinde
2087 953 2206 985 ratum
2237 950 2400 986 dominus

1304 993 1480 1036 habuerit,
1504 993 1645 1029 videtur
1667 997 1764 1029 retro
1789 1003 1847 1029 res
1870 994 1909 1029 111
1926 994 2097 1030 iudicium
2115 998 2213 1031 recte
2234 995 2398 1031 deducta.

1351 1036 1404 1075 57
1429 1038 1539 1073 IDEM
1565 1038 1657 1074 libro
1682 1039 1987 1086 quadraqensimo
2037 1040 2130 1075 rimo
2153 1040 2204 1075 ad
2225 1039 2399 1077 Sabinum

1304 1083 1396 1119 Tam
1419 1094 1464 1119 ex
1488 1084 1732 1119 contractibus
1757 1094 1865 1129 quam
1888 1094 1933 1120 ex
1952 1083 1996 1119 de
2011 1084 2090 1120 ‘ctis
2108 1084 2146 1120 in
2164 1084 2276 1121 filium
2296 1085 2399 1121 fami-

1303 1128 1371 1164 lias
1396 1129 1568 1174 competit
1591 1128 1705 1164 actio:
1738 1128 1802 1164 sed
1832 1133 1973 1165 mortuo
2005 1129 2080 1165 filio
2112 1134 2196 1176 post
2217 1130 2290 1166 litis
2314 1141 2400 1167 con-

1303 1174 1533 1210 testationem
1555 1173 1774 1209 transfertur
1795 1174 1966 1210 iudicium
1987 1174 2026 1210 in
2049 1179 2189 1220 patrem
2213 1175 2400 1211 dumtaxat

1305 1219 1349 1254 de
1373 1220 1514 1264 peculio
1539 1223 1575 1254 et
1598 1219 1694 1264 quod
1716 1219 1753 1254 in
1776 1229 1851 1254 rem
1875 1220 1949 1255 eius
1973 1230 2114 1255 versum
2138 1223 2203 1255 est.
2241 1226 2338 1256 certe
2370 1222 2401 1257 si

1304 1265 1407 1310 quasi
1438 1267 1654 1310 procurator
1677 1264 1829 1300 alicuius
1852 1264 1946 1300 filius
1969 1265 2123 1300 familias
2146 1265 2315 1301 iudicium
2339 1276 2399 1301 ac-

1305 1309 1448 1389 ceperit,
1473 1313 1614 1345 mortuo
1640 1319 1681 1345 eo
1705 1309 1743 1344 in
1763 1319 1843 1345 eum
1863 1320 1968 1355 quem
1987 1309 2185 1346 defenderit
2202 1311 2399 1347 transactio

1303 1365 1346 1390 ve
1371 1357 1386 1376 ⁵
1407 1355 1555 1390 iudicati
1580 1354 1698 1390 datur.

1351 1396 1404 1437 58
1429 1400 1486 1435 ΡΑ
1495 1410 1590 1436 Ubus
1610 1400 1702 1435 libro
1727 1400 1832 1435 tertio
1856 1399 1994 1436 decimo
2017 1400 2068 1436 ad
2090 1399 2267 1438 Sabinum
2301 1401 2398 1438 Iudi·

1305 1445 1399 1480 cium
1431 1445 1581 1481 solvitur
1611 1448 1755 1481 vetante
1786 1455 1828 1480 eo
1861 1445 1923 1490 qui
1952 1445 2113 1482 iudicare
2141 1447 2313 1490 iusserat,
2345 1447 2400 1483 vel

1304 1491 1411 1526 etiam
1434 1501 1477 1526 00
1525 1490 1562 1526 111
1585 1490 1700 1525 maius
1723 1490 1910 1536 imperium
1932 1491 1970 1526 in
2001 1491 2125 1527 eadem
2155 1492 2400 1529 iurisdictione

1303 1535 1432 1579 habet,
1465 1546 1508 1572 ve
1553 1536 1660 1571 etiam
1693 1535 1723 1571 si
1746 1535 1824 1580 ipse
1845 1536 1954 1572 iudex
1978 1536 2137 1572 eiusdem
2158 1537 2299 1583 imperii
2322 1547 2400 1574 esse

1305 1581 1472 1626 coeperit,
1497 1581 1600 1617 cuius
1625 1584 1702 1616 erat
1726 1581 1787 1626 qui
1809 1581 1969 1617 iudicare
1991 1582 2107 1617 iussit.

1350 1623 1404 1664 59
1435 1626 1631 1663 ULPJANUS
1651 1626 1743 1662 libro
1768 1627 1856 1672 quin
1884 1627 2096 1680 uaqensimo
2114 1628 2238 1674 primo
2262 1627 2312 1663 ad
2331 1627 2398 1663 Sa-

1304 1671 1425 1707 binum
1472 1671 1511 1707 Si
1542 1671 1645 1707 locus
1676 1671 1714 1706 in
1745 1671 1853 1707 iuben
1880 1682 1901 1707 0
1933 1672 2093 1707 iudicare
2125 1683 2199 1708 non
2222 1677 2277 1708 est
2301 1683 2397 1708 com-

1303 1717 1513 1769 prehensus,
1537 1716 1678 1752 videtur
1701 1726 1742 1752 eo
1765 1716 1845 1752 loco
1868 1717 2027 1753 iudicare
2044 1717 2192 1753 iussisse
2216 1727 2286 1763 quo
2308 1718 2399 1754 solet

1302 1761 1468 1805 iudicari,
1493 1762 1570 1797 sine
1593 1761 1819 1798 incommodo
1842 1761 2068 1807 litigantium.

1350 1804 1403 1845 60
1427 1806 1485 1843 ΡΑ
1493 1816 1589 1843 Ubus
1605 1807 1698 1843 libro
1720 1810 1852 1852 quarto
1873 1807 2011 1843 decimo
2031 1806 2081 1843 ad
2091 1805 2266 1843 Sabinum
2298 1807 2397 1844 Mor-

1303 1856 1366 1888 tuo
1397 1852 1515 1888 iudice
1538 1852 1635 1898 quod
1667 1862 1748 1888 eum
1777 1852 1937 1887 iudicare
1960 1855 2179 1898 oportuerat,
2202 1852 2295 1888 idem
2319 1863 2398 1888 eum

1303 1898 1364 1943 qui
1388 1897 1552 1933 subditus
1577 1902 1632 1933 est
1655 1898 1756 1942 sequi
1780 1901 1932 1942 oportet.

1349 1940 1400 1980 61
1436 1941 1631 1979 Urpmnes
1664 1942 1754 1978 libro
1789 1943 1980 1978 vicensimo
2014 1949 2121 1978 sexto
2156 1942 2206 1978 ad
2243 1941 2397 1978 edictum

1304 1987 1466 2023 Solemus
1490 1987 1633 2033 quidem
1657 1987 1776 2023 dicere
1798 1986 1836 2022 id
1858 1988 1979 2023 venire
2000 1988 2037 2023 in
2056 1987 2237 2030 iudicium,
2262 1987 2307 2023 de
2327 1998 2398 2033 quo

1304 2036 1426 2068 actum
1450 2036 1505 2068 est
1526 2032 1620 2067 inter
1642 2032 1839 2077 litigantes:
1873 2032 1936 2068 sed
1960 2032 2086 2068 Celsus
2117 2032 2170 2067 ait
2198 2032 2398 2078 periculose

1305 2087 1382 2113 esse
1406 2087 1450 2112 ex
1472 2087 1629 2123 persona
1651 2077 1704 2112 rei
1725 2077 1796 2112 1100
1818 2077 1954 2120 metiri,
1988 2078 2050 2123 qui
2079 2087 2154 2113 sem
2182 2087 2220 2113 er
2242 2088 2288 2113 ne
2311 2087 2397 2113 con-

1304 2122 1490 2158 demnetur
1512 2122 1581 2157 hoc
1605 2122 1701 2157 dicet
1723 2133 1797 2158 uon
1821 2123 2038 2159 convenisse.
2076 2123 2137 2168 qui
2185 2123 2294 2168 ergo?
2324 2133 2397 2158 me·

1303 2168 1372 2203 lius
1405 2171 1461 2203 est
1492 2167 1612 2202 dicere
1642 2167 1680 2202 id
1709 2167 1829 2202 venire
1859 2168 1896 2202 in
1925 2167 2096 2204 iudicium
2128 2169 2227 2203 non⁶
2250 2168 2295 2203 de
2326 2179 2396 2213 quo

1304 2217 1423 2248 actum
1448 2216 1503 2247 est
1525 2216 1567 2247 ut
1589 2212 1737 2254 veniret,
1762 2212 1825 2247 sed
1848 2212 1884 2247 id
1909 2224 1982 2248 non
2003 2213 2143 2255 venire,
2167 2212 2213 2248 de
2237 2223 2308 2258 quo
2332 2223 2396 2248 no-

1306 2261 1320 2292 1
1371 2258 1531 2292 minatim
1555 2261 1677 2292 actum
1701 2261 1756 2292 est
1778 2267 1824 2292 ne
1846 2258 1991 2293 veniret.
2039 2257 2321 2293 Latrunculator
2353 2258 2396 2293 de

1303 2312 1342 2338 re
1392 2302 1575 2338 ecuniaria
1599 2302 1758 2337 iudicare
1781 2312 1855 2337 non
1877 2307 2008 2348 potest.

1378 2346 1403 2384 2
1427 2347 1536 2383 loru
1554 2347 1646 2382 libro
1670 2348 1879 2393 triqensimo
1902 2359 2000 2384 nono
2023 2348 2073 2383 ad
2095 2348 2250 2384 edictum
2296 2348 2394 2383 Inter

1302 2393 1482 2446 litigantes
1506 2403 1579 2428 non
1602 2392 1707 2427 aliter
1729 2392 1772 2428 lis
1796 2393 1954 2438 expediri
1973 2396 2104 2439 potest,
2153 2403 2237 2428 uam
2256 2393 2287 2428 si
2306 2393 2398 2428 alter

1302 2442 1444 2484 petitor,
1470 2438 1561 2473 alter
1584 2447 1770 2483 possessor
1793 2437 1858 2473 sit:
1884 2449 1962 2474 esse
1982 2438 2075 2474 enim
2096 2438 2140 2473 de
2167 2442 2202 2474 et
2213 2438 2274 2483 qui
2285 2448 2397 2474 onera

1302 2483 1464 2529 petitoris
1488 2483 1664 2518 sustineat
1688 2487 1724 2518 et
1753 2483 1814 2528 qui
1846 2483 2032 2519 commodo
2064 2483 2280 2529 possessoris
2311 2483 2394 2518 fun·

1301 2529 1441 2574 gatur⁷.

1348 2571 1401 2611 63
1426 2572 1535 2609 IDEM
1563 2573 1656 2609 libro
1689 2572 1996 2620 quadraqmz'mo
2028 2583 2124 2607 nono
2158 2573 2209 2608 ad
2239 2579 2393 2608 caretum

1301 2618 1415 2654 Recte
1446 2618 1588 2654 defendi
1620 2618 1690 2653 hoc
1724 2622 1779 2653 est
1809 2617 1978 2653 iudicium
2003 2617 2166 2663 accipere
2188 2618 2245 2654 vel
2271 2628 2332 2662 per
2355 2628 2394 2653 se

1301 2664 1356 2699 vel
1379 2674 1445 2709 per
1468 2663 1587 2706 alium,
1612 2663 1675 2698 sed
1701 2673 1783 2698 cum
1807 2662 2057 2698 satisdatione:
2083 2673 2150 2698 nec
2172 2663 2232 2698 ille
2254 2662 2395 2698 xidetur

1302 2708 1455 2750 defendi,
1480 2709 1540 2754 qui
1565 2708 1659 2754 quod
1683 2708 1880 2743 iudicatum
1904 2711 1959 2743 est
1981 2718 2055 2742 non
2079 2707 2198 2743 solvit.

1347 2752 1400 2792 64
1426 2753 1534 2789 IDEM
1553 2754 1646 2789 libro
1663 2754 1786 2799 primo
1810 2753 2096 2799 disputationum
2143 2752 2225 2788 Non
2258 2755 2304 2788 ab
2337 2753 2392 2788 iu-

1302 2799 1380 2835 dice
1404 2799 1476 2834 doli
1500 2799 1700 2834 aestimatio
1726 2808 1770 2834 ex
1793 2808 1834 2834 eo
1859 2796 1957 2842 quod
1978 2797 2128 2833 interest
2161 2798 2221 2840 fit,
2255 2797 2318 2833 sod
2349 2808 2394 2834 ex

1302 2855 1343 2880 eo
1369 2844 1465 2890 quod
1487 2844 1525 2879 in
1548 2844 1643 2879 litem
1667 2844 1824 2879 iuratur:
1851 2842 2003 2887 denique
2027 2847 2064 2878 et
2085 2842 2257 2888 praedoni
2280 2843 2389 2888 depo·

1301 2890 1360 2925 siti
1392 2893 1428 2924 et
1459 2889 1673 2925 commodati
1704 2889 1750 2924 ob
1784 2898 1862 2923 eam
1886 2897 2031 2923 causam
2056 2898 2135 2923 com
2162 2891 2257 2923 etere
2279 2888 2391 2924 actio·-

1305 2938 1318 2969 1
1368 2944 1449 2970 nem
1471 2945 1546 2970 non
1569 2934 1766 2968 dubitatur.
1814 2932 1852 2968 Si
1876 2933 1955 2978 quis
1979 2933 2049 2968 alio
2080 2933 2118 2968 iu
2143 2933 2210 2968 icio
2242 2937 2390 2968 acturus

1299 2979 1497 3015 iudicatum
1528 2978 1617 3014 solvi
1641 2978 1730 3014 satis
1753 2977 1944 3023 acceperit,
1970 2977 2097 3013 deinde
2120 2978 2182 3013 in⁸
2205 2977 2274 3013 11110
2298 2977 2389 3013 iudi-

1301 3025 1355 3060 cio
1380 3028 1484 3069 agat,
1514 3033 1587 3058 non
1611 3022 1852 3059 committetur
1874 3022 2077 3068 stipulatio,
2097 3022 2181 3068 quia
2193 3022 2237 3057 de
2258 3022 2330 3058 alia
2352 3033 2391 3058 re

1300 3073 1446 3105 cautum
1467 3068 1618 3104 videtur.

1347 3111 1400 3152 65
1424 3113 1533 3149 IDEM
1551 3113 1643 3149 libro
1668 3113 1719 3148 tri
1742 3114 1877 3148 ensimo
1902 3118 2033 3158 quarto
2057 3114 2107 3147 ad
2127 3112 2280 3148 edictum
2314 3111 2389 3147 Ex·

1299 3159 1394 3239 {533
1405 3158 1543 3247 tritt„
1559 3158 1718 3239 3¹33&
1729 3158 1830 3238 {Zem‘
1830 3158 1902 3238 1¹¹¹¹L1s
1897 3156 2390 3247 {zuibioffiissssisssffiffss

1301 3253 1374 3285 est:
1407 3259 1475 3285 nec
1506 3249 1598 3284 enim
1620 3248 1658 3284 id
1680 3258 1792 3293 genus
1816 3250 2023 3283 contractus
2047 3251 2120 3288 est,
2155 3250 2195 3282 ut
2226 3247 2286 3282 et⁹
2309 3256 2390 3282 eum

1299 3295 1418 3330 locum
1440 3293 1596 3340 spectari
1619 3296 1801 3340 oporteat,
1834 3292 1871 3328 in
1904 3302 1974 3337 quo
1998 3292 2270 3327 instrumentum
2296 3291 2388 3327 dotis

1299 3340 1436 3375 factum
1460 3343 1533 3382 est,
1565 3349 1672 3384 quam
1696 3347 1796 3380 eum,
1826 3337 1864 3372 in
1888 3337 1989 3372 cuius
2014 3336 2229 3372 domicilium
2253 3340 2288 3372 et
2310 3336 2389 3382 ipsa

1299 3384 1426 3419 mulier
1475 3394 1513 3420 01·
1537 3383 1779 3419 condicionem
1802 3382 2015 3417 matrimonii
2039 3387 2118 3417 erat
2141 3381 2310 3417 reditura.

1346 3426 1399 3466 66
1448 3439 1532 3464 neu
1551 3429 1642 3465 libro
1665 3427 1822 3464 secundo
1846 3427 2130 3474 disputationum
2177 3426 2215 3462 Si
2234 3426 2314 3472 quis
2333 3426 2387 3461 in·

1299 3474 1457 3510 tentione
1481 3474 1648 3520 ambigua
1670 3472 1725 3509 vel
1748 3472 1909 3508 oratione
1931 3482 2018 3507 usus
2042 3472 2107 3514 sit,
2138 3471 2176 3507 id
2198 3470 2294 3517 quod
2317 3470 2387 3506 uti·

1299 3519 1368 3554 lius
1393 3519 1424 3554 ci
1450 3523 1504 3554 est
1527 3517 1772 3564 accipiendum
1797 3521 1861 3552 est.

1300 3689 1363 3710 van
1378 3678 1417 3710 de
1435 3677 1547 3710 Water

1302 3723 1344 3762 (7)
1359 3722 1492 3754 fruatur
1503 3734 1566 3756 scr.

1670 3677 1715 3717 (6)
1740 3686 1807 3708 11011
1820 3675 1856 3708 id
1868 3677 1983 3708 venire
1995 3676 2031 3708 in
2044 3674 2206 3707 iudicium
2220 3674 2386 3708 Boudoza

1626 3723 1670 3763 (8)
1683 3721 1804 3754 deinde
1819 3721 1867 3761 in]
1881 3720 1959 3753 dein
1977 3720 2148 3754 Tam-ellus

2217 3720 2262 3759 (9)
2275 3722 2310 3751 et
2321 3719 2385 3752 del.
2398 3737 2412 3749 s
2518 3713 2521 3764 j

2471 3779 2474 3783 >
2518 3778 2521 3794 ι
