2528 3918
179 87 482 131 XXXuli.2

178 208 332 245 minibus
344 208 544 244 debitorum
555 204 849 244 hereditariorum
862 209 967 254 elegit
977 209 1104 244 idonea
1120 207 1265 244 nomina

178 258 215 290 et
243 251 281 290 in
313 262 457 289 causam
491 251 599 297 legati
632 251 685 288 rei
717 252 883 306 publicae
914 252 1147 295 adiudicavit,
1182 257 1266 298 post

179 298 281 335 cuius
304 297 516 333 sententiam
546 307 604 333 res
626 296 774 344 publica
796 309 819 333 a
842 299 1021 344 plerisque
1051 297 1264 333 adiudicatis

179 344 246 380 sibi
269 342 442 389 pecunias
464 341 636 388 percepit.
682 343 882 389 quaesitum
900 348 964 386 est,
989 353 1047 385 an,
1072 342 1103 378 si
1116 352 1174 378 res
1196 353 1263 387 pu-

179 388 273 424 blica
296 385 567 423 condicionibus
590 390 804 424 testamento
828 387 1018 433 adscriptis
1042 390 1170 433 postea
1191 397 1265 423 non

179 431 350 479 paruerit,
380 431 538 477 legatum
568 430 615 468 ad
637 431 730 468 filios
762 433 911 469 heredes
941 432 1130 477 pertineat.
1187 441 1262 468 res-

178 476 306 523 pondit
326 486 402 513 rem
425 475 605 522 publicam
620 476 794 513 voluntati
817 477 999 513 testatoris
1022 486 1149 522 parere
1168 487 1263 512 com-

178 521 378 568 pellendam
394 531 449 564 ac,
472 520 544 557 nisi
557 521 681 565 faciat,
703 522 742 557 in
757 522 813 558 his
833 521 973 568 quidem
989 522 1147 565 summis,
1172 531 1264 567 quae

178 578 244 613 per
266 567 547 621 numerationem
569 566 624 603 vel
647 568 871 619 novationem
895 567 1033 619 solutae
1057 570 1151 608 sunt,
1185 566 1265 618 utili

178 611 570 703 ffiffingssssehnessqwu.
574 611 840 709 affissessffidssss
872 612 1264 709 “Rbffiliz‘auffffsz

179 702 321 739 vatione
344 701 598 738 abscesserunt
619 712 643 737 a
665 701 816 747 pristina
839 667 1066 747 offhgatione,
1090 712 1163 737 non
1181 711 1264 753 pro-

180 752 199 783 4
245 745 437 791 hibendos,
468 756 539 792 quo
563 747 680 782 minus
711 745 870 782 debitum
900 750 1036 792 petant.
1091 746 1264 792 Largius¹

182 792 422 839 Eurippianus
447 791 629 828 consuluit
657 791 800 827 alumno
825 795 958 827 certam
981 791 1170 837 pecuniam
1200 801 1265 836 pa-

179 843 322 874 tronum
354 840 566 873 testamento
598 836 735 881 legasse
766 836 810 872 de
835 847 880 872 ue
911 846 954 871 ea
981 847 1021 872 re
1052 840 1265 872 testamento

178 883 231 918 ita
254 881 407 919 cavisse:
433 881 642 927 ‘pecuniam,
667 892 773 927 quam
832 881 892 917 ‘tio
916 881 1044 918 liberto
1068 885 1105 917 et
1123 881 1267 917 alumno

180 930 268 964 ‘meo
292 926 415 972 legavi,
439 937 518 963 esse
541 926 621 962 volo
643 936 752 972 penes
767 925 936 962 Publium
958 926 1137 962 Maevium
1153 935 1267 971 usque

180 972 237 1008 ‘ad
260 982 394 1008 annum
417 971 622 1007 vicesimum
639 971 802 1016 quintum
824 971 952 1008 aetatis
967 971 1044 1007 eius
1067 980 1204 1017 proque
1224 981 1267 1006 ea

180 1015 393 1070 ‘computari
415 1027 496 1053 cum
518 1027 562 1052 eo
585 1026 715 1052 usuras
763 1016 974 1052 uadrantes:
1031 1020 1179 1052 uantum
1203 1026 1267 1051 au-

180 1067 262 1099 ‘tem
284 1073 323 1098 in
346 1064 526 1107 sumptum
550 1061 582 1096 ei
605 1065 748 1097 statuen
773 1072 834 1096 um
857 1061 921 1105 sit,
946 1065 986 1096 tu
1041 1061 1116 1096 ubli
1137 1060 1267 1104 Maevi,

181 1112 275 1144 ‘cum
292 1106 412 1160 patris
431 1105 597 1142 affectum
610 1106 644 1142 ei
667 1110 853 1151 praestare
869 1106 1011 1149 debeas,
1036 1106 1267 1142 aestimabis'.

180 1155 379 1198 quaesitum
404 1155 468 1204 est,
493 1161 540 1186 an
562 1150 710 1187 heredes
734 1161 756 1186 a
779 1150 907 1187 Publio
930 1151 1070 1187 Maevio
1095 1150 1183 1186 satis
1207 1161 1268 1186 ac·

180 1197 298 1243 cipere
321 1196 508 1233 debuerint
530 1196 708 1232 solventes
731 1206 809 1232 eam
825 1196 1025 1241 pecuniam.
1071 1195 1267 1241 respondit,

181 1253 261 1278 cum
292 1245 505 1278 testamento
537 1241 636 1277 nulla
666 1241 723 1277 exi
767 1240 859 1276 ndae
895 1240 1139 1277 satisdationis
1170 1251 1266 1276 com-

179 1286 411 1324 memoratio²
439 1285 521 1328 fiat,
559 1287 646 1321 satis
675 1286 723 1321 ha
750 1286 845 1321 uisse
880 1285 1030 1322 heredes
1071 1285 1268 1322 secundum

179 1332 397 1368 voluntatem
420 1330 580 1366 defuncti
603 1331 732 1366 Publio
757 1330 898 1367 Maevio
931 1331 1119 1376 pecuniam
1144 1340 1267 1367 nume-

179 1387 279 1414 rare:
314 1379 349 1412 et
382 1375 463 1412 ideo
495 1386 561 1411 nec
585 1376 702 1411 Titius
732 1375 896 1412 alumnus
926 1376 983 1411 vel
1010 1375 1158 1412 heredes
1191 1375 1268 1412 eius

179 1421 296 1459 audiri
319 1421 472 1457 debeant
488 1420 655 1456 adversus
669 1420 819 1457 heredes
835 1421 979 1467 patroni
990 1424 1147 1466 agentes,
1172 1420 1270 1466 quod

180 1467 267 1503 satis
290 1477 363 1501 non
387 1469 597 1511 exegerunt:
628 1476 674 1502 ex
704 1476 747 1502 ea
769 1466 862 1501 enim
891 1466 1137 1502 numeratione
1161 1465 1269 1501 etiam

180 1523 202 1548 a
226 1511 320 1548 Titio
345 1521 389 1546 ac
412 1511 562 1557 proinde
586 1511 692 1546 etiam
715 1511 762 1547 ab
786 1511 978 1547 heredibus
1003 1511 1078 1547 eius
1097 1511 1268 1546 liberatos

180 1567 258 1593 esse
289 1566 400 1602 supra
430 1556 588 1608 scriptos
622 1556 791 1599 heredes,
830 1556 900 1592 nisi
929 1556 1067 1592 vivente
1095 1559 1269 1592 testatore

178 1601 329 1638 Publius
357 1600 519 1637 Maevius
551 1600 719 1637 solvendo
753 1611 832 1637 esse
860 1601 1023 1637 desierit:
1055 1605 1143 1637 tunc
1177 1600 1269 1636 enim

180 1651 199 1681 5
249 1646 368 1683 cautio
392 1646 439 1682 ab
463 1656 505 1682 eo
530 1645 704 1691 exigenda
727 1650 793 1683 est.
839 1645 949 1682 Pater
971 1645 1061 1682 duos
1084 1645 1177 1681 filios
1208 1655 1268 1682 ae-

180 1692 259 1737 quis
284 1702 328 1728 ex
350 1691 514 1736 partibus
537 1691 691 1727 instituit
713 1691 874 1734 heredes,
903 1691 1073 1727 maiorem
1098 1696 1134 1726 et
1156 1690 1268 1726 mino—

179 1747 266 1780 rem,
291 1736 352 1782 qui
376 1737 482 1772 etiam
505 1736 668 1782 impubes
692 1740 780 1779 erat,
805 1741 841 1772 et
863 1736 901 1772 in
915 1739 1056 1782 partem
1079 1736 1155 1772 eius
1172 1740 1270 1772 certa

179 1780 327 1827 praedia
348 1781 493 1827 reliquit
516 1785 562 1823 et,
588 1792 670 1817 cum
693 1781 979 1834 quattuordecim
1003 1791 1116 1817 annos
1145 1781 1268 1826 imple-

179 1827 280 1870 verit,
306 1831 440 1862 certam
469 1826 658 1872 pecuniam
688 1837 721 1862 ei
749 1827 782 1863 le
806 1826 878 1862 avit
906 1826 943 1862 id
967 1837 1014 1862 ue
1042 1825 1163 1862 fratris
1193 1826 1269 1861 eius

180 1871 264 1953 iisdei
279 1871 466 1952 ⁰⁰m¹{¹‚i⁸it’
491 1881 514 1924 a
538 1872 724 1953 guodpetit
737 1871 776 1907 in
817 1882 882 1925 aec
905 1882 966 1908 ver
992 1874 1092 1951 azdja
1110 1874 1158 1952 Εἰ
1173 1874 1268 1952 petilo,

180 1921 391 1998 ‘fgtrilsttiii
413 1926 545 2014 ffl
561 1917 1115 2014 ἓιέιξξιὲῗηὲἱῗιᾟᾳαῗοῖᾟεᾶῗιρ
1135 1926 1271 2014 agi-ana

181 2011 258 2044 ‘nos
282 2006 583 2054 quattuordecim:
609 2018 651 2043 eo
675 2008 827 2054 amplius
844 2007 981 2043 tributa
997 2006 1119 2042 fratris
1137 2010 1191 2042 tui
1228 2016 1269 2042 ro

181 2056 304 2088 ‘censu
328 2051 403 2088 eius
428 2051 620 2105 dependas,
645 2052 759 2088 donec
782 2053 879 2089 bona
901 2052 1086 2088 restituas:
1112 2055 1149 2087 et
1165 2062 1187 2087 a
1233 2055 1270 2087 te

181 2097 328 2134 ‘reditus
352 2096 581 2142 praediorum
610 2097 752 2133 illorum
781 2097 1003 2143 pertineant,
1036 2095 1156 2142 quoad
1188 2106 1270 2142 per-

181 2143 312 2179 ‘veniat
332 2141 447 2178 frater
474 2145 558 2178 tuus
582 2141 629 2178 ad
660 2152 773 2178 annos
797 2141 1106 2188 quattuordecim'.
1160 2152 1269 2187 quae-

180 2188 288 2224 situm
312 2191 378 2230 est,
402 2186 572 2223 defuncto
596 2187 733 2223 maiore
755 2186 868 2223 fratre
891 2186 1021 2223 herede
1051 2187 1120 2222 alio
1144 2186 1269 2222 relicto

179 2237 300 2269 utrum
324 2232 439 2284 omnis
464 2231 624 2268 condicio
655 2231 876 2278 percipiendi
906 2231 1042 2267 reditus
1065 2231 1270 2274 fundorum,

180 2277 424 2314 anniversaria
437 2280 640 2322 praestetur
659 2277 732 2313 alia
741 2278 766 2320 ⁸,
792 2287 884 2323 quae
902 2281 1151 2324 praestaturus
1164 2280 1269 2319 esset,

180 2324 211 2359 si
233 2323 376 2366 viveret,
409 2321 529 2365 Seius,
562 2322 610 2358 ad
638 2322 806 2358 heredem
835 2322 911 2358 eius
938 2322 1189 2364 transierint⁴,
1222 2332 1270 2357 an

180 2379 263 2404 vero
288 2367 324 2403 id
348 2377 453 2404 omne
476 2367 642 2412 protinus
666 2367 713 2404 ad
735 2367 911 2415 pupillum
934 2371 970 2403 et
991 2370 1129 2403 tutores
1152 2370 1269 2402 trans·

180 2413 266 2449 ferri
289 2412 428 2449 debeat.
474 2412 677 2458 respondit:
703 2412 899 2450 secundum
918 2423 962 2449 ea
985 2422 1078 2458 quae
1091 2415 1269 2458 propone-

180 2462 303 2495 rentur
325 2457 541 2503 intellegitur
560 2461 714 2494 testator
741 2457 845 2504 quasi
868 2468 949 2494 cum
967 2460 1088 2493 tutore
1114 2457 1269 2499 locutus,

181 2508 221 2539 ut
243 2509 420 2549 tempore,
453 2513 523 2548 quo
552 2502 665 2539 tutela
685 2502 907 2540 restituenda
931 2507 1003 2546 est,
1036 2502 1146 2545 haec,
1178 2512 1270 2547 quae

180 2559 246 2595 pro
277 2548 406 2584 annuis
435 2547 614 2593 praestari
643 2547 807 2584 iussisset
835 2547 1142 2594 percipiendisque
1170 2546 1269 2583 fruc-

181 2594 316 2635 tibus⁵‚
342 2592 529 2628 finiantur:
562 2593 627 2629 sed
650 2603 732 2628 cum
754 2592 870 2629 maior
891 2593 1005 2629 frater
1027 2596 1142 2628 morte
1163 2602 1268 2645 prae·

181 2642 307 2675 ventus
337 2642 409 2680 est,
441 2638 577 2680 omnia,
611 2648 704 2684 quae
733 2638 860 2675 relicta
890 2642 991 2682 sunt,
1020 2637 1068 2673 ad
1094 2636 1270 2690 pupillum

180 2688 216 2736 et
238 2687 375 2719 tutores
408 2683 482 2718 eius
508 2683 694 2719 confestim
725 2686 810 2730 post
832 2687 982 2720 mortem
1005 2682 1127 2718 fratris
1151 2686 1268 2718 trans-

181 2738 262 2764 isse.

226 2770 281 2811 22
304 2773 487 2808 ALFENUS
521 2771 646 2808 Vanus
675 2772 767 2809 libro
797 2769 955 2808 secundo
993 2770 1213 2825 digestorum
1245 2784 1269 2808 a

184 2817 301 2854 Paulo
325 2818 599 2864 epitomatorum
654 2815 780 2853 ‘Filiae
812 2826 914 2852 meae
951 2819 1270 2863 quotienscumque

182 2862 308 2944 iffssff-
331 2861 821 2952 Ἑζεὲῗηέᾚοὲηὲὼὲἳὲῖἓ
845 2861 1147 2952 ἓξὲᾞωωέξέᾒ
1160 2873 1269 2943 {iii}

300 2934 308 2942 ·
521 2934 530 2949 w

182 2952 319 2995 fuisset,
343 2951 514 3004 numquid
537 2952 653 2988 minus
682 2952 715 2988 ei
744 2957 888 2989 centum
917 2952 1145 2988 deberentur.
1191 2963 1267 2988 res-

181 2995 399 3078 potndgnsiellili
416 2996 540 3077 3ιίὶίζέ
564 2998 707 3033 tametsi
729 3001 828 3034 totus
858 3008 973 3033 annus
998 2996 1156 3033 nondum
1179 2996 1267 3034 fuis-

182 3052 220 3079 se
542 3067 550 3075 .

226 3068 280 3124 23
305 3085 541 3123 Mammas
575 3086 665 3122 libro
702 3090 807 3123 sexto
848 3087 1110 3122 institutionum
1179 3086 1268 3122 Cum

182 3130 325 3177 quidam
349 3129 599 3167 decurionibus
624 3130 811 3168 divisiones
836 3131 914 3167 dari
936 3131 1107 3167 voluisset
1130 3131 1187 3168 die
1203 3142 1267 3167 na·

180 3176 262 3213 talis
287 3175 353 3218 sui,
378 3174 451 3211 divi
464 3174 615 3210 Severus
639 3179 674 3210 et
686 3176 889 3213 Antoninus
912 3176 1174 3222 rescripserunt
1195 3187 1269 3212 non

181 3231 260 3302 gese
282 3219 470 3300 verisimille
494 3222 701 3299 tetstatorem
726 3221 770 3257 de
793 3232 864 3257 uno
889 3231 984 3258 anno
1008 3222 1173 3264 sensisse,
1203 3221 1268 3257 sed

206 3277 226 3302 e
400 3275 421 3301 o
540 3274 573 3300 ο.

227 3277 281 3349 291
328 3319 414 3345 υῑιι
509 3319 535 3347 o
572 3311 697 3345 octavo
740 3311 1002 3346 institutionum
1063 3309 1152 3345 Cum
1190 3315 1268 3346 erat

182 3361 281 3392 certa
302 3354 468 3402 pecunia,
491 3353 530 3390 id
553 3357 608 3390 est
632 3359 784 3396 centum,
809 3355 862 3390 rei
883 3355 1051 3401 publicae
1074 3354 1265 3391 Sardiano-

182 3412 259 3437 rum
282 3400 408 3436 relicta
429 3410 495 3446 per
518 3397 787 3445 quadriennium
808 3400 1009 3436 certaminis
1033 3399 1265 3446 Chrysanthi-

182 3447 276 3488 ani⁶,
305 3445 376 3481 divi
399 3443 551 3480 Severus
581 3447 618 3480 et
639 3443 843 3479 Antoninus
873 3445 1135 3491 rescripserunt
1154 3445 1266 3482 videri

182 3560 222 3597 (ι)
247 3556 388 3590 Larcius
399 3569 459 3591 scr.
570 3559 613 3600 (2)
638 3558 902 3591 commemoratis
917 3558 952 3591 F

183 3602 329 3634 versaris
339 3605 553 3644 praestentur
564 3602 698 3645 aliaque
711 3603 759 3637 ad
769 3602 915 3635 HaLecr.

181 3648 262 3724 ἕξεί
277 3692 430 3724 iussisset
440 3705 502 3725 scr.

1046 3560 1088 3600 (8)
1115 3563 1152 3591 ut
1165 3558 1262 3591 anni·

380 3648 424 3688 (ι)
449 3658 533 3690 quae
546 3658 605 3690 pro
619 3646 850 3690 percipiendis
862 3647 1028 3680 fructibus
1042 3658 1154 3680 annua
1167 3658 1265 3690 prae·

597 3695 640 3732 (e)
666 3691 904 3736 Cbrysanthini
922 3693 1079 3725 seldenus

1257 83 1342 133 46⁰
1544 67 1566 148 <s
1582 156 1592 159 ἣ

1021 3604 1064 3645 (4)
1090 3603 1265 3636 transierit
1331 3609 1452 3636 umas.
1465 3609 1511 3637 ss.
1526 3609 1582 3642 ³⁹3
1602 3602 1688 3646 App.
1705 3608 1881 3636 si...s·1.⁴0.
1895 3610 1937 3636 43.
1954 3620 1997 3626 -
2011 3602 2097 3636 Bae.
2110 3604 2164 3641 44,
2178 3611 2194 3636 ⁵

1330 3658 1393 3680 Cer.

1486 32 1551 66 ¹,pr

1844 100 1906 131 DE
1935 99 2018 132 USU
2046 100 2103 131 ΕΤ
2131 99 2214 132 USU
2242 99 2414 132 FRUCTU

1334 211 1542 253 perpetuam
1579 207 1850 254 pensitationem
1887 208 2072 254 reliquisse
2114 211 2322 245 testatorem
2354 220 2418 255 per

1336 252 1616 298 quadriennium,
1638 263 1712 288 non
1733 252 1772 289 in
1794 253 1946 299 primum
1969 252 2252 299 quadriennium.

1382 295 1435 335 25
1469 296 1612 334 Vanus
1631 298 1723 335 libro
1745 298 1902 335 secundo
1923 298 2278 343 fideicommissorum
2325 298 2415 335 Filio

1335 342 1498 385 familias,
1522 342 1642 388 quoad
1662 342 1700 379 in
1721 346 1902 389 potestate
1923 343 2037 389 patris
2061 342 2119 386 sit,
2147 343 2185 379 in
2207 353 2321 379 annos
2345 344 2416 380 sin-

1334 386 1437 432 gulos
1461 387 1553 424 dena
1575 387 1653 424 dari
1674 392 1838 434 possunt.

1833 523 1907 564 11⁷.

1334 589 1398 621 DE
1423 588 1510 621 USU
1543 588 1604 621 ΕΤ
1635 589 1722 622 USU
1753 589 1932 624 FRUGTU
1962 590 2023 623 ET
2055 588 2225 624 REDITU
2250 588 2310 621 ΕΤ
2339 589 2414 621 HA-

1334 633 1583 666 ΒῘΤΑΤΙΟΝΕ
1626 633 1686 666 ΕΤ
1729 634 1889 668 OPERIS
1933 636 2024 668 PER
2066 633 2287 668 LEGATUM
2326 634 2417 666 VEL

1594 678 1990 713 FIDEIOOMMISSUM
2014 679 2158 714 DATIS.

1386 743 1405 781 1
1434 743 1593 780 Psaros
1611 744 1702 781 lt'bro
1727 746 1831 781 tertio
1854 746 1904 781 ad
1926 745 2099 783 Sabinum
2142 744 2220 782 Nec
2244 755 2331 781 usus
2354 755 2420 781 nec

1334 799 1424 825 usus
1447 788 1586 825 fructus
1609 788 1744 825 itineris
1773 795 1877 829 actus
1907 790 1987 826 viae
2014 790 2279 836 aequaeductus
2309 790 2418 836 legari

1334 838 1466 879 potest,
1492 834 1576 879 quia
1599 835 1749 870 servitus
1773 836 1954 872 servitutis
1986 846 2065 872 esse
2088 846 2159 872 non
2187 840 2321 882 potest:
2352 845 2418 870 nec

1335 879 1405 914 erit
1427 879 1515 931 utile
1529 890 1573 915 ex
1586 884 1732 933 senatus
1744 881 1919 922 consulto,
1943 891 2012 925 quo
2029 885 2185 933 cavetur,
2202 884 2242 916 ut
2261 880 2418 933 omniurn

1334 924 1842 1015 iiffessebssffioisstnffi
1863 925 2419 1009 ἒξῑιιξὲῑιὶὲῗὲῗῆἒῖἷῖἳηὲἓέἔ

1335 1014 1431 1050 actio
1456 1014 1522 1050 erit
1546 1025 1626 1050 cum
1649 1014 1791 1058 herede,
1823 1019 1863 1050 ut
1884 1014 2067 1060 legatario,
2092 1015 2261 1061 quamdiu
2282 1015 2419 1057 vixerit,

1336 1058 1444 1111 eundi
1468 1059 1595 1104 agendi
1618 1059 1772 1096 ducendi
1794 1060 2004 1096 facultatem
2026 1064 2183 1106 praestet
2205 1063 2324 1096 autea
2346 1070 2420 1096 ser-

1334 1107 1429 1140 vitus
1454 1104 1693 1141 constituatur
1715 1105 1782 1140 sub
1806 1105 1876 1141 hac
1900 1105 2076 1148 cautione,
2099 1109 2152 1148 ut,
2175 1105 2206 1141 si
2230 1104 2422 1141 decesserit

1334 1149 1526 1203 legatarius
1549 1149 1606 1185 vel
1629 1149 1746 1196 capite
1770 1150 1972 1186 deminutus
1997 1161 2040 1186 ex
2070 1161 2200 1196 magna
2230 1160 2341 1187 causa
2363 1149 2420 1186 fu-

1337 1198 1414 1237 erit,
1438 1195 1657 1230 restituatur.

1381 1237 1407 1276 2
1433 1238 1678 1275 Pramnos
1698 1239 1788 1276 libro
1822 1240 1973 1286 septimo
2005 1240 2142 1276 decimo
2173 1241 2420 1286 quaestionum

1335 1284 1497 1320 Hominis
1521 1294 1652 1330 operae
1675 1284 1813 1329 legatae
1836 1285 1963 1330 capitis
1992 1285 2233 1321 deminutione
2263 1285 2319 1321 vel
2349 1297 2419 1322 non

1336 1329 1468 1365 utendo
1500 1340 1574 1365 non
1605 1330 1826 1365 amittuntur.
1874 1334 1910 1366 et
1940 1330 2107 1376 quoniam
2129 1340 2173 1366 ex
2196 1331 2312 1376 operis
2330 1341 2420 1367 mer-

1336 1374 1458 1410 cedem
1481 1375 1664 1420 percipere
1686 1374 1879 1419 legatarius
1901 1379 2033 1420 potest,
2066 1375 2171 1411 etiam
2195 1386 2322 1420 operas
2346 1376 2421 1411 eius

1335 1420 1412 1465 ipse
1434 1420 1555 1455 locare
1604 1420 1725 1462 otei-it,
1756 1429 1844 1465 quas
1877 1421 1907 1456 si
1935 1421 2125 1466 prohibeat
2167 1421 2271 1457 lieres
2305 1421 2386 1467 capi
2397 1422 2420 1463 ⁸,

1335 1465 1526 1517 tenebitur.
1564 1431 1658 1500 igem
1683 1468 1738 1517 est
1761 1469 1797 1501 et
1819 1465 1851 1500 si
1867 1475 1990 1501 servus
2015 1475 2054 1501 se
2067 1465 2250 1502 locaverit.
2287 1470 2324 1501 et
2338 1467 2422 1512 quia

1335 1510 1529 1555 legatarius
1551 1509 1772 1545 fructuarius
1787 1521 1860 1546 non
1883 1515 1947 1553 est,
1972 1510 2019 1546 ad
2035 1510 2201 1547 heredem
2217 1522 2321 1547 suum
2337 1522 2358 1547 ο
2385 1522 2420 1547 e-

1336 1565 1457 1590 rarum
1480 1555 1636 1607 legatum
1663 1555 1891 1591 transmittit:
1923 1555 1987 1592 sed
2017 1566 2119 1592 servo
2148 1566 2218 1592 usu
2242 1560 2348 1602 capto
2386 1568 2420 1592 e-

1360 1604 1459 1636 atum
1508 1604 1586 1635 erit.

1336 1612 1359 1645 g
1382 1643 1406 1683 3
1432 1611 1592 1680 PAPULUS
1612 1645 1703 1681 libro
1728 1646 1833 1681 tertio
1857 1645 1908 1682 ad
1930 1644 2104 1682 Sabinum
2149 1645 2310 1682 Hominis
2334 1658 2419 1691 quo-

1337 1690 1532 1770 qgeullibteiri
1563 1700 1697 1771 01)θέἒὲ
1723 1689 1835 1743 legari
1856 1694 2026 1736 possunt,
2056 1690 2150 1726 sicut
2179 1690 2292 1726 locari
2322 1696 2359 1727 et
2385 1692 2422 1727 in

1337 1746 1354 1770 s
1449 1745 1471 1770 a
1500 1745 1604 1771 onem
1697 1746 1767 1771 uci.

1441 1779 1636 1816 Uipmws
1655 1780 1746 1816 libro
1769 1785 1895 1817 octavo
1927 1779 2063 1816 decimo
2094 1780 2145 1816 ad
2165 1779 2338 1816 Sabinum
2385 1779 2423 1816 Si

1336 1825 1658 1915 ..5²⁸
1673 1825 2311 1906 ...emeatus
2340 1836 2422 1872 »ετ-

1455 1897 1464 1912 ,
2301 1898 2308 1906 .

1383 1914 1407 1953 5
1432 1914 1593 1952 Panos
1612 1915 1703 1953 libro
1728 1916 1832 1952 tertio
1854 1915 1904 1951 ad
1919 1914 2093 1952 Sabinum
2139 1915 2252 1951 Usum
2266 1915 2422 1952 fructum

1339 1964 1432 1996 ‘cum
1453 1960 1597 1996 moriar'
1624 1960 1799 1996 inutiliter
1821 1960 1989 2006 stipulor:
2024 1959 2119 1996 idem
2150 1965 2205 1996 est
2233 1961 2271 1996 in
2293 1962 2422 2014 legato,

1338 2006 1422 2087 qulia
1456 2009 1493 2040 et
1523 2006 1739 2042 constitutus
1771 2016 1858 2042 usus
1893 2005 2032 2041 fructus
2067 2010 2183 2042 morte
2211 2006 2423 2043 intercidere

1338 2061 1378 2087 so
1394 2054 1440 2086 et.

1383 2093 1410 2134 6
1433 2094 1662 2132 POMPONIUS
1681 2095 1774 2132 libro
1822 2096 1924 2131 uinto
1948 2095 2084 2132 decimo
2108 2095 2158 2131 ad
2172 2094 2345 2132 Sabinum
2385 2097 2422 2132 Si

1338 2151 1425 2177 usus
1455 2140 1597 2177 fructus
1628 2140 1714 2175 mihi
1743 2141 1781 2176 in
1836 2140 1993 2176 iennium
2025 2140 2232 2176 continuum
2255 2151 2278 2176 a
2308 2146 2423 2177 morte

1337 2185 1521 2222 testatoris
1551 2185 1689 2231 legatus
1721 2186 1768 2221 sit
1798 2189 1835 2222 et
1864 2196 1931 2232 per
1960 2185 2127 2221 heredem
2157 2186 2312 2230 steterit,
2351 2198 2422 2232 quo

1337 2232 1455 2267 minus
1479 2241 1560 2266 eum
1575 2231 1662 2266 mihi
1676 2231 1788 2275 daret,
1812 2231 2006 2276 praeterito
2021 2231 2165 2267 biennio
2178 2231 2288 2268 nihilo
2307 2232 2423 2268 minus

1337 2280 1481 2312 tenetur
1512 2275 1823 2322 (quemadmodum
1851 2279 2050 2318 teneretur,
2090 2276 2122 2311 si
2151 2286 2209 2312 res
2241 2275 2359 2321 legata
2385 2277 2422 2313 in

1337 2332 1458 2357 rerum
1480 2325 1611 2356 natura
1634 2331 1713 2357 esse
1736 2320 1896 2362 desisset,
1921 2331 2028 2366 quam
2051 2321 2130 2373 quis
2154 2320 2316 2364 deberet,
2346 2333 2421 2358 mo-

1326 2370 1509 2411 ratusque
1531 2369 1626 2402 esset
1646 2366 1685 2401 in
1707 2365 1905 2409 eadanda),
1929 2370 1970 2400 ut
1991 2370 2064 2418 peti
2079 2365 2221 2411 quidem
2239 2366 2311 2402 iam
2334 2377 2421 2403 usus

1336 2412 1477 2447 fructus
1501 2411 1562 2457 qui
1583 2411 1598 2445 l
1663 2414 1721 2446 tus
1746 2411 1792 2446 sit
1814 2421 1888 2446 non
1910 2415 2035 2456 possit,
2060 2411 2144 2456 quia
2166 2411 2258 2446 alius
2278 2410 2421 2448 futurus

1337 2456 1384 2492 sit
1406 2466 1513 2502 quam
1560 2456 1597 2491 ui
1634 2460 1759 2500 egatus
1782 2455 1902 2498 fuerit,
1927 2455 1990 2491 sed
2010 2455 2210 2491 aestimatio
2227 2456 2302 2492 eius
2326 2457 2422 2493 bima

1337 2501 1525 2537 dumtaxat
1563 2500 1714 2536 acienda
1735 2501 1793 2536 sit.

1383 2543 1408 2584 7
1439 2545 1635 2583 Uzmws
1643 2545 1733 2581 libro
1746 2546 1911 2582 vicesimo
1922 2548 2027 2582 sexto
2041 2545 2090 2581 ad
2100 2545 2254 2581 edictum
2283 2545 2422 2591 Operae

1336 2595 1549 2628 testamento
1571 2590 1718 2626 relictae
1742 2590 1885 2642 quando
1909 2590 2034 2626 cedere
2049 2589 2213 2642 debeant,
2238 2595 2359 2626 utrum
2377 2602 2421 2628 ex

1336 2647 1414 2717 ‘³¹¹3
1430 2635 1838 2717 {iffissm‘ffffleiffiissa‘iitss
1859 2635 2421 2726 Ἢιξῶἶῖςὲῗῖωέἓέθάὧῗξ

1335 2692 1374 2763 ἓξ
1394 2730 1482 2779 puto
1506 2736 1551 2761 ex
1613 2736 1632 2761 e
1660 2707 1855 2771 petitionis,
1874 2692 1936 2761 e‘ilis
1968 2725 2111 2762 cedere:
2145 2735 2256 2778 quare
2286 2726 2316 2761 si
2339 2730 2422 2772 post

1335 2775 1465 2817 petitas
1488 2780 1696 2825 aeger-esse
1719 2780 1842 2824 servus
1864 2771 2032 2824 coeperit,
2056 2770 2227 2852 legatario
2243 2771 2419 2816 peribunt.

1383 2813 1407 2855 8
1435 2815 1559 2853 GAws
1579 2816 1670 2852 labro
1695 2818 1799 2851 terno
1831 2815 1876 2851 de
1899 2816 2030 2862 leqatas
2059 2828 2083 2851 α
2138 2816 2292 2852 edictum
2309 2827 2362 2863 pr
2407 2837 2420 2842 -

1337 2862 1428 2898 toris
1469 2860 1509 2897 Si
1534 2871 1622 2897 usus
1644 2859 1784 2896 fructus
1800 2860 2038 2907 municipibus
2054 2860 2191 2906 legatus
2209 2861 2287 2903 erit,
2312 2871 2419 2907 quae-

1336 2907 1439 2948 ritur,
1464 2915 1649 2952 quousque
1671 2904 1709 2940 in
1735 2916 1776 2941 eo
1799 2916 1867 2941 usu
1890 2905 2012 2941 fructu
2032 2906 2155 2941 tuendi
2178 2906 2265 2942 sint:
2290 2916 2374 2942 nam
2390 2907 2420 2942 si

1337 2952 1415 2997 quis
1447 2961 1508 2987 eos
1536 2954 1712 3004 perpetuo
1742 2954 1882 2992 tuetur,
1911 2950 2010 2986 nulla
2039 2950 2174 2986 utilitas
2206 2951 2273 2986 erit
2302 2951 2419 2986 nudae

1335 2996 1564 3042 proprietatis
1595 3004 1736 3040 semper
1766 2994 2006 3031 abscedente⁹
2036 3005 2105 3030 usu
2135 2995 2268 3031 fructu.
2324 2995 2419 3031 unde

1337 3046 1478 3077 centum
1495 3051 1609 3077 annos
1624 3040 1864 3076 observandos
1884 3050 1963 3076 esse
1979 3044 2129 3083 constat,
2154 3040 2215 3086 qui
2230 3039 2312 3076 finis
2326 3040 2419 3077 vitae

1335 3086 1561 3132 longissimus
1585 3089 1689 3122 esset.

1383 3129 1408 3170 9
1440 3130 1635 3168 Uzmivvs
1654 3129 1746 3166 libro
1770 3132 1896 3166 octavo
1919 3129 2202 3176 disputationum
2238 3129 2277 3166 Si
2299 3130 2346 3166 ab
2364 3141 2418 3173 eo,

1336 3177 1394 3212 cui
1417 3175 1556 3221 legatus
1580 3178 1675 3210 esset
1698 3184 1784 3210 usus
1806 3173 1958 3216 finctus,
1980 3173 2291 3211 fideicommissum
2310 3174 2419 3211 fuerit

1335 3221 1516 3262 relictum,
1548 3219 1632 3256 licet
1655 3230 1742 3255 usus
1765 3219 1904 3255 fructus
1933 3218 1980 3255 ad
2010 3219 2219 3264 legatarium
2241 3231 2314 3256 non
2336 3230 2417 3266 per-

1334 3265 1479 3308 venerit,
1503 3265 1607 3300 heres
1630 3269 1768 3307 tamen,
1800 3273 1909 3309 penes
1940 3273 2045 3310 quem
2073 3275 2160 3299 usus
2191 3264 2330 3301 fructus
2361 3275 2417 3301 re·

1333 3314 1463 3352 manet,
1497 3308 1807 3346 fideicommissum
1834 3312 2005 3354 praestat.
2061 3309 2156 3361 quod
2180 3314 2216 3345 et
2237 3310 2275 3345 in
2298 3309 2417 3346 militis

1333 3359 1546 3391 testamento
1570 3354 1638 3390 erit
1652 3354 1859 3396 dicendum,
1883 3354 1914 3390 si
1935 3353 2146 3398 legatarius,
2177 3365 2201 3390 a
2224 3365 2294 3400 quo
2317 3354 2415 3392 fidei-

1334 3400 1557 3436 commissum
1581 3399 1744 3435 relictum
1759 3402 1824 3440 est,
1847 3398 2086 3444 repudiaverit
2100 3399 2253 3444 legatum
2270 3399 2325 3436 vel
2339 3400 2416 3436 vivo

1333 3448 1505 3481 testatore
1528 3443 1730 3480 decesserit.

1377 3558 1420 3599 (⁷)
1446 3557 1527 3590 *5⁰¹³-
1541 3564 1565 3591 ¹·
1579 3564 1675 3592 θωΰ-
1689 3564 1791 3592 sau.
1806 3564 1861 3596 ⁴23
1882 3556 2069 3592 Εᾱ.ι3...ιο.
2083 3564 2209 3598 is...2³;
2231 3558 2414 3609 Pap.2.1·1,·

1487 3648 1531 3688 (⁹)
1557 3645 1826 3680 abscondenteF
2271 3604 2316 3644 (8)
2341 3602 2411 3635 dari
