2528 3918
90 108 151 141 1111·
180 107 495 147 asscmnssm
528 109 802 141 vnnnmorm

89 224 213 260 festius
238 227 311 268 est,
344 222 440 270 quod
462 222 499 258 in
521 222 652 258 iudicio
676 221 834 257 familiae
858 221 1089 258 erciscundae
1112 221 1173 258 de-

89 269 271 313 ducitur¹,
302 280 368 315 per
397 267 493 314 quod
515 267 602 302 nihil
625 267 776 312 amplius
802 267 1044 313 unusquisque
1068 277 1090 303 a
1113 278 1172 303 co-

88 314 276 351 heredibus
300 314 374 350 suis
398 311 566 357 consequi
589 315 718 358 potest,
743 322 849 358 quam
873 312 969 358 quod
992 316 1174 359 tamquam

88 360 189 396 heres
213 358 434 405 impenderit.

136 402 186 442 19
210 405 318 440 loeis
343 404 434 440 libro
465 403 629 439 vicesimo
661 403 787 449 quinto
811 403 851 439 di
875 406 1031 439 estorum
1076 403 1171 440 Mul-

86 453 161 485 tum
183 450 340 492 interest,
365 449 431 485 sub
458 447 665 484 condicione
688 448 734 483 ali
760 459 808 484 ua
831 459 852 485 o
878 448 1023 501 ligatio²
1046 453 1172 485 veneat

87 505 143 538 an,
169 506 249 531 611111
262 495 352 547 ‚ipsa
376 493 542 539 obligatio
568 493 634 529 sub
660 503 728 529 con
767 494 869 530 cione
893 498 940 530 811
949 495 974 537 ³,
999 505 1090 539 pure
1111 504 1170 530 ve-

38 567 47 574 .
87 543 179 576 neat.
216 550 335 585 priore
368 550 454 575 casu
486 538 672 574 deficiente
704 539 911 575 condicione
934 540 1069 575 nullam
1094 550 1171 576 esse

46 583 51 587 ’
86 585 330 628 venditionem,
344 584 539 630 posteriore
549 585 561 605 ⁴
574 584 694 619 statim
707 585 945 621 venditionem
958 585 1168 621 consistere:

86 641 166 666 nam
189 630 220 666 si
244 630 359 666 Titius
389 629 455 665 tibi
487 629 609 665 decem
641 630 707 665 sub
741 630 949 669 condicione
982 630 1112 666 debeat
1136 633 1171 666 et

84 686 147 722 ego
171 675 236 711 abs
260 679 295 711 te
325 686 454 711 nomen
485 674 560 710 eius
592 685 724 718 emam,
758 675 944 711 confestim
975 687 1019 712 ex
1051 679 1169 722 empto

83 721 222 758 vendito
247 730 350 766 agere
372 723 509 766 potero,
534 721 597 755 ut⁵
621 723 809 766 acceptum
834 721 866 756 ei
889 720 1013 757 facias.

130 764 182 804 20
206 766 431 802 Armanas
452 765 542 802 libro
565 766 716 818 septimo
741 768 990 811 quaestionum
1038 766 1076 802 Si
1106 767 1167 802 he-

82 812 267 848 reditatem
298 810 383 847 mihi
406 810 509 847 Lucii
533 810 619 846 TitiI
651 811 849 847 vendideris
880 822 924 848 ac
955 815 1037 857 post
1070 812 1167 847 debi-

82 857 151 893 tori
174 856 329 892 eiusdem
351 856 453 892 heres
478 856 622 899 existas,
647 857 789 893 actione
813 862 999 903 exempto
1024 858 1167 893 tenebe-

87 905 99 938 I
147 902 207 938 ris.
255 901 358 946 Quod
389 901 582 947 simplicius
618 902 724 937 etiam
758 902 795 937 in
829 902 891 938 illa
922 903 1167 948 propositione

83 947 260 993 procedit,
294 958 374 983 cum
398 947 475 992 quis
499 947 510 981 i
538 948 599 982 se⁶
624 947 791 983 creditori
815 958 880 984 suo
904 948 1008 984 heres
1033 948 1168 984 exstitit

82 996 117 1029 et
139 993 370 1028 hereditatem
394 992 496 1027 vendi
522 992 559 1027 it.

126 1035 175 1075 21
203 1037 363 1073 PAULUs
382 1038 473 1074 libro
497 1042 602 1073 sexto
629 1038 764 1074 decimo
785 1039 1034 1083 quaestionum
1069 1039 1165 1074 Ven-

81 1083 173 1120 ditor
196 1084 263 1119 ex⁷
286 1083 482 1119 hereditate
504 1083 739 1136 11118111081168
759 1084 989 1129 stipulatione
1009 1095 1083 1120 rem
1103 1085 1165 1119 he-

79 1128 282 1165 reditariam
305 1129 539 1174 persecutus⁹
562 1129 622 1164 ahi
645 1129 820 1164 vendidit:
853 1130 1054 1174 quaeritur,
1081 1130 1166 1175 quid

79 1184 124 1210 ex
145 1174 375 1219 stipulatione
393 1178 577 1219 praestare
597 1174 742 1210 debeat:
768 1186 851 1210 nam
874 1175 928 1210 bis
952 1175 1074 1220 utique
1093 1186 1165 1211 non

80 1220 309 1256 committitur
333 1219 535 1265 stipulatio,
569 1223 609 1255 ut
632 1222 668 1255 et
690 1231 764 1255 rem
788 1224 824 1256 et
846 1220 1000 1272 pretium
1024 1221 1162 1256 debeat.

79 1268 116 1300 et
138 1265 279 1311 quidem
303 1265 344 1307 si,
368 1268 494 1311 postea
519 1275 603 1300 uam
625 1276 700 1301 rem
723 1265 879 1301 vendidit
902 1265 1022 1309 heres,
1054 1266 1163 1301 inter-

80 1311 185 1346 cessit
207 1311 410 1356 stipulatio,
441 1321 500 1346 cre
527 1310 535 1318 ‘
574 1321 616 1346 us
648 1311 801 1356 pretium
831 1311 868 1346 in
900 1311 1164 1356 stipulationem

79 1356 232 1392 venisse:
270 1356 365 1402 quod
401 1356 430 1391 si
465 1356 657 1391 antecessit
688 1356 890 1401 stipulatio,
928 1356 1056 1392 deinde
1090 1368 1164 1393 rem

78 1405 204 1437 nactus
229 1405 293 1445 est,
318 1405 405 1437 tunc
429 1411 503 1436 rem
528 1400 681 1437 debebit.
717 1402 747 1437 si
771 1413 853 1447 ergo
877 1402 1057 1437 hominem
1080 1413 1163 1438 ven-

78 1447 206 1484 diderit
229 1450 265 1483 et
287 1447 317 1483 is
342 1447 550 1489 decesserit,
584 1457 631 1482 an
654 1447 806 1491 pretium
831 1447 988 1483 eiusdem
1012 1448 1165 1484 debeat?

77 1504 148 1530 non
172 1493 263 1528 enim
288 1492 434 1528 deberet
458 1492 570 1528 Stichi
593 1492 805 1538 promissor,
830 1493 860 1528 si
885 1504 965 1528 eum
989 1493 1164 1529 vendidis-

76 1541 141 1581 set,
166 1542 305 1574 mortuo
331 1548 384 1582 eo,
409 1537 441 1574 si
463 1538 562 1573 nulla
585 1548 685 1573 mora
707 1538 941 1583 processisset
954 1540 991 1574 ¹⁰.
1018 1539 1080 1574 sed
1103 1538 1165 1575 ubi

76 1584 307 1620 hereditatem
329 1582 471 1619 vendidi
495 1586 530 1619 et
553 1586 679 1628 postea
702 1594 777 1619 rem
797 1594 841 1619 ex
861 1594 904 1619 ea
923 1584 1074 1627 vendidi,
1099 1595 1163 1629 po-

78 1632 146 1665 test
168 1629 295 1671 videri,
319 1632 361 1663 ut
383 1629 563 1674 negotium
587 1629 662 1664 eius
687 1639 791 1675 agam
814 1640 920 1674 quam
944 1629 1163 1666 hereditatis.

76 1675 178 1710 sed¹¹
201 1675 270 1710 hoc
292 1673 330 1708 in
352 1684 393 1709 re
416 1674 587 1727 singulari
619 1685 690 1710 non
719 1678 839 1719 potest
872 1675 987 1710 credi:
1020 1686 1102 1710 nam
1134 1676 1164 1711 si

76 1720 225 1755 eundem
255 1720 432 1755 hominem
463 1719 527 1754 tibi
557 1719 746 1755 vendidero
779 1723 815 1755 et
846 1720 998 1756 necdum
1031 1721 1162 1757 tradito

75 1775 116 1801 eo
141 1765 200 1807 alii
223 1775 364 1810 quoque
386 1764 574 1801 vendidero
597 1765 820 1810 pretiumque
844 1776 1035 1811 accepero,
1070 1777 1162 1802 mor-

74 1813 136 1846 tuo
161 1820 202 1846 eo
226 1810 407 1846 videamus
431 1820 476 1846 ne
499 1810 584 1845 nihil
607 1810 672 1845 tibi
693 1810 841 1846 debeam
861 1822 904 1847 ex
925 1815 1054 1857 empto,
1075 1823 1162 1857 quo-

75 1855 210 1891 niam¹²
233 1866 366 1891 moram
396 1855 434 1891 in
466 1855 639 1891 tradendo
671 1866 743 1891 non
773 1856 843 1892 feci
877 1857 1042 1902 (pretium
1068 1858 1161 1892 enim

75 1901 224 1936 hominis
247 1901 380 1936 venditi
403 1912 475 1936 non
500 1911 543 1936 ex
566 1911 623 1944 re,
656 1901 719 1936 sed
732 1902 759 1923 ¹³
782 1905 930 1954 propter
952 1902 1162 1955 negotiatio-

74 1957 154 1982 nem
174 1947 381 1992 percipitur)
404 1950 439 1982 et
462 1946 514 1982 sic
534 1946 590 1989 sit,
613 1946 715 1991 quasi
736 1947 796 1982 ali1
816 1958 888 1983 non
909 1947 1160 1984 vendIdissem:

73 1991 137 2027 tibi
161 1992 253 2027 enim
275 2002 350 2027 rem
375 1991 557 2034 debebam,
583 2003 654 2027 non
675 1992 862 2028 actionem.
900 1996 939 2028 at
959 2004 1039 2028 cum
1059 1994 1160 2029 here-

73 2037 163 2072 ditas
187 2037 301 2080 venit,
334 2037 443 2072 tacite
466 2037 535 2072 hoc
559 2037 615 2082 agi
639 2037 798 2080 videtur,
824 2042 882 2081 ut,
908 2038 937 2073 si
961 2038 1046 2083 quid
1070 2042 1160 2074 tam-

73 2093 179 2128 quam
202 2083 305 2118 heres
336 2081 425 2125 feci,
458 2082 494 2117 id
518 2085 695 2127 praestem
728 2083 898 2128 emptori,
957 2084 1037 2120 uasi
1068 2084 1160 2120 illius

73 2128 249 2172 negotium
280 2138 400 2173 agam:
434 2127 728 2173 quemadmodum
751 2127 854 2163 fundi
877 2140 943 2164 ven
971 2129 1040 2165 'tor
1061 2128 1160 2165 fruc-

73 2178 128 2208 tus
153 2176 311 2226 praestet
334 2173 449 2209 bonae
479 2172 563 2208 fidei
593 2173 732 2209 ratione
745 2174 792 2216 ¹⁴,
825 2174 1003 2219 quamvis,
1036 2174 1067 2210 si
1097 2184 1159 2210 118-

71 2219 238 2263 glexisset
261 2221 301 2254 ut
324 2218 497 2261 alienum,
530 2218 616 2253 nihil
642 2218 673 2254 ei
697 2218 872 2263 imputare
896 2219 1068 2265 possit¹⁵‚
1093 2220 1160 2255 nisi

72 2264 101 2299 si
126 2264 231 2309 culpa
256 2263 330 2299 eius
355 2267 573 2308 argueretur.
611 2263 697 2316 quid
721 2264 751 2299 si
774 2274 849 2299 rem
881 2276 988 2309 quam
1019 2265 1160 2301 vendidi

71 2309 140 2344 alio
176 2309 379 2354 possidente
389 2309 499 2389 11Betii
535 2312 571 2344 ct
604 2309 674 2344 htis
710 2309 993 2346 aestimationem
1023 2311 1158 2356 accepi,

72 2358 191 2389 utrum
213 2354 366 2399 pretium
391 2354 398 2361 “
429 2354 436 2361 ”
463 2354 574 2390 debeo
599 2364 645 2389 an
669 2355 769 2389 rem?
805 2355 927 2400 utique
957 2366 1053 2399 rem,
1085 2367 1158 2392 non

72 2399 164 2434 enim
188 2399 346 2435 actiones
371 2399 420 2442 ei,
453 2399 516 2434 sed
540 2409 614 2434 rem
637 2403 822 2444 praestare
846 2400 977 2435 debeo:
1012 2405 1047 2436 et
1071 2401 1102 2436 si
1126 2401 1159 2435 vi

72 2444 229 2480 deiectus
259 2445 314 2480 vel
345 2447 492 2489 propter
526 2443 612 2479 furti
645 2444 822 2480 actionem
854 2445 999 2498 duplum
1035 2446 1157 2481 abstu-

70 2490 143 2525 lero
161 2491 207 2532 ¹⁶,
239 2490 326 2525 nihil
356 2490 426 2525 hoc
457 2489 502 2525 ad
527 2494 719 2534 emptorem
743 2490 944 2535 pertineblt.
981 2501 1064 2527 nam
1078 2492 1104 2513 ¹⁷
1129 2491 1158 2526 si

70 2535 145 2571 sine
166 2535 272 2580 culpa
293 2535 395 2570 desiit
407 2534 564 2570 detinere
577 2534 747 2578 venditor,
769 2536 929 2571 actiones
949 2546 1033 2572 suas
1053 2547 1157 2582 prae-

69 2584 165 2616 stare
190 2580 342 2623 debebit,
368 2591 440 2616 non
459 2591 543 2622 rem,
569 2584 603 2615 et
623 2580 674 2615 sic
694 2580 976 2616 aestimationem
996 2592 1156 2627 quoque:

70 2636 151 2661 nam
176 2629 211 2661 et
234 2635 354 2661 aream
377 2625 518 2661 tradere
542 2625 648 2661 debet
671 2629 796 2661 exusto
824 2626 995 2662 aedificio.

116 2668 168 2707 22
194 2670 396 2706 SCAEVOLA
428 2671 519 2707 libro
550 2671 706 2707 secundo
736 2682 992 2718 responsorum
1045 2672 1156 2708 Here-

70 2716 189 2752 ditatis
222 2716 384 2752 venditae
407 2716 562 2761 pretium
585 2726 650 2761 pro
674 2720 777 2761 parte
801 2717 957 2762 accepit:
982 2718 1156 2763 reliquum

69 2765 228 2807 emptore
243 2762 271 2783 ¹⁸
294 2772 366 2797 non
398 2761 556 2797 solvente
589 2761 789 2806 quaesitum
821 2766 893 2805 est,
926 2772 973 2797 an
1005 2773 1157 2808 corpora

69 2806 282 2842 hereditaria
304 2806 461 2852 pignoris
485 2806 627 2842 nomine
647 2810 847 2842 teneantur.
881 2807 1050 2852 respondi
1070 2807 1157 2843 nihil

68 2862 132 2897 pro
160 2852 219 2887 oni
243 2862 307 2887 cur
330 2862 403 2887 non
417 2851 444 2873 ¹⁹
467 2855 667 2887 teneantur.

115 2895 139 2934 2
192 2897 536 2933 HERMOOENIANUS
564 2897 655 2933 libro
687 2897 843 2933 secundo
869 2898 960 2933 iuris
984 2899 1155 2945 epitoma-

68 2953 148 2977 rum
195 2942 366 2978 Venditor
390 2941 558 2984 actionis,
591 2952 698 2987 quam
729 2942 899 2978 adversus
923 2943 1156 2988 principalem

69 2997 167 3022 reum
190 2988 309 3030 habet,
335 2997 438 3023 omne
460 2987 527 3030 ius,
552 2987 646 3032 quod
671 2998 714 3022 ex
738 2998 782 3023 ea
807 2998 916 3023 eausa
935 2989 967 3023 ei
987 2989 1156 3033 competit

69 3035 140 3067 tam
165 3032 332 3068 adversus
356 3033 473 3085 ipsum
496 3043 596 3068 reum
644 3043 726 3068 uam
750 3032 920 3069 adversus
941 3033 1153 3069 intercesso-

68 3087 124 3113 res
147 3078 253 3113 huius
277 3077 403 3120 debit1‚
436 3077 561 3113 cedere
584 3077 628 3113 de
656 3081 708 3121 et,
732 3078 801 3114 nisi
825 3078 921 3113 aliud
944 3082 1064 3114 actum
1089 3083 1153 3115 est.

71 3125 84 3156 1
134 3122 295 3158 Nominis
327 3123 489 3158 venditor
512 3122 681 3168 quidquid
706 3123 760 3158 vel
786 3124 1077 3169 compensatione
1100 3124 1155 3159 vel

68 3168 253 3203 exactione
274 3167 382 3203 fuerit
406 3172 637 3211 consecutus,
669 3168 844 3214 integrum
879 3169 1029 3214 emptori
1052 3169 1154 3205 resti-

68 3215 168 3248 tuere
193 3213 433 3249 comnenatur.

114 3254 168 3294 24
200 3257 333 3293 LABEO
365 3258 456 3294 libro
489 3261 619 3311 quarto
670 3259 882 3294 osteriorum
907 3271 930 3294 a
953 3258 1001 3294 ΙΑ
1010 3268 1155 3294 νοιΕΝο

67 3303 341 3349 epitomatorum
375 3303 615 3339 Hereditatem
656 3303 780 3339 ornelii
800 3304 1006 3339 vendidisti:
1029 3304 1155 3340 deinde

68 3463 107 3503 (1)
133 3462 269 3494 ducitur
279 3462 314 3495 F
433 3464 476 3505 (2)
502 3473 587 3506 pura
599 3464 770 3496 secundum
784 3464 819 3496 B
832 3465 891 3496 ins.
1014 3464 1056 3504 (3)
1082 3463 1111 3494 si
1123 3463 1157 3495 F

69 3508 111 3548 (4)
136 3507 354 3549 posteriorem
366 3507 401 3540 F
464 3508 507 3550 (5)
532 3509 582 3549 111]
597 3507 649 3540 vel
659 3508 695 3540 F
759 3509 803 3549 (6)
829 3508 896 3550 ipsi
909 3520 973 3541 scr.
1034 3509 1076 3546 (ἵ)
1098 3509 1150 3548 ex]

68 3551 108 3583 de
122 3552 313 3596 Deyenkolb
383 3553 426 3594 (8)
451 3552 688 3594 interpositata
699 3553 733 3585 F
804 3554 848 3593 (9)
874 3555 1111 3594 persecuturus
1123 3553 1158 3584 F

69 3596 128 3638 (10)
153 3596 388 3639 praecessisset
401 3598 473 3630 edd.
567 3599 621 3638 (11)
647 3608 744 3640 quam
757 3598 956 3631 hereditatis
971 3597 1041 3638 sed]
1055 3597 1151 3629 cuius

69 3639 236 3674 hereditas
249 3645 334 3674 esset
345 3654 406 3675 scr.
467 3642 524 3683 (12)
539 3643 709 3684 quoniam]
723 3642 856 3684 quando
868 3655 931 3676 scr.
1005 3643 1062 3683 (13)
1077 3653 1110 3674 88
1125 3642 1157 3674 F

71 3688 127 3727 (14)
141 3688 319 3719 trationem
331 3687 366 3719 F
430 3689 486 3726 (15)
497 3687 659 3728 imputari
671 3690 784 3729 posset
797 3688 949 3721 Breuem.
1020 3689 1079 3728 (16)
1093 3685 1149 3718 ab·

71 3730 194 3764 stinere
206 3733 240 3765 F
350 3732 407 3774 (17)
433 3733 524 3772 nam]
537 3738 647 3764 tamen
660 3744 720 3765 scr.
838 3733 896 3773 (18)
923 3735 1105 3774 emptorem
1118 3732 1154 3764 F

1159 96 1242 144 239

2074 108 2219 151 XVIII
2251 114 2287 153 4.
2305 114 2329 153 5
2388 82 2396 109 '¹

1244 223 1382 266 Attius,
1416 224 1474 260 cui
1504 234 1527 259 a
1556 228 1592 260 te
1624 225 1752 262 herede
1778 227 1962 264 Cornelius
1985 229 2182 275 legaverat,
2214 233 2329 277 prius-

1244 279 1351 348 quam
1374 269 1528 314 legatum
1552 270 1598 305 ab
1623 276 1780 316 emptore
1801 274 2021 324 perciperet,
2053 279 2089 312 te
2118 275 2206 312 fecit
2228 278 2328 314 here-

1268 324 1340 348 em:
1377 318 1474 350 recte
1507 319 1594 360 puto
1631 326 1675 351 ex
1706 318 1847 354 vendito
1861 319 1891 340 ²⁰
1922 323 1959 355 te
1990 324 2154 357 acturum
2190 326 2231 358 ut
2266 324 2329 358 tibi

1242 363 1457 411 praestetur,
1482 360 1565 405 quia
1588 360 1668 397 ideo
1694 372 1735 397 eo
1761 363 1876 399 minus
1899 365 2078 402 hereditas
2102 367 2266 411 venierit,
2291 374 2330 404 ut

1241 404 1279 438 Id
1301 404 1459 457 legatum
1480 409 1680 451 praestaret
1703 412 1851 452 emptor,
1877 420 1942 444 nec
1966 412 2155 457 quicquam
2178 413 2328 456 intersit,

1242 453 1361 484 utrum
1385 451 1503 493 Attm,
1529 451 1590 496 (1111
1613 455 1649 487 18
1671 452 1836 488 heredem
1859 454 2001 498 fecerit,
2034 458 2186 502 pecunia
2211 458 2330 494 debita

1242 494 1297 535 sit,
1324 496 1409 530 an2¹
1434 496 1617 541 legatario.

1287 538 1339 577 25
1365 540 1472 576 IDEM
1487 542 1577 577 libro
1597 542 1944 589 secundopz'thanon
1991 545 2028 580 Si
2048 552 2196 592 excepto
2216 548 2327 584 fundo

1239 584 1454 621 hereditario
1479 586 1586 622 veniit
1609 587 1800 630 hereditas,
1826 588 1953 624 deinde
1974 590 2048 626 eius
2068 592 2171 628 fundi
2187 594 2329 630 nomine

1239 631 1401 667 venditor
1425 631 1559 677 aliquid
1583 632 1758 678 adquisit,
1785 633 1891 669 debet
1913 634 1950 669 id
1972 641 2154 680 praestare
2179 640 2328 684 emptori

1238 676 1456 713 hereditatis.
1505 677 1678 713 Panos:
1712 678 1816 714 immo
1850 689 1988 724 semper
2020 683 2202 726 quaeritur
2225 684 2261 719 in
2286 695 2328 721 ea

1238 732 1295 764 re,
1332 722 1417 767 quid
1448 727 1568 758 actum
1598 723 1724 759 fuerit:
1762 724 1792 759 si
1824 727 1942 759 autem
1974 725 2010 760 id
2034 738 2105 761 non
2130 730 2326 774 apparebit,

1237 771 1421 819 praestare
1445 778 1523 803 eam
1546 778 1620 804 rem
1645 769 1787 804 debebit
1811 769 1962 814 emptori
1986 772 2157 815 venditor,
2183 785 2264 809 nam
2287 776 2323 810 id

1236 823 1352 857 lpsum
1384 824 1431 848 ex
1460 823 1503 849 ea
1533 814 1730 850 hereditate
1754 814 1800 849 ad
1824 825 1904 850 eum
1927 817 2128 860 pervenisse
2152 819 2326 855 videbitur

1236 869 1309 893 non
1332 868 1438 894 secus
1462 869 1505 893 ac
1530 859 1560 894 si
1585 870 1665 894 eum
1688 860 1839 895 fundum
1862 860 1899 894 in
1923 860 2119 898 hereditate
2143 865 2326 901 vendenda

1237 914 1309 939 non
1333 904 1540 950 excepisset.

1750 999 1824 1037 V²²

1276 1062 1337 1094 DE
1362 1063 1687 1097 RESCINDENDA
1713 1065 1996 1099 VENDITIONE
2021 1066 2081 1099 ET
2106 1068 2290 1104 QUANDO

1390 1109 1528 1142 LICET
1551 1111 1609 1142 AB
1633 1111 1870 1143 EMPTIONE
1895 1111 2166 1146 DISCEDERE.

1284 1173 1302 1212 1
1342 1174 1573 1212 POMPONIUS
1609 1177 1700 1214 libro
1736 1178 1861 1224 quinto
1897 1178 2033 1215 decimo
2069 1180 2120 1215 ad
2152 1179 2326 1217 Sabinum

1235 1219 1357 1273 Celsus
1382 1221 1475 1257 filius
1498 1223 1669 1267 putabat,
1702 1223 1732 1258 si
1755 1223 1972 1260 vendidisset
1995 1225 2081 1259 mihi
2106 1226 2199 1261 filius
2223 1227 2325 1261 fami-

1234 1265 1299 1301 has
1323 1276 1398 1301 rem
1421 1268 1656 1312 peculiarem,
1691 1268 1815 1312 etiam,
1847 1269 1878 1304 si
1902 1270 2091 1305 conveniat
2114 1275 2154 1307 ut
2177 1272 2325 1307 abeatur

1234 1311 1280 1346 ab
1306 1321 1348 1346 ea
1373 1312 1595 1357 venditione,
1627 1314 1721 1349 inter
1744 1318 1882 1359 patrem
1907 1319 1942 1350 et
1965 1315 2075 1350 filium
2101 1320 2136 1352 et
2160 1327 2216 1352 me
2241 1328 2324 1353 con-

1234 1356 1353 1392 venire
1373 1357 1513 1401 debere,
1537 1369 1592 1402 ne,
1614 1359 1644 1394 si
1665 1370 1745 1394 cum
1765 1364 1868 1404 patre
1888 1361 1963 1396 solo
1984 1366 2112 1406 pactus
2135 1362 2210 1405 sim,
2232 1363 2325 1398 filius

1234 1412 1305 1437 non
1330 1403 1444 1447 possit
1466 1404 1610 1439 liberari
1635 1407 1670 1440 et
1695 1409 1909 1450 quaeratur,
1942 1409 2107 1442 utrumne
2130 1408 2218 1442 nihil
2241 1419 2324 1453 aga-

1233 1451 1293 1482 tur
1324 1459 1368 1483 ex
1378 1448 1409 1470 ²³
1441 1459 1484 1484 ea
1515 1449 1683 1494 pactione
1719 1461 1766 1485 an
1802 1461 1883 1486 vero
1917 1461 1981 1496 ego
2014 1452 2154 1496 quidem
2185 1453 2324 1495 liberer,

1233 1492 1327 1529 iilius
1352 1497 1496 1530 maneat
1519 1495 1707 1540 obligatus,
1733 1496 1850 1539 sicuti,
1875 1496 1905 1532 si
1950 1497 2079 1542 upillus
2101 1498 2176 1533 sine
2195 1499 2324 1535 tutoris

1233 1539 1449 1575 auctoritate
1481 1540 1706 1585 paciscatur,
1741 1541 1817 1586 ipse
1854 1542 1914 1587 qui
1941 1553 1994 1577 em
2029 1543 2216 1586 liberatur,
2252 1555 2323 1579 non

1233 1583 1340 1619 etiam
1371 1585 1432 1629 qui
1464 1596 1543 1620 cum
1576 1596 1617 1621 eo
1651 1589 1777 1631 pactus
1810 1591 1874 1622 est.
1923 1589 2044 1622 nam²⁴
2077 1589 2171 1633 quod
2201 1589 2322 1625 Aristo

1234 1629 1362 1664 dixit2⁵
1385 1641 1492 1675 posse
1515 1631 1565 1666 ita
1588 1632 1741 1676 pacisci,
1774 1636 1814 1668 ut
1845 1643 1937 1668 unus
1970 1638 2112 1668 maneat
2136 1634 2322 1679 obligatus,

1233 1685 1305 1710 non
1330 1679 1384 1710 est
1407 1687 1546 1719 verum,
1581 1677 1665 1722 quia
1696 1688 1762 1722 pro
1797 1688 1869 1713 una
1901 1682 2004 1723 parte
2036 1680 2322 1715 contrahentium

1233 1720 1323 1755 abiri
1346 1724 1454 1765 pacto
1479 1722 1524 1757 ab
1560 1722 1736 1767 emptione
1767 1734 1840 1758 non
1871 1724 2001 1768 possit:
2036 1728 2071 1758 et
2102 1724 2181 1760 ideo
2214 1725 2245 1760 si
2277 1726 2321 1760 ab

1233 1775 1305 1800 una
1328 1770 1431 1811 parte
1453 1771 1645 1803 renovatus
1670 1767 1716 1803 sit
1740 1772 1966 1812 contractus,
2001 1769 2131 1804 dicitur
2164 1782 2235 1806 non
2260 1781 2319 1806 va-

1231 1810 1305 1846 lere
1342 1811 1515 1847 eiusmodi
1549 1813 1762 1857 pactionem.
1808 1814 1872 1849 sed
1908 1814 2096 1850 dicendum
2131 1819 2185 1851 est
2219 1820 2322 1860 patre

1230 1856 1436 1936 Egciscente
1460 1861 1495 1893 et
1517 1858 1666 1894 liberato
1692 1858 1894 1895 adversario
1916 1859 2027 1895 filium
2046 1871 2186 1906 quoque
2206 1861 2321 1896 obiter

1283 1912 1385 1937 erari.

1277 1945 1303 1984 2
1334 1947 1443 1983 IDEM
1468 1948 1558 1984 libro
1591 1949 1780 1985 vicensimo
1813 1954 1944 1995 quareo
1978 1949 2027 1985 ad
2056 1949 2230 1986 Sabinum
2284 1951 2320 1986 Si

1231 2003 1337 2037 quam
1361 2003 1435 2028 rem
1459 2003 1481 2029 a
1503 1996 1539 2029 te
1563 1994 1649 2037 emi,
1682 1995 1830 2030 eandem
1860 2006 1983 2030 rursus
2015 2005 2038 2030 a
2060 1998 2096 2030 te
2119 1996 2231 2041 pluris
2257 1997 2303 2031 mi

1230 2038 1369 2074 norisve
1393 2049 1522 2082 emero,
1548 2039 1774 2075 discessimus
1799 2050 1820 2075 a
1844 2040 1961 2085 priore
1986 2041 2163 2085 emptione
2189 2044 2316 2086 (potest

1230 2083 1333 2126 enim,
1359 2083 1443 2119 dum
1463 2095 1519 2120 res
1539 2084 1676 2130 integra
1696 2088 1761 2128 est,
1787 2086 2021 2121 conventione
2041 2089 2164 2121 nostra
2187 2086 2321 2122 infecta

1230 2128 1305 2164 fieri
1337 2130 1480 2174 emptio)
1513 2134 1621 2175 atque
1652 2130 1703 2165 ita
1735 2130 1898 2166 consistit
1928 2131 2105 2175 posterior
2115 2132 2146 2152 2⁰
2177 2132 2318 2177 emptio,

1229 2174 1331 2219 quasi
1363 2175 1460 2210 nulla
1490 2176 1736 2220 praecesserit.
1774 2176 1837 2212 sed
1868 2187 1940 2211 non
1971 2176 2165 2221 poterimus
2197 2178 2319 2213 eadem

1228 2219 1366 2255 ratione
1398 2220 1451 2255 uti
1480 2224 1564 2265 post
1594 2221 1749 2266 pretium
1772 2221 1929 2257 solutum
1954 2222 2132 2266 emptione
2156 2223 2317 2267 repetita,

1229 2276 1310 2300 cum
1341 2269 1424 2311 post
1455 2266 1607 2311 pretium
1639 2267 1795 2302 solutum
1826 2266 1996 2302 infectam
2029 2267 2240 2312 emptionem
2263 2267 2317 2303 fa-

1229 2321 1309 2346 cere
1334 2321 1406 2346 non
1429 2321 1633 2356 possumus.

1275 2353 1298 2392 3
1314 2354 1370 2390 ΡΑ
1379 2366 1422 2391 UL
1430 2366 1474 2391 Us
1483 2356 1572 2392 libro
1588 2356 1794 2403 triqensimo
1810 2358 1913 2392 tertio
1927 2357 1978 2392 ad
1988 2357 2141 2393 edictum
2173 2358 2316 2402 Emptio

1228 2405 1264 2435 et
1287 2401 1441 2436 venditio
1467 2402 1559 2436 sicut
1583 2412 1760 2437 consensu
1785 2402 2027 2444 contrahitur,
2059 2402 2111 2437 ita
2136 2404 2316 2438 contrario

1228 2455 1406 2480 consensu
1418 2446 1619 2488 resolvitur,
1641 2450 1832 2491 antequam
1851 2447 1960 2482 fuerit
1978 2458 2034 2482 res
2056 2451 2196 2483 secuta:
2218 2448 2315 2483 ideo-

1228 2500 1295 2536 que
1320 2491 1519 2535 quaesitum
1544 2494 1616 2534 est,
1649 2491 1679 2526 si
1711 2495 1848 2536 emptor
1871 2491 2114 2526 fideiussorem
2139 2493 2316 2537 acceperit

1226 2536 1280 2571 vel
1304 2535 1466 2571 venditor
1489 2536 1680 2588 stipulatus
1704 2536 1832 2579 fuerit,
1866 2547 1911 2571 an
1935 2537 2031 2571 nuda
2054 2537 2236 2572 voluntate
2260 2549 2314 2573 re·

1227 2581 1386 2616 solvatur
1409 2581 1588 2626 obligatlo.
1625 2581 1784 2617 Iulianus
1808 2582 1951 2626 scripsit
1972 2593 2014 2616 ex
2035 2585 2152 2626 empto
2176 2583 2316 2627 quidem

1226 2626 1282 2671 agi
1306 2637 1378 2662 non
1401 2637 1525 2672 posse,
1559 2627 1641 2671 quia
1671 2627 1788 2662 bonae
1819 2626 1901 2661 fidei
1932 2627 2062 2662 iudicio
2088 2628 2314 2672 exceptiones

1225 2672 1321 2716 pacti
1344 2672 1482 2707 insunt:
1509 2683 1555 2707 an
1580 2675 1699 2707 autem
1723 2671 1921 2707 fideiussori
1945 2671 2040 2707 utilis
2065 2672 2111 2707 sit
2135 2673 2310 2718 exceptio,

1226 2717 1433 2752 videndum:
1467 2720 1501 2752 et
1533 2721 1618 2762 puto
1643 2716 1793 2752 liberato
1818 2727 1878 2752 reo
1903 2720 1939 2752 et
1962 2717 2204 2753 fideiussorem
2228 2719 2314 2754 libe-

1225 2762 1307 2797 rari.
1352 2762 1434 2797 item
1465 2762 1682 2798 venditorem
1714 2773 1757 2797 ex
1789 2762 1959 2806 stipulatu
1992 2767 2153 2807 agentem
2185 2774 2312 2808 excep-

1225 2808 1322 2843 tione
1346 2807 1557 2842 summoveri
1581 2810 1732 2852 oportet,
1758 2807 1920 2852 idemque
1943 2807 2030 2842 iuris
2052 2818 2140 2851 esse,
2165 2809 2195 2844 si
2216 2819 2312 2854 emp-

1225 2857 1282 2888 tor
1306 2863 1447 2897 quoque
1470 2863 1545 2887 rem
1569 2852 1605 2886 in
1625 2852 1890 2896 stipulationem
1910 2852 2106 2888 deduxerit.

1271 2896 1296 2934 4
1320 2897 1430 2933 Libro
1455 2903 1580 2932 octavo
1605 2897 1825 2943 diyestorum
1849 2897 2012 2933 IULIANI
2033 2897 2193 2934 PAULUS
2212 2902 2312 2934 notat

1225 2942 1262 2978 Si
1298 2942 1428 2987 emptio
1466 2946 1652 2977 contracta
1684 2942 1729 2977 sit
1759 2945 1863 2986 togae
1894 2946 1983 2988 puta
2015 2947 2077 2978 aut
2107 2943 2239 2986 lancis,
2277 2947 2311 2979 et

1224 2991 1351 3033 pactus
1385 2988 1431 3022 sit
1461 2987 1641 3029 venditor,
1678 2997 1723 3022 ne
1756 2987 1961 3023 alterutrius
1993 2989 2121 3034 emptio
2157 2992 2309 3031 maneat,

1223 3037 1310 3078 puto
1335 3032 1462 3068 resolvi
1487 3032 1744 3077 obligationem>
1758 3033 1864 3068 huius
1884 3033 1937 3068 rei
1955 3034 2096 3068 nomine
2116 3034 2309 3069 dumtaxat.

1270 3077 1294 3116 5
1320 3077 1514 3113 IULIANUS
1530 3077 1620 3112 libro
1669 3078 1770 3113 uinto
1795 3078 1931 3114 decimo
1956 3078 2175 3124 diqestorum
2223 3078 2310 3113 Cum

1224 3126 1363 3169 emptor
1394 3122 1568 3158 venditori
1599 3088 1667 3158 vef
1687 3123 1837 3168 emptori
1860 3123 2020 3158 venditor
2044 3127 2231 3175 acceptum
2254 3123 2307 3158 fa-

1224 3168 1313 3211 ciat,
1345 3168 1510 3203 voluntas
1542 3167 1727 3213 utriusque
1750 3168 1949 3203 ostenditur
1971 3168 2008 3203 id
2032 3173 2185 3214 63811118,
2219 3171 2258 3203 111
2288 3177 2309 3202 6

1223 3213 1362 3258 negotio
1389 3212 1593 3248 discedatur
1617 3216 1653 3248 et
1682 3213 1829 3258 perinde
1859 3213 2054 3256 habeatur,
2088 3224 2130 3248 ac
2162 3213 2191 3248 si
2224 3223 2307 3247 con-

1222 3259 1377 3294 venisset
1398 3258 1490 3293 inter
1514 3267 1591 3300 eos,
1616 3261 1656 3293 ut
1679 3262 1804 3294 neuter
1828 3258 1873 3294 ab
1898 3259 2008 3294 altero
2034 3259 2222 3303 quicquam
2246 3267 2306 3301 pe-

1222 3307 1332 3346 teret,
1365 3302 1428 3338 sed
1459 3305 1499 3337 ut
1530 3302 1724 3340 evidentius
1755 3307 1945 3349 appareat,
1978 3303 2200 3348 acceptilatio
2211 3302 2241 3323 ²⁷
2271 3301 2308 3336 in

1222 3463 1283 3503 (19)
1308 3472 1375 3494 11011
1389 3462 1452 3495 del.
1465 3462 1618 3506 Krueyer
1740 3466 1802 3501 (2ο)
1828 3473 1865 3495 ex
1880 3462 1993 3494 endito
2007 3462 2041 3493 F
2162 3462 2219 3501 (21)
2245 3460 2306 3492 alii

1222 3508 1283 3540 ins.
1297 3507 1405 3540 Faber

1267 3552 1329 3592 (22)
1355 3551 1435 3584 Sal».
1451 3559 1535 3591 1...5;
1548 3552 1615 3585 Ed.
1629 3559 1665 3591 63
1678 3553 1763 3594 Pap.
1775 3560 1800 3585 τ.
1813 3560 1828 3586 s
1841 3563 1848 3589 3
1862 3551 1950 3594 App.
1961 3558 1987 3584 9.
1999 3558 2043 3584 10.
2056 3568 2101 3574 -
2115 3550 2199 3582 Bas.
2213 3550 2264 3588 19,
2277 3557 2303 3582 5.

1220 3614 1264 3620 —
1281 3597 1331 3639 Cf
1350 3596 1426 3629 Cod.
1441 3597 1472 3637 4,
1487 3603 1531 3630 44.
1546 3604 1580 3631 45
1673 3597 1732 3635 (23)
1760 3607 1799 3628 ex
1814 3597 1875 3629 del.
1970 3597 2031 3634 (24)
2056 3595 2145 3634 nam]
2160 3594 2227 3626 iam
2240 3606 2306 3626 scr.

1221 3643 1282 3683 (25)
1308 3640 1396 3673 dixis
1407 3641 1442 3674 F
1528 3643 1591 3683 (26)
1617 3642 1834 3684 posteriorem
1846 3641 1881 3673 F'
1979 3641 2041 3681 (27)
2067 3638 2222 3670 accedat:
2236 3638 2301 3670 ita-

1221 3696 1284 3728 que
1298 3685 1513 3727 acceptilatio
1528 3687 1587 3720 ἰπε.
