2528 3918
83 126 224 158 VERSO

83 238 231 272 ditorem
255 235 298 271 de
320 235 358 270 in
380 245 453 269 rem
476 242 576 267 verso
597 231 731 266 habere
751 231 938 266 actionem.
965 241 1011 265 an
1031 234 1066 265 et
1084 241 1168 265 ven-

83 283 177 318 ditor
208 281 358 322 habeat,
390 279 473 323 quia
504 287 560 311 res
586 277 661 311 eius
685 280 922 320 pervenerunt
945 276 982 310 in
1006 286 1080 310 rem
1105 275 1168 310 do-

83 327 193 362 mini?
228 326 320 361 ratio
343 325 412 359 1100
436 322 533 364 10011,
559 325 599 356 111
622 325 805 356 1011001111;
837 321 932 355 unde
955 321 1081 365 incipit
1105 321 1168 355 do-

84 373 198 407 minus
230 370 342 406 teneri
374 379 417 403 ex
449 377 521 402 una
552 377 662 402 causa
695 367 845 401 duobus.
893 366 1042 411 proinde
1073 370 1108 401 et
1139 365 1170 400 si

83 423 155 452 tam
204 415 329 451 ecunia
353 423 459 459 quam
482 412 589 447 vestis
614 412 737 456 periit,
771 411 959 447 dicendum
992 412 1058 446 erit
1080 411 1168 445 utri-

82 472 150 508 que
178 428 359 496 {ominum
390 457 520 499 teneri,
557 457 725 502 quoniam
750 457 853 492 ambo
878 457 915 491 in
939 467 1013 491 rem
1038 456 1169 491 domini

81 511 214 542 vertere
237 505 434 540 voluerunt.

126 550 150 587 4
179 550 300 586 GAms
328 549 419 584 libro
451 559 546 583 nono
578 548 629 583 ad
650 547 805 583 edictum
822 547 1053 593 provinciale
1100 546 1170 581 Sed

81 596 268 632 dicendum
300 598 353 629 est
386 594 596 638 occupantis
620 593 799 628 meliorem
825 592 1069 627 condicionem
1094 602 1170 627 esse

82 642 223 677 debere:
245 650 328 674 nam
348 639 508 683 utrisque
529 638 757 674 condemnari
776 637 958 672 dominum
978 637 1022 672 de
1038 638 1076 672 in
1095 647 1170 672 rem

81 696 179 722 verso
203 685 363 730 iniquum
388 688 452 719 est.

126 730 149 768 5
183 730 377 766 [samm
406 730 498 764 libro
522 729 713 764 vicensimo
738 739 833 764 nono
858 728 908 762 ad
930 727 1086 763 edictum
1133 727 1171 762 Si

80 787 136 812 res
169 775 309 810 domino
343 785 415 810 non
439 774 660 809 necessarias
685 774 808 809 emerit
832 783 955 808 servus
981 773 1083 818 quasi
1107 773 1169 808 do-

80 822 173 856 mino
197 820 461 861 necessarias¹,
493 820 601 854 veluti
626 829 766 860 servos,
798 819 974 853 hactenus
998 818 1111 853 videri
1133 818 1171 852 in

79 877 152 902 rem
187 866 261 901 eius
295 876 435 900 versum
459 865 678 910 Pomponius
711 864 853 906 scribit,
886 867 1062 909 quatenus
1095 874 1169 898 ser-

79 923 201 948 vorum
220 921 342 946 verum
360 911 513 956 pretium
534 910 633 952 facit,
660 920 751 951 cum,
777 910 807 944 si
825 909 1046 944 necessarias
1067 909 1169 944 emis-

82 961 96 992 1
146 960 211 999 set,
235 957 273 991 in
292 956 443 991 solidum
464 959 598 1000 quanto
618 955 820 990 venissent2
843 959 1035 990 teneretur.
1072 954 1170 989 Idem

80 1003 140 1044 ait,
166 1002 239 1037 sive
262 1005 380 1036 ratum
403 1001 536 1036 habeat
555 1001 646 1035 servi
667 1003 892 1035 contractum
913 1000 1076 1034 dominus
1098 999 1170 1034 sive

80 1051 99 1083 2
146 1058 229 1089 non,
255 1047 299 1082 de
322 1047 358 1081 in
378 1057 452 1082 rem
468 1056 570 1081 verso
592 1056 670 1080 esse
689 1046 875 1080 actionem.
924 1045 1027 1089 Quod
1048 1055 1170 1080 servus

80 1093 221 1128 domino
248 1092 350 1134 emit,
382 1092 413 1127 si
437 1091 578 1136 quidem
602 1091 783 1126 voluntate
808 1091 883 1126 eius
916 1091 1018 1132 emit,
1051 1093 1172 1135 potest

102 1138 174 1173 uod
190 1138 290 1172 iussu
306 1137 380 1182 agi:
407 1137 461 1172 sin
484 1147 566 1172 vero
592 1148 664 1171 non
689 1148 732 1172 ex
755 1136 949 1177 voluntate,
975 1135 1005 1171 si
1029 1135 1171 1180 quidem

80 1150 241 1219 dominus
258 1186 376 1217 ratum
392 1183 558 1217 habuerit
574 1182 630 1217 vel
653 1181 811 1227 alioquin
834 1192 907 1216 rem
931 1181 1171 1216 necessariam

79 1229 132 1264 vel
156 1229 278 1263 utilem
302 1228 443 1263 domino
469 1228 569 1269 emit,
603 1227 647 1262 de
677 1228 715 1262 in
738 1237 813 1262 rem
837 1237 940 1262 verso
966 1227 1060 1262 actio
1086 1227 1169 1261 erit:

79 1278 98 1310 3
146 1274 176 1309 si
195 1284 277 1308 vero
295 1273 383 1308 nihil
403 1284 524 1308 eorum
545 1276 611 1314 est,
637 1272 681 1308 de
697 1273 837 1317 peculio
858 1273 924 1307 erit
944 1273 1050 1307 actio.
1087 1271 1170 1306 Pla-

80 1323 136 1355 cet
160 1330 232 1355 non
256 1319 371 1354 solum
395 1329 473 1354 eam
523 1318 686 1353 ecuniam
708 1318 745 1352 in
768 1329 843 1352 rem
860 1318 958 1360 verti,
985 1328 1076 1362 quae
1096 1321 1170 1352 sta-

78 1365 141 1400 tim
165 1375 187 1399 a
212 1364 386 1399 creditore
411 1364 456 1398 ad
505 1363 660 1398 ominum
684 1363 902 1408 pervenerit,
935 1363 997 1398 sed
1022 1366 1056 1398 et
1080 1373 1172 1407 quae

78 1411 176 1456 prius
201 1409 309 1444 fuerit
332 1409 369 1443 in
392 1409 545 1454 peculio.
581 1409 650 1444 hoc
672 1413 790 1444 autem
810 1409 941 1444 totiens
961 1419 1084 1444 verum
1105 1412 1170 1450 est,

102 1456 241 1491 uotiens
266 1464 387 1490 servus
411 1465 486 1489 rem
507 1454 638 1489 domini
656 1465 782 1499 gerens
801 1454 1071 1499 locupletiorem
1090 1463 1172 1488 eum

78 1467 166 1536 10011
198 1500 350 1535 nummis
381 1500 631 1544 pecuharibus.
682 1499 839 1544 alioquin
870 1500 901 1534 si
930 1509 1031 1534 servo
1062 1509 1172 1544 pecu-

79 1547 163 1581 lium
187 1546 350 1581 dominus
375 1545 509 1580 adimat
533 1546 588 1580 vel
612 1545 642 1580 si
666 1545 795 1580 vendat
820 1555 900 1580 eum
925 1555 1006 1579 cum
1030 1544 1171 1589 peculio

78 1592 134 1627 vel
157 1601 232 1626 rem
256 1591 331 1626 eius
355 1591 571 1635 peculiarem
596 1594 631 1625 et
654 1590 807 1635 pretium
828 1590 956 1635 exigat,
982 1601 1054 1625 non
1074 1589 1170 1624 vide-

78 1641 137 1672 tur
160 1637 196 1671 in
220 1647 294 1671 rem
318 1646 470 1671 versum.

125 1680 150 1719 6
177 1682 457 1717 ΤΒῩΡΗΟΜΜΤ3
485 1682 576 1716 libro
594 1682 718 1727 primo
743 1681 1031 1727 disputationum
1078 1680 1172 1715 Nam

79 1728 110 1763 si
139 1728 209 1762 hoc
239 1737 362 1762 verum
387 1730 499 1769 esset,
537 1727 643 1761 etiam
676 1730 867 1771 antequam
899 1726 1068 1762 venderet
1099 1736 1171 1761 rem

79 1773 312 1825 peculiarem,
345 1772 388 1807 de
419 1773 455 1807 in
485 1773 584 1807 rem³
616 1782 717 1807 verso
750 1775 950 1813 teneretur,
987 1771 1071 1817 quia
1101 1772 1171 1806 hoc

78 1830 90 1853 1
117 1823 168 1860 so,
194 1818 290 1863 quod
313 1828 435 1853 servus
459 1828 533 1853 rem
556 1818 593 1852 in
612 1817 753 1862 peculio
774 1817 933 1859 haberet,
958 1817 1172 1862 locupletior

105 1868 188 1905 eret,
216 1863 311 1908 quod
334 1867 458 1908 aperte
481 1863 613 1898 falsum
638 1867 702 1898 est.

126 1907 149 1945 7
183 1908 378 1945 [samm
399 1909 489 1944 libro
513 1909 703 1944 vicensimo
728 1919 823 1943 nono
849 1907 898 1942 ad
921 1907 1075 1943 edictum
1122 1907 1172 1941 Et

79 1955 159 1990 ideo
194 1958 230 1988 et
261 1954 291 1989 si
323 1953 508 1989 donaverit
532 1964 655 1989 servus
679 1953 821 1988 domino
846 1963 921 1988 rem
944 1953 1171 1998 peculiarem,

80 2000 173 2035 actio
208 2000 252 2035 de
281 1999 318 2034 in
352 2010 427 2034 rem
458 2010 559 2034 verso
593 1998 764 2040 cessabit,
798 2002 831 2034 et
863 2002 947 2033 sunt
975 1999 1044 2034 ista
1074 2009 1170 2033 vera.

82 2048 97 2080 1
147 2045 259 2080 Plane
275 2045 305 2080 si
320 2048 483 2079 mutuum
500 2055 622 2080 servus
639 2044 839 2089 acceperit¹¹
865 2047 900 2078 et
916 2043 1072 2079 donandi
1095 2043 1171 2079 ani-

80 2102 136 2126 mo
170 2091 291 2133 solvit,
324 2090 407 2125 dum
438 2100 511 2125 non
543 2090 619 2125 vult
643 2100 723 2125 eum
747 2089 942 2124 debitorem
966 2089 1086 2124 facere
1109 2100 1171 2134 pe-

81 2139 100 2171 2
149 2136 328 2177 culiarem,
355 2135 398 2170 de
421 2136 458 2170 in
481 2146 556 2170 rem
578 2145 681 2170 verso
707 2135 799 2170 actio
825 2138 889 2170 est.
938 2134 1030 2169 Illud
1049 2145 1172 2169 verum

80 2193 153 2216 non
178 2185 250 2223 est,
276 2180 372 2225 quod
394 2180 491 2215 Mela
515 2181 657 2222 scribit,
688 2181 719 2216 si
749 2190 850 2215 servo
883 2191 961 2215 meo
986 2184 1172 2225 argentum

81 2227 239 2269 dederis,
270 2230 311 2261 ut
342 2226 474 2271 pocula
505 2226 570 2260 tibi
602 2226 739 2261 faceret
763 2236 806 2260 ex
830 2225 988 2270 quolibet
1012 2230 1171 2270 argento,

80 2283 164 2307 mox
185 2271 291 2306 factis
315 2272 452 2323 poculis
477 2282 598 2306 servus
624 2271 832 2313 decesserit,
858 2281 935 2306 esse
959 2271 1024 2305 tibi
1048 2270 1171 2305 adver-

81 2328 141 2352 sus
165 2327 221 2352 me
245 2317 289 2352 de
312 2328 349 2351 111
373 2327 447 2351 10111
470 2328 571 2352 verso
597 2317 792 2358 actionem,
825 2316 992 2360 quoniam
1025 2326 1172 2361 possum

82 2366 101 2397 3
148 2362 279 2407 pocula
311 2362 501 2397 vindicare.
549 2362 642 2397 Illud
675 2362 782 2406 plane
817 2371 939 2396 verum
970 2366 1043 2403 est,
1076 2362 1172 2406 quod

82 2408 204 2443 Labeo
236 2408 377 2450 scribit,
411 2408 441 2443 si
472 2408 599 2443 odores
631 2411 667 2442 et
697 2411 878 2451 unguenta
902 2417 1024 2442 servus
1050 2407 1173 2442 emerit

83 2457 118 2488 et
142 2453 188 2487 ad
211 2453 319 2488 funus
345 2453 541 2497 erogaverit
565 2452 660 2498 quod
684 2452 731 2487 ad
755 2452 936 2487 dominum
961 2463 1065 2487 suum
1089 2463 1170 2497 per-

82 2502 103 2533 4
149 2499 309 2540 tinebat,
341 2498 452 2533 videri
474 2498 511 2533 in
535 2509 611 2534 rem
635 2497 767 2533 domini
791 2508 942 2532 versum.
991 2498 1090 2532 Idem
1122 2498 1173 2532 ait

83 2547 117 2579 et
141 2544 171 2578 si
194 2543 427 2578 hereditatem
451 2553 473 2578 a
496 2554 597 2578 servo
623 2547 684 2578 tuo
710 2553 826 2578 emero
852 2553 943 2587 quae
967 2543 1014 2578 ad
1034 2547 1070 2578 te
1089 2554 1170 2588 per-

83 2589 221 2623 tinebat
256 2592 292 2623 et
328 2588 564 2624 creditoribus
600 2589 789 2634 pecuniam
825 2588 1008 2631 solvero⁵,
1045 2588 1172 2623 deinde

82 2634 174 2669 hanc
198 2633 430 2668 hereditatem
454 2634 642 2669 abstuleris
666 2634 768 2675 mihi,
804 2644 847 2668 ex
880 2637 997 2678 empto
1030 2634 1172 2669 actione

82 2690 138 2714 me
160 2679 197 2714 id
219 2680 336 2723 ipsum
360 2684 651 2714 consecuturum:
677 2678 787 2713 videri
812 2678 903 2713 enim
922 2679 959 2713 in
979 2690 1054 2714 rem
1073 2683 1171 2714 tuam

83 2735 239 2759 versum:
276 2735 359 2758 nam
394 2728 430 2759 et
460 2725 490 2759 si
520 2725 751 2759 hereditatem
784 2734 805 2758 a
838 2734 937 2758 servo
963 2735 1100 2766 emero,
1133 2728 1172 2759 ut

84 2770 178 2822 quod
210 2769 295 2803 mihi
327 2770 372 2804 ab
407 2770 484 2814 ipso
522 2780 622 2805 servo
661 2769 855 2804 debebatur
892 2780 1171 2814 compensarem,

84 2815 168 2850 hcet
191 2815 278 2849 nihil
309 2815 416 2857 solvi,
447 2819 567 2850 tamen
592 2814 762 2859 consequi
785 2825 841 2849 me
865 2825 909 2849 ex
934 2819 1050 2859 empto
1077 2815 1172 2860 quod

84 2860 130 2894 ad
161 2860 340 2895 dominum
371 2860 541 2904 pervenit.
588 2870 651 2905 ego
685 2863 804 2894 autem
836 2871 907 2894 non
939 2865 1026 2904 puto
1060 2860 1103 2895 de
1135 2860 1171 2894 in

85 2916 159 2940 rem
194 2915 296 2940 verso
332 2915 410 2940 esse
442 2906 618 2941 actionem
651 2905 818 2950 emptori,
852 2905 919 2939 nisi
952 2906 1020 2940 hoc
1052 2906 1170 2940 animo

84 2954 103 2985 5
151 2951 298 2995 gesserit
331 2961 473 2993 servus,
509 2955 549 2985 ut
579 2951 616 2986 in
648 2961 721 2985 rem
757 2950 889 2985 domini
924 2954 1085 2985 verteret.
1134 2950 1172 2985 Si

85 2995 176 3030 filius
200 2995 352 3030 familias
376 2996 562 3040 pecuniam
580 2999 763 3031 mutuatus
784 3006 848 3040 pro
870 2995 943 3030 filia
964 3006 1030 3030 sua
1051 2996 1169 3031 dotem

85 3040 230 3083 dederit,
256 3041 293 3075 in
315 3051 390 3075 rem
413 3051 553 3076 versum
576 3041 688 3086 patris
712 3040 862 3082 videtur,
888 3045 1064 3085 quatenus
1085 3051 1171 3076 avus

84 3096 149 3130 pro
180 3090 287 3131 nepte
320 3086 467 3121 daturus
495 3086 574 3121 11111.
620 3096 712 3131 (11100
743 3086 920 3120 sententia
949 3086 1001 3120 ita
1032 3086 1172 3121 demum

85 3130 170 3165 mihi
200 3141 283 3166 vera
315 3131 472 3174 videtur,
503 3132 533 3166 si
555 3131 625 3167 hoc
649 3131 765 3166 animo
790 3131 886 3165 dedit
909 3135 950 3166 ut
972 3132 1085 3176 patris
1110 3141 1171 3166 ne-

86 3175 222 3220 gotium
244 3186 380 3221 gerens.

132 3217 155 3258 8
181 3221 339 3256 PAULUS
360 3221 452 3257 libro
486 3222 695 3267 triqensimo
728 3221 778 3256 ad
806 3221 959 3256 edictum
1005 3221 1055 3256 Et
1085 3221 1172 3256 nihil

86 3265 255 3301 interesse
278 3266 496 3311 Pomponius
521 3267 582 3309 ait,
606 3267 700 3302 filiae
723 3277 810 3302 suae
834 3267 975 3301 nomine
999 3277 1046 3301 011
1070 3277 1170 3302 3010-

86 3311 134 3345 113
157 3311 212 3346 vel
234 3312 348 3356 neptis
374 3321 416 3346 ex
441 3312 551 3347 altero
573 3312 644 3347 filio
666 3315 773 3347 natae
794 3311 940 3346 dederit.
976 3312 1069 3347 idem
1089 3323 1170 3356 ergo

88 3355 243 3391 dicemus
277 3361 311 3391 et
341 3357 371 3391 si
402 3367 524 3392 servus
556 3361 739 3392 mutuatus
770 3356 879 3392 fuerit
903 3361 939 3392 et
962 3356 1094 3392 domini
1117 3357 1172 3391 sui

88 3400 180 3435 filiae
204 3402 345 3436 nomine
367 3402 404 3436 in
429 3402 546 3437 dotem
571 3402 717 3437 dederit.

133 3443 158 3482 9
183 3445 228 3479 IA
239 3455 407 3482 VOLENUS
427 3447 518 3482 libro
543 3447 753 3482 duodecimo
777 3458 827 3482 ex
853 3447 972 3482 Cassio
1021 3446 1059 3481 Si
1089 3456 1172 3481 vero

88 3494 190 3534 pater
214 3490 330 3525 dotem
354 3491 502 3527 daturus
527 3503 599 3527 non
621 3492 709 3534 11111,
741 3492 778 3526 111
801 3502 876 3527 10111
899 3491 1011 3537 patris
1034 3502 1174 3526 versum

89 3543 166 3569 esse
189 3545 262 3569 non
284 3535 433 3570 videtur.

137 3578 187 3616 10
220 3579 414 3615 ULPIANUS
441 3581 531 3617 libro
555 3582 719 3616 vicesimo
743 3593 839 3617 nono
864 3581 914 3616 ad
936 3581 1089 3616 edictum
1136 3580 1175 3615 Si

92 3692 131 3734 (1)
156 3694 344 3724 necessaria
359 3693 389 3724 F

92 3738 133 3777 (4)
148 3739 279 3779 accepit
291 3738 343 3769 F²

465 3695 507 3732 (2)
532 3694 678 3726 venisset
689 3694 739 3725 F2

425 3742 466 3774 15)
480 3738 606 3770 solvere
619 3739 652 3770 F
729 3740 772 3780 (6)
788 3738 881 3770 dedit
892 3739 925 3770 F
1001 3740 1043 3779 (ἵ)
1059 3748 1173 3778 (1110111-

1157 105 1238 151 203

820 3695 862 3734 (3)
888 3694 928 3725 de
941 3694 977 3725 111
989 3704 1059 3725 10111
1073 3706 1132 3726 om.
1145 3694 1179 3725 F

2197 109 2332 150 XV3

1240 240 1304 274 pro
1330 234 1433 274 patre
1465 229 1560 263 filius
1593 229 1808 265 fideiusserit
1839 234 1875 265 et
1904 230 2072 266 creditori
2105 230 2267 274 solverit,
2298 231 2335 267 in

1239 285 1313 309 rem
1350 274 1462 319 patris
1495 274 1635 309 videtur
1670 285 1831 317 versum,
1869 277 1952 321 quia
2012 280 2124 311 atrem
2159 276 2334 311 liberavit.

1243 323 1255 354 1
1309 319 1375 354 Cui
1398 319 1511 354 simile
1536 322 1602 361 est,
1629 320 1723 364 quod
1748 320 1967 364 Papinianus
2004 322 2081 356 ibro
2106 332 2200 357 nono
2226 332 2334 367 quae-

1239 364 1395 400 stionum
1420 365 1562 406 scribit,
1596 364 1626 398 si
1659 364 1752 399 filius
1787 367 1888 410 quasi
1922 366 2087 402 defensor
2110 367 2221 412 patris
2245 367 2334 402 iudi-

1241 410 1335 445 cium
1359 410 1558 455 susceperit
1582 413 1616 444 et
1641 410 1687 444 sit
1712 410 1979 454 condemnatus,
2005 412 2048 447 de
2072 412 2109 447 in
2132 423 2208 448 rem
2231 423 2334 448 verso

1239 455 1354 490 teneri
1384 458 1541 500 patrem:
1578 464 1732 499 namque
1761 455 1855 490 filius
1889 467 1967 491 eum
1999 457 2130 493 iudicio
2166 461 2334 503 suscepto

1240 504 1258 534 2
1308 500 1480 535 liberavit.
1530 499 1628 535 Idem
1663 503 1797 535 tractat
1830 501 2047 546 Papinianus
2085 506 2120 538 et
2155 503 2203 546 si,
2240 503 2336 549 quod

1239 549 1377 590 patrem
1403 545 1488 581 dare
1513 549 1712 590 oporteret,
1745 555 1767 579 a
1798 545 1871 580 filio
1902 547 1968 581 sim
1999 548 2191 592 stipulatus
2226 553 2262 583 et
2285 549 2336 584 ita

1240 591 1466 626 convenerim
1489 590 1620 633 filium,
1652 601 1735 625 nam
1760 595 1795 625 et
1819 591 1876 626 hic
1902 591 1945 626 de
1968 592 2005 626 in
2028 604 2102 627 10111
2126 604 2227 629 verso
2253 593 2331 630 fore

1240 637 1436 671 actionem:
1469 636 1538 671 nisi
1570 636 1601 671 si
1633 636 1767 671 donare
1790 636 1885 680 patri
1909 636 2002 672 filius
2027 638 2155 680 voluit,
2189 639 2273 674 dum
2296 650 2336 675 se

1240 685 1259 716 3
1308 681 1451 726 obligat.
1501 681 1620 725 Quare
1652 685 1772 726 potest
1803 681 1873 716 dici
1907 686 1942 717 et
1974 682 2004 717 si
2035 682 2078 718 de
2109 684 2248 728 peculio
2273 695 2334 720 ac-

1239 727 1372 762 tionem
1393 727 1496 772 quasi
1514 726 1681 762 defensor
1700 727 1812 771 patris
1833 728 2040 771 susceperit,
2062 729 2175 764 teneri
2196 734 2335 774 patrem

1241 772 1284 807 de
1308 772 1345 806 in
1369 783 1443 807 rem
1467 783 1568 808 verso
1594 783 1707 816 usque
1731 772 1777 807 ad
1799 772 1930 817 peculii
1951 773 2206 817 quantitatem:
2233 776 2335 810 cuius

1240 818 1438 853 sententiae
1461 817 1498 852 id
1523 818 1590 852 erit
1615 818 1902 860 emolumentum,
1928 822 1979 859 ut,
2004 818 2035 852 si
2054 818 2155 854 finita
2174 820 2220 854 sit
2240 821 2334 855 00110

1240 863 1284 898 (10
1308 863 1460 908 peculio,
1487 863 1530 898 de
1553 863 1590 898 in
1614 873 1689 898 rem
1708 873 1810 898 verso
1831 863 2073 899 conveniatur.
2112 875 2174 909 ego
2197 869 2232 900 et
2252 870 2336 901 01110

1241 908 1576 944 condemnationem
1600 912 1683 954 post
1706 908 1876 943 iudicium
1901 909 2014 953 patris
2039 909 2181 944 nomine
2206 921 2334 956 accep-

1239 957 1261 988 4
1307 958 1383 988 tum
1407 954 1451 988 de
1475 953 1512 988 in
1536 964 1611 988 rem
1634 964 1736 989 verso
1761 958 1901 999 patrem
1920 954 2034 989 teneri
2054 959 2152 999 puto.
2202 956 2242 990 In
2262 967 2336 992 rem

1240 1004 1360 1034 autem
1394 1009 1537 1034 versum
1572 999 1731 1041 videtur,
1775 1003 1883 1044 prout
1918 999 2052 1045 aliquid
2086 1010 2226 1035 versum
2262 1006 2334 1036 est:

1240 1048 1259 1079 5
1308 1044 1458 1089 proinde
1480 1045 1510 1079 si
1523 1055 1607 1089 pars
1627 1055 1729 1080 versa
1751 1049 1816 1086 est,
1842 1045 1884 1080 de
1904 1050 2006 1089 parte
2027 1045 2094 1080 erit
2113 1045 2218 1081 actio.
2268 1046 2337 1082 Sed

1240 1094 1361 1125 utrum
1393 1090 1431 1124 in
1463 1095 1596 1125 sortem
1632 1090 1819 1125 dumtaxat
1842 1091 2020 1125 tenebitur
2044 1090 2207 1126 dominus
2233 1101 2277 1126 an
2303 1096 2337 1127 et

1240 1136 1277 1170 in
1301 1136 1457 1170 usuras?
1493 1140 1528 1170 et
1552 1136 1582 1170 si
1607 1135 1748 1180 quidem
1772 1136 1936 1180 promisit
1959 1146 2108 1178 usuras,
2142 1136 2336 1172 Marcellus

1239 1181 1330 1216 libro
1364 1181 1488 1226 quinto
1521 1181 1739 1225 digestorum
1772 1181 1897 1216 scribit
1929 1181 2110 1216 dominum
2134 1186 2335 1227 praestatu-

1240 1237 1336 1261 rum:
1371 1226 1435 1262 sed
1467 1227 1497 1261 si
1530 1237 1601 1261 non
1626 1227 1697 1261 sint
1720 1227 1934 1271 promissae,
1967 1227 2090 1272 utique
2124 1238 2195 1262 non
2227 1227 2333 1263 debe-

1239 1272 1385 1314 buntur,
1411 1272 1494 1317 quia
1517 1272 1554 1306 in
1579 1272 1786 1316 stipulatum
1807 1272 1984 1307 deductae
2005 1283 2076 1308 non
2096 1277 2189 1308 sunt.
2226 1273 2334 1318 plane

1241 1318 1272 1352 si
1306 1317 1608 1362 contemplatione
1641 1317 1774 1352 domini
1803 1318 1993 1362 pecuniam
2029 1318 2135 1353 (10(116
2169 1329 2242 1354 non
2276 1329 2335 1371 ge-

1240 1362 1333 1397 renti
1357 1373 1457 1398 servo
1482 1363 1625 1407 negotia
1649 1362 1792 1405 domini,
1819 1363 1883 1398 sed
1906 1363 1983 1408 ipse
2004 1374 2151 1443 ἕο10113,
2177 1368 2336 1408 negotio-

1241 1419 1320 1443 rum
1342 1412 1522 1453 gestorum
1548 1408 1689 1443 actione
1714 1412 1839 1453 potero
1866 1409 1972 1444 etiam
2029 1419 2047 1444 e
2079 1409 2197 1444 usuris
2231 1420 2336 1455 expe·

1242 1457 1261 1489 6
1308 1454 1381 1488 riri.
1430 1454 1582 1489 Versum
1607 1458 1726 1489 autem
1751 1454 1802 1489 sic
1827 1454 2041 1499 accipimus,
2066 1458 2107 1489 ut
2131 1454 2236 1490 duret
2259 1465 2337 1490 ver-

1242 1510 1338 1534 sum:
1373 1503 1408 1534 et
1439 1499 1489 1534 ita
1514 1499 1655 1534 demum
1680 1499 1723 1534 de
1747 1500 1783 1534 in
1807 1510 1882 1535 rem
1905 1510 2006 1535 verso
2034 1500 2205 1545 competit
2229 1501 2336 1543 actio,

1241 1545 1271 1580 si
1295 1555 1367 1579 non
1391 1544 1438 1580 sit
1462 1555 1484 1580 a
1504 1545 1647 1580 domino
1670 1555 1771 1580 servo
1793 1545 1949 1579 solutum
1969 1545 2023 1580 vel
2042 1545 2126 1580 filio.
2164 1546 2195 1581 si
2218 1550 2337 1581 tamen

1240 1590 1277 1624 in
1301 1600 1424 1625 necem
1450 1591 1654 1632 creditoris,
1686 1590 1723 1625 id
1756 1594 1810 1625 est
1841 1590 2024 1635 perdituro
2057 1601 2158 1626 servo
2184 1592 2240 1626 vel
2264 1592 2336 1626 filio

1240 1635 1397 1671 solutum
1429 1636 1493 1678 sit,
1529 1635 1711 1681 quamvis⁷
1745 1636 1902 1671 solutum
1936 1636 1999 1677 sit,
2036 1635 2166 1671 desinit
2197 1637 2337 1682 quidem

1240 1691 1402 1723 versum,
1435 1681 1689 1726 aequissimum
1722 1685 1840 1716 autem
1873 1685 1927 1716 est
1959 1681 2002 1716 de
2034 1681 2114 1717 dolo
2147 1683 2240 1717 malo
2274 1682 2336 1717 ad-

1240 1737 1361 1762 versus
1374 1730 1512 1771 patrem
1532 1727 1587 1761 vel
1611 1726 1791 1761 dominum
1812 1730 2014 1771 competere
2034 1727 2229 1762 actionem:
2255 1738 2336 1762 110111

1241 1776 1277 1807 01
1299 1772 1490 1816 peculiaris
1523 1772 1682 1814 debitor,
1715 1772 1745 1807 si
1778 1772 2024 1807 fraudulenter
2057 1782 2158 1807 servo
2192 1773 2338 1808 solverit

1241 1820 1259 1850 7
1310 1817 1406 1862 quod
1430 1818 1462 1852 ei
1487 1817 1659 1859 debebat,
1687 1828 1760 1852 non
1784 1817 1967 1852 liberatur.
2017 1817 2055 1852 Si
2079 1817 2213 1852 domini
2239 1818 2335 1853 debi-

1240 1866 1297 1897 tor
1322 1863 1368 1897 sit
1391 1873 1514 1898 servus
1540 1866 1575 1897 et
1599 1862 1645 1897 ab
1671 1863 1739 1897 alio
1765 1867 1949 1897 mutuatus
1975 1863 2007 1897 ei
2031 1863 2186 1905 solverit,
2214 1864 2335 1898 hacte-

1240 1919 1308 1943 nus
1333 1918 1405 1943 non
1429 1909 1550 1950 vertit,
1587 1912 1764 1952 quatenus
1789 1908 1930 1943 domino
1957 1908 2077 1943 debet:
2112 1908 2208 1953 quod
2234 1919 2336 1944 exce-

1241 1953 1314 1995 dit,
1339 1954 1454 1989 vertit.
1491 1953 1641 1999 proinde
1665 1954 1714 1995 si,
1741 1964 1820 1988 cum
1846 1953 1987 1988 domino
2014 1953 2157 1988 deberet
2181 1955 2336 1999 triginta,

1240 2003 1423 2034 mutuatus
1456 1999 1691 2044 quadraginta
1723 1998 1891 2034 creditori
1923 1999 1997 2034 eius
2028 1999 2170 2034 solverit
2205 2000 2258 2034 vel
2282 2000 2336 2034 fa-

1240 2044 1372 2079 miliam
1397 2044 1616 2086 exhibuerit,
1643 2043 1833 2079 dicendum
1858 2044 1925 2079 erit
1949 2044 1993 2079 de
2016 2045 2052 2078 in
2076 2055 2151 2080 rem
2175 2055 2275 2080 verso
2301 2045 2337 2079 in

1241 2089 1364 2124 decem
1396 2094 1597 2135 competere
1630 2090 1826 2125 actionem:
1860 2090 1948 2124 aut⁸
1972 2089 2002 2124 si
2033 2090 2243 2125 tantundem
2276 2090 2336 2125 de-

1240 2136 1334 2177 beat,
1360 2135 1447 2170 nihil
1470 2135 1607 2170 videtur
1632 2145 1781 2170 versum.
1820 2145 1913 2176 nam,
1939 2138 1979 2169 ut
2002 2135 2221 2180 Pomponius
2245 2136 2336 2171 scri-

1240 2181 1310 2223 bit,
1343 2180 1513 2216 adversus
1544 2181 1682 2216 lucrum
1715 2180 1846 2215 domini
1871 2180 2010 2215 videtur
2034 2181 2267 2216 subventum:
2303 2185 2337 2216 et

1240 2226 1338 2267 ideo,
1365 2226 1438 2261 sive
1462 2226 1602 2261 debitor
1624 2226 1694 2260 fuit
1718 2225 1879 2268 domino,
1906 2237 1987 2260 cum
2010 2225 2047 2260 in
2071 2236 2145 2261 rem
2169 2230 2333 2268 verteret,

1240 2271 1327 2306 nihil
1351 2271 1460 2306 videri
1484 2282 1642 2313 versum,
1673 2271 1746 2306 sive
1777 2275 1905 2316 postea
1929 2271 2068 2306 debitor
2092 2281 2170 2306 esse
2195 2271 2335 2306 domino

1242 2316 1416 2361 coeperit,
1442 2317 1602 2352 desinere
1626 2326 1783 2351 versum:
1816 2316 1979 2361 idemque
2004 2321 2039 2350 et
2063 2316 2094 2351 si
2119 2317 2263 2351 solverit
2288 2317 2329 2351 ei.

1240 2362 1320 2406 plus
1346 2362 1432 2397 dicit
1456 2366 1491 2396 et
1516 2362 1546 2397 si
1569 2362 1779 2397 tantundem
1804 2362 1835 2397 ei
1857 2361 2001 2396 donavit
2020 2362 2196 2404 dominus,
2220 2372 2334 2407 quan-

1240 2412 1315 2442 tum
1341 2407 1509 2443 creditori
1533 2408 1637 2443 solvit
1660 2418 1725 2452 pro
1759 2417 1815 2448 se,
1849 2407 1879 2442 si
1911 2407 2051 2451 quidem
2085 2406 2335 2442 remunerandi

1240 2453 1368 2494 animo,
1393 2464 1466 2487 non
1489 2453 1599 2488 videri
1622 2463 1774 2494 versum,
1801 2452 1830 2487 si
1854 2463 1936 2487 vero
1962 2452 2050 2486 alias
2076 2452 2241 2494 donavit,
2267 2452 2331 2487 du-

1241 2500 1260 2532 8
1308 2508 1389 2533 rare
1413 2509 1564 2533 versum.
1613 2498 1710 2533 Idem
1736 2499 1885 2542 quaerit,
1910 2497 1940 2532 si
1965 2497 2087 2532 decem
2110 2497 2147 2531 111
2171 2508 2246 2532 10111
2270 2498 2332 2532 do-

1239 2543 1325 2578 mini
1356 2544 1463 2578 vertit
1495 2547 1530 2578 et
1559 2547 1687 2589 postea
1718 2543 1925 2577 tantandem
1950 2553 2122 2577 summam
2146 2553 2168 2577 a
2193 2542 2333 2578 domino

1239 2593 1423 2624 mutuatus
1455 2589 1519 2631 sit,
1552 2589 1684 2624 habeat
1717 2592 1904 2633 praeterea
1937 2592 1972 2622 et
1995 2588 2175 2632 peculium
2201 2588 2333 2630 decem,

1239 2634 1429 2669 videndum
1460 2634 1528 2676 ait,
1561 2638 1681 2669 utrum
1714 2633 1817 2668 desiit
1848 2643 1926 2668 esse
1957 2634 2124 2667 versum?
2161 2643 2206 2667 an
2239 2644 2333 2675 vero,

1241 2679 1408 2724 quoniam
1434 2684 1487 2714 est
1511 2679 1709 2724 peculium,
1742 2678 1837 2713 unde
1868 2678 2059 2712 trahatur⁹
2083 2678 2258 2720 debitum,
2292 2679 2334 2714 de

1239 2725 1277 2759 in
1308 2735 1383 2759 rem
1416 2735 1517 2759 verso
1550 2736 1623 2759 non
1655 2724 1811 2759 tollimus
1837 2724 2040 2758 actionem?
2076 2734 2122 2758 an
2147 2724 2266 2768 potius
2292 2734 2333 2758 ex

1239 2774 1393 2814 utroque
1412 2780 1477 2814 pro
1498 2774 1578 2804 rata
1599 2769 1842 2804 detrahimus?
1879 2779 1942 2813 ego
1965 2773 2082 2803 autem
2103 2773 2190 2813 puto
2212 2770 2332 2804 subla-

1240 2820 1314 2849 tam
1340 2815 1383 2849 de
1406 2815 1443 2849 in
1468 2825 1543 2850 rem
1567 2826 1667 2850 verso
1693 2814 1887 2855 actionem,
1922 2825 2001 2848 cum
2034 2814 2172 2849 debitor
2203 2814 2333 2850 domini

1240 2863 1259 2894 9
1307 2860 1353 2895 311
1389 2861 1613 2895 constitutus.
1662 2859 1759 2894 Idem
1795 2859 1950 2903 quaerit,
1987 2859 2017 2894 si
2049 2859 2085 2893 in
2121 2870 2196 2894 rem
2234 2864 2332 2895 tuam

1239 2905 1383 2940 verterit
1407 2910 1442 2940 et
1465 2905 1605 2940 debitor
1629 2909 1712 2939 tuus
1737 2904 1854 2939 factus
1875 2904 1932 2946 sit,
1957 2915 2039 2939 mox
2064 2905 2219 2940 creditor
2240 2905 2332 2940 eius-

1241 2950 1320 2985 dem
1345 2961 1504 2985 summae
1529 2961 1635 2994 quam
1660 2950 1724 2984 tibi
1749 2949 1888 2992 debuit,
1921 2960 1968 2983 an
1993 2954 2204 2985 renascatur
2228 2950 2271 2985 de
2296 2951 2332 2984 in

1239 3006 1314 3030 rem
1350 3006 1451 3030 verso
1488 2996 1582 3030 actio
1615 3006 1661 3029 an
1692 3005 1774 3029 vero
1809 3005 1851 3029 ex
1883 2995 2063 3039 postfacto
2098 3006 2169 3030 non
2202 3006 2330 3030 conva-

1243 3044 1283 3075 10
1329 3041 1467 3075 lescat‘?
1503 3040 1599 3085 quod
1631 3051 1752 3075 verum
1784 3044 1847 3075 est.
1896 3040 1992 3074 Idem
2024 3045 2178 3083 tractat,
2211 3051 2257 3075 011
2289 3051 2332 3075 ex

1241 3090 1368 3120 eventu
1391 3085 1506 3130 possit
1529 3086 1565 3119 in
1595 3096 1670 3120 rem
1701 3085 1815 3130 patris
1847 3085 1940 3120 filius
1973 3091 2127 3128 vertere,
2162 3086 2270 3120 veluti
2302 3085 2331 3120 si

1240 3131 1310 3166 duo
1342 3131 1394 3166 rei
1424 3134 1527 3175 pater
1551 3134 1585 3165 et
1608 3130 1701 3165 filius
1726 3130 1858 3164 fuerint
1883 3134 1918 3165 et
1940 3131 2034 3165 filius
2058 3135 2240 3165 mutuatus
2266 3140 2330 3165 suo

1240 3177 1381 3211 nomine
1414 3176 1546 3218 solvat,
1578 3176 1632 3210 vel
1663 3175 1694 3210 si
1726 3175 1798 3210 filio
1831 3175 1930 3211 iussu
1954 3175 2066 3220 patris
2092 3175 2273 3211 credidisti
2297 3178 2331 3209 et

1240 3222 1333 3256 filius
1359 3221 1532 3256 creditum
1556 3221 1622 3255 tibi
1646 3220 1818 3256 solvisset.
1855 3221 1940 3255 mihi
1963 3221 2113 3263 videtur,
2139 3221 2168 3255 si
2190 3219 2330 3264 quidem

1240 3266 1392 3311 pecunia
1416 3265 1462 3300 ad
1485 3269 1623 3310 patrem
1647 3269 1867 3310 pervenerat,
1891 3266 2002 3301 videri
2021 3266 2058 3300 in
2078 3277 2151 3301 rem
2171 3275 2328 3300 versum:

1241 3311 1337 3356 quod
1361 3311 1391 3346 si
1414 3321 1486 3345 non
1508 3310 1578 3345 11111
1602 3315 1637 3346 01
1660 3321 1764 3346 31111111
1787 3311 1967 3356 negotium
1990 3321 2115 3356 gerens
2139 3310 2232 3345 filius
2257 3309 2328 3344 sol-

1240 3357 1301 3398 vit,
1326 3367 1397 3391 non
1422 3366 1499 3390 esse
1523 3356 1567 3391 de
1589 3357 1626 3391 in
1649 3367 1723 3391 rem
1747 3366 1847 3392 verso
1873 3357 2060 3391 actionem.

1290 3400 1337 3437 11
1373 3400 1533 3436 Panes
1564 3401 1654 3437 libro
1691 3402 1899 3447 triqensimo
1936 3402 1986 3436 ad
2018 3401 2172 3436 edictum
2227 3398 2329 3442 Quod

1241 3456 1363 3481 servus
1387 3446 1423 3480 in
1447 3446 1516 3481 hoc
1540 3450 1723 3481 mutuatus
1747 3446 1874 3488 fuerit,
1908 3450 1947 3481 ut
1978 3444 2144 3480 creditori
2168 3454 2232 3478 suo
2258 3443 2327 3478 sol-

1242 3495 1356 3532 veret,
1389 3501 1462 3526 non
1486 3491 1552 3526 erit
1574 3492 1611 3526 in
1635 3502 1710 3526 rem
1733 3502 1892 3534 versum,
1925 3490 2081 3535 quamvis
2113 3489 2253 3523 actione
2284 3488 2329 3522 de

1241 3536 1381 3580 peculio
1405 3536 1577 3572 liberatus
1602 3537 1649 3572 sit
1672 3536 1846 3571 dominus.

1290 3578 1341 3617 12
1369 3580 1492 3617 0111173
1519 3582 1611 3617 libro
1642 3592 1738 3617 nono
1770 3581 1820 3616 ad
1844 3580 1996 3616 edictum
2016 3576 2244 3624 provinciale
2291 3575 2328 3611 Si

1244 3693 1307 3733 vis]
1322 3694 1479 3734 quoniam
1492 3707 1554 3727 scr.
2063 3692 2106 3731 (⁹)
2132 3690 2328 3721 detrahatur

1244 3738 1317 3772 edd.

1706 3695 1750 3735 (s)
1775 3695 1812 3725 at
1823 3693 1905 3726 Hal.

1988 3791 2063 3825 26*
