2528 3918
142 152 197 185 ΕΤ
226 154 320 184 MAN
322 152 574 183 DATORIBUS

142 263 234 299 enim
265 262 408 298 casibus
440 262 715 298 emolumentum
743 260 963 304 habituram,
995 258 1102 296 veluti
1126 260 1157 296 si
1180 260 1225 303 ei,

142 318 208 354 pro
233 318 303 353 quo
327 312 410 344 ante
432 307 682 351 fideiussisset‚
712 307 816 341 heres
841 306 987 341 existat:
1016 309 1104 341 tunc
1133 305 1226 340 enim

142 353 292 389 confusa
359 354 449 389 rima
482 353 696 398 obligatione
736 351 969 397 posteriorem
1004 350 1223 386 duraturam.

141 403 160 433 5
210 398 299 433 Cum
350 399 522 435 'deiussor
560 408 622 434 reo
667 396 862 442 stipulandi
899 397 1002 432 heres
1038 396 1225 439 exstiterit,

141 443 344 489 quaeritur,
369 454 434 487 an,
460 443 563 489 quasi
585 444 662 488 ipse
686 453 708 477 a
731 452 770 478 se
793 441 949 486 exegerit
997 441 1131 477 habeat
1161 440 1223 475 ad·

141 499 263 525 versus
287 498 385 524 reum
408 488 566 524 mandati
590 489 775 523 actionem.
811 497 869 523 res
896 467 1012 530 ondit,
1037 497 1118 523 cum
1140 496 1224 521 reus

142 534 320 579 obligatus
355 538 513 576 maneat,
548 544 620 569 non
658 543 765 579 posse
801 532 875 567 inte
903 533 958 577 egi
988 532 1105 577 ipsum
1136 542 1158 566 a
1187 542 1226 566 se

142 579 386 615 fideiussorem
414 579 604 624 pecuniam
636 578 810 623 exegisse:
842 577 962 622 itaque
987 587 1031 612 ex
1054 577 1225 622 stipulatu

143 624 262 670 potius
287 634 393 669 quam
414 624 574 659 mandati
598 634 703 669 agere
727 623 879 659 debebit.

188 666 241 705 22
266 669 544 704 Fronfflvrriws
565 670 654 704 libro
680 674 804 705 octavo
828 669 1090 704 institutionum
1125 667 1224 702 Mor-

142 718 205 750 tuo
229 724 290 750 reo
314 713 543 760 promittendi
567 719 602 750 et
625 718 707 749 ante
730 714 864 749 aditam
882 713 1114 749 hereditatem
1138 712 1225 748 fide-

140 759 258 795 iussor
291 759 407 805 accipi
439 764 572 805 potest,
612 760 696 812 quia
732 759 911 795 hereditas
945 768 1122 804 personae
1150 758 1227 793 vice

141 804 205 839 fun
231 805 311 846 'tur,
336 805 441 841 sicuti
463 805 692 851 municipium
715 809 751 841 et
775 804 921 841 decuria
944 807 980 839 et
1004 804 1168 840 societas.

188 815 241 888 2&
273 849 507 886 Miaeommss
535 852 625 886 lz'hro
656 855 787 897 quarto
811 849 1021 896 reqularum
1068 848 1107 885 Si
1131 849 1227 883 ‘mihi

143 897 216 930 ‘aut
239 895 334 931 Titio
358 895 514 931 decem?
540 896 732 941 stipulatus
756 895 882 931 fuerim
895 896 916 937 ¹,
941 894 1057 930 Titius
1081 894 1226 930 fideius-

142 950 258 976 sorem
287 941 450 986 accipere
481 952 553 976 non
582 944 719 986 potest,
756 941 838 985 quia
867 940 1055 976 solutionis
1087 943 1226 974 tantum

143 996 253 1022 causa
276 985 436 1021 adiectus
461 990 527 1022 est.

188 1029 240 1068 24
267 1030 506 1067 Masculus
531 1032 620 1067 libro
645 1030 827 1077 singulari
847 1041 1104 1077 responsorum
1152 1030 1224 1064 Lu-

145 1076 222 1111 cius
246 1076 362 1111 Titius
387 1087 469 1111 cum
491 1087 557 1122 pro
582 1075 662 1112 Seio
686 1075 797 1111 fratre
821 1086 887 1112 suo
912 1075 1008 1121 apud
1031 1075 1226 1122 Septicium

141 1121 354 1157 intervenire
376 1122 492 1164 vellet,
517 1122 709 1167 epistulam
730 1121 782 1157 ita
805 1121 937 1156 emisit:
971 1121 1014 1157 ‘si
1036 1121 1181 1167 petierit
1205 1132 1227 1156 a

143 1170 190 1202 ‘te
213 1166 327 1202 frater
349 1178 459 1210 meus,
484 1172 566 1212 peto
592 1167 654 1202 des
678 1167 711 1203 ei
734 1176 896 1203 nummos
918 1166 991 1203 fide
1009 1173 1045 1203 et
1066 1166 1226 1212 periculo

143 1212 262 1247 ‘meo':
288 1216 370 1257 post
416 1222 499 1247 uam
522 1212 711 1257 epistulam
730 1211 908 1256 Septicius
932 1211 1014 1248 Seio
1037 1212 1226 1257 pecuniam

141 1257 356 1292 numeravit:
421 1257 523 1293 einde
559 1257 676 1293 Titius
711 1258 804 1293 inter
840 1257 997 1304 reliquos
1036 1261 1072 1293 et
1109 1256 1227 1292 Seium

141 1302 289 1338 fratrem
320 1313 385 1348 pro
419 1303 525 1338 tertia
559 1306 662 1348 parte
692 1302 834 1347 reliquit
854 1302 1033 1338 heredem.
1082 1312 1226 1347 quaero,

141 1358 205 1389 an,
230 1347 314 1393 quia
342 1347 512 1383 adversus
537 1347 657 1383 Seium
680 1347 876 1383 debitorem
899 1347 1047 1394 Septicii
1077 1347 1227 1383 confusa

142 1393 189 1428 sit
211 1393 306 1428 actio
329 1404 394 1438 pro
419 1393 526 1428 tertia
548 1398 670 1438 parte,
695 1402 765 1446 qua
788 1392 882 1428 Titio
905 1392 1012 1428 fratri
1034 1404 1100 1429 suo
1123 1393 1227 1429 heres

142 1438 287 1482 exstitit,
313 1449 393 1473 cum
417 1438 652 1474 coheredibus
677 1449 753 1474 eius
777 1448 882 1483 agere
904 1439 943 1473 in
965 1438 1120 1474 solidum
1142 1449 1226 1484 pos-

141 1483 198 1519 sit.
241 1483 433 1519 Marcellus
457 1484 644 1528 respondit
668 1494 749 1519 cum
772 1484 948 1520 coherede
972 1483 1044 1519 Seii
1065 1495 1139 1519 non
1162 1495 1226 1530 pro

142 1528 277 1564 maiore
308 1539 414 1574 quani
444 1529 661 1564 hereditaria
689 1532 793 1575 parte
822 1529 984 1565 mandati
1021 1530 1079 1574 agi
1109 1540 1227 1574 posse.

188 1571 240 1611 25
273 1573 467 1610 mmm-s
487 1574 577 1610 libro
602 1575 789 1610 undecimo
813 1575 863 1610 ad
885 1575 1038 1610 edictum
1074 1575 1227 1610 Marcel—

143 1619 200 1655 lus
226 1619 369 1662 scribit,
402 1619 433 1656 si
465 1619 544 1665 quis
567 1630 632 1665 pro
656 1619 793 1665 pupillo
818 1620 894 1656 sine
918 1620 1046 1655 tutoris
1071 1621 1227 1656 auctori-

142 1668 216 1699 tate
241 1664 396 1709 obligato
418 1665 610 1710 prodigove
633 1666 688 1701 vel
711 1665 846 1701 furioso
866 1665 1091 1709 fideiusserit,
1116 1666 1228 1711 magis

143 1720 238 1762 esse,
271 1714 312 1745 ut
342 1711 374 1745 ei
403 1721 476 1745 non
508 1711 753 1753 subveniatur,
787 1711 954 1756 quoniam
986 1711 1041 1747 his
1071 1711 1230 1747 mandati

143 1759 236 1790 actio
261 1766 335 1791 non
358 1766 436 1791 com
463 1755 538 1791 etit.

188 1798 241 1837 26
280 1799 402 1836 θΑΙυε
456 1801 533 1836 ibro
569 1806 695 1836 octavo
731 1801 780 1836 ad
814 1801 967 1837 edictum
1003 1803 1230 1848 provinciale

145 1845 241 1880 Inter
264 1845 492 1881 fideiussores
515 1857 588 1882 non
610 1846 688 1891 ipso
712 1846 790 1881 iure
811 1846 978 1882 dividitur
999 1847 1167 1892 obligatio
1185 1858 1230 1883 ex

143 1890 296 1936 epistula
326 1890 397 1926 divi
425 1890 615 1927 Hadriani:
654 1895 690 1927 et
719 1891 799 1927 ideo
831 1891 861 1927 si
893 1893 971 1936 quis
1001 1903 1123 1927 eorum
1148 1897 1230 1927 ante

143 1941 306 1971 exactam
330 1946 352 1971 a
375 1947 414 1971 se
442 1941 581 1982 partem
611 1937 687 1972 sine
718 1937 849 1972 herede
881 1937 1074 1973 decesserit
1105 1938 1160 1973 vel
1184 1938 1230 1973 ad

142 1981 299 2026 inopiam
334 1981 552 2027 pervenerit,
588 1993 672 2028 pars
709 1982 785 2018 eius
817 1982 862 2017 ad
901 1987 1100 2018 ceterorum
1139 1994 1229 2019 onus

143 2036 198 2061 res
225 2026 298 2062 icit.

217 2069 240 2108 7
273 2071 465 2108 ULPIANUs
493 2072 583 2107 libro
608 2073 798 2107 vicensimo
822 2073 979 2108 secundo
1004 2074 1053 2108 ad
1076 2074 1229 2110 edictum

142 2117 179 2152 Si
202 2117 322 2162 plures
347 2117 418 2152 sint
440 2117 685 2159 fideiussores,
710 2128 804 2153 unus
827 2128 936 2164 pure,
962 2118 1054 2154 alius
1077 2119 1114 2154 in
1138 2118 1229 2154 diem

142 2163 197 2197 vel
221 2163 287 2197 sub
313 2162 519 2198 condicione
544 2166 725 2207 acceptus,
750 2163 913 2198 succurri
933 2168 1076 2208 oportet
1099 2165 1143 2206 ei,
1169 2165 1230 2210 qui

141 2217 231 2252 pure
268 2211 438 2253 acceptus
477 2212 550 2250 est,
588 2207 671 2242 dum
708 2208 861 2243 existere
899 2209 1060 2244 condicio
1099 2213 1228 2255 potest,

143 2253 278 2288 scilicet
310 2257 351 2287 ut
380 2252 520 2287 interim
557 2253 595 2288 in
627 2253 763 2288 virilem
796 2254 1037 2289 conveniatur.
1094 2255 1156 2290 sed
1188 2256 1229 2298 si,

143 2308 223 2332 cum
249 2297 410 2333 condicio
436 2298 581 2342 exstitit,
606 2309 679 2334 non
703 2303 757 2334 est
778 2298 945 2335 solvendo
971 2300 1031 2344 qui
1055 2301 1122 2335 sub
1144 2311 1230 2336 con-

143 2342 283 2378 dicione
307 2347 479 2388 acceptus
502 2348 567 2386 est,
600 2343 856 2379 restituendam
880 2344 1056 2380 actionem
1079 2346 1116 2380 in
1166 2357 1230 2381 ure

147 2392 161 2422 1
211 2392 398 2434 acceptum
428 2388 647 2442 Pomponius
679 2389 813 2424 scribit.
861 2389 1053 2426 Praeterea
1083 2391 1114 2426 si
1169 2391 1229 2426 de-

143 2434 263 2469 iussoi·
301 2434 477 2469 exstiterit
514 2433 715 2469 fideiussori
747 2434 819 2470 sive
850 2435 988 2480 plures,
1027 2446 1140 2482 aeque
1171 2437 1230 2473 hic

144 2489 285 2524 quoque
321 2479 512 2523 pertinebit
543 2479 589 2514 ad
625 2479 775 2514 eandem
807 2490 970 2516 causam:
1010 2481 1046 2516 in
1078 2493 1230 2526 quorum

142 2534 297 2569 persona
320 2534 432 2569 aeque
452 2524 571 2559 locum
589 2525 798 2560 habebunt2
823 2536 873 2566 ea,
899 2537 991 2570 quae
1010 2532 1092 2562 sunt
1110 2538 1133 2562 a
1149 2527 1229 2563 divo

143 2571 163 2603 2
209 2568 392 2604 Hadriano
418 2570 624 2604 constituta.
671 2570 864 2606 Praeterea
887 2572 917 2606 si
941 2576 1149 2616 quaeratur,
1183 2583 1231 2608 an

143 2613 311 2649 solvendo
342 2614 388 2649 sit
450 2614 630 2659 rincipalis
660 2615 867 2658 fideiussor,
906 2617 1012 2651 etiam
1049 2617 1141 2653 vires
1173 2629 1229 2653 se-

143 2662 162 2693 3
210 2658 350 2703 quentis
386 2659 410 2693 fi
436 2659 604 2695 eiussoris
641 2659 674 2694 ei
706 2660 954 2705 adgregandae
986 2667 1080 2697 sunt.
1129 2663 1231 2698 Sicut

142 2703 210 2749 ipsi
233 2703 450 2745 fideiussori,
480 2704 531 2739 ita
554 2704 745 2741 heredibus
770 2716 911 2750 quoque
935 2717 1057 2741 eorum
1081 2718 1228 2743 succur-

143 2751 164 2782 4
211 2748 360 2783 rendum
391 2749 609 2793 Pomponius
649 2750 783 2786 scribit.
833 2751 870 2786 Si
901 2750 1092 2788 fideiussor
1122 2753 1230 2788 fuerit

142 2792 351 2845 principalis
376 2797 411 2828 et
433 2793 622 2829 fideiussor
643 2794 882 2838 fideiussoris,
915 2807 987 2832 non
1011 2798 1144 2842 poterit
1167 2798 1227 2834 de-

143 2837 297 2873 siderare
326 2838 533 2881 fideiussor,
566 2843 606 2874 ut
629 2840 722 2876 inter
744 2851 782 2876 se
806 2845 843 2876 et
865 2851 946 2877 eum
969 2842 1228 2886 fideiussorem,

141 2894 207 2963 fro
239 2885 335 2928 quo³
372 2883 561 2926 fideiussit,
601 2884 779 2921 dividatur
817 2886 1003 2931 obligatio:
1043 2888 1102 2923 ille
1135 2890 1228 2924 enim

157 2938 222 2964 oco
246 2928 299 2963 rei
323 2933 377 2963 est
400 2939 465 2964 nec
489 2933 610 2974 potest
638 2941 720 2966 reus
744 2931 964 2974 desiderare,
997 2938 1038 2968 ut
1067 2934 1161 2969 inter
1190 2946 1228 2970 se

142 2977 178 3009 et
208 2973 453 3009 fideiussorem
492 2974 672 3010 dividatur
709 2976 888 3029 obligatio.
944 2978 1092 3022 proinde
1123 2980 1155 3014 si
1185 2990 1227 3014 ex

142 3018 283 3054 duobus
307 3018 577 3054 fideiussoribus
602 3020 693 3056 alter
714 3021 962 3058 fideiussorem
985 3023 1139 3066 dederit,
1164 3025 1226 3059 ad-

142 3074 264 3114 versus
289 3074 369 3099 eum
394 3064 535 3108 quidem
558 3075 631 3100 non
660 3066 829 3102 dividitur
851 3068 1036 3113 obligatio,
1065 3080 1132 3114 pro
1157 3081 1226 3114 quo

141 3109 342 3188 ffitegvenit:
383 3109 553 3145 adversus
566 3110 579 3130 ⁴
617 3110 928 3148 confideiussorem
959 3113 1070 3158 magis
1102 3119 1157 3150 est
1188 3120 1228 3149 ut

168 3153 212 3188 ’vi
237 3157 330 3190 atur.

187 3195 240 3236 28
266 3198 321 3234 ΡΑ
330 3209 424 3235 otus
451 3199 541 3235 libro
565 3200 755 3236 vicensimo
779 3203 904 3247 quinto
929 3203 978 3238 ad
1000 3204 1154 3239 edictum
1189 3204 1226 3239 Si

142 3243 332 3279 contendat
353 3244 544 3280 fideiussor
568 3249 704 3281 ceteros
729 3246 896 3282 solvendo
921 3258 1010 3290 esse,
1034 3248 1141 3284 etiam
1166 3260 1225 3284 ex-

142 3299 182 3323 ce
208 3289 339 3324 tionem
362 3290 395 3325 ei
419 3290 573 3325 dandam
598 3290 640 3325 ‘si
664 3301 736 3326 non
760 3295 797 3327 et
818 3291 871 3327 illi
893 3293 1061 3329 solvendo
1086 3294 1179 3329 sint'.

188 3339 198 3347 '
216 3331 241 3371 9
266 3334 371 3369 IDEM
400 3335 491 3371 libro
515 3339 640 3371 octavo
664 3336 801 3371 decimo
825 3337 875 3372 ad
897 3338 1048 3374 edictum
1097 3339 1135 3374 Si
1159 3340 1225 3374 sub

139 3378 350 3423 impossibili
380 3380 587 3416 condicione
619 3380 812 3426 stipulatus
837 3382 918 3425 sim,
950 3383 1139 3419 fideiussor
1162 3384 1225 3419 ad-

140 3423 254 3459 hiberi
278 3435 351 3459 non
374 3429 503 3469 potest.

174 3466 239 3520 ‘3Q
275 3468 397 3505 (3:41st
430 3470 521 3506 libro
562 3471 687 3517 quinto
720 3471 770 3506 ad
809 3470 963 3507 edictum
995 3474 1226 3526 provinciale

139 3512 351 3593 Fideiutbere
374 3525 440 3559 pro
457 3515 526 3551 alio
547 3519 668 3560 potest
687 3516 848 3562 quisque,
875 3517 1013 3553 etiamsi
1030 3519 1226 3564 promissor

139 3568 261 3603 ignore
280 3585 288 3593 .

139 3675 178 3709 (1)
202 3671 306 3704 fuerit
318 3672 353 3704 F
436 3673 479 3712 (2)
504 3676 674 3714 praeterea
691 3675 719 3706 si
735 3674 921 3707 fideiussori
940 3676 1128 3709 exstiterint
1144 3677 1223 3709 fide-

140 3715 280 3766 iussores
290 3716 413 3758 plures,
425 3726 529 3757 aeque
541 3718 595 3750 hic
609 3729 741 3760 quoquo
753 3719 863 3751 locum
876 3720 1046 3753 habebunt
1059 3723 1137 3759 (del.
1149 3733 1223 3764 pcr-

140 3761 258 3792 tine'mt
340 3764 493 3802 persona)
514 3775 574 3795 scr.
700 3769 742 3805 (13)
767 3776 828 3806 pro
850 3765 928 3807 quo]
949 3776 1010 3807 pro
1030 3777 1063 3798 se
1084 3767 1142 3808 qui
1162 3780 1222 3799 scr.

1210 133 1292 181 741

2093 139 2321 182 XXXXVI
2359 143 2373 179 i

1340 256 1391 297 31
1427 258 1623 294 ULPIANos
1658 259 1748 294 libro
1785 261 1973 297 vicensimo
2004 262 2107 297 tertio
2140 262 2190 297 ad
2226 262 2379 297 edictum

1295 304 1334 339 Si
1356 303 1546 340 fideiussor
1576 303 1632 338 vel
1656 304 1734 348 quis
1768 305 1858 340 alius
1915 316 1955 342 ro
1987 317 2048 342 reo
2074 311 2156 342 ante
2189 306 2280 343 diem
2304 317 2380 342 cre-

1295 349 1403 385 ditori
1434 348 1596 392 solverit,
1637 353 1845 394 exspectare
1875 317 2018 387 ‹febebit
2048 352 2158 395 diem,
2191 363 2261 396 quo
2300 362 2375 387 eum

1295 395 1433 432 solvere
1458 394 1628 440 oportuit.

1341 437 1396 478 32
1425 439 1534 476 IDEM
1571 438 1662 475 libro
1694 442 1983 486 septuaqensimo
2012 447 2116 477 sexto
2148 443 2197 477 ad
2227 443 2378 478 edictum

1294 485 1354 520 Ex
1389 495 1547 530 persona
1578 484 1632 520 rei
1661 487 1698 520 et
1728 484 1868 529 quidem
1901 486 2011 521 invito
2048 497 2108 522 reo
2139 488 2300 533 exceptio
2332 491 2380 529 (et

1295 535 1416 566 cetera
1437 530 1492 566 rei
1515 529 1714 572 commoda)
1745 529 1946 566 fideiussori
1976 533 2171 577 ceterisque
2203 533 2377 568 accessio-

1295 576 1399 611 nibus
1424 582 1626 621 competere
1649 578 1780 620 potest.

1341 618 1394 658 33
1418 620 1526 656 IDEM
1552 621 1643 656 libro
1667 621 1957 666 septuaqensimo
1981 623 2131 667 septimo
2155 622 2205 657 ad
2227 623 2378 657 edictum

1295 665 1334 701 Si
1358 677 1439 701 eum
1461 666 1656 708 hominem,
1700 676 1804 711 quem
1828 675 1851 700 a
1874 665 1967 700 Titio
2026 667 2186 709 etieram,
2220 678 2285 712 pro
2311 679 2379 711 quo

1297 712 1384 747 satis
1417 711 1461 747 de
1484 711 1547 746 lite
1571 721 1798 763 acceperam,
1833 710 1950 746 Titius
1974 678 2121 746 ligerum
2146 713 2380 757 heredemque

1295 757 1494 809 reliquerit:
1540 757 1569 792 si
1602 756 1744 801 quidem
1768 766 1806 791 re
1837 766 1922 791 vera
1944 756 2054 800 ipsius
2079 757 2162 799 fuit,
2195 757 2378 792 dicendum

1296 806 1352 838 est
1374 802 1543 838 iudicium
1567 802 1605 836 in
1629 813 1710 837 eum
1733 801 1921 836 transferri
1945 806 1991 842 et,
2017 802 2046 835 si
2069 813 2141 837 non
2164 802 2322 847 patiatur
2346 803 2379 837 id

1295 848 1390 890 fieri,
1432 847 1604 883 committi
1637 847 1920 892 stipulationem:
1953 846 1982 881 si
2013 851 2130 882 autem
2161 858 2258 883 meus
2290 848 2379 893 peti-

1297 893 1410 929 toris5
1433 893 1503 928 fuit
1524 903 1640 938 neque
1663 893 1764 928 iussu
1783 902 1861 927 meo
1886 891 2117 927 hereditatem
2136 892 2271 936 adierit,
2295 893 2380 928 fide-

1295 939 1452 975 iussores
1476 939 1695 974 tenebuntur
1719 938 1764 973 ob
1789 947 1863 973 rem
1887 947 1960 972 non
1985 936 2184 972 defensam:
2209 939 2240 974 si
2264 942 2380 972 autem

1296 983 1425 1020 adierit
1461 994 1517 1019 me
1548 983 1711 1025 iubente,
1753 983 1798 1018 sti
1825 982 1938 1018 ulatio
1971 983 2158 1017 evanescit.
2214 983 2319 1027 plane
2352 984 2380 1018 si

1295 1040 1396 1065 meus
1427 1029 1536 1064 fuerit
1565 1028 1758 1064 etidcirco
1816 1029 1823 1035 '
1854 1038 1952 1063 eram
1975 1027 2180 1069 aditionem,
2213 1032 2270 1070 ut,
2303 1039 2381 1063 cum

1296 1075 1433 1117 vicero,
1468 1079 1554 1110 tunc
1586 1084 1667 1109 eum
1696 1074 1838 1109 iubeam
1867 1073 1966 1108 adire
1998 1077 2034 1108 et
2063 1072 2203 1108 interim
2232 1073 2277 1108 ob
2310 1084 2382 1109 rem

1296 1132 1368 1156 non
1399 1120 1581 1156 defensam
1613 1129 1717 1165 agere
1748 1119 1869 1160 velim,
1907 1129 1980 1154 non
2012 1118 2242 1153 committitur
2271 1119 2382 1164 stipu-

1298 1165 1396 1208 latio,
1446 1166 1507 1201 uia
1531 1165 1584 1200 vir
1608 1165 1723 1200 bonus
1747 1175 1820 1200 non
1843 1164 2090 1200 arbitraretur.

1344 1209 1398 1249 34
1457 1221 1583 1246 Amos
1611 1209 1703 1246 libro
1726 1210 2017 1263 septuaqensimo
2040 1208 2197 1243 secundo
2222 1208 2270 1243 ad
2292 1208 2382 1244 edic-

1298 1260 1371 1291 tum
1412 1256 1471 1299 Hi,
1492 1256 1552 1302 qui
1570 1257 1786 1292 accessionis
1805 1255 1884 1290 loco
1929 1253 2126 1296 romittunt‚
2143 1253 2181 1288 in
2197 1253 2383 1289 leviorem⁶

1298 1312 1444 1338 causam
1475 1301 1593 1346 accipi
1623 1305 1794 1346 possunt,
1827 1301 1864 1335 in
1918 1300 2103 1335 eteriorem
2127 1309 2199 1334 non
2222 1302 2382 1343 possunt.

1298 1347 1390 1391 ideo,
1415 1347 1446 1383 si
1469 1357 1492 1382 a
1516 1357 1576 1382 reo
1601 1347 1686 1382 mihi
1710 1346 1902 1392 stipulatus
1926 1345 2004 1387 sim,
2028 1355 2051 1379 a
2075 1344 2281 1380 fideiussore
2301 1343 2385 1379 mihi

1298 1396 1361 1428 aut
1383 1393 1490 1435 Titio,
1515 1392 1695 1428 meliorem
1720 1402 1865 1427 causam
1889 1401 1968 1426 esse
1991 1389 2210 1425 fideiussoris
2227 1389 2384 1425 Iulianus

1297 1443 1419 1483 putat,
1454 1437 1538 1483 quia
1568 1441 1687 1483 potest
1710 1437 1765 1473 vel
1788 1436 1885 1472 Titio
1909 1435 2057 1471 solvere.
2107 1434 2201 1480 quod
2224 1435 2255 1470 si
2279 1446 2300 1470 a
2323 1445 2384 1470 reo

1298 1483 1383 1518 mihi
1407 1488 1470 1519 aut
1494 1483 1588 1518 Titio
1613 1482 1825 1528 stipulatus,
1859 1492 1881 1517 a
1906 1481 2116 1516 fideiussore
2139 1480 2224 1514 mihi
2246 1484 2385 1515 tantum

1297 1529 1432 1564 interro
1457 1539 1531 1571 em,
1561 1528 1600 1564 in
1625 1528 1835 1564 deteriorem
1861 1537 2006 1562 causam
2030 1529 2218 1570 acceptum
2242 1525 2384 1561 fideius-

1297 1585 1413 1610 sorem
1455 1574 1598 1610 ulianus
1622 1573 1682 1608 ait.
1725 1573 1808 1618 quid
1833 1583 1929 1617 ergo,
1954 1572 1986 1607 si
2009 1582 2031 1607 a
2053 1582 2115 1607 reo
2140 1570 2299 1606 Stichum
2323 1575 2386 1606 aut

1298 1620 1535 1665 Pamphilum,
1558 1630 1581 1655 a
1599 1618 1808 1655 fideiussore
1824 1618 1984 1653 Stichum
2005 1618 2242 1661 interrogem?
2265 1620 2383 1651 utrum

1297 1665 1335 1700 in
1359 1665 1570 1701 deteriorem
1594 1675 1741 1701 causam
1761 1668 1931 1709 acceptus
1951 1667 2006 1698 est
2027 1662 2169 1697 sublata
2188 1661 2360 1697 electione
2369 1666 2384 1695 ’ἐ

1298 1721 1345 1746 an
1368 1711 1404 1746 in
1429 1711 1627 1754 meliorem,
1653 1712 1747 1756 quod
1771 1718 1807 1747 et
1831 1719 1950 1747 verum
1977 1712 2047 1752 est,
2073 1708 2155 1753 quia
2178 1711 2318 1742 mortuo
2342 1717 2383 1742 eo

1298 1756 1446 1792 liberari
1468 1758 1612 1802 potest?
2313 1797 2319 1805 ,

1345 1799 1398 1839 35
1424 1801 1530 1837 IDEM
1558 1802 1648 1838 libro
1680 1802 1837 1837 secundo
1870 1802 1919 1837 ad
1943 1801 2126 1836 Plautium
2181 1799 2269 1836 Cum
2299 1796 2383 1834 fide-

1297 1847 1423 1882 iubeat
1446 1847 1575 1892 aliquis
1598 1858 1664 1893 pro
1691 1858 1802 1891 servo,
1827 1847 1864 1882 in
1888 1846 2041 1883 solidum
2064 1850 2215 1888 tenetur,
2249 1845 2383 1880 etiamsi

1298 1892 1387 1927 nihil
1411 1893 1447 1927 in
1470 1892 1612 1937 peculio
1637 1893 1693 1928 sit.
1743 1892 1849 1937 plane
1872 1892 1903 1927 si
1925 1902 1991 1937 pro
2017 1892 2158 1926 domino
2182 1890 2383 1931 fideiubeat‚

1300 1948 1381 1973 cum
1406 1949 1474 1982 quo
1500 1938 1543 1973 de
1566 1938 1732 1984 peculio⁷
1758 1941 1823 1980 est,
1848 1938 2034 1973 dumtaxat
2057 1936 2101 1972 de
2123 1937 2262 1982 peculio
2287 1941 2383 1971 tene-

1299 1983 1409 2027 bitur,
1460 1983 1530 2019 uod
1553 1987 1640 2018 tunc
1664 1983 1741 2026 erit,
1768 1994 1850 2019 cum
1873 1993 1931 2019 res
1954 1982 2145 2018 iudicatur.

1345 2026 1398 2066 36
1446 2038 1531 2063 DEM
1559 2028 1650 2065 libro
1676 2033 1806 2075 quarto
1831 2029 1966 2064 decimo
1994 2028 2043 2062 ad
2067 2027 2250 2063 Plautium
2297 2026 2384 2061 Cum

1298 2074 1328 2109 is
1361 2073 1422 2127 qui
1451 2078 1487 2109 et
1517 2084 1616 2109 reum
1647 2080 1682 2109 et
1714 2074 1942 2109 fideiussores
1974 2073 2135 2109 habens⁸
2166 2072 2211 2108 ab
2242 2082 2312 2107 uno
2342 2082 2385 2107 ex

1298 2118 1569 2155 fideiussoribus
1594 2123 1745 2164 accepta
1768 2119 1921 2164 pecunia
1943 2122 2106 2164 praestat
2128 2118 2296 2161 actiones,
2320 2127 2383 2162 po-

1298 2165 1382 2199 terit
1413 2165 1554 2210 quidem
1586 2164 1657 2200 dici
1687 2165 1805 2200 nullas
1836 2164 1908 2200 iam
1937 2174 2032 2206 esse,
2066 2174 2147 2198 cum
2179 2173 2282 2198 suum
2305 2172 2384 2207 per-

1300 2210 1435 2255 ceperit
1458 2214 1494 2245 et
1516 2210 1746 2256 perceptione
1770 2220 1891 2245 omnes
1914 2209 2058 2244 liberati
2082 2212 2175 2245 sunt.
2224 2208 2287 2243 sed
2314 2218 2385 2243 non

1299 2255 1351 2290 ita
1375 2260 1446 2290 est:
1481 2266 1553 2290 non
1577 2256 1668 2291 enini
1694 2255 1732 2290 in
1755 2256 1914 2291 solutum
1937 2255 2069 2300 accipit
2079 2255 2102 2298 ⁹,
2128 2253 2190 2289 sed
2215 2252 2384 2298 quodam-

1299 2300 1403 2336 modo
1429 2311 1557 2336 nomen
1582 2300 1752 2336 debitoris
1776 2300 1949 2343 vendidit,
1980 2304 2015 2335 et
2037 2299 2117 2334 ideo
2140 2299 2250 2333 habet
2272 2298 2382 2333 actio-

1300 2356 1381 2387 nes,
1407 2347 1491 2391 quia
1514 2350 1656 2382 tenetur
1680 2346 1726 2381 ad
1749 2346 1787 2381 id
1809 2347 1945 2391 ipsum,
1970 2349 2010 2380 ut
2033 2348 2191 2390 praestet
2213 2344 2382 2395 actiones:

1345 2389 1397 2428 37
1424 2391 1531 2426 IDEM
1560 2392 1651 2427 libro
1684 2392 1836 2437 septimo
1868 2392 2004 2426 decimo
2035 2390 2084 2425 ad
2114 2389 2295 2424 Plautium
2347 2388 2384 2423 Si

1300 2436 1390 2481 quis,
1415 2441 1497 2482 post
1523 2447 1604 2471 uam
1629 2440 1700 2472 tem
1728 2447 1790 2472 ore
1813 2440 1996 2472 transacto
2017 2436 2188 2471 liberatus
2209 2437 2273 2475 est,
2298 2433 2382 2468 fide-

1298 2482 1473 2518 iussorem
1530 2482 1658 2524 ederit,
1721 2482 1884 2518 deiussor
1918 2493 1989 2517 non
2020 2484 2178 2522 tenetur,
2217 2479 2382 2524 quoniam

1300 2527 1428 2562 erroris
1452 2527 1633 2563 fideiussio
1658 2527 1758 2562 nulla
1781 2532 1846 2563 est.

1345 2570 1398 2610 38
1434 2572 1674 2608 Mfflomws
1713 2573 1804 2608 libro
1842 2572 2032 2608 vicensimo
2073 2570 2292 2617 di'qestorum
2345 2568 2384 2603 Si

1299 2618 1460 2653 Stichum
1479 2621 1543 2652 aut
1559 2617 1785 2663 Pamphilum
1806 2617 1998 2663 stipulatus
2017 2626 2141 2658 essem,
2162 2619 2282 2667 utrum
2299 2625 2381 2665 pro-

1298 2663 1428 2699 missor
1450 2663 1636 2707 voluisset,
1669 2674 1741 2698 non
1799 2674 1919 2698 ossum
1949 2661 2192 2697 fideiussorem
2213 2664 2265 2694 ita
2289 2669 2382 2694 acci-

1297 2718 1382 2753 pere
1401 2708 1563 2743 Stichum
1584 2713 1648 2743 aut
1664 2709 1776 2753 Pamp
1802 2708 1899 2751 ilum,
1920 2712 2039 2742 utrum
2058 2706 2247 2741 fideiussor
2266 2704 2381 2746 vellet,

1298 2753 1382 2798 quia
1398 2753 1559 2788 futurum
1576 2758 1671 2789 esset
1686 2754 1723 2788 in
1739 2754 1815 2789 eius
1831 2757 2011 2799 potestate
2030 2752 2137 2787 alium
2154 2751 2252 2792 velle,
2278 2760 2382 2795 quam

1304 2804 1313 2833 l
1365 2810 1447 2834 reus
1473 2799 1654 2835 voluisset.
1702 2800 1735 2833 A
1759 2799 1873 2841 Titio,
1906 2798 1966 2843 qui
1995 2797 2080 2832 mihi
2104 2807 2148 2831 ex
2171 2798 2381 2846 testamento

1298 2844 1365 2880 sub
1391 2844 1600 2879 condicione
1625 2844 1745 2879 decem
1771 2843 1908 2886 debuit,
1933 2843 2177 2878 fideiussorem
2202 2851 2323 2885 accepi
2346 2844 2383 2875 et

1297 2889 1330 2924 ei
1346 2890 1449 2925 heres
1466 2890 1583 2924 extiti:
1610 2889 1738 2924 deinde
1756 2889 1917 2924 condicio
1936 2887 2043 2933 legati
2059 2886 2220 2937 exstititz·
2236 2895 2380 2931 quaero,

1297 2945 1343 2969 an
1366 2934 1556 2969 fideiussor
1578 2934 1664 2968 mihi
1688 2938 1864 2969 teneatur.
1911 2932 2111 2979 respondit,
2137 2931 2167 2966 si
2191 2941 2240 2972 ei,
2265 2941 2287 2965 a
2311 2941 2379 2974 quo

1297 2980 1361 3015 tibi
1393 2984 1470 3014 erat
1501 2980 1568 3015 sub
1594 2979 1802 3014 condicione
1825 2979 1998 3023 legatum,
2033 2988 2112 3012 cum
2144 2977 2189 3011 ab
2220 2986 2261 3011 eo
2293 2974 2379 3025 fide-

1295 3024 1470 3060 iussorem
1507 3024 1726 3068 accepisses,
1765 3024 1868 3059 heres
1907 3023 2102 3063 exstiteris,
2139 3032 2210 3055 non
2246 3024 2378 3064 poteris

1295 3070 1427 3104 habere
1462 3070 1705 3105 fideiussorem
1741 3069 1953 3113 obligatum,
1991 3068 2073 3112 quia
2104 3076 2169 3100 nec
2199 3075 2281 3117 reus
2313 3070 2377 3105 est,

1321 3125 1370 3166 ro.
1385 3125 1454 3159 quo
1480 3114 1626 3157 debeat,
1660 3113 1723 3149 sed
1746 3124 1812 3149 nec
1843 3124 1901 3149 res
1933 3114 2022 3156 ulla,
2054 3121 2143 3156 quae
2174 3114 2287 3155 possit
2318 3109 2377 3144 de-

1321 3170 1384 3194 eri.

1341 3202 1394 3241 39
1419 3203 1673 3239 MODESTJNUS
1694 3204 1784 3240 libro
1805 3203 1961 3239 secundo
1981 3201 2188 3247 reqularum
2226 3199 2274 3233 Ut
2289 3197 2376 3233 fide-

1294 3249 1412 3285 iussor
1441 3248 1612 3284 adversus
1644 3249 1955 3285 confideiussorem
1991 3256 2093 3281 suum
2127 3248 2224 3295 agat,
2260 3243 2377 3295 danda

1295 3294 1389 3330 actio
1414 3304 1486 3329 non
1509 3298 1574 3329 est.
1622 3294 1773 3339 ideoque
1805 3295 1835 3329 si
1867 3303 1910 3328 ex
1941 3291 2080 3326 duobus
2107 3289 2375 3339 fideiussoribus

1294 3339 1452 3374 eiusdem
1485 3339 1693 3382 quantitatis
1725 3351 1806 3375 cum
1822 3341 1848 3360 ¹⁰
1878 3338 1969 3373 alter
2000 3335 2180 3385 electus-a
2203 3333 2377 3368 creditore

1294 3388 1411 3418 totum
1441 3383 1627 3419 exsolvit¹¹
1661 3395 1727 3419 nec
1759 3384 1791 3419 ei
1824 3392 1945 3419 cessae
1978 3380 2049 3414 sint
2080 3382 2255 3428 actiones,
2287 3378 2376 3412 alter

1294 3439 1361 3464 nec
1385 3439 1408 3463 a
1431 3428 1607 3465 creditore
1630 3439 1697 3464 nec
1721 3440 1743 3464 a
1768 3426 2045 3464 confideiussore
2070 3427 2307 3458 convenietur.
2368 3467 2374 3473 .

1340 3472 1393 3509 40
1426 3473 1533 3508 IDEM
1569 3473 1659 3510 libro
1698 3474 1803 3509 tertio
1841 3470 2050 3520 reqularum⁸
2104 3467 2191 3503 Cum
2225 3467 2295 3502 duo
2326 3477 2376 3502 rei

1294 3518 1480 3553 constituti
1509 3523 1612 3561 sunt,
1651 3519 1723 3554 sive
1759 3519 1803 3552 ab
1838 3520 1917 3551 utro
1944 3524 1988 3549 ue
2024 3523 2095 3548 Sive
2127 3513 2172 3547 ab
2204 3512 2375 3564 alterutro

1294 3563 1484 3599 fideiussor
1507 3563 1612 3599 datus
1636 3563 1760 3605 fuerit,
1792 3563 1829 3596 iii
1859 3559 1926 3596 soli
1952 3569 2011 3594 um
2041 3563 2138 3594 recte
2169 3563 2375 3605 accipietur.

1294 3678 1337 3718 (4)
1362 3676 1434 3710 eius
1454 3678 1514 3710 ins.
1624 3678 1665 3717 (5)
1689 3674 1841 3717 petitoris
1861 3674 1920 3706 del.
1942 3674 2093 3716 Krueqer
2192 3674 2235 3714 (6)
2260 3671 2372 3705 melio-

1293 3732 1363 3754 rem
1375 3734 1438 3755 scr.
1531 3723 1576 3761 (τ)
1600 3721 1687 3752 actio
1702 3722 1760 3752 ins.
1776 3719 1805 3751 S
1896 3721 1941 3759 (8)
1964 3717 2065 3751 habet
2076 3719 2147 3751 cdd.
2237 3718 2282 3758 (9)
2307 3728 2374 3750 non

1295 3766 1383 3799 enim
1397 3766 1542 3799 solutum
1555 3765 1681 3807 accepit
1693 3777 1754 3796 scr.
1816 3765 1875 3799 (10)
1901 3773 1975 3795 cum
1989 3764 2050 3796 del.
2113 3764 2167 3803 (ii)
2192 3763 2336 3795 exsolvet
2348 3763 2380 3799 F
