2528 3918
198 131 447 175 XXXXVII
482 133 531 172 10

198 252 412 289 hereditario
435 251 565 287 iniuria
589 250 685 286 facta
709 251 833 286 fuerit:
858 261 942 287 nam
965 261 1028 296 per
1047 251 1279 287 hereditatem

200 301 218 330 7
267 297 360 332 actio
391 296 513 332 heredi
542 296 760 340 adquiratur.
810 295 933 332 Labeo
964 295 1107 338 scribit,
1140 295 1171 331 si
1201 295 1279 340 quis

198 352 338 378 servum
373 341 625 376 hereditarium
662 344 872 377 testamento
908 340 1162 375 manumissum
1197 344 1280 376 ante

198 387 332 423 aditam
355 385 590 422 hereditatem
613 385 859 429 verberaverit,
883 385 1093 420 iniuriarum
1116 384 1280 421 heredem

200 441 305 477 agere
329 441 452 476 posse:
484 434 522 465 at
545 430 576 466 si
625 435 681 467 ost
704 430 838 466 aditam
860 431 1091 466 hereditatem
1116 430 1279 465 verbera-

200 481 259 512 tus
282 476 340 518 sit,
365 476 437 511 sive
461 475 528 511 scit
551 486 590 511 se
625 475 758 511 ‘berum
777 476 849 511 sive
867 475 1016 520 ignorat,
1041 475 1157 519 ipsum
1177 485 1281 520 agere

202 525 222 557 8
269 530 386 567 posse.
435 520 514 556 Sive
546 524 665 556 autem
695 520 788 556 sciat
817 520 895 565 quis
925 520 1034 554 fllium
1063 529 1180 555 meum
1203 530 1281 555 esse

199 566 253 602 vel
278 575 424 602 uxorem
448 575 578 608 meam,
609 566 682 602 sive
704 565 935 611 ignoraverit,
965 564 1098 599 habere
1121 574 1177 600 me
1200 575 1277 599 meo

200 614 221 646 9
268 610 409 646 1101111110
432 610 609 647 actionem
632 610 800 646 Neratius
825 609 976 654 scripsit.
1021 608 1118 644 idem
1140 609 1192 644 ait
1209 608 1280 645 Ne-

199 655 313 692 ratius
345 665 389 691 ex
418 665 490 690 una
518 655 647 691 iniuria
678 655 856 691 interdum
887 654 1001 689 tribus
1026 654 1111 689 oriri
1133 654 1280 689 iniuria-

198 711 278 736 rum
302 700 477 736 actionem
500 710 616 746 neque
640 700 746 736 ullius
771 699 945 735 actionem
976 709 1039 743 per
1063 698 1171 734 alium
1195 710 1279 734 con-

198 744 302 782 sumi.
337 749 378 780 ut
399 748 489 790 puta
507 745 611 782 uxori
631 755 730 780 meae
748 744 845 779 filiae
864 743 1017 779 familias
1036 744 1166 778 iniuria
1184 743 1282 779 facta

200 794 272 826 est:
313 793 348 825 et
377 789 463 825 mihi
492 794 528 826 et
558 791 652 836 patri
681 790 755 825 eius
785 793 822 824 et
849 788 919 833 ipsi
947 788 1155 823 iniuriarum
1187 789 1279 824 actio

199 835 344 880 incipiet
367 839 576 881 competere.

245 877 296 917 2ι
338 879 498 915 PAULUS
542 881 633 916 libro
672 878 997 925 qm'nquaqensi'mo
1040 878 1090 913 ad
1128 878 1281 914 edictum

201 924 305 970 Quod
334 925 366 960 si
395 924 470 960 viro
493 925 623 960 iniuria
645 925 743 960 facta
766 923 830 964 sit,
864 933 954 958 uxor
983 933 1055 958 non
1078 923 1166 968 agit,
1200 923 1282 968 quia

201 969 344 1006 defendi
390 980 519 1006 uxores
562 981 584 1005 a
624 970 725 1012 viris,
768 978 841 1003 non
885 967 978 1004 viros
1021 969 1067 1003 ab
1112 968 1281 1004 uxoribus

200 1025 243 1051 00
267 1025 353 1050 1111111
376 1018 441 1050 est.

302 1059 497 1096 ULPIANUS
524 1058 614 1094 libro
639 1058 963 1104 quirzquaqensinio
989 1061 1093 1093 sexto
1117 1058 1167 1093 ad
1189 1058 1282 1093 edic-

201 1109 275 1141 tum
320 1103 415 1139 Illud
443 1103 594 1139 relatum
622 1113 800 1147 peraeque
831 1106 886 1138 est
910 1111 990 1145 eos,
1027 1103 1088 1148 qui
1117 1102 1283 1138 iniuriam

205 1154 217 1185 1
267 1149 345 1196 pati
365 1153 528 1195 possunt,
553 1152 588 1183 et
611 1148 730 1183 facere
752 1157 869 1193 posse.
906 1147 999 1183 Sane
1022 1151 1106 1183 sunt
1128 1148 1281 1192 quidam,

201 1195 262 1240 qui
283 1194 404 1230 facere
434 1204 505 1229 non
534 1195 719 1238 possunt²‚
756 1196 797 1228 ut
824 1196 913 1238 puta
936 1191 1096 1228 furiosus
1119 1198 1156 1228 et
1179 1193 1281 1245 inpu-

199 1241 276 1283 bes,
300 1239 361 1285 qui
384 1239 456 1274 doli
476 1248 592 1283 capax
611 1248 683 1273 non
702 1241 772 1273 est:
798 1247 949 1282 namque
969 1237 1006 1272 hi
1025 1238 1101 1282 pati
1119 1237 1283 1273 iniuriam

201 1285 333 1327 solent,
373 1294 446 1319 non
477 1283 605 1318 facere.
662 1293 742 1318 cum
776 1282 868 1318 enim
901 1282 1032 1317 iniuria
1071 1293 1114 1317 ex
1152 1282 1283 1319 affectu

199 1329 363 1366 facientis
395 1328 586 1370 consistat,
620 1338 840 1372 consequens
865 1328 932 1362 erit
955 1327 1071 1363 dicere
1095 1327 1179 1371 hos,
1211 1328 1283 1363 sive

199 1375 344 1421 pulsent
367 1374 440 1410 sive
465 1372 662 1408 convicium
688 1373 809 1408 dicant
818 1374 844 1414 ³,
868 1372 1034 1407 iniuriam
1057 1372 1187 1409 fecisse
1210 1383 1283 1408 non

201 1423 220 1455 2
266 1418 388 1454 videri.
443 1418 569 1462 Itaque
596 1418 672 1463 pati
711 1417 790 1463 quis
821 1417 1004 1460 iniuriam,
1036 1418 1177 1453 etiamsi
1211 1428 1283 1453 non

200 1465 340 1506 sentiat,
364 1466 495 1509 potest,
518 1462 638 1498 facere
658 1473 772 1504 nemo,
796 1462 865 1497 nisi
886 1463 946 1508 qui
969 1463 1038 1498 scit
1060 1473 1099 1498 se
1118 1462 1282 1498 iniuriam

201 1513 221 1545 3
268 1509 405 1550 facere,
437 1508 575 1544 etiamsi
598 1507 735 1543 nesciat
758 1508 816 1542 cui
839 1507 959 1543 faciat.
1009 1508 1127 1552 Quare
1149 1508 1181 1544 si
1205 1508 1282 1554 quis

199 1564 264 1600 per
285 1554 403 1589 iocum
425 1553 605 1599 percutiat
628 1557 693 1588 aut
716 1552 798 1587 dum
823 1556 952 1596 certat,
977 1553 1186 1588 iniuriarum
1209 1564 1281 1589 non

200 1603 222 1635 4
267 1602 419 1634 tenetur.
455 1597 495 1633 Si
518 1598 596 1642 quis
619 1597 796 1633 hominem
819 1597 970 1633 liberum
994 1598 1174 1640 ceciderit,
1200 1598 1282 1633 dum

199 1647 305 1691 putat
327 1653 466 1679 servum
490 1653 611 1685 suum,
642 1642 680 1678 in
703 1653 746 1678 ea
770 1653 881 1678 causa
905 1646 975 1686 est,
1005 1653 1050 1679 ne
1072 1643 1282 1678 iniuriarum

200 1692 375 1725 teneatur.

245 1732 272 1771 4
303 1733 460 1769 Psaros
488 1733 578 1769 libro
603 1733 927 1779 quinquaqensimo
952 1732 1002 1769 ad
1031 1733 1185 1768 edictum
1232 1733 1281 1775 Si,

200 1790 281 1814 cum
304 1788 404 1814 servo
436 1788 514 1813 meo
545 1787 704 1823 pugnum
734 1777 864 1814 ducere
888 1777 1030 1820 vellem,
1060 1777 1097 1813 in
1121 1778 1282 1822 proximo

200 1828 237 1860 te
282 1827 436 1860 stantem
480 1823 611 1858 invitus
658 1823 910 1868 percusserim,
956 1823 1166 1858 iniuriarum
1211 1834 1282 1859 non

200 1873 497 1951 ωιξοὶῘιΡῙΑΝυε
522 1912 612 1949 libro
662 1913 960 1966 uinquagmsimo
983 1915 1089 1948 sexto
1118 1912 1168 1948 ad
1190 1913 1282 1948 edic-

202 1962 276 1994 tum
322 1958 400 1994 Lex
432 1957 596 1994 Cornelia
652 1967 672 1993 e
700 1957 838 1994 iniuriis
862 1957 1032 2003 competit
1062 1957 1113 2001 ei,
1146 1957 1206 2002 qui
1227 1958 1281 1992 in-

202 2003 371 2040 iuriarum
394 2013 499 2048 agere
521 2003 617 2039 volet
639 2003 685 2038 ob
709 2013 787 2038 eam
810 2013 896 2045 rem,
921 2003 1017 2048 quod
1040 2013 1078 2038 se
1100 2003 1282 2048 pulsatum

201 2049 469 2084 verberatumve
492 2048 677 2083 domumve
701 2058 803 2083 suam
819 2047 854 2083 vi
873 2048 1054 2083 introitam
1073 2058 1151 2083 esse
1175 2047 1282 2083 dicat.

201 2104 273 2140 qua
303 2094 381 2138 lege
412 2096 574 2136 cavetur,
599 2096 640 2128 ut
662 2103 734 2128 non
755 2093 908 2135 iudicet,
948 2093 1009 2138 qui
1039 2093 1072 2129 ei
1105 2092 1167 2137 qui
1189 2093 1284 2138 agit*

200 2149 308 2184 gener
331 2148 451 2180 socer,
483 2137 630 2173 vitricus
659 2138 858 2183 privignus,
891 2138 1099 2173 sobrinusve
1123 2142 1177 2174 est
1225 2149 1281 2173 ro-

201 2183 347 2229 piusve⁵
387 2193 509 2219 eorum
548 2184 782 2228 quemquem⁸
829 2193 872 2218 ea
909 2183 1118 2228 cognatione
1157 2193 1179 2218 a
1204 2184 1282 2218 fini-

201 2229 339 2264 tateve⁷
362 2227 531 2273 attinget,
554 2227 659 2273 quive
682 2237 804 2263 eorum
828 2228 927 2263 eius⁸
957 2228 1157 2273 parentisve
1181 2228 1283 2264 cuius

203 2284 326 2309 eorum
349 2276 523 2319 patronus
552 2272 631 2308 erit.
678 2272 738 2309 lex
769 2273 891 2317 itaque
914 2272 1079 2309 Cornelia
1103 2283 1145 2308 ex
1168 2273 1282 2309 tribus

203 2318 321 2354 causis
354 2317 452 2353 dedit
474 2317 667 2353 actionem:
703 2317 801 2371 quod
823 2317 901 2363 quis
932 2318 1095 2363 pulsatus
1119 2319 1282 2354 verbera-

202 2367 304 2399 tusve
333 2362 502 2399 domusve
532 2363 608 2399 eius
644 2362 679 2398 vi
707 2362 854 2398 introita
886 2363 943 2398 sit.

204 2418 344 2444 omnem
366 2407 542 2450 iniuriam,
567 2418 658 2453 quae
681 2418 790 2443 manu
811 2407 886 2451 fiat,
910 2408 986 2453 lege

207 2457 219 2488 1
270 2453 385 2489 tineri.
437 2453 535 2488 Inter
563 2452 800 2498 pulsationem
831 2456 868 2489 et
903 2452 1183 2489 verberationem
1214 2453 1283 2489 hoc

202 2498 364 2540 interest,
390 2501 429 2533 ut
452 2497 578 2534 Ofilius
601 2498 741 2534 scribit:
766 2498 954 2534 verberare
979 2502 1034 2534 est
1057 2509 1138 2534 cum
1161 2498 1283 2534 dolore

203 2546 223 2578 2
269 2543 435 2585 caedere,
465 2543 611 2589 pulsare
641 2542 718 2579 sine
749 2543 882 2579 dolore.
936 2543 1089 2579 Domum
1120 2544 1283 2597 accipere

203 2587 372 2625 debemus
402 2598 475 2623 non
503 2587 757 2634 proprietatem
787 2588 928 2631 domus,
961 2588 1025 2624 sed
1056 2588 1281 2624 domicilium.

203 2643 313 2678 quare
336 2633 409 2668 sive
430 2633 469 2668 in
498 2633 647 2685 propria
670 2633 777 2669 domu
807 2633 886 2685 quis
915 2633 1129 2669 habitaverit
1151 2634 1223 2669 sive
1245 2634 1284 2669 in

204 2677 381 2714 conducto
414 2678 469 2713 vel
534 2682 603 2714 atis
626 2678 698 2713 sive
721 2678 875 2724 hospitio
898 2683 1081 2731 receptus,
1114 2679 1203 2714 haec
1226 2679 1284 2714 lex

204 2727 223 2758 3
270 2723 389 2758 10011111
411 2689 568 2759 1101151111..
617 2722 709 2767 Quid
732 2723 763 2759 si
793 2723 872 2769 quis
895 2723 933 2758 in
963 2723 1046 2759 villa
1069 2724 1207 2759 habitet
1229 2724 1284 2759 vel

203 2771 225 2803 4
271 2768 309 2803 in
333 2767 471 2803 hortis?
508 2767 602 2803 idem
625 2768 691 2803 erit
713 2768 947 2813 probandum.
994 2768 1045 2803 Et
1065 2769 1097 2805 si
1120 2768 1284 2804 dominus

204 2812 354 2848 fundum
376 2813 546 2848 locaverit
574 2813 683 2858 inque
707 2824 786 2848 eum
809 2814 856 2848 im
884 2817 961 2849 etus
985 2813 1104 2849 factus
1128 2814 1191 2856 sit,
1224 2825 1284 2849 co·

205 2861 225 2893 5
271 2857 374 2893 lonus
407 2860 503 2902 aget,
535 2868 607 2893 non
638 2857 813 2893 dominus.
885 2858 898 2893 i
926 2862 1046 2894 tamen
1067 2859 1105 2894 in
1134 2858 1284 2894 fundum

203 2902 367 2946 alienum,
391 2903 452 2947 qui
475 2902 616 2938 domino
638 2903 856 2946 colebatur⁹,
878 2903 1064 2939 introitum
1081 2903 1138 2946 sit,
1162 2904 1283 2939 Labeo

204 2951 310 2999 negat
339 2957 418 2983 esse
447 2947 623 2999 actionem
647 2948 788 2984 domino
818 2948 920 2984 fundi
943 2959 987 2984 ex
1008 2949 1085 2994 lege
1108 2948 1283 2991 Cornelia,

204 3003 288 3037 quia
317 3002 389 3028 non
419 2995 535 3043 possit
557 2992 688 3037 ubique
719 2993 936 3029 domicilium
959 2993 1106 3036 habere,
1137 2994 1206 3030 hoc
1230 2998 1286 3030 est

203 3048 267 3083 per
290 3047 411 3073 omnes
434 3036 535 3072 villas
558 3047 655 3073 suas.
743 3049 764 3074 o
788 3042 875 3084 puto
907 3038 954 3074 ad
982 3049 1121 3074 omnem
1143 3039 1284 3074 habita-

204 3083 347 3125 tionem,
370 3082 407 3117 in
429 3091 502 3127 qua
523 3085 626 3127 pater
642 3082 660 3117 f
743 3084 750 3090 '
777 3094 794 3118 s
818 3083 966 3126 habitat,
1017 3083 1167 3119 ertinere
1190 3083 1283 3119 hanc

205 3127 327 3172 legem,
360 3127 444 3179 licet
466 3126 625 3180 ibi-quis
650 3127 864 3164 domicilium
887 3138 960 3164 non
981 3094 1125 3164 ffabeat.
1197 3139 1283 3164 ona-

203 3182 282 3207 mus
321 3182 413 3207 enim
443 3170 642 3208 studiorum
681 3182 791 3208 causa
819 3173 955 3210 Romae

188 3216 336 3283 ,utique-
349 3216 566 3269 domicilium
587 3227 661 3270 non
680 3217 789 3253 habet
812 3221 847 3253 et
869 3222 990 3254 tamen
1033 3218 1195 3254 'cendum
1217 3223 1282 3262 est,

205 3263 257 3298 01ι
304 3272 339 3297 vi
369 3261 494 3298 domus
518 3271 593 3298 eius
615 3262 763 3297 introita
785 3262 911 3305 fuerit,
944 3262 1143 3299 Corneliam
1165 3263 1284 3299 locum

204 3306 347 3342 habere.
394 3311 533 3342 tantuin
562 3306 672 3352 igitur
695 3306 742 3342 ad
764 3307 944 3343 meritoria
966 3307 1023 3344 vel
1045 3308 1190 3344 stabula
1211 3319 1284 3345 non

203 3351 410 3397 pertinebit:
436 3355 593 3388 ceterum
615 3351 662 3387 ad
683 3349 751 3388 lios
775 3352 975 3398 pertinebit,
1001 3353 1062 3398 qui
1082 3352 1285 3389 inhabitant

204 3406 277 3432 non
293 3396 462 3432 momenti
478 3406 598 3441 causa,
618 3396 704 3433 licet
723 3396 774 3432 ibi
791 3396 1007 3433 domicilium
1025 3408 1097 3434 non
1115 3398 1282 3435 habeant.

997 2374 1018 2398 a
1045 2367 1148 2408 paret
1176 2363 1284 2408 igitur

1040 2408 1174 2444 ornelia
1198 2418 1282 2444 con-

1037 3183 1110 3209 81·θί
1183 3184 1284 3209 omae

204 3510 245 3551 (1)
271 3511 313 3553 cs.
328 3510 406 3543 Imt.
419 3512 453 3551 4,
465 3518 494 3551 4,
506 3518 524 3544 2
612 3512 656 3552 (2)
679 3509 751 3553 pati
761 3512 900 3553 ponunt
911 3511 972 3544 ins.
1061 3513 1107 3554 (a)
1129 3511 1242 3545 dicent
1252 3512 1287 3545 Γ

205 3556 248 3595 (4)
273 3555 459 3587 exciderunt
470 3556 629 3598 quaedam
637 3579 646 3595 ,
666 3555 803 3598 ampli
813 3566 913 3588 causa
926 3554 998 3587 eive
1010 3565 1152 3597 quocum
1164 3559 1282 3598 agetur

205 3603 247 3638 (⁵)
271 3599 464 3642 propriusve
478 3600 513 3633 F·
596 3602 640 3641 (0)
665 3598 874 3642 quemquem]
886 3609 985 3642 quem
1000 3613 1061 3633 scr.
1156 3606 1198 3641 (7)
1222 3601 1280 3634 ad-

1269 127 1352 174 780
1547 131 1563 199 1Χ

1348 3512 1482 3545 domino
1502 3511 1672 3545 colebatur

1348 3558 1407 3598 (12)
1432 3558 1480 3590 sic
1492 3558 1564 3589 edd.
1579 3569 1646 3590 cum
1659 3557 1733 3597 BS,
1745 3557 1891 3600 pretium
1903 3556 1939 3591 P
1997 3557 2055 3600 (18)
2080 3557 2169 3591 enim
2180 3556 2211 3590 S
2275 3558 2334 3599 (u)
2357 3567 2424 3599 quo

1497 104 1558 130 *N
2146 140 2208 172 DE
2236 140 2419 173 linimus

1348 254 1368 286 6
1415 250 1508 285 Illud
1530 250 1730 294 quaeritur,
1767 261 1814 285 an
1844 253 1947 295 pater
1976 249 2051 286 filio
2080 249 2232 285 familias
2254 248 2418 284 iniuriam

1347 305 1455 341 passo
1486 305 1530 330 ex
1559 295 1635 339 lege
1659 294 1822 331 Cornelia
1855 294 2062 330 iniuriarum
2084 304 2187 339 agere
2217 293 2346 339 possit:
2385 298 2421 328 et

1347 339 1483 385 placuit
1512 349 1584 374 non
1637 350 1718 376 osse
1740 339 1853 385 deque
1875 350 1918 375 ea
1940 349 1979 374 re
2009 338 2103 375 inter
2125 348 2246 375 omnes
2269 343 2419 374 constat.

1348 385 1412 421 sed
1457 385 1527 420 atri
1546 384 1607 429 qui
1632 394 1687 420 em
1706 385 1884 430 praetoria
1901 384 2109 420 iniuriarum
2127 383 2221 419 aetio
2243 384 2421 428 competit,

1350 433 1367 463 7
1455 429 1487 465 ‘o
1511 439 1594 464 vero
1618 429 1704 474 legis
1728 429 1923 465 Corneliae.
1968 429 2011 464 In
2041 428 2118 474 lege
2142 428 2305 464 Cornelia
2326 427 2421 463 filius

1348 474 1501 510 familias
1525 484 1629 519 agere
1659 477 1778 519 potest
1799 484 1843 510 ex
1871 474 1966 510 omni
1989 482 2098 509 causa
2121 483 2187 509 nec
2215 483 2338 509 cavere
2360 472 2420 508 de-

1349 520 1409 555 bet
1440 523 1554 554 ratam
1584 529 1659 554 rem
1686 522 1823 564 patrem
1854 518 2078 555 habiturum:
2113 529 2197 554 nam
2235 527 2303 553 nec
2333 517 2422 552 alias

1348 567 1509 609 agentem
1548 563 1659 598 filium
1697 563 1904 599 iniuriarum
1939 563 1986 599 ad
2029 563 2228 599 cautionem
2263 562 2307 598 de
2344 566 2421 597 rato

1349 612 1368 644 8
1416 608 1696 654 compellendum
1718 608 1878 644 Iulianus
1901 609 2036 644 scribit.
2081 608 2160 644 Hac
2182 608 2258 652 lege
2278 607 2421 652 permit-

1349 654 1436 688 titur
1459 654 1573 689 actori
1602 654 1658 688 ius
1682 653 1870 689 iurandum
1901 653 2054 697 deferre,
2085 658 2126 688 ut
2147 662 2230 688 reus
2253 652 2347 687 iuret
2369 651 2420 686 in-

1348 698 1475 734 iuriam
1510 709 1548 734 se
1583 709 1654 733 non
1684 698 1824 733 fecisse.
1879 698 1940 733 sed
1973 698 2126 734 Sabinus
2157 697 2195 732 in
2225 696 2424 732 adsessorio

1350 744 1455 779 etiam
1478 747 1662 788 praetores
1686 742 1883 788 exemplum
1905 743 1937 777 le
1963 742 1971 750 ‘
2014 747 2200 779 secuturos
2223 742 2288 777 ait:
2317 745 2354 777 et
2374 741 2424 776 ita

1350 791 1370 823 9
1417 799 1473 823 res
1504 798 1543 824 se
1573 788 1691 823 habet.
1739 787 1777 823 Si
1807 787 1886 832 quis
1917 788 1942 823 li
1967 798 2045 823 rum
2075 788 2121 823 ad
2149 787 2330 822 infamiam
2361 785 2423 821 ali-

1350 833 1453 869 cuius
1475 833 1709 878 pertinentem
1731 832 1914 878 scripserit
1938 833 2175 878 composuerit
2193 831 2342 868 ediderit
2361 831 2422 866 do-

1349 879 1426 914 love
1456 878 1552 914 malo
1583 878 1724 920 fecerit,
1780 888 1826 913 uo
1856 877 1940 923 quid
1975 887 2098 913 eorum
2130 877 2248 920 fieret,
2289 876 2426 911 etiamsi

1349 923 1495 959 alterius
1526 923 1667 958 nomine
1697 922 1754 958 edi
1779 922 1846 958 erit
1873 922 1927 957 vel
1951 922 2027 958 sine
2049 922 2208 965 nomine,
2240 922 2293 956 uti
2316 921 2360 956 de
2383 931 2426 956 ea

1349 979 1388 1004 re
1417 978 1521 1021 agere
1545 968 1668 1003 liceret
1691 972 1742 1011 et,
1775 968 1806 1003 si
1835 967 2087 1003 condemnatus
2119 967 2167 1002 sit
2188 966 2249 1012 qui
2270 966 2307 1001 id
2328 965 2425 1007 feeit,

1356 1017 1393 1047 10
1439 1013 1651 1048 intestabilis
1682 1023 1726 1048 ex
1748 1012 1825 1058 lege
1854 1022 1932 1048 esse
1954 1011 2107 1047 iubetur.
2153 1011 2288 1047 Eadem
2310 1021 2427 1056 poena

1350 1069 1394 1093 ex
1417 1062 1562 1094 senatus
1586 1058 1748 1094 consulto
1779 1061 1921 1093 tenetur
1944 1057 2049 1092 etiam
2072 1057 2121 1100 is,
2154 1057 2215 1102 qui
2249 1055 2424 1102 ἐπιγράμ-

1348 1115 1446 1148 ματα
1484 1102 1621 1138 aliudve
1660 1102 1745 1148 quid
1781 1102 1858 1138 sine
1872 1104 1898 1124 ¹¹
1935 1102 2112 1147 scriptura
2147 1102 2185 1137 in
2212 1105 2332 1137 notam
2362 1101 2425 1136 011-

1350 1159 1500 1194 quorum
1519 1147 1745 1193 produxerit:
1770 1147 1853 1182 item
1877 1147 1937 1191 qui
1960 1147 2144 1182 emendum
2167 1146 2428 1182 vendendumve

1355 1197 1391 1228 11
1442 1193 1627 1228 curaverit.
1673 1193 1723 1227 Et
1746 1192 1796 1236 ei,
1829 1192 1889 1237 qui
1911 1191 2122 1234 indicasset,
2146 1191 2218 1227 sive
2240 1192 2331 1227 liber
2354 1191 2428 1226 sive

1350 1249 1473 1274 servus
1496 1238 1553 1279 sit,
1578 1249 1643 1283 pro
1667 1237 1772 1273 modo
1797 1237 2017 1272 substantiae
2041 1241 2231 1272 accusatae
2254 1246 2429 1282 personae

1350 1283 1595 1319 aestimatione
1626 1282 1751 1319 iudicis
1783 1281 2017 1327 1110011111111112
2048 1282 2292 1324 constituitur,
2326 1291 2427 1317 servo

1350 1329 1501 1365 forsitan
1524 1332 1559 1364 et
1576 1328 1739 1363 libertate
1757 1327 1984 1373 praestanda.
2016 1326 2101 1372 quid
2121 1327 2213 1363 enim
2232 1327 2262 1362 si
2284 1326 2429 1372 publica

1350 1373 1486 1409 utilitas
1510 1383 1554 1409 ex
1576 1373 1645 1408 1100
1668 1373 1838 1418 emergit?

1396 1416 1421 1456 6
1446 1418 1603 1454 Panos
1641 1418 1730 1454 libro
1763 1418 2084 1464 quiuquaqeusimo
2117 1417 2242 1463 quinto
2266 1416 2315 1451 ad
2337 1416 2428 1451 edic-

1351 1468 1423 1498 tum
1471 1463 1574 1507 Quod
1597 1466 1741 1498 senatus
1766 1463 1965 1499 consultum
1987 1462 2228 1498 necessarium
2250 1465 2323 1503 est,
2349 1471 2429 1496 cum

1351 1519 1479 1544 nomen
1503 1508 1680 1544 adiectum
1703 1518 1775 1543 non
1799 1512 1853 1543 est
1877 1508 1969 1549 eius,
2001 1507 2039 1542 in
2070 1517 2173 1551 quem
2196 1506 2332 1542 factum
2357 1511 2426 1542 est:

1350 1557 1436 1589 tunc
1458 1553 1538 1596 ei¹³,
1569 1553 1651 1598 quia
1682 1553 1833 1589 difficilis
1856 1552 2020 1604 probatio
2045 1556 2117 1594 est,
2149 1551 2260 1588 voluit
2282 1556 2427 1587 senatus

1349 1598 1493 1643 publica
1517 1599 1724 1643 quaestione
1746 1608 1820 1633 rem
1843 1597 2025 1633 vindicari.
2066 1601 2222 1632 ceterum
2246 1597 2277 1632 si
2300 1607 2428 1632 nomen

1351 1643 1529 1679 adiectum
1552 1644 1614 1686 sit,
1649 1647 1686 1678 et
1712 1643 1790 1678 iure
1814 1642 1991 1678 communi
2012 1642 2220 1677 iniuriarum
2249 1642 2305 1686 agi
2353 1645 2427 1677 ote-

1353 1689 1419 1724 rit:
1452 1699 1518 1724 nec
1542 1689 1634 1724 enim
1657 1687 1900 1734 prohibendus
1923 1691 1979 1723 est
2001 1687 2138 1732 privato
2161 1697 2265 1739 agere
2287 1687 2324 1722 iu
2351 1687 2427 1729 'ci0,

1351 1733 1485 1779 011011Η
1509 1733 1654 1779 publico
1677 1733 1809 1768 iudicio
1829 1732 2113 1778 praeiudicatur,
2137 1742 2220 1777 quia
2243 1731 2290 1767 ad
2310 1731 2421 1778 priva·

1349 1783 1424 1814 tam
1455 1789 1600 1815 causam
1627 1778 1792 1823 pertinet.
1837 1778 1944 1822 plane
1983 1777 2014 1813 si
2052 1781 2172 1813 actum
2206 1777 2253 1813 sit
2285 1777 2429 1823 publico

1350 1823 1501 1867 iudicio,
1537 1823 1779 1868 denegandum
1811 1827 1866 1858 est
1896 1822 2085 1868 privatum:
2121 1821 2281 1859 similiter
2309 1832 2354 1858 ex
2377 1822 2428 1857 di-

1351 1879 1463 1905 verso.

1398 1911 1421 1950 7
1437 1915 1464 1935 ¹⁵
1494 1913 1687 1949 ULPIANUS
1722 1913 1812 1949 libro
1851 1914 2173 1959 quinquaqensimo
2201 1913 2351 1959 septimo
2381 1912 2432 1948 ad

1351 1959 1503 1994 edictum
1536 1957 1687 1994 Praetor
1711 1957 1835 1993 edixit:
1859 1958 1932 2002 ‘qui
1954 1958 2028 2002 agit
2048 1957 2268 2000 iniuriarum,
2293 1960 2427 1994 certum

1352 2004 1478 2045 ‘dicat,
1513 2003 1598 2049 quid
1620 2003 1770 2039 iniuriae
1793 2003 1928 2039 factum
1952 2003 2026 2039 sit':
2067 2003 2151 2048 quia
2174 2003 2235 2048 qui
2257 2002 2429 2039 famosam

1352 2049 1527 2084 actionem
1549 2048 1715 2092 intendit,
1750 2059 1822 2084 non
1854 2048 1960 2084 debet
1982 2048 2102 2093 vagari
2125 2059 2204 2083 cuin
2229 2047 2430 2083 discrimine

1352 2094 1488 2129 alienae
1512 2093 1798 2135 existimationis,
1829 2093 1892 2129 sed
1923 2093 2109 2138 designare
2132 2097 2167 2128 et
2190 2097 2325 2129 certum
2348 2103 2366 2129 s
2391 2104 2428 2129 e-

1352 2139 1488 2174 cialiter
1517 2138 1652 2182 dicere,
1685 2149 1789 2183 quam
1812 2149 1852 2174 se
1874 2138 2038 2174 iniuriam
2068 2149 2214 2183 passum
2238 2141 2364 2174 conten
2392 2138 2427 2172 ·t.

1355 2188 1368 2218 1
1420 2183 1458 2219 Si
1489 2183 1628 2219 dicatur
1657 2184 1763 2219 homo
1794 2183 1924 2219 iniuria
1955 2184 2110 2226 occisus,
2152 2194 2236 2218 num
2261 2183 2324 2219 uid
2356 2194 2429 2219 11011

1352 2229 1479 2265 debeat
1508 2229 1710 2274 permittere
1735 2233 1885 2285 praetor
1914 2229 2053 2274 privato
2082 2228 2213 2264 iudicio
2259 2228 2313 2274 egi
2341 2228 2428 2265 Cor-

1350 2274 1464 2310 neliae
1493 2273 1751 2318 praeiudicarit
1797 2273 1890 2309 idem
1916 2284 1960 2309 ue
1996 2277 2033 2309 et
2068 2273 2100 2309 si
2128 2273 2181 2309 ita
2216 2273 2294 2319 quis
2325 2284 2430 2319 agere

1351 2319 1434 2354 velit
1474 2323 1482 2337 ⁶
1509 2319 1580 2354 uod
1617 2323 1658 2354 tu
1692 2328 1864 2354 venenum
1920 2318 2023 2354 edisti
2060 2318 2211 2354 hominis
2248 2318 2430 2354 occidendi

1351 2364 1483 2400 ‘causa'
1531 2364 1663 2400 rectius
1685 2363 1792 2408 igitur
1816 2363 1951 2406 fecerit,
1976 2363 2007 2399 si
2029 2363 2231 2400 huiusmodi
2253 2364 2429 2400 actionem

1350 2419 1423 2445 non
1446 2408 1591 2444 dederit.
1640 2408 1772 2461 adquin
1795 2409 1948 2445 solemus
1973 2408 2101 2451 dicere,
2125 2419 2169 2444 ex
2191 2409 2319 2454 quibus
2343 2419 2428 2445 cau-

1351 2454 1400 2490 sis
1450 2454 1568 2489 ublica
1591 2458 1675 2489 sunt
1697 2453 1844 2496 iudicia,
1876 2464 1920 2488 ex
1941 2453 1997 2488 his
2021 2453 2139 2489 causis
2167 2461 2240 2490 non
2263 2463 2341 2489 esse
2361 2464 2428 2490 nos

1350 2510 1415 2544 pro
1445 2498 1602 2542 'bendos,
1627 2510 1697 2544 quo
1721 2499 1836 2535 minus
1860 2502 1896 2534 et
1915 2499 2054 2551 privato
2182 2509 2236 2535 us.
2284 2503 2338 2534 est
2359 2499 2429 2534 hoc

1351 2554 1490 2587 verum,
1526 2544 1590 2580 sed
1619 2545 1681 2580 ubi
1711 2555 1783 2579 non
1810 2543 2056 2589 principaliter
2109 2553 2129 2579 e
2159 2553 2203 2579 ea
2231 2554 2270 2580 re
2301 2544 2428 2589 agitur,

1352 2599 1444 2635 quae
1472 2589 1582 2624 habet
1642 2589 1795 2625 ublicam
1833 2589 2106 2625 exsecutionem.
2154 2588 2239 2634 quid
2270 2599 2352 2634 ergo
2384 2589 2428 2624 de

1351 2635 1427 2680 lege
1449 2634 1593 2680 Aquilia
1617 2600 1800 2670 dicimus?-
1835 2644 1917 2669 nam
1940 2638 1976 2669 et
1998 2644 2041 2670 ea
2063 2633 2157 2670 actio
2186 2633 2430 2679 principaliter

1351 2680 1419 2715 hoc
1443 2679 1619 2722 continet,
1651 2679 1828 2715 hominem
1852 2679 2009 2715 occisum
2024 2680 2050 2700 ¹⁰
2073 2689 2145 2714 non
2166 2679 2281 2724 princi
2307 2678 2426 2714 aliter:

1351 2735 1434 2759 nain
1458 2724 1507 2759 ibi
1531 2724 1775 2770 principaliter
1799 2723 1842 2759 de
1865 2724 1993 2760 damno
2018 2724 2145 2768 agitur,
2169 2724 2264 2769 quod
2311 2724 2428 2760 omino

1352 2770 1474 2804 datum
1505 2774 1576 2812 est,
1611 2774 1648 2804 at
1670 2770 1708 2805 in
1737 2769 1877 2805 actione
1907 2769 2116 2804 iniuriarum
2144 2768 2189 2805 de
2217 2768 2298 2815 ipsa
2320 2769 2429 2805 caede

1351 2815 1406 2850 vel
1421 2824 1555 2850 veneno
1571 2818 1611 2850 ut
1630 2814 1836 2856 vindicetur,
1862 2824 1934 2849 non
1954 2818 1994 2850 ut
2013 2813 2180 2849 damnum
2199 2814 2376 2850 sarciatur
2388 2815 2425 2850 ¹⁷.

1352 2859 1438 2905 quid
1466 2869 1567 2905 ergo,
1607 2859 1637 2895 si
1673 2859 1751 2905 quis
1789 2859 1922 2895 idcirco
1954 2859 2038 2895 velit
2069 2858 2276 2894 iniuriarum
2312 2869 2427 2904 agere,

1352 2903 1448 2950 quod
1476 2904 1594 2949 gladio
1625 2907 1735 2950 caput
1765 2905 1840 2940 eius
1872 2914 2082 2949 percussum
2110 2904 2187 2939 est?
2231 2903 2353 2940 Labeo
2377 2904 2430 2939 ait

1351 2960 1424 2986 non
1453 2959 1531 2986 esse
1554 2949 1828 2995 prohibendum:
1864 2959 1979 2994 neque
2001 2949 2094 2985 enim
2124 2948 2247 2994 utique
2268 2948 2349 2992 hoc,
2371 2948 2427 2984 in-

1353 2994 1446 3039 quit,
1468 2994 1682 3037 intenditur,
1706 2994 1801 3039 quod
1822 2994 2002 3039 publicam
2023 2993 2135 3029 habet
2155 2993 2427 3030 animadversio-

1351 3050 1443 3075 nem.
1490 3038 1587 3085 quod
1619 3049 1740 3075 verum
1773 3050 1846 3075 non
1875 3043 1946 3075 est:
1982 3039 2040 3075 cui
2073 3038 2167 3075 enim
2196 3037 2342 3074 dubium
2372 3042 2428 3075 est

1352 3087 1372 3119 2
1420 3083 1527 3120 etiam
1549 3084 1645 3120 hunc
1668 3083 1738 3119 dici
1765 3094 1871 3129 posse
1896 3083 2058 3120 Cornelia
2082 3083 2284 3120 conveniri?
2316 3083 2426 3120 Prae-

1352 3133 1449 3165 terea
1470 3128 1532 3165 illo
1555 3132 1696 3174 spectat
1719 3129 1788 3164 dici
1812 3133 1947 3165 certum
1971 3128 2015 3165 de
2036 3127 2183 3172 iniuria,
2215 3138 2320 3174 quam
2342 3139 2426 3174 pas-

1352 3185 1414 3210 sus
1437 3173 1514 3219 quis
1538 3173 1603 3216 sit,
1628 3179 1668 3209 ut
1691 3184 1735 3209 ex
1782 3174 1927 3210 ualitate
1950 3173 2099 3209 iniuriae
2122 3172 2295 3216 sciamus,
2318 3183 2366 3209 an
2388 3174 2427 3210 in

1351 3222 1542 3265 patronum
1563 3218 1692 3254 liberto
1712 3229 1750 3255 re
1776 3218 1927 3255 dendum
1950 3219 1998 3255 sit
2018 3218 2226 3254 iniuriarum
2243 3218 2425 3254 iudicium.

1352 3263 1482 3299 etenim
1499 3263 1698 3299 meminisse
1718 3264 1896 3309 oportebit
1905 3263 2033 3299 liberto
2045 3262 2216 3299 adversus
2234 3267 2427 3309 patronum

1351 3319 1424 3345 non
1445 3308 1586 3361 quidem
1608 3318 1757 3354 semper,
1781 3318 1902 3345 verum
1919 3307 2098 3345 interdum
2118 3308 2326 3344 iniuriarum
2348 3307 2428 3344 dari

1351 3353 1531 3396 iudicium,
1555 3353 1586 3389 si
1606 3357 1710 3389 atrox
1729 3355 1775 3390 sit
1792 3354 1921 3390 iniuria
1939 3363 2045 3399 quam
2063 3363 2191 3398 passus
2206 3353 2301 3396 sit²⁸,
2324 3357 2425 3399 puta,

1350 3398 1382 3435 si
1404 3397 1552 3435 servilis.
1599 3402 1757 3435 ceterum
1779 3398 1890 3435 levem
1919 3398 2193 3435 cohercitionem
2216 3397 2337 3445 utique
2358 3409 2425 3445 pa-

1791 3516 1851 3553 (10)
1873 3511 1922 3545 ibi
1939 3513 1999 3546 ine.
2120 3516 2175 3553 (11)
2198 3512 2343 3546 nominis
2362 3514 2425 3547 inu.

1350 3602 1422 3635 edd.
1559 3604 1616 3643 (15)
1641 3604 1684 3645 qs.
1701 3602 1780 3635 Con.
1801 3603 1833 3643 2,
1851 3609 1881 3644 0,
1898 3609 1912 3636 1
2049 3604 2108 3644 (ie)
2132 3612 2213 3635 num
2230 3603 2264 3634 et
2281 3612 2320 3635 00
2336 3602 2424 3635 actio

205 3643 371 3677 finitateve
383 3645 446 3678 del.
459 3644 610 3688 Krueqer
673 3646 721 3687 (8)
744 3643 828 3687 etim]
840 3643 937 3678 cuim
948 3644 1119 3689 Schulci’ny
1185 3649 1230 3688 (ο)
1252 3646 1280 3679 si
1348 3645 1579 3689 principaliter
1601 3647 1664 3680 1100
1687 3647 1837 3680 continet
1856 3647 2022 3680 hominem
2042 3647 2187 3679 occisum
2203 3647 2268 3680 Ad.
2280 3645 2427 3680 Schmidt

203 3690 312 3721 tamen
393 3688 574 3732 oolebatur]
598 3703 615 3723 r

204 3732 298 3764 afuit.
324 3743 521 3775 quamquam
534 3734 593 3768 etsi
665 3734 726 3775 uit,
737 3734 766 3766 si
778 3733 814 3766 in
826 3733 979 3776 fundum,
995 3734 1055 3776 qui
1065 3745 1123 3777 per
1135 3735 1281 3768 alienum

679 3690 805 3724 friantur
824 3689 928 3724 talia.-
950 3688 981 3723 si
998 3691 1109 3723 tamen
1129 3690 1281 3723 dominus
1349 3693 1409 3733 (17)
1431 3694 1479 3725 cic
1491 3693 1520 3724 S
1532 3704 1599 3725 cum
1614 3692 1687 3732 BS,
1707 3691 1865 3724 sortiatur
1878 3692 1914 3724 Ρ

1995 3694 2055 3734 (is)
2077 3691 2107 3725 si
2117 3701 2177 3724 sua
2188 3692 2247 3725 im.
2262 3691 2315 3725 F·

2525 3831 2528 3842 -
2523 3787 2528 3800 -
2525 3769 2528 3775 .,
2511 3281 2528 3746 ..1«φήέι...4..4.....1...1ᾳ.,-,..,ΑΜὴμ..Δ
