<?xml version="1.0" encoding="UTF-8"?>
<!DOCTYPE html PUBLIC "-//W3C//DTD XHTML 1.0 Transitional//EN"
    "http://www.w3.org/TR/xhtml1/DTD/xhtml1-transitional.dtd">
<html xmlns="http://www.w3.org/1999/xhtml" xml:lang="en" lang="en">
 <head>
  <title>
</title>
<meta http-equiv="Content-Type" content="text/html;charset=utf-8" />
  <meta name='ocr-system' content='tesseract 3.04.00' />
  <meta name='ocr-capabilities' content='ocr_page ocr_carea ocr_par ocr_line ocrx_word'/>
</head>
<body>
  <div class='ocr_page' id='page_1' title='image "./corpusjuriscivil01krueuoft_0765.png"; bbox 0 0 2528 3918; ppageno 0'>
   <div class='ocr_carea' id='block_1_1' title="bbox 0 1996 36 3918">
    <p class='ocr_par' dir='ltr' id='par_1_1' title="bbox 0 1996 36 3918">
     <span class='ocr_line' id='line_1_1' title="bbox 0 1996 36 3918; baseline 0 0"><span class='ocrx_word' id='word_1_1' title='bbox 0 1996 36 3918; x_wconf 95' lang='lat' dir='ltr'> </span> 
     </span>
    </p>
   </div>
   <div class='ocr_carea' id='block_1_2' title="bbox 123 132 498 164">
    <p class='ocr_par' dir='ltr' id='par_1_2' title="bbox 123 132 498 164">
     <span class='ocr_line' id='line_1_2' title="bbox 123 132 498 164; baseline 0 0"><span class='ocrx_word' id='word_1_2' title='bbox 123 133 275 164; x_wconf 70' lang='lat' dir='ltr'>RERUM</span> <span class='ocrx_word' id='word_1_3' title='bbox 302 132 498 164; x_wconf 73' lang='lat' dir='ltr'>Domino</span> 
     </span>
    </p>
   </div>
   <div class='ocr_carea' id='block_1_3' title="bbox 118 241 1213 3590">
    <p class='ocr_par' dir='ltr' id='par_1_3' title="bbox 122 241 1211 550">
     <span class='ocr_line' id='line_1_3' title="bbox 169 241 1210 282; baseline -0.004 -1"><span class='ocrx_word' id='word_1_4' title='bbox 169 243 219 282; x_wconf 86' lang='lat'>41</span> <span class='ocrx_word' id='word_1_5' title='bbox 254 243 447 280; x_wconf 74' lang='lat' dir='ltr'><em>ULPIANUS</em></span> <span class='ocrx_word' id='word_1_6' title='bbox 475 243 567 280; x_wconf 80' lang='lat' dir='ltr'>libro</span> <span class='ocrx_word' id='word_1_7' title='bbox 595 254 690 278; x_wconf 82' lang='lat' dir='ltr'>nono</span> <span class='ocrx_word' id='word_1_8' title='bbox 723 243 772 277; x_wconf 85' lang='lat' dir='ltr'>ad</span> <span class='ocrx_word' id='word_1_9' title='bbox 803 243 955 278; x_wconf 80' lang='lat' dir='ltr'>edictum</span> <span class='ocrx_word' id='word_1_10' title='bbox 1003 241 1149 279; x_wconf 78' lang='lat' dir='ltr'><strong>Statuas</strong></span> <span class='ocrx_word' id='word_1_11' title='bbox 1171 242 1210 278; x_wconf 90' lang='lat' dir='ltr'>in</span> 
     </span>
     <span class='ocr_line' id='line_1_4' title="bbox 126 287 1210 334; baseline -0.003 -9"><span class='ocrx_word' id='word_1_12' title='bbox 126 290 267 325; x_wconf 87' lang='lat' dir='ltr'>civitate</span> <span class='ocrx_word' id='word_1_13' title='bbox 287 289 425 334; x_wconf 89' lang='lat' dir='ltr'>positas</span> <span class='ocrx_word' id='word_1_14' title='bbox 449 289 575 324; x_wconf 86' lang='lat' dir='ltr'>civium</span> <span class='ocrx_word' id='word_1_15' title='bbox 605 298 677 323; x_wconf 89' lang='lat' dir='ltr'>non</span> <span class='ocrx_word' id='word_1_16' title='bbox 701 297 796 330; x_wconf 86' lang='lat' dir='ltr'>esse,</span> <span class='ocrx_word' id='word_1_17' title='bbox 827 287 934 332; x_wconf 91' lang='lat' dir='ltr'>idque</span> <span class='ocrx_word' id='word_1_18' title='bbox 959 287 1149 323; x_wconf 76' lang='lat' dir='ltr'>Trebatius</span> <span class='ocrx_word' id='word_1_19' title='bbox 1174 290 1210 322; x_wconf 92' lang='lat' dir='ltr'>et</span> 
     </span>
     <span class='ocr_line' id='line_1_5' title="bbox 124 334 1208 380; baseline -0.003 -10"><span class='ocrx_word' id='word_1_20' title='bbox 124 336 280 380; x_wconf 80' lang='lat' dir='ltr'><strong>Pegasus</strong></span> <span class='ocrx_word' id='word_1_21' title='bbox 294 337 323 366; x_wconf 86' lang='lat'>¹:</span> <span class='ocrx_word' id='word_1_22' title='bbox 357 334 443 369; x_wconf 90' lang='lat' dir='ltr'>dare</span> <span class='ocrx_word' id='word_1_23' title='bbox 472 337 591 368; x_wconf 87' lang='lat' dir='ltr'>tamen</span> <span class='ocrx_word' id='word_1_24' title='bbox 624 343 644 368; x_wconf 96' lang='lat' dir='ltr'>o</span> <span class='ocrx_word' id='word_1_25' title='bbox 672 343 768 367; x_wconf 89' lang='lat' dir='ltr'>eram</span> <span class='ocrx_word' id='word_1_26' title='bbox 805 337 1008 378; x_wconf 82' lang='lat' dir='ltr'>praetorem</span> <span class='ocrx_word' id='word_1_27' title='bbox 1032 336 1208 379; x_wconf 75' lang='lat' dir='ltr'>oportere,</span> 
     </span>
     <span class='ocr_line' id='line_1_6' title="bbox 124 344 1211 424; baseline -0.002 -10"><span class='ocrx_word' id='word_1_28' title='bbox 124 386 173 422; x_wconf 87' lang='lat' dir='ltr'>ut,</span> <span class='ocrx_word' id='word_1_29' title='bbox 198 379 294 424; x_wconf 91' lang='lat' dir='ltr'>quod</span> <span class='ocrx_word' id='word_1_30' title='bbox 314 389 357 414; x_wconf 88' lang='lat' dir='ltr'>ea</span> <span class='ocrx_word' id='word_1_31' title='bbox 380 383 499 414; x_wconf 90' lang='lat' dir='ltr'>mente</span> <span class='ocrx_word' id='word_1_32' title='bbox 520 378 557 413; x_wconf 89' lang='lat' dir='ltr'>in</span> <span class='ocrx_word' id='word_1_33' title='bbox 581 344 726 422; x_wconf 53' lang='lat' dir='ltr'>publiico</span> <span class='ocrx_word' id='word_1_34' title='bbox 749 378 906 422; x_wconf 89' lang='lat' dir='ltr'>positum</span> <span class='ocrx_word' id='word_1_35' title='bbox 930 382 995 422; x_wconf 87' lang='lat' dir='ltr'>est,</span> <span class='ocrx_word' id='word_1_36' title='bbox 1020 389 1065 413; x_wconf 88' lang='lat' dir='ltr'>ne</span> <span class='ocrx_word' id='word_1_37' title='bbox 1088 377 1211 413; x_wconf 88' lang='lat' dir='ltr'>liceret</span> 
     </span>
     <span class='ocr_line' id='line_1_7' title="bbox 123 423 1209 470; baseline -0.002 -11"><span class='ocrx_word' id='word_1_38' title='bbox 123 425 260 470; x_wconf 87' lang='lat' dir='ltr'>privato</span> <span class='ocrx_word' id='word_1_39' title='bbox 281 424 422 459; x_wconf 76' lang='lat' dir='ltr'>auferre</span> <span class='ocrx_word' id='word_1_40' title='bbox 441 433 507 459; x_wconf 90' lang='lat' dir='ltr'>nec</span> <span class='ocrx_word' id='word_1_41' title='bbox 525 424 558 459; x_wconf 92' lang='lat' dir='ltr'>ei</span> <span class='ocrx_word' id='word_1_42' title='bbox 578 423 639 468; x_wconf 90' lang='lat' dir='ltr'>qui</span> <span class='ocrx_word' id='word_1_43' title='bbox 658 423 830 467; x_wconf 82' lang='lat' dir='ltr'>posuerit.</span> <span class='ocrx_word' id='word_1_44' title='bbox 866 423 991 458; x_wconf 90' lang='lat' dir='ltr'>tuendi</span> <span class='ocrx_word' id='word_1_45' title='bbox 1011 434 1095 468; x_wconf 88' lang='lat' dir='ltr'>ergo</span> <span class='ocrx_word' id='word_1_46' title='bbox 1116 423 1209 458; x_wconf 86' lang='lat' dir='ltr'>cives</span> 
     </span>
     <span class='ocr_line' id='line_1_8' title="bbox 122 467 1208 513; baseline -0.002 -8"><span class='ocrx_word' id='word_1_47' title='bbox 122 473 227 505; x_wconf 89' lang='lat' dir='ltr'>erunt</span> <span class='ocrx_word' id='word_1_48' title='bbox 249 473 286 504; x_wconf 92' lang='lat' dir='ltr'>et</span> <span class='ocrx_word' id='word_1_49' title='bbox 306 469 477 505; x_wconf 88' lang='lat' dir='ltr'>adversus</span> <span class='ocrx_word' id='word_1_50' title='bbox 499 472 678 513; x_wconf 87' lang='lat' dir='ltr'>petentem</span> <span class='ocrx_word' id='word_1_51' title='bbox 697 468 906 513; x_wconf 85' lang='lat' dir='ltr'>exceptione</span> <span class='ocrx_word' id='word_1_52' title='bbox 930 472 966 503; x_wconf 93' lang='lat' dir='ltr'>et</span> <span class='ocrx_word' id='word_1_53' title='bbox 986 469 1128 503; x_wconf 89' lang='lat' dir='ltr'>actione</span> <span class='ocrx_word' id='word_1_54' title='bbox 1145 467 1208 503; x_wconf 86' lang='lat' dir='ltr'>ad-</span> 
     </span>
     <span class='ocr_line' id='line_1_9' title="bbox 124 512 686 550; baseline -0.004 -1"><span class='ocrx_word' id='word_1_55' title='bbox 124 525 244 549; x_wconf 84' lang='lat' dir='ltr'>versus</span> <span class='ocrx_word' id='word_1_56' title='bbox 295 514 510 550; x_wconf 88' lang='lat' dir='ltr'>ossidentem</span> <span class='ocrx_word' id='word_1_57' title='bbox 532 512 686 548; x_wconf 89' lang='lat' dir='ltr'>iuvandi.</span> 
     </span>
    </p>

    <p class='ocr_par' dir='ltr' id='par_1_4' title="bbox 122 557 1207 649">
     <span class='ocr_line' id='line_1_10' title="bbox 168 557 1207 600; baseline -0.004 -4"><span class='ocrx_word' id='word_1_58' title='bbox 168 557 221 596; x_wconf 86' lang='lat'>42</span> <span class='ocrx_word' id='word_1_59' title='bbox 279 569 406 594; x_wconf 66' lang='lat' dir='ltr'>Avtvs</span> <span class='ocrx_word' id='word_1_60' title='bbox 421 559 511 594; x_wconf 79' lang='lat' dir='ltr'>&#39;libro</span> <span class='ocrx_word' id='word_1_61' title='bbox 525 559 712 593; x_wconf 71' lang='lat' dir='ltr'>undecimo</span> <span class='ocrx_word' id='word_1_62' title='bbox 724 558 773 593; x_wconf 85' lang='lat' dir='ltr'>ad</span> <span class='ocrx_word' id='word_1_63' title='bbox 792 558 946 594; x_wconf 78' lang='lat' dir='ltr'>edictum</span> <span class='ocrx_word' id='word_1_64' title='bbox 982 557 1207 600; x_wconf 89' lang='lat' dir='ltr'>Substitutio‚</span> 
     </span>
     <span class='ocr_line' id='line_1_11' title="bbox 122 603 1083 649; baseline -0.002 -10"><span class='ocrx_word' id='word_1_65' title='bbox 122 614 213 649; x_wconf 87' lang='lat' dir='ltr'>quae</span> <span class='ocrx_word' id='word_1_66' title='bbox 237 604 394 639; x_wconf 92' lang='lat' dir='ltr'>nondum</span> <span class='ocrx_word' id='word_1_67' title='bbox 419 603 599 648; x_wconf 89' lang='lat' dir='ltr'>competit,</span> <span class='ocrx_word' id='word_1_68' title='bbox 627 606 729 638; x_wconf 82' lang='lat' dir='ltr'>extra</span> <span class='ocrx_word' id='word_1_69' title='bbox 752 603 848 638; x_wconf 89' lang='lat' dir='ltr'>bona</span> <span class='ocrx_word' id='word_1_70' title='bbox 870 608 995 639; x_wconf 87' lang='lat' dir='ltr'>nostra</span> <span class='ocrx_word' id='word_1_71' title='bbox 1019 608 1083 639; x_wconf 90' lang='lat' dir='ltr'>est.</span> 
     </span>
    </p>

    <p class='ocr_par' dir='ltr' id='par_1_5' title="bbox 120 647 1210 1181">
     <span class='ocr_line' id='line_1_12' title="bbox 167 647 1210 695; baseline -0.003 -9"><span class='ocrx_word' id='word_1_72' title='bbox 167 647 219 687; x_wconf 87' lang='lat'>43</span> <span class='ocrx_word' id='word_1_73' title='bbox 249 649 372 685; x_wconf 68' lang='lat' dir='ltr'>GAws</span> <span class='ocrx_word' id='word_1_74' title='bbox 400 648 492 684; x_wconf 81' lang='lat' dir='ltr'>libro</span> <span class='ocrx_word' id='word_1_75' title='bbox 523 649 675 695; x_wconf 76' lang='lat' dir='ltr'>septimo</span> <span class='ocrx_word' id='word_1_76' title='bbox 718 648 768 683; x_wconf 89' lang='lat' dir='ltr'>ad</span> <span class='ocrx_word' id='word_1_77' title='bbox 797 648 949 684; x_wconf 81' lang='lat' dir='ltr'>edictum</span> <span class='ocrx_word' id='word_1_78' title='bbox 980 648 1210 695; x_wconf 76' lang='lat' dir='ltr'>provinciale</span> 
     </span>
     <span class='ocr_line' id='line_1_13' title="bbox 122 693 1209 739; baseline -0.001 -10"><span class='ocrx_word' id='word_1_79' title='bbox 122 695 271 736; x_wconf 86' lang='lat' dir='ltr'>Servus,</span> <span class='ocrx_word' id='word_1_80' title='bbox 310 693 371 739; x_wconf 91' lang='lat' dir='ltr'>qui</span> <span class='ocrx_word' id='word_1_81' title='bbox 404 694 501 729; x_wconf 87' lang='lat' dir='ltr'>bona</span> <span class='ocrx_word' id='word_1_82' title='bbox 534 693 605 729; x_wconf 90' lang='lat' dir='ltr'>fide</span> <span class='ocrx_word' id='word_1_83' title='bbox 637 693 857 738; x_wconf 86' lang='lat' dir='ltr'>possidetur,</span> <span class='ocrx_word' id='word_1_84' title='bbox 893 693 930 728; x_wconf 88' lang='lat' dir='ltr'>id</span> <span class='ocrx_word' id='word_1_85' title='bbox 963 694 1056 738; x_wconf 90' lang='lat' dir='ltr'>quod</span> <span class='ocrx_word' id='word_1_86' title='bbox 1090 703 1136 728; x_wconf 88' lang='lat' dir='ltr'>ex</span> <span class='ocrx_word' id='word_1_87' title='bbox 1170 703 1209 729; x_wconf 88' lang='lat' dir='ltr'>re</span> 
     </span>
     <span class='ocr_line' id='line_1_14' title="bbox 127 738 1208 784; baseline -0.001 -10"><span class='ocrx_word' id='word_1_88' title='bbox 127 743 136 774; x_wconf 95' lang='lat' dir='ltr'>l</span> <span class='ocrx_word' id='word_1_89' title='bbox 189 739 336 774; x_wconf 89' lang='lat' dir='ltr'>alterius</span> <span class='ocrx_word' id='word_1_90' title='bbox 359 743 415 775; x_wconf 91' lang='lat' dir='ltr'>est</span> <span class='ocrx_word' id='word_1_91' title='bbox 438 738 638 784; x_wconf 79' lang='lat' dir='ltr'>possessori</span> <span class='ocrx_word' id='word_1_92' title='bbox 661 749 734 774; x_wconf 89' lang='lat' dir='ltr'>non</span> <span class='ocrx_word' id='word_1_93' title='bbox 758 739 924 783; x_wconf 85' lang='lat' dir='ltr'>adquirit.</span> <span class='ocrx_word' id='word_1_94' title='bbox 960 738 1208 784; x_wconf 78' lang='lat' dir='ltr'>incorporales</span> 
     </span>
     <span class='ocr_line' id='line_1_15' title="bbox 121 783 1208 828; baseline 0 -9"><span class='ocrx_word' id='word_1_95' title='bbox 121 795 177 819; x_wconf 88' lang='lat' dir='ltr'>res</span> <span class='ocrx_word' id='word_1_96' title='bbox 202 784 429 819; x_wconf 85' lang='lat' dir='ltr'>traditionem</span> <span class='ocrx_word' id='word_1_97' title='bbox 458 788 494 819; x_wconf 91' lang='lat' dir='ltr'>et</span> <span class='ocrx_word' id='word_1_98' title='bbox 524 783 780 828; x_wconf 83' lang='lat' dir='ltr'>usucapionem</span> <span class='ocrx_word' id='word_1_99' title='bbox 809 794 881 818; x_wconf 91' lang='lat' dir='ltr'>non</span> <span class='ocrx_word' id='word_1_100' title='bbox 913 784 1074 828; x_wconf 89' lang='lat' dir='ltr'>recipere</span> <span class='ocrx_word' id='word_1_101' title='bbox 1095 783 1208 819; x_wconf 90' lang='lat' dir='ltr'>mani-</span> 
     </span>
     <span class='ocr_line' id='line_1_16' title="bbox 122 829 1209 874; baseline 0 -10"><span class='ocrx_word' id='word_1_102' title='bbox 122 833 140 864; x_wconf 86' lang='lat'><strong>2</strong></span> <span class='ocrx_word' id='word_1_103' title='bbox 187 829 318 865; x_wconf 84' lang='lat' dir='ltr'>festum</span> <span class='ocrx_word' id='word_1_104' title='bbox 353 833 418 865; x_wconf 88' lang='lat' dir='ltr'>est.</span> <span class='ocrx_word' id='word_1_105' title='bbox 467 829 555 865; x_wconf 89' lang='lat' dir='ltr'>Cum</span> <span class='ocrx_word' id='word_1_106' title='bbox 585 839 725 871; x_wconf 87' lang='lat' dir='ltr'>servus,</span> <span class='ocrx_word' id='word_1_107' title='bbox 761 829 799 864; x_wconf 93' lang='lat' dir='ltr'>in</span> <span class='ocrx_word' id='word_1_108' title='bbox 834 840 903 874; x_wconf 92' lang='lat' dir='ltr'>quo</span> <span class='ocrx_word' id='word_1_109' title='bbox 940 830 1086 864; x_wconf 88' lang='lat' dir='ltr'>alterius</span> <span class='ocrx_word' id='word_1_110' title='bbox 1121 839 1209 864; x_wconf 90' lang='lat' dir='ltr'>usus</span> 
     </span>
     <span class='ocr_line' id='line_1_17' title="bbox 120 874 1209 917; baseline -0.001 -8"><span class='ocrx_word' id='word_1_111' title='bbox 120 875 259 909; x_wconf 84' lang='lat' dir='ltr'>fructus</span> <span class='ocrx_word' id='word_1_112' title='bbox 292 878 364 916; x_wconf 91' lang='lat' dir='ltr'>est,</span> <span class='ocrx_word' id='word_1_113' title='bbox 399 875 576 910; x_wconf 89' lang='lat' dir='ltr'>hominem</span> <span class='ocrx_word' id='word_1_114' title='bbox 601 874 685 909; x_wconf 87' lang='lat' dir='ltr'>emit</span> <span class='ocrx_word' id='word_1_115' title='bbox 719 879 755 909; x_wconf 89' lang='lat' dir='ltr'>et</span> <span class='ocrx_word' id='word_1_116' title='bbox 778 874 812 909; x_wconf 90' lang='lat' dir='ltr'>ei</span> <span class='ocrx_word' id='word_1_117' title='bbox 835 874 989 910; x_wconf 89' lang='lat' dir='ltr'>traditus</span> <span class='ocrx_word' id='word_1_118' title='bbox 1013 875 1076 917; x_wconf 90' lang='lat' dir='ltr'>sit,</span> <span class='ocrx_word' id='word_1_119' title='bbox 1108 877 1209 909; x_wconf 91' lang='lat' dir='ltr'>ante-</span> 
     </span>
     <span class='ocr_line' id='line_1_18' title="bbox 122 919 1208 964; baseline 0.001 -10"><span class='ocrx_word' id='word_1_120' title='bbox 122 930 228 964; x_wconf 90' lang='lat' dir='ltr'>quam</span> <span class='ocrx_word' id='word_1_121' title='bbox 260 920 412 964; x_wconf 86' lang='lat' dir='ltr'>pretium</span> <span class='ocrx_word' id='word_1_122' title='bbox 437 920 568 964; x_wconf 90' lang='lat' dir='ltr'>solvat,</span> <span class='ocrx_word' id='word_1_123' title='bbox 601 919 638 954; x_wconf 92' lang='lat' dir='ltr'>in</span> <span class='ocrx_word' id='word_1_124' title='bbox 661 919 831 964; x_wconf 87' lang='lat' dir='ltr'>pendenti</span> <span class='ocrx_word' id='word_1_125' title='bbox 855 924 927 962; x_wconf 89' lang='lat' dir='ltr'>est,</span> <span class='ocrx_word' id='word_1_126' title='bbox 959 920 1017 955; x_wconf 91' lang='lat' dir='ltr'>cui</span> <span class='ocrx_word' id='word_1_127' title='bbox 1048 930 1113 964; x_wconf 90' lang='lat' dir='ltr'>pro</span> <span class='ocrx_word' id='word_1_128' title='bbox 1141 919 1208 955; x_wconf 89' lang='lat' dir='ltr'>rie-</span> 
     </span>
     <span class='ocr_line' id='line_1_19' title="bbox 120 963 1209 1009; baseline 0.001 -10"><span class='ocrx_word' id='word_1_129' title='bbox 120 969 229 1000; x_wconf 86' lang='lat' dir='ltr'>tatem</span> <span class='ocrx_word' id='word_1_130' title='bbox 253 965 478 1008; x_wconf 86' lang='lat' dir='ltr'>adquisierit:</span> <span class='ocrx_word' id='word_1_131' title='bbox 504 969 541 1000; x_wconf 89' lang='lat' dir='ltr'>et</span> <span class='ocrx_word' id='word_1_132' title='bbox 565 976 647 999; x_wconf 91' lang='lat' dir='ltr'>cum</span> <span class='ocrx_word' id='word_1_133' title='bbox 669 975 715 1000; x_wconf 84' lang='lat' dir='ltr'>ex</span> <span class='ocrx_word' id='word_1_134' title='bbox 738 965 897 1009; x_wconf 91' lang='lat' dir='ltr'>peculio,</span> <span class='ocrx_word' id='word_1_135' title='bbox 923 964 1019 1009; x_wconf 92' lang='lat' dir='ltr'>quod</span> <span class='ocrx_word' id='word_1_136' title='bbox 1042 963 1089 999; x_wconf 89' lang='lat' dir='ltr'>ad</span> <span class='ocrx_word' id='word_1_137' title='bbox 1127 975 1209 1000; x_wconf 89' lang='lat' dir='ltr'>ruc-</span> 
     </span>
     <span class='ocr_line' id='line_1_20' title="bbox 120 1009 1209 1055; baseline 0.001 -11"><span class='ocrx_word' id='word_1_138' title='bbox 120 1011 273 1045; x_wconf 89' lang='lat' dir='ltr'>tuarium</span> <span class='ocrx_word' id='word_1_139' title='bbox 295 1011 459 1054; x_wconf 87' lang='lat' dir='ltr'>pertinet,</span> <span class='ocrx_word' id='word_1_140' title='bbox 484 1010 639 1052; x_wconf 89' lang='lat' dir='ltr'>solverit,</span> <span class='ocrx_word' id='word_1_141' title='bbox 660 1010 877 1055; x_wconf 87' lang='lat' dir='ltr'>intellegitur</span> <span class='ocrx_word' id='word_1_142' title='bbox 895 1009 1085 1046; x_wconf 79' lang='lat' dir='ltr'>fructuarii</span> <span class='ocrx_word' id='word_1_143' title='bbox 1103 1011 1209 1045; x_wconf 92' lang='lat' dir='ltr'>homo</span> 
     </span>
     <span class='ocr_line' id='line_1_21' title="bbox 120 1055 1210 1101; baseline 0 -12"><span class='ocrx_word' id='word_1_144' title='bbox 120 1055 247 1091; x_wconf 85' lang='lat' dir='ltr'>fuisse:</span> <span class='ocrx_word' id='word_1_145' title='bbox 282 1066 362 1089; x_wconf 88' lang='lat' dir='ltr'>cum</span> <span class='ocrx_word' id='word_1_146' title='bbox 385 1066 468 1091; x_wconf 89' lang='lat' dir='ltr'>vero</span> <span class='ocrx_word' id='word_1_147' title='bbox 494 1066 538 1091; x_wconf 88' lang='lat' dir='ltr'>ex</span> <span class='ocrx_word' id='word_1_148' title='bbox 562 1066 604 1091; x_wconf 93' lang='lat' dir='ltr'>eo</span> <span class='ocrx_word' id='word_1_149' title='bbox 628 1055 788 1101; x_wconf 91' lang='lat' dir='ltr'>peculio,</span> <span class='ocrx_word' id='word_1_150' title='bbox 814 1056 910 1100; x_wconf 87' lang='lat' dir='ltr'>quod</span> <span class='ocrx_word' id='word_1_151' title='bbox 934 1055 1210 1100; x_wconf 86' lang='lat' dir='ltr'>proprietarium</span> 
     </span>
     <span class='ocr_line' id='line_1_22' title="bbox 120 1100 1210 1181; baseline -0.001 -45"><span class='ocrx_word' id='word_1_152' title='bbox 120 1101 297 1181; x_wconf 56' lang='lat' dir='ltr'>seguitur,</span> <span class='ocrx_word' id='word_1_153' title='bbox 331 1101 492 1144; x_wconf 89' lang='lat' dir='ltr'>solverit,</span> <span class='ocrx_word' id='word_1_154' title='bbox 526 1101 753 1146; x_wconf 88' lang='lat' dir='ltr'>proprietarii</span> <span class='ocrx_word' id='word_1_155' title='bbox 783 1111 826 1136; x_wconf 85' lang='lat' dir='ltr'>ex</span> <span class='ocrx_word' id='word_1_156' title='bbox 854 1105 938 1146; x_wconf 86' lang='lat' dir='ltr'>post</span> <span class='ocrx_word' id='word_1_157' title='bbox 968 1101 1065 1136; x_wconf 82' lang='lat' dir='ltr'>facto</span> <span class='ocrx_word' id='word_1_158' title='bbox 1097 1100 1210 1136; x_wconf 83' lang='lat' dir='ltr'>fuisse</span> 
     </span>
     <span class='ocr_line' id='line_1_23' title="bbox 120 1146 268 1180; baseline 0 0"><span class='ocrx_word' id='word_1_159' title='bbox 120 1146 150 1180; x_wconf 91' lang='lat' dir='ltr'>vi</span> <span class='ocrx_word' id='word_1_160' title='bbox 180 1150 268 1180; x_wconf 88' lang='lat' dir='ltr'>etur.</span> 
     </span>
    </p>

    <p class='ocr_par' dir='ltr' id='par_1_6' title="bbox 118 1190 1211 2232">
     <span class='ocr_line' id='line_1_24' title="bbox 166 1190 1208 1228; baseline -0.003 0"><span class='ocrx_word' id='word_1_161' title='bbox 166 1190 221 1228; x_wconf 88' lang='lat'>44</span> <span class='ocrx_word' id='word_1_162' title='bbox 252 1190 447 1227; x_wconf 75' lang='lat' dir='ltr'><strong><em>ULPIANUS</em></strong></span> <span class='ocrx_word' id='word_1_163' title='bbox 463 1190 554 1226; x_wconf 75' lang='lat' dir='ltr'>libro</span> <span class='ocrx_word' id='word_1_164' title='bbox 575 1202 670 1226; x_wconf 79' lang='lat' dir='ltr'>nono</span> <span class='ocrx_word' id='word_1_165' title='bbox 689 1191 826 1227; x_wconf 81' lang='lat' dir='ltr'>decimo</span> <span class='ocrx_word' id='word_1_166' title='bbox 847 1191 897 1227; x_wconf 84' lang='lat' dir='ltr'>ad</span> <span class='ocrx_word' id='word_1_167' title='bbox 913 1191 1067 1227; x_wconf 80' lang='lat' dir='ltr'>edictum</span> <span class='ocrx_word' id='word_1_168' title='bbox 1102 1191 1208 1226; x_wconf 92' lang='lat' dir='ltr'>Pom-</span> 
     </span>
     <span class='ocr_line' id='line_1_25' title="bbox 120 1236 1206 1281; baseline -0.001 -10"><span class='ocrx_word' id='word_1_169' title='bbox 120 1236 249 1281; x_wconf 86' lang='lat' dir='ltr'>ponius</span> <span class='ocrx_word' id='word_1_170' title='bbox 273 1239 424 1271; x_wconf 88' lang='lat' dir='ltr'>tractat:</span> <span class='ocrx_word' id='word_1_171' title='bbox 461 1246 543 1271; x_wconf 92' lang='lat' dir='ltr'>cum</span> <span class='ocrx_word' id='word_1_172' title='bbox 566 1236 703 1281; x_wconf 87' lang='lat' dir='ltr'>pastori</span> <span class='ocrx_word' id='word_1_173' title='bbox 733 1246 812 1272; x_wconf 91' lang='lat' dir='ltr'>meo</span> <span class='ocrx_word' id='word_1_174' title='bbox 836 1236 913 1281; x_wconf 92' lang='lat' dir='ltr'>lupi</span> <span class='ocrx_word' id='word_1_175' title='bbox 936 1247 1068 1281; x_wconf 89' lang='lat' dir='ltr'>porcos</span> <span class='ocrx_word' id='word_1_176' title='bbox 1094 1236 1206 1281; x_wconf 91' lang='lat' dir='ltr'>eripe-</span> 
     </span>
     <span class='ocr_line' id='line_1_26' title="bbox 120 1281 1209 1323; baseline 0 -7"><span class='ocrx_word' id='word_1_177' title='bbox 120 1285 208 1323; x_wconf 87' lang='lat' dir='ltr'>rent,</span> <span class='ocrx_word' id='word_1_178' title='bbox 234 1282 300 1316; x_wconf 90' lang='lat' dir='ltr'>hos</span> <span class='ocrx_word' id='word_1_179' title='bbox 318 1281 456 1316; x_wconf 90' lang='lat' dir='ltr'>vicinae</span> <span class='ocrx_word' id='word_1_180' title='bbox 474 1281 579 1316; x_wconf 88' lang='lat' dir='ltr'>villae</span> <span class='ocrx_word' id='word_1_181' title='bbox 604 1282 753 1317; x_wconf 89' lang='lat' dir='ltr'>colonus</span> <span class='ocrx_word' id='word_1_182' title='bbox 778 1292 858 1317; x_wconf 92' lang='lat' dir='ltr'>cum</span> <span class='ocrx_word' id='word_1_183' title='bbox 881 1281 1040 1317; x_wconf 82' lang='lat' dir='ltr'>robustis</span> <span class='ocrx_word' id='word_1_184' title='bbox 1059 1282 1209 1317; x_wconf 90' lang='lat' dir='ltr'>canibus</span> 
     </span>
     <span class='ocr_line' id='line_1_27' title="bbox 120 1326 1208 1379; baseline 0 -17"><span class='ocrx_word' id='word_1_185' title='bbox 120 1331 156 1362; x_wconf 90' lang='lat' dir='ltr'>et</span> <span class='ocrx_word' id='word_1_186' title='bbox 178 1326 345 1368; x_wconf 88' lang='lat' dir='ltr'>fortibus,</span> <span class='ocrx_word' id='word_1_187' title='bbox 371 1336 461 1371; x_wconf 90' lang='lat' dir='ltr'>quos</span> <span class='ocrx_word' id='word_1_188' title='bbox 485 1327 626 1379; x_wconf 84' lang='lat' dir='ltr'>pecoris</span> <span class='ocrx_word' id='word_1_189' title='bbox 651 1327 707 1362; x_wconf 91' lang='lat' dir='ltr'>sui</span> <span class='ocrx_word' id='word_1_190' title='bbox 729 1327 847 1372; x_wconf 86' lang='lat' dir='ltr'>gratia</span> <span class='ocrx_word' id='word_1_191' title='bbox 871 1327 1056 1371; x_wconf 88' lang='lat' dir='ltr'>pascebat,</span> <span class='ocrx_word' id='word_1_192' title='bbox 1082 1337 1208 1362; x_wconf 89' lang='lat' dir='ltr'>conse-</span> 
     </span>
     <span class='ocr_line' id='line_1_28' title="bbox 120 1371 1210 1416; baseline 0 -10"><span class='ocrx_word' id='word_1_193' title='bbox 120 1375 224 1407; x_wconf 87' lang='lat' dir='ltr'>cutus</span> <span class='ocrx_word' id='word_1_194' title='bbox 255 1371 349 1416; x_wconf 87' lang='lat' dir='ltr'>lupis</span> <span class='ocrx_word' id='word_1_195' title='bbox 382 1371 514 1416; x_wconf 84' lang='lat' dir='ltr'>eripuit</span> <span class='ocrx_word' id='word_1_196' title='bbox 545 1376 608 1406; x_wconf 88' lang='lat' dir='ltr'>aut</span> <span class='ocrx_word' id='word_1_197' title='bbox 639 1382 747 1408; x_wconf 87' lang='lat' dir='ltr'>canes</span> <span class='ocrx_word' id='word_1_198' title='bbox 781 1375 1024 1407; x_wconf 84' lang='lat' dir='ltr'>extorserunt:</span> <span class='ocrx_word' id='word_1_199' title='bbox 1060 1375 1098 1407; x_wconf 90' lang='lat' dir='ltr'>et</span> <span class='ocrx_word' id='word_1_200' title='bbox 1129 1383 1210 1407; x_wconf 92' lang='lat' dir='ltr'>cum</span> 
     </span>
     <span class='ocr_line' id='line_1_29' title="bbox 119 1418 1209 1462; baseline 0 -10"><span class='ocrx_word' id='word_1_201' title='bbox 119 1421 242 1462; x_wconf 88' lang='lat' dir='ltr'>pastor</span> <span class='ocrx_word' id='word_1_202' title='bbox 265 1427 366 1452; x_wconf 90' lang='lat' dir='ltr'>meus</span> <span class='ocrx_word' id='word_1_203' title='bbox 389 1420 527 1461; x_wconf 89' lang='lat' dir='ltr'>peteret</span> <span class='ocrx_word' id='word_1_204' title='bbox 549 1427 692 1462; x_wconf 84' lang='lat' dir='ltr'>porcos,</span> <span class='ocrx_word' id='word_1_205' title='bbox 718 1418 969 1462; x_wconf 87' lang='lat' dir='ltr'>quaerebatur,</span> <span class='ocrx_word' id='word_1_206' title='bbox 994 1421 1115 1452; x_wconf 92' lang='lat' dir='ltr'>utrum</span> <span class='ocrx_word' id='word_1_207' title='bbox 1134 1418 1209 1452; x_wconf 90' lang='lat' dir='ltr'>eius</span> 
     </span>
     <span class='ocr_line' id='line_1_30' title="bbox 119 1462 1209 1515; baseline -0.001 -17"><span class='ocrx_word' id='word_1_208' title='bbox 119 1462 206 1498; x_wconf 83' lang='lat' dir='ltr'>facti</span> <span class='ocrx_word' id='word_1_209' title='bbox 225 1462 296 1497; x_wconf 86' lang='lat' dir='ltr'>sint</span> <span class='ocrx_word' id='word_1_210' title='bbox 319 1462 431 1507; x_wconf 87' lang='lat' dir='ltr'>porci,</span> <span class='ocrx_word' id='word_1_211' title='bbox 457 1462 518 1507; x_wconf 89' lang='lat' dir='ltr'>qui</span> <span class='ocrx_word' id='word_1_212' title='bbox 542 1462 683 1515; x_wconf 83' lang='lat' dir='ltr'>eripuit,</span> <span class='ocrx_word' id='word_1_213' title='bbox 708 1473 755 1497; x_wconf 87' lang='lat' dir='ltr'>an</span> <span class='ocrx_word' id='word_1_214' title='bbox 779 1462 895 1498; x_wconf 88' lang='lat' dir='ltr'>nostri</span> <span class='ocrx_word' id='word_1_215' title='bbox 916 1466 1100 1498; x_wconf 90' lang='lat' dir='ltr'>maneant:</span> <span class='ocrx_word' id='word_1_216' title='bbox 1126 1473 1209 1497; x_wconf 91' lang='lat' dir='ltr'>nam</span> 
     </span>
     <span class='ocr_line' id='line_1_31' title="bbox 118 1507 1211 1553; baseline 0.001 -11"><span class='ocrx_word' id='word_1_217' title='bbox 118 1518 245 1553; x_wconf 86' lang='lat' dir='ltr'>genere</span> <span class='ocrx_word' id='word_1_218' title='bbox 277 1507 432 1552; x_wconf 88' lang='lat' dir='ltr'>quodam</span> <span class='ocrx_word' id='word_1_219' title='bbox 460 1507 613 1542; x_wconf 79' lang='lat' dir='ltr'>venandi</span> <span class='ocrx_word' id='word_1_220' title='bbox 643 1508 680 1542; x_wconf 92' lang='lat' dir='ltr'>id</span> <span class='ocrx_word' id='word_1_221' title='bbox 711 1512 815 1543; x_wconf 90' lang='lat' dir='ltr'>erant</span> <span class='ocrx_word' id='word_1_222' title='bbox 844 1507 979 1544; x_wconf 89' lang='lat' dir='ltr'>nancti.</span> <span class='ocrx_word' id='word_1_223' title='bbox 1030 1509 1211 1553; x_wconf 85' lang='lat' dir='ltr'>cogitabat</span> 
     </span>
     <span class='ocr_line' id='line_1_32' title="bbox 118 1552 1209 1598; baseline 0 -10"><span class='ocrx_word' id='word_1_224' title='bbox 118 1554 270 1595; x_wconf 49' lang='lat' dir='ltr'>tamen‘fi</span> <span class='ocrx_word' id='word_1_225' title='bbox 311 1552 609 1598; x_wconf 89' lang='lat' dir='ltr'>quemadmodum</span> <span class='ocrx_word' id='word_1_226' title='bbox 648 1557 746 1588; x_wconf 89' lang='lat' dir='ltr'>terra</span> <span class='ocrx_word' id='word_1_227' title='bbox 775 1553 936 1598; x_wconf 90' lang='lat' dir='ltr'>marique</span> <span class='ocrx_word' id='word_1_228' title='bbox 967 1564 1011 1588; x_wconf 89' lang='lat' dir='ltr'>ca</span> <span class='ocrx_word' id='word_1_229' title='bbox 1037 1557 1091 1597; x_wconf 90' lang='lat' dir='ltr'>ta,</span> <span class='ocrx_word' id='word_1_230' title='bbox 1129 1564 1209 1588; x_wconf 92' lang='lat' dir='ltr'>cum</span> 
     </span>
     <span class='ocr_line' id='line_1_33' title="bbox 118 1598 1210 1643; baseline 0.001 -10"><span class='ocrx_word' id='word_1_231' title='bbox 118 1599 155 1633; x_wconf 90' lang='lat' dir='ltr'>in</span> <span class='ocrx_word' id='word_1_232' title='bbox 179 1609 280 1634; x_wconf 85' lang='lat' dir='ltr'>suam</span> <span class='ocrx_word' id='word_1_233' title='bbox 302 1598 503 1633; x_wconf 86' lang='lat' dir='ltr'>naturalem</span> <span class='ocrx_word' id='word_1_234' title='bbox 526 1598 711 1634; x_wconf 84' lang='lat' dir='ltr'>laxitatem</span> <span class='ocrx_word' id='word_1_235' title='bbox 734 1603 981 1643; x_wconf 87' lang='lat' dir='ltr'>pervenerant,</span> <span class='ocrx_word' id='word_1_236' title='bbox 1033 1599 1210 1634; x_wconf 85' lang='lat' dir='ltr'>esinerent</span> 
     </span>
     <span class='ocr_line' id='line_1_34' title="bbox 118 1643 1209 1696; baseline 0.001 -17"><span class='ocrx_word' id='word_1_237' title='bbox 118 1654 241 1679; x_wconf 90' lang='lat' dir='ltr'>eorum</span> <span class='ocrx_word' id='word_1_238' title='bbox 261 1653 339 1679; x_wconf 90' lang='lat' dir='ltr'>esse</span> <span class='ocrx_word' id='word_1_239' title='bbox 363 1643 424 1696; x_wconf 85' lang='lat' dir='ltr'>qui</span> <span class='ocrx_word' id='word_1_240' title='bbox 447 1647 629 1688; x_wconf 89' lang='lat' dir='ltr'>ceperunt,</span> <span class='ocrx_word' id='word_1_241' title='bbox 653 1644 706 1679; x_wconf 88' lang='lat' dir='ltr'>ita</span> <span class='ocrx_word' id='word_1_242' title='bbox 722 1654 768 1679; x_wconf 85' lang='lat' dir='ltr'>ex</span> <span class='ocrx_word' id='word_1_243' title='bbox 792 1643 895 1680; x_wconf 87' lang='lat' dir='ltr'>bonis</span> <span class='ocrx_word' id='word_1_244' title='bbox 919 1654 1061 1689; x_wconf 87' lang='lat' dir='ltr'>quoque</span> <span class='ocrx_word' id='word_1_245' title='bbox 1077 1644 1209 1680; x_wconf 89' lang='lat' dir='ltr'>nostris</span> 
     </span>
     <span class='ocr_line' id='line_1_35' title="bbox 120 1688 1210 1733; baseline 0 -9"><span class='ocrx_word' id='word_1_246' title='bbox 120 1694 227 1733; x_wconf 88' lang='lat' dir='ltr'>capta</span> <span class='ocrx_word' id='word_1_247' title='bbox 245 1699 267 1723; x_wconf 88' lang='lat' dir='ltr'>a</span> <span class='ocrx_word' id='word_1_248' title='bbox 286 1689 411 1724; x_wconf 85' lang='lat' dir='ltr'>bestiis</span> <span class='ocrx_word' id='word_1_249' title='bbox 431 1688 578 1724; x_wconf 89' lang='lat' dir='ltr'>marinis</span> <span class='ocrx_word' id='word_1_250' title='bbox 600 1692 636 1724; x_wconf 87' lang='lat' dir='ltr'>et</span> <span class='ocrx_word' id='word_1_251' title='bbox 652 1690 883 1725; x_wconf 88' lang='lat' dir='ltr'>terrestribus</span> <span class='ocrx_word' id='word_1_252' title='bbox 903 1689 1068 1725; x_wconf 88' lang='lat' dir='ltr'>desinant</span> <span class='ocrx_word' id='word_1_253' title='bbox 1085 1694 1210 1725; x_wconf 88' lang='lat' dir='ltr'>nostra</span> 
     </span>
     <span class='ocr_line' id='line_1_36' title="bbox 118 1733 1207 1787; baseline 0 -18"><span class='ocrx_word' id='word_1_254' title='bbox 118 1745 208 1777; x_wconf 88' lang='lat' dir='ltr'>esse,</span> <span class='ocrx_word' id='word_1_255' title='bbox 238 1745 318 1769; x_wconf 92' lang='lat' dir='ltr'>cum</span> <span class='ocrx_word' id='word_1_256' title='bbox 343 1733 544 1778; x_wconf 87' lang='lat' dir='ltr'>effugerunt</span> <span class='ocrx_word' id='word_1_257' title='bbox 566 1734 704 1770; x_wconf 89' lang='lat' dir='ltr'>bestiae</span> <span class='ocrx_word' id='word_1_258' title='bbox 726 1738 888 1770; x_wconf 89' lang='lat' dir='ltr'>nostram</span> <span class='ocrx_word' id='word_1_259' title='bbox 911 1735 1207 1787; x_wconf 84' lang='lat' dir='ltr'>persecutionem.</span> 
     </span>
     <span class='ocr_line' id='line_1_37' title="bbox 120 1779 1209 1825; baseline 0.001 -11"><span class='ocrx_word' id='word_1_260' title='bbox 120 1780 198 1824; x_wconf 89' lang='lat' dir='ltr'>quis</span> <span class='ocrx_word' id='word_1_261' title='bbox 243 1779 395 1824; x_wconf 88' lang='lat' dir='ltr'>denique</span> <span class='ocrx_word' id='word_1_262' title='bbox 435 1789 579 1815; x_wconf 90' lang='lat' dir='ltr'>manere</span> <span class='ocrx_word' id='word_1_263' title='bbox 623 1781 809 1815; x_wconf 83' lang='lat' dir='ltr'>nostrum³</span> <span class='ocrx_word' id='word_1_264' title='bbox 851 1780 956 1822; x_wconf 87' lang='lat' dir='ltr'>dic1t,</span> <span class='ocrx_word' id='word_1_265' title='bbox 997 1780 1093 1825; x_wconf 91' lang='lat' dir='ltr'>quod</span> <span class='ocrx_word' id='word_1_266' title='bbox 1135 1780 1209 1815; x_wconf 88' lang='lat' dir='ltr'>avis</span> 
     </span>
     <span class='ocr_line' id='line_1_38' title="bbox 119 1825 1209 1870; baseline 0 -11"><span class='ocrx_word' id='word_1_267' title='bbox 119 1825 344 1860; x_wconf 81' lang='lat' dir='ltr'>transvolans</span> <span class='ocrx_word' id='word_1_268' title='bbox 374 1835 419 1859; x_wconf 91' lang='lat' dir='ltr'>ex</span> <span class='ocrx_word' id='word_1_269' title='bbox 450 1835 536 1860; x_wconf 86' lang='lat' dir='ltr'>area</span> <span class='ocrx_word' id='word_1_270' title='bbox 560 1829 625 1860; x_wconf 90' lang='lat' dir='ltr'>aut</span> <span class='ocrx_word' id='word_1_271' title='bbox 649 1835 692 1860; x_wconf 86' lang='lat' dir='ltr'>ex</span> <span class='ocrx_word' id='word_1_272' title='bbox 724 1835 811 1870; x_wconf 83' lang='lat' dir='ltr'>agro</span> <span class='ocrx_word' id='word_1_273' title='bbox 845 1830 968 1861; x_wconf 89' lang='lat' dir='ltr'>nostro</span> <span class='ocrx_word' id='word_1_274' title='bbox 1000 1826 1209 1861; x_wconf 73' lang='lat' dir='ltr'>transtulit⁴</span> 
     </span>
     <span class='ocr_line' id='line_1_39' title="bbox 119 1869 1211 1915; baseline 0.001 -11"><span class='ocrx_word' id='word_1_275' title='bbox 119 1874 182 1905; x_wconf 90' lang='lat' dir='ltr'>aut</span> <span class='ocrx_word' id='word_1_276' title='bbox 212 1869 308 1914; x_wconf 89' lang='lat' dir='ltr'>quod</span> <span class='ocrx_word' id='word_1_277' title='bbox 335 1869 440 1905; x_wconf 91' lang='lat' dir='ltr'>nobis</span> <span class='ocrx_word' id='word_1_278' title='bbox 472 1870 627 1915; x_wconf 81' lang='lat' dir='ltr'>eripuit?</span> <span class='ocrx_word' id='word_1_279' title='bbox 662 1871 692 1905; x_wconf 93' lang='lat' dir='ltr'>si</span> <span class='ocrx_word' id='word_1_280' title='bbox 720 1870 830 1915; x_wconf 85' lang='lat' dir='ltr'>igitur</span> <span class='ocrx_word' id='word_1_281' title='bbox 861 1870 1006 1913; x_wconf 90' lang='lat' dir='ltr'>desinit,</span> <span class='ocrx_word' id='word_1_282' title='bbox 1039 1871 1071 1906; x_wconf 86' lang='lat' dir='ltr'>si</span> <span class='ocrx_word' id='word_1_283' title='bbox 1102 1871 1211 1906; x_wconf 86' lang='lat' dir='ltr'>fuerit</span> 
     </span>
     <span class='ocr_line' id='line_1_40' title="bbox 119 1914 1209 1961; baseline 0 -10"><span class='ocrx_word' id='word_1_284' title='bbox 119 1926 181 1951; x_wconf 90' lang='lat' dir='ltr'>ore</span> <span class='ocrx_word' id='word_1_285' title='bbox 198 1915 335 1951; x_wconf 85' lang='lat' dir='ltr'>bestiae</span> <span class='ocrx_word' id='word_1_286' title='bbox 350 1914 551 1957; x_wconf 87' lang='lat' dir='ltr'>liberatum,</span> <span class='ocrx_word' id='word_1_287' title='bbox 577 1916 789 1961; x_wconf 86' lang='lat' dir='ltr'>occupantis</span> <span class='ocrx_word' id='word_1_288' title='bbox 809 1916 887 1959; x_wconf 88' lang='lat' dir='ltr'>erit,</span> <span class='ocrx_word' id='word_1_289' title='bbox 913 1916 1209 1961; x_wconf 87' lang='lat' dir='ltr'>quemadmodum</span> 
     </span>
     <span class='ocr_line' id='line_1_41' title="bbox 119 1960 1209 2006; baseline 0.001 -11"><span class='ocrx_word' id='word_1_290' title='bbox 119 1961 228 2006; x_wconf 90' lang='lat' dir='ltr'>piscis</span> <span class='ocrx_word' id='word_1_291' title='bbox 263 1960 318 1995; x_wconf 90' lang='lat' dir='ltr'>vel</span> <span class='ocrx_word' id='word_1_292' title='bbox 353 1970 441 2005; x_wconf 89' lang='lat' dir='ltr'>aper</span> <span class='ocrx_word' id='word_1_293' title='bbox 473 1961 528 1995; x_wconf 91' lang='lat' dir='ltr'>vel</span> <span class='ocrx_word' id='word_1_294' title='bbox 563 1961 655 2005; x_wconf 88' lang='lat' dir='ltr'>avis,</span> <span class='ocrx_word' id='word_1_295' title='bbox 700 1962 761 2006; x_wconf 92' lang='lat' dir='ltr'>qui</span> <span class='ocrx_word' id='word_1_296' title='bbox 800 1965 1015 2006; x_wconf 75' lang='lat' dir='ltr'>potestatem</span> <span class='ocrx_word' id='word_1_297' title='bbox 1050 1966 1209 1997; x_wconf 91' lang='lat' dir='ltr'>nostram</span> 
     </span>
     <span class='ocr_line' id='line_1_42' title="bbox 120 2006 1208 2059; baseline 0.002 -19"><span class='ocrx_word' id='word_1_298' title='bbox 120 2007 248 2048; x_wconf 87' lang='lat' dir='ltr'>evasit,</span> <span class='ocrx_word' id='word_1_299' title='bbox 274 2006 305 2040; x_wconf 88' lang='lat' dir='ltr'>si</span> <span class='ocrx_word' id='word_1_300' title='bbox 329 2006 374 2040; x_wconf 91' lang='lat' dir='ltr'>ab</span> <span class='ocrx_word' id='word_1_301' title='bbox 399 2006 469 2041; x_wconf 89' lang='lat' dir='ltr'>alio</span> <span class='ocrx_word' id='word_1_302' title='bbox 495 2007 669 2051; x_wconf 85' lang='lat' dir='ltr'>capiatur,</span> <span class='ocrx_word' id='word_1_303' title='bbox 693 2006 805 2059; x_wconf 83' lang='lat' dir='ltr'>ipsius</span> <span class='ocrx_word' id='word_1_304' title='bbox 829 2006 880 2042; x_wconf 90' lang='lat' dir='ltr'>fit.</span> <span class='ocrx_word' id='word_1_305' title='bbox 930 2007 994 2042; x_wconf 91' lang='lat' dir='ltr'>sed</span> <span class='ocrx_word' id='word_1_306' title='bbox 1016 2010 1122 2052; x_wconf 78' lang='lat' dir='ltr'>putat</span> <span class='ocrx_word' id='word_1_307' title='bbox 1144 2018 1208 2052; x_wconf 91' lang='lat' dir='ltr'>po-</span> 
     </span>
     <span class='ocr_line' id='line_1_43' title="bbox 120 2051 1211 2097; baseline 0.001 -11"><span class='ocrx_word' id='word_1_308' title='bbox 120 2052 191 2086; x_wconf 89' lang='lat' dir='ltr'>tius</span> <span class='ocrx_word' id='word_1_309' title='bbox 231 2055 395 2086; x_wconf 90' lang='lat' dir='ltr'>nostrum</span> <span class='ocrx_word' id='word_1_310' title='bbox 429 2061 575 2087; x_wconf 88' lang='lat' dir='ltr'>manere</span> <span class='ocrx_word' id='word_1_311' title='bbox 610 2051 764 2096; x_wconf 80' lang='lat' dir='ltr'>tamdiu,</span> <span class='ocrx_word' id='word_1_312' title='bbox 809 2052 978 2097; x_wconf 82' lang='lat' dir='ltr'>quamdiu</span> <span class='ocrx_word' id='word_1_313' title='bbox 1017 2052 1211 2097; x_wconf 86' lang='lat' dir='ltr'>reciperari</span> 
     </span>
     <span class='ocr_line' id='line_1_44' title="bbox 121 2096 1210 2142; baseline 0.001 -10"><span class='ocrx_word' id='word_1_314' title='bbox 121 2096 251 2142; x_wconf 88' lang='lat' dir='ltr'>possit:</span> <span class='ocrx_word' id='word_1_315' title='bbox 289 2096 375 2131; x_wconf 85' lang='lat' dir='ltr'>licet</span> <span class='ocrx_word' id='word_1_316' title='bbox 412 2096 450 2131; x_wconf 89' lang='lat' dir='ltr'>in</span> <span class='ocrx_word' id='word_1_317' title='bbox 489 2097 614 2132; x_wconf 89' lang='lat' dir='ltr'>avibus</span> <span class='ocrx_word' id='word_1_318' title='bbox 646 2101 683 2132; x_wconf 92' lang='lat' dir='ltr'>et</span> <span class='ocrx_word' id='word_1_319' title='bbox 713 2097 872 2142; x_wconf 87' lang='lat' dir='ltr'>piscibus</span> <span class='ocrx_word' id='word_1_320' title='bbox 906 2101 943 2133; x_wconf 91' lang='lat' dir='ltr'>et</span> <span class='ocrx_word' id='word_1_321' title='bbox 972 2097 1058 2133; x_wconf 83' lang='lat' dir='ltr'>feris</span> <span class='ocrx_word' id='word_1_322' title='bbox 1088 2108 1210 2133; x_wconf 92' lang='lat' dir='ltr'>verum</span> 
     </span>
     <span class='ocr_line' id='line_1_45' title="bbox 121 2141 1208 2188; baseline -0.001 -10"><span class='ocrx_word' id='word_1_323' title='bbox 121 2142 169 2178; x_wconf 88' lang='lat' dir='ltr'>sit</span> <span class='ocrx_word' id='word_1_324' title='bbox 191 2141 287 2188; x_wconf 89' lang='lat' dir='ltr'>quod.</span> <span class='ocrx_word' id='word_1_325' title='bbox 311 2141 450 2177; x_wconf 86' lang='lat' dir='ltr'>scribit.</span> <span class='ocrx_word' id='word_1_326' title='bbox 485 2141 580 2177; x_wconf 91' lang='lat' dir='ltr'>idem</span> <span class='ocrx_word' id='word_1_327' title='bbox 604 2143 665 2187; x_wconf 88' lang='lat' dir='ltr'>ait,</span> <span class='ocrx_word' id='word_1_328' title='bbox 691 2142 759 2178; x_wconf 90' lang='lat' dir='ltr'>etsi</span> <span class='ocrx_word' id='word_1_329' title='bbox 782 2142 968 2187; x_wconf 79' lang='lat' dir='ltr'>naufragio</span> <span class='ocrx_word' id='word_1_330' title='bbox 994 2143 1080 2188; x_wconf 91' lang='lat' dir='ltr'>quid</span> <span class='ocrx_word' id='word_1_331' title='bbox 1104 2143 1208 2178; x_wconf 88' lang='lat' dir='ltr'>amis—</span> 
     </span>
     <span class='ocr_line' id='line_1_46' title="bbox 120 2187 1210 2232; baseline 0 -9"><span class='ocrx_word' id='word_1_332' title='bbox 120 2198 199 2223; x_wconf 91' lang='lat' dir='ltr'>sum</span> <span class='ocrx_word' id='word_1_333' title='bbox 222 2187 286 2230; x_wconf 89' lang='lat' dir='ltr'>sit,</span> <span class='ocrx_word' id='word_1_334' title='bbox 311 2197 383 2222; x_wconf 90' lang='lat' dir='ltr'>non</span> <span class='ocrx_word' id='word_1_335' title='bbox 407 2187 528 2222; x_wconf 89' lang='lat' dir='ltr'>statim</span> <span class='ocrx_word' id='word_1_336' title='bbox 551 2191 714 2222; x_wconf 89' lang='lat' dir='ltr'>nostrum</span> <span class='ocrx_word' id='word_1_337' title='bbox 739 2198 817 2223; x_wconf 88' lang='lat' dir='ltr'>esse</span> <span class='ocrx_word' id='word_1_338' title='bbox 840 2188 1021 2224; x_wconf 88' lang='lat' dir='ltr'>desinere:</span> <span class='ocrx_word' id='word_1_339' title='bbox 1058 2188 1210 2232; x_wconf 89' lang='lat' dir='ltr'>denique</span> 
     </span>
    </p>

    <p class='ocr_par' dir='ltr' id='par_1_7' title="bbox 120 2232 1213 2685">
     <span class='ocr_line' id='line_1_47' title="bbox 144 2232 1210 2278; baseline 0.002 -11"><span class='ocrx_word' id='word_1_340' title='bbox 144 2232 320 2277; x_wconf 89' lang='lat' dir='ltr'>uadruplo</span> <span class='ocrx_word' id='word_1_341' title='bbox 344 2232 461 2267; x_wconf 87' lang='lat' dir='ltr'>teneri</span> <span class='ocrx_word' id='word_1_342' title='bbox 480 2242 560 2267; x_wconf 91' lang='lat' dir='ltr'>eum</span> <span class='ocrx_word' id='word_1_343' title='bbox 585 2233 647 2278; x_wconf 90' lang='lat' dir='ltr'>qui</span> <span class='ocrx_word' id='word_1_344' title='bbox 670 2233 800 2278; x_wconf 85' lang='lat' dir='ltr'>rapuit.</span> <span class='ocrx_word' id='word_1_345' title='bbox 838 2238 874 2269; x_wconf 91' lang='lat' dir='ltr'>et</span> <span class='ocrx_word' id='word_1_346' title='bbox 897 2244 984 2269; x_wconf 87' lang='lat' dir='ltr'>sane</span> <span class='ocrx_word' id='word_1_347' title='bbox 1005 2234 1133 2269; x_wconf 90' lang='lat' dir='ltr'>melius</span> <span class='ocrx_word' id='word_1_348' title='bbox 1157 2238 1210 2269; x_wconf 88' lang='lat' dir='ltr'>est</span> 
     </span>
     <span class='ocr_line' id='line_1_48' title="bbox 158 2277 1209 2324; baseline 0 -10"><span class='ocrx_word' id='word_1_349' title='bbox 158 2288 237 2314; x_wconf 87' lang='lat' dir='ltr'>cere</span> <span class='ocrx_word' id='word_1_350' title='bbox 273 2282 308 2312; x_wconf 92' lang='lat' dir='ltr'>et</span> <span class='ocrx_word' id='word_1_351' title='bbox 342 2277 438 2323; x_wconf 91' lang='lat' dir='ltr'>quod</span> <span class='ocrx_word' id='word_1_352' title='bbox 472 2288 495 2312; x_wconf 88' lang='lat' dir='ltr'>a</span> <span class='ocrx_word' id='word_1_353' title='bbox 530 2278 614 2323; x_wconf 88' lang='lat' dir='ltr'>lupo</span> <span class='ocrx_word' id='word_1_354' title='bbox 650 2278 819 2324; x_wconf 91' lang='lat' dir='ltr'>eripitur,</span> <span class='ocrx_word' id='word_1_355' title='bbox 855 2282 1019 2314; x_wconf 84' lang='lat' dir='ltr'>nostrum</span> <span class='ocrx_word' id='word_1_356' title='bbox 1053 2289 1209 2322; x_wconf 90' lang='lat' dir='ltr'>manere,</span> 
     </span>
     <span class='ocr_line' id='line_1_49' title="bbox 121 2322 1213 2369; baseline 0.002 -11"><span class='ocrx_word' id='word_1_357' title='bbox 121 2323 290 2369; x_wconf 86' lang='lat' dir='ltr'>quamdiu</span> <span class='ocrx_word' id='word_1_358' title='bbox 312 2322 423 2368; x_wconf 89' lang='lat' dir='ltr'>recipi</span> <span class='ocrx_word' id='word_1_359' title='bbox 444 2323 559 2368; x_wconf 86' lang='lat' dir='ltr'>possit</span> <span class='ocrx_word' id='word_1_360' title='bbox 582 2323 619 2358; x_wconf 90' lang='lat' dir='ltr'>id</span> <span class='ocrx_word' id='word_1_361' title='bbox 643 2323 740 2369; x_wconf 90' lang='lat' dir='ltr'>quod</span> <span class='ocrx_word' id='word_1_362' title='bbox 764 2327 926 2369; x_wconf 90' lang='lat' dir='ltr'>ereptum</span> <span class='ocrx_word' id='word_1_363' title='bbox 949 2328 1016 2360; x_wconf 85' lang='lat' dir='ltr'>est.</span> <span class='ocrx_word' id='word_1_364' title='bbox 1051 2324 1083 2360; x_wconf 88' lang='lat' dir='ltr'>si</span> <span class='ocrx_word' id='word_1_365' title='bbox 1105 2325 1213 2369; x_wconf 85' lang='lat' dir='ltr'>igitur</span> 
     </span>
     <span class='ocr_line' id='line_1_50' title="bbox 120 2368 1209 2414; baseline 0 -10"><span class='ocrx_word' id='word_1_366' title='bbox 120 2372 252 2411; x_wconf 91' lang='lat' dir='ltr'>manet,</span> <span class='ocrx_word' id='word_1_367' title='bbox 278 2379 342 2413; x_wconf 91' lang='lat' dir='ltr'>ego</span> <span class='ocrx_word' id='word_1_368' title='bbox 366 2368 523 2403; x_wconf 89' lang='lat' dir='ltr'>arbitror</span> <span class='ocrx_word' id='word_1_369' title='bbox 547 2369 655 2403; x_wconf 90' lang='lat' dir='ltr'>etiam</span> <span class='ocrx_word' id='word_1_370' title='bbox 678 2368 767 2404; x_wconf 85' lang='lat' dir='ltr'>furti</span> <span class='ocrx_word' id='word_1_371' title='bbox 792 2373 993 2414; x_wconf 87' lang='lat' dir='ltr'>competere</span> <span class='ocrx_word' id='word_1_372' title='bbox 1017 2370 1209 2406; x_wconf 84' lang='lat' dir='ltr'>actionem:</span> 
     </span>
     <span class='ocr_line' id='line_1_51' title="bbox 121 2413 1210 2451; baseline 0.001 -2"><span class='ocrx_word' id='word_1_373' title='bbox 121 2414 206 2449; x_wconf 89' lang='lat' dir='ltr'>licet</span> <span class='ocrx_word' id='word_1_374' title='bbox 236 2413 330 2449; x_wconf 87' lang='lat' dir='ltr'>enim</span> <span class='ocrx_word' id='word_1_375' title='bbox 361 2423 433 2448; x_wconf 92' lang='lat' dir='ltr'>non</span> <span class='ocrx_word' id='word_1_376' title='bbox 461 2414 578 2449; x_wconf 87' lang='lat' dir='ltr'>animo</span> <span class='ocrx_word' id='word_1_377' title='bbox 610 2414 757 2449; x_wconf 86' lang='lat' dir='ltr'>furandi</span> <span class='ocrx_word' id='word_1_378' title='bbox 785 2414 893 2450; x_wconf 89' lang='lat' dir='ltr'>fuerit</span> <span class='ocrx_word' id='word_1_379' title='bbox 918 2415 1066 2451; x_wconf 90' lang='lat' dir='ltr'>colonus</span> <span class='ocrx_word' id='word_1_380' title='bbox 1116 2426 1210 2451; x_wconf 90' lang='lat' dir='ltr'>erse-</span> 
     </span>
     <span class='ocr_line' id='line_1_52' title="bbox 122 2459 1212 2505; baseline 0.001 -11"><span class='ocrx_word' id='word_1_381' title='bbox 122 2463 238 2502; x_wconf 89' lang='lat' dir='ltr'>cutus,</span> <span class='ocrx_word' id='word_1_382' title='bbox 263 2459 424 2504; x_wconf 87' lang='lat' dir='ltr'>quamvis</span> <span class='ocrx_word' id='word_1_383' title='bbox 449 2463 484 2494; x_wconf 86' lang='lat' dir='ltr'>et</span> <span class='ocrx_word' id='word_1_384' title='bbox 506 2459 577 2494; x_wconf 91' lang='lat' dir='ltr'>hoc</span> <span class='ocrx_word' id='word_1_385' title='bbox 595 2459 713 2495; x_wconf 89' lang='lat' dir='ltr'>animo</span> <span class='ocrx_word' id='word_1_386' title='bbox 737 2460 896 2505; x_wconf 90' lang='lat' dir='ltr'>potuerit</span> <span class='ocrx_word' id='word_1_387' title='bbox 920 2470 1009 2503; x_wconf 91' lang='lat' dir='ltr'>esse,</span> <span class='ocrx_word' id='word_1_388' title='bbox 1034 2471 1073 2497; x_wconf 89' lang='lat' dir='ltr'>se</span> <span class='ocrx_word' id='word_1_389' title='bbox 1122 2464 1158 2495; x_wconf 92' lang='lat' dir='ltr'>et</span> <span class='ocrx_word' id='word_1_390' title='bbox 1181 2461 1212 2496; x_wconf 89' lang='lat' dir='ltr'>si</span> 
     </span>
     <span class='ocr_line' id='line_1_53' title="bbox 121 2503 1210 2551; baseline 0.001 -11"><span class='ocrx_word' id='word_1_391' title='bbox 121 2516 192 2540; x_wconf 90' lang='lat' dir='ltr'>non</span> <span class='ocrx_word' id='word_1_392' title='bbox 216 2505 285 2540; x_wconf 90' lang='lat' dir='ltr'>hoc</span> <span class='ocrx_word' id='word_1_393' title='bbox 303 2503 422 2539; x_wconf 87' lang='lat' dir='ltr'>animo</span> <span class='ocrx_word' id='word_1_394' title='bbox 446 2508 657 2549; x_wconf 83' lang='lat' dir='ltr'>persecutus</span> <span class='ocrx_word' id='word_1_395' title='bbox 683 2504 739 2547; x_wconf 82' lang='lat' dir='ltr'>sit,</span> <span class='ocrx_word' id='word_1_396' title='bbox 764 2509 885 2540; x_wconf 91' lang='lat' dir='ltr'>tamen</span> <span class='ocrx_word' id='word_1_397' title='bbox 905 2516 987 2540; x_wconf 91' lang='lat' dir='ltr'>cum</span> <span class='ocrx_word' id='word_1_398' title='bbox 1006 2506 1210 2551; x_wconf 89' lang='lat' dir='ltr'>reposcenti</span> 
     </span>
     <span class='ocr_line' id='line_1_54' title="bbox 121 2549 1210 2596; baseline 0.002 -12"><span class='ocrx_word' id='word_1_399' title='bbox 121 2561 193 2585; x_wconf 91' lang='lat' dir='ltr'>non</span> <span class='ocrx_word' id='word_1_400' title='bbox 217 2549 344 2591; x_wconf 84' lang='lat' dir='ltr'>reddit,</span> <span class='ocrx_word' id='word_1_401' title='bbox 369 2549 591 2594; x_wconf 86' lang='lat' dir='ltr'>supprimere</span> <span class='ocrx_word' id='word_1_402' title='bbox 614 2553 651 2585; x_wconf 95' lang='lat' dir='ltr'>et</span> <span class='ocrx_word' id='word_1_403' title='bbox 673 2550 888 2595; x_wconf 86' lang='lat' dir='ltr'>intercipere</span> <span class='ocrx_word' id='word_1_404' title='bbox 910 2551 1062 2586; x_wconf 90' lang='lat' dir='ltr'>videtur.</span> <span class='ocrx_word' id='word_1_405' title='bbox 1100 2561 1210 2596; x_wconf 91' lang='lat' dir='ltr'>quare</span> 
     </span>
     <span class='ocr_line' id='line_1_55' title="bbox 121 2595 1212 2632; baseline 0.003 -3"><span class='ocrx_word' id='word_1_406' title='bbox 121 2599 157 2630; x_wconf 88' lang='lat' dir='ltr'>et</span> <span class='ocrx_word' id='word_1_407' title='bbox 185 2595 274 2629; x_wconf 88' lang='lat' dir='ltr'>furti</span> <span class='ocrx_word' id='word_1_408' title='bbox 311 2599 346 2630; x_wconf 92' lang='lat' dir='ltr'>et</span> <span class='ocrx_word' id='word_1_409' title='bbox 377 2595 424 2630; x_wconf 88' lang='lat' dir='ltr'>ad</span> <span class='ocrx_word' id='word_1_410' title='bbox 455 2595 694 2630; x_wconf 87' lang='lat' dir='ltr'>exhibendum</span> <span class='ocrx_word' id='word_1_411' title='bbox 723 2596 838 2631; x_wconf 85' lang='lat' dir='ltr'>teneri</span> <span class='ocrx_word' id='word_1_412' title='bbox 875 2605 956 2631; x_wconf 92' lang='lat' dir='ltr'>eum</span> <span class='ocrx_word' id='word_1_413' title='bbox 987 2596 1144 2632; x_wconf 90' lang='lat' dir='ltr'>arbitror</span> <span class='ocrx_word' id='word_1_414' title='bbox 1174 2600 1212 2632; x_wconf 89' lang='lat' dir='ltr'>et</span> 
     </span>
     <span class='ocr_line' id='line_1_56' title="bbox 121 2639 930 2685; baseline 0.001 -10"><span class='ocrx_word' id='word_1_415' title='bbox 121 2640 296 2675; x_wconf 90' lang='lat' dir='ltr'>vindicari</span> <span class='ocrx_word' id='word_1_416' title='bbox 318 2639 497 2675; x_wconf 89' lang='lat' dir='ltr'>exhibitos</span> <span class='ocrx_word' id='word_1_417' title='bbox 521 2640 566 2674; x_wconf 86' lang='lat' dir='ltr'>ab</span> <span class='ocrx_word' id='word_1_418' title='bbox 592 2650 634 2675; x_wconf 94' lang='lat' dir='ltr'>eo</span> <span class='ocrx_word' id='word_1_419' title='bbox 658 2651 788 2685; x_wconf 91' lang='lat' dir='ltr'>porcos</span> <span class='ocrx_word' id='word_1_420' title='bbox 811 2651 930 2685; x_wconf 90' lang='lat' dir='ltr'>posse.</span> 
     </span>
    </p>

    <p class='ocr_par' dir='ltr' id='par_1_8' title="bbox 122 2684 1211 3092">
     <span class='ocr_line' id='line_1_57' title="bbox 167 2684 1211 2732; baseline 0 -10"><span class='ocrx_word' id='word_1_421' title='bbox 167 2684 220 2722; x_wconf 83' lang='lat'>45</span> <span class='ocrx_word' id='word_1_422' title='bbox 249 2685 373 2721; x_wconf 51' lang='lat' dir='ltr'>Gaws</span> <span class='ocrx_word' id='word_1_423' title='bbox 407 2685 497 2720; x_wconf 78' lang='lat' dir='ltr'>libro</span> <span class='ocrx_word' id='word_1_424' title='bbox 529 2686 680 2731; x_wconf 75' lang='lat' dir='ltr'>septimo</span> <span class='ocrx_word' id='word_1_425' title='bbox 718 2686 768 2721; x_wconf 82' lang='lat' dir='ltr'>ad</span> <span class='ocrx_word' id='word_1_426' title='bbox 798 2686 951 2721; x_wconf 79' lang='lat' dir='ltr'>edictum</span> <span class='ocrx_word' id='word_1_427' title='bbox 983 2687 1211 2732; x_wconf 79' lang='lat' dir='ltr'>provinciale</span> 
     </span>
     <span class='ocr_line' id='line_1_58' title="bbox 123 2730 1210 2767; baseline 0.001 -1"><span class='ocrx_word' id='word_1_428' title='bbox 123 2730 326 2766; x_wconf 81' lang='lat' dir='ltr'>Communis</span> <span class='ocrx_word' id='word_1_429' title='bbox 363 2740 486 2765; x_wconf 88' lang='lat' dir='ltr'>servus</span> <span class='ocrx_word' id='word_1_430' title='bbox 520 2730 550 2765; x_wconf 87' lang='lat' dir='ltr'>si</span> <span class='ocrx_word' id='word_1_431' title='bbox 579 2740 623 2765; x_wconf 85' lang='lat' dir='ltr'>ex</span> <span class='ocrx_word' id='word_1_432' title='bbox 653 2740 692 2765; x_wconf 89' lang='lat' dir='ltr'>re</span> <span class='ocrx_word' id='word_1_433' title='bbox 723 2731 870 2766; x_wconf 71' lang='lat' dir='ltr'>alterius</span> <span class='ocrx_word' id='word_1_434' title='bbox 901 2731 1124 2767; x_wconf 89' lang='lat' dir='ltr'>dominorum</span> <span class='ocrx_word' id='word_1_435' title='bbox 1147 2732 1210 2767; x_wconf 90' lang='lat' dir='ltr'>ad-</span> 
     </span>
     <span class='ocr_line' id='line_1_59' title="bbox 123 2775 1211 2821; baseline 0.003 -11"><span class='ocrx_word' id='word_1_436' title='bbox 123 2775 302 2819; x_wconf 89' lang='lat' dir='ltr'>quisierit,</span> <span class='ocrx_word' id='word_1_437' title='bbox 334 2775 444 2810; x_wconf 90' lang='lat' dir='ltr'>nihilo</span> <span class='ocrx_word' id='word_1_438' title='bbox 469 2775 585 2810; x_wconf 83' lang='lat' dir='ltr'>minus</span> <span class='ocrx_word' id='word_1_439' title='bbox 610 2786 795 2812; x_wconf 92' lang='lat' dir='ltr'>commune</span> <span class='ocrx_word' id='word_1_440' title='bbox 818 2776 856 2811; x_wconf 91' lang='lat' dir='ltr'>id</span> <span class='ocrx_word' id='word_1_441' title='bbox 881 2777 965 2819; x_wconf 90' lang='lat' dir='ltr'>erit,</span> <span class='ocrx_word' id='word_1_442' title='bbox 999 2777 1063 2812; x_wconf 89' lang='lat' dir='ltr'>sed</span> <span class='ocrx_word' id='word_1_443' title='bbox 1086 2777 1132 2821; x_wconf 91' lang='lat' dir='ltr'>is,</span> <span class='ocrx_word' id='word_1_444' title='bbox 1166 2788 1211 2813; x_wconf 86' lang='lat' dir='ltr'>ex</span> 
     </span>
     <span class='ocr_line' id='line_1_60' title="bbox 123 2820 1209 2864; baseline 0.003 -9"><span class='ocrx_word' id='word_1_445' title='bbox 123 2821 224 2855; x_wconf 89' lang='lat' dir='ltr'>cuius</span> <span class='ocrx_word' id='word_1_446' title='bbox 253 2830 293 2856; x_wconf 88' lang='lat' dir='ltr'>re</span> <span class='ocrx_word' id='word_1_447' title='bbox 323 2820 539 2864; x_wconf 87' lang='lat' dir='ltr'>adquisitum</span> <span class='ocrx_word' id='word_1_448' title='bbox 567 2820 692 2864; x_wconf 90' lang='lat' dir='ltr'>fuerit,</span> <span class='ocrx_word' id='word_1_449' title='bbox 726 2822 904 2857; x_wconf 91' lang='lat' dir='ltr'>communi</span> <span class='ocrx_word' id='word_1_450' title='bbox 935 2822 1126 2858; x_wconf 90' lang='lat' dir='ltr'>dividundo</span> <span class='ocrx_word' id='word_1_451' title='bbox 1155 2823 1209 2858; x_wconf 91' lang='lat' dir='ltr'>iu-</span> 
     </span>
     <span class='ocr_line' id='line_1_61' title="bbox 123 2866 1210 2912; baseline 0.004 -13"><span class='ocrx_word' id='word_1_452' title='bbox 123 2866 216 2901; x_wconf 80' lang='lat' dir='ltr'>dicio</span> <span class='ocrx_word' id='word_1_453' title='bbox 257 2875 334 2900; x_wconf 90' lang='lat' dir='ltr'>eam</span> <span class='ocrx_word' id='word_1_454' title='bbox 370 2875 544 2901; x_wconf 89' lang='lat' dir='ltr'>summam</span> <span class='ocrx_word' id='word_1_455' title='bbox 587 2866 795 2911; x_wconf 87' lang='lat' dir='ltr'>praecipere</span> <span class='ocrx_word' id='word_1_456' title='bbox 832 2871 981 2912; x_wconf 75' lang='lat' dir='ltr'>potestz-</span> <span class='ocrx_word' id='word_1_457' title='bbox 1009 2877 1093 2902; x_wconf 88' lang='lat' dir='ltr'>nam</span> <span class='ocrx_word' id='word_1_458' title='bbox 1127 2867 1210 2904; x_wconf 89' lang='lat' dir='ltr'>fidei</span> 
     </span>
     <span class='ocr_line' id='line_1_62' title="bbox 123 2910 1209 2957; baseline 0.003 -11"><span class='ocrx_word' id='word_1_459' title='bbox 123 2912 239 2947; x_wconf 89' lang='lat' dir='ltr'>bonae</span> <span class='ocrx_word' id='word_1_460' title='bbox 263 2910 443 2954; x_wconf 87' lang='lat' dir='ltr'>convenit,</span> <span class='ocrx_word' id='word_1_461' title='bbox 476 2914 517 2945; x_wconf 90' lang='lat' dir='ltr'>ut</span> <span class='ocrx_word' id='word_1_462' title='bbox 545 2912 790 2956; x_wconf 85' lang='lat' dir='ltr'>unusquisque</span> <span class='ocrx_word' id='word_1_463' title='bbox 811 2913 1044 2957; x_wconf 87' lang='lat' dir='ltr'>praecipuum</span> <span class='ocrx_word' id='word_1_464' title='bbox 1066 2913 1209 2957; x_wconf 86' lang='lat' dir='ltr'>habeat,</span> 
     </span>
     <span class='ocr_line' id='line_1_63' title="bbox 123 2955 1211 3002; baseline 0.004 -12"><span class='ocrx_word' id='word_1_465' title='bbox 123 2955 218 3001; x_wconf 90' lang='lat' dir='ltr'>quod</span> <span class='ocrx_word' id='word_1_466' title='bbox 247 2966 293 2991; x_wconf 83' lang='lat' dir='ltr'>ex</span> <span class='ocrx_word' id='word_1_467' title='bbox 322 2966 362 2991; x_wconf 91' lang='lat' dir='ltr'>re</span> <span class='ocrx_word' id='word_1_468' title='bbox 393 2956 468 2991; x_wconf 88' lang='lat' dir='ltr'>eius</span> <span class='ocrx_word' id='word_1_469' title='bbox 503 2965 626 2991; x_wconf 91' lang='lat' dir='ltr'>servus</span> <span class='ocrx_word' id='word_1_470' title='bbox 660 2956 879 3002; x_wconf 87' lang='lat' dir='ltr'>adquisierit.</span> <span class='ocrx_word' id='word_1_471' title='bbox 926 2958 989 2994; x_wconf 86' lang='lat' dir='ltr'>sed</span> <span class='ocrx_word' id='word_1_472' title='bbox 1014 2958 1045 2993; x_wconf 90' lang='lat' dir='ltr'>si</span> <span class='ocrx_word' id='word_1_473' title='bbox 1068 2958 1211 2994; x_wconf 85' lang='lat' dir='ltr'>aliunde</span> 
     </span>
     <span class='ocr_line' id='line_1_64' title="bbox 123 3000 1208 3049; baseline 0.002 -12"><span class='ocrx_word' id='word_1_474' title='bbox 123 3012 246 3037; x_wconf 86' lang='lat' dir='ltr'>servus</span> <span class='ocrx_word' id='word_1_475' title='bbox 282 3002 478 3037; x_wconf 88' lang='lat' dir='ltr'>communis</span> <span class='ocrx_word' id='word_1_476' title='bbox 515 3000 740 3046; x_wconf 87' lang='lat' dir='ltr'>adquisierit,</span> <span class='ocrx_word' id='word_1_477' title='bbox 787 3003 953 3039; x_wconf 92' lang='lat' dir='ltr'>omnibus</span> <span class='ocrx_word' id='word_1_478' title='bbox 990 3003 1098 3039; x_wconf 87' lang='lat' dir='ltr'>sociis</span> <span class='ocrx_word' id='word_1_479' title='bbox 1142 3015 1208 3049; x_wconf 90' lang='lat' dir='ltr'>pro</span> 
     </span>
     <span class='ocr_line' id='line_1_65' title="bbox 122 3045 720 3092; baseline 0.003 -12"><span class='ocrx_word' id='word_1_480' title='bbox 122 3050 224 3092; x_wconf 88' lang='lat' dir='ltr'>parte</span> <span class='ocrx_word' id='word_1_481' title='bbox 249 3046 393 3082; x_wconf 89' lang='lat' dir='ltr'>dominii</span> <span class='ocrx_word' id='word_1_482' title='bbox 416 3046 486 3082; x_wconf 91' lang='lat' dir='ltr'>hoc</span> <span class='ocrx_word' id='word_1_483' title='bbox 509 3045 720 3091; x_wconf 86' lang='lat' dir='ltr'>adquiritur.</span> 
     </span>
    </p>

    <p class='ocr_par' dir='ltr' id='par_1_9' title="bbox 123 3089 1210 3306">
     <span class='ocr_line' id='line_1_66' title="bbox 168 3089 1209 3139; baseline 0.001 -11"><span class='ocrx_word' id='word_1_484' title='bbox 168 3089 221 3128; x_wconf 85' lang='grc'>46</span> <span class='ocrx_word' id='word_1_485' title='bbox 254 3091 449 3127; x_wconf 73' lang='lat' dir='ltr'><em>ULPJANUS</em></span> <span class='ocrx_word' id='word_1_486' title='bbox 477 3091 569 3126; x_wconf 83' lang='lat' dir='ltr'>libro</span> <span class='ocrx_word' id='word_1_487' title='bbox 600 3093 853 3138; x_wconf 75' lang='lat' dir='ltr'>seoeaqensimo</span> <span class='ocrx_word' id='word_1_488' title='bbox 884 3094 1009 3139; x_wconf 79' lang='lat' dir='ltr'>quinto</span> <span class='ocrx_word' id='word_1_489' title='bbox 1044 3094 1094 3129; x_wconf 86' lang='lat' dir='ltr'>ad</span> <span class='ocrx_word' id='word_1_490' title='bbox 1116 3094 1209 3130; x_wconf 78' lang='lat' dir='ltr'>edic-</span> 
     </span>
     <span class='ocr_line' id='line_1_67' title="bbox 124 3137 1210 3184; baseline 0.003 -13"><span class='ocrx_word' id='word_1_491' title='bbox 124 3139 197 3171; x_wconf 78' lang='lat' dir='ltr'>tum</span> <span class='ocrx_word' id='word_1_492' title='bbox 243 3137 326 3171; x_wconf 88' lang='lat' dir='ltr'>Non</span> <span class='ocrx_word' id='word_1_493' title='bbox 349 3140 405 3173; x_wconf 88' lang='lat' dir='ltr'>est</span> <span class='ocrx_word' id='word_1_494' title='bbox 426 3147 576 3178; x_wconf 88' lang='lat' dir='ltr'>novum,</span> <span class='ocrx_word' id='word_1_495' title='bbox 608 3140 649 3171; x_wconf 88' lang='lat' dir='ltr'>ut</span> <span class='ocrx_word' id='word_1_496' title='bbox 672 3137 734 3181; x_wconf 91' lang='lat' dir='ltr'>qui</span> <span class='ocrx_word' id='word_1_497' title='bbox 756 3137 950 3173; x_wconf 89' lang='lat' dir='ltr'>dominium</span> <span class='ocrx_word' id='word_1_498' title='bbox 972 3149 1045 3174; x_wconf 92' lang='lat' dir='ltr'>non</span> <span class='ocrx_word' id='word_1_499' title='bbox 1067 3139 1210 3184; x_wconf 89' lang='lat' dir='ltr'>habeat,</span> 
     </span>
     <span class='ocr_line' id='line_1_68' title="bbox 123 3181 1209 3229; baseline 0.004 -13"><span class='ocrx_word' id='word_1_500' title='bbox 123 3181 182 3216; x_wconf 86' lang='lat' dir='ltr'>alii</span> <span class='ocrx_word' id='word_1_501' title='bbox 205 3181 398 3216; x_wconf 88' lang='lat' dir='ltr'>dominium</span> <span class='ocrx_word' id='word_1_502' title='bbox 421 3182 609 3227; x_wconf 85' lang='lat' dir='ltr'>praebeat:</span> <span class='ocrx_word' id='word_1_503' title='bbox 634 3192 718 3217; x_wconf 89' lang='lat' dir='ltr'>nam</span> <span class='ocrx_word' id='word_1_504' title='bbox 736 3186 773 3217; x_wconf 92' lang='lat' dir='ltr'>et</span> <span class='ocrx_word' id='word_1_505' title='bbox 797 3183 952 3219; x_wconf 89' lang='lat' dir='ltr'>creditor</span> <span class='ocrx_word' id='word_1_506' title='bbox 974 3184 1102 3229; x_wconf 85' lang='lat' dir='ltr'>pignus</span> <span class='ocrx_word' id='word_1_507' title='bbox 1125 3194 1209 3220; x_wconf 87' lang='lat' dir='ltr'>ven-</span> 
     </span>
     <span class='ocr_line' id='line_1_69' title="bbox 123 3226 1210 3306; baseline 0.004 -45"><span class='ocrx_word' id='word_1_508' title='bbox 123 3226 238 3306; x_wconf 45' lang='lat' dir='ltr'>idleilino</span> <span class='ocrx_word' id='word_1_509' title='bbox 279 3237 424 3262; x_wconf 88' lang='lat' dir='ltr'>causam</span> <span class='ocrx_word' id='word_1_510' title='bbox 460 3227 606 3263; x_wconf 90' lang='lat' dir='ltr'>dominii</span> <span class='ocrx_word' id='word_1_511' title='bbox 642 3231 822 3272; x_wconf 83' lang='lat' dir='ltr'>praestat,</span> <span class='ocrx_word' id='word_1_512' title='bbox 867 3238 974 3274; x_wconf 86' lang='lat' dir='ltr'>quam</span> <span class='ocrx_word' id='word_1_513' title='bbox 1013 3230 1091 3274; x_wconf 88' lang='lat' dir='ltr'>ipse</span> <span class='ocrx_word' id='word_1_514' title='bbox 1138 3240 1210 3265; x_wconf 90' lang='lat' dir='ltr'>non</span> 
     </span>
    </p>

    <p class='ocr_par' dir='ltr' id='par_1_10' title="bbox 149 3277 260 3310">
     <span class='ocr_line' id='line_1_70' title="bbox 149 3277 260 3310; baseline 0.009 -4"><span class='ocrx_word' id='word_1_515' title='bbox 149 3282 171 3310; x_wconf 81' lang='lat' dir='ltr'>a</span> <span class='ocrx_word' id='word_1_516' title='bbox 197 3277 260 3307; x_wconf 84' lang='lat' dir='ltr'>uit.</span> 
     </span>
    </p>

    <p class='ocr_par' dir='ltr' id='par_1_11' title="bbox 124 3314 1210 3452">
     <span class='ocr_line' id='line_1_71' title="bbox 171 3314 1210 3371; baseline 0.001 -18"><span class='ocrx_word' id='word_1_517' title='bbox 171 3314 223 3353; x_wconf 89' lang='lat'>47</span> <span class='ocrx_word' id='word_1_518' title='bbox 257 3317 415 3353; x_wconf 53' lang='lat' dir='ltr'>Panos</span> <span class='ocrx_word' id='word_1_519' title='bbox 453 3319 544 3354; x_wconf 82' lang='lat' dir='ltr'>libro</span> <span class='ocrx_word' id='word_1_520' title='bbox 588 3318 913 3371; x_wconf 70' lang='lat' dir='ltr'>quirtquaqensimo</span> <span class='ocrx_word' id='word_1_521' title='bbox 961 3319 1011 3354; x_wconf 85' lang='lat' dir='ltr'>ad</span> <span class='ocrx_word' id='word_1_522' title='bbox 1057 3320 1210 3356; x_wconf 77' lang='lat' dir='ltr'>edictum</span> 
     </span>
     <span class='ocr_line' id='line_1_72' title="bbox 124 3361 1210 3410; baseline 0.004 -14"><span class='ocrx_word' id='word_1_523' title='bbox 124 3361 339 3398; x_wconf 86' lang='lat' dir='ltr'>Fructuario</span> <span class='ocrx_word' id='word_1_524' title='bbox 375 3363 554 3399; x_wconf 88' lang='lat' dir='ltr'>hereditas</span> <span class='ocrx_word' id='word_1_525' title='bbox 589 3363 732 3409; x_wconf 82' lang='lat' dir='ltr'>adquiri</span> <span class='ocrx_word' id='word_1_526' title='bbox 763 3373 835 3398; x_wconf 90' lang='lat' dir='ltr'>non</span> <span class='ocrx_word' id='word_1_527' title='bbox 866 3366 1003 3408; x_wconf 90' lang='lat' dir='ltr'>potest,</span> <span class='ocrx_word' id='word_1_528' title='bbox 1042 3365 1137 3410; x_wconf 92' lang='lat' dir='ltr'>quod</span> <span class='ocrx_word' id='word_1_529' title='bbox 1172 3365 1210 3400; x_wconf 91' lang='lat' dir='ltr'>in</span> 
     </span>
     <span class='ocr_line' id='line_1_73' title="bbox 126 3407 744 3452; baseline 0.002 -10"><span class='ocrx_word' id='word_1_530' title='bbox 126 3407 242 3452; x_wconf 89' lang='lat' dir='ltr'>operis</span> <span class='ocrx_word' id='word_1_531' title='bbox 265 3407 357 3443; x_wconf 88' lang='lat' dir='ltr'>servi</span> <span class='ocrx_word' id='word_1_532' title='bbox 379 3408 557 3445; x_wconf 89' lang='lat' dir='ltr'>hereditas</span> <span class='ocrx_word' id='word_1_533' title='bbox 580 3419 654 3444; x_wconf 91' lang='lat' dir='ltr'>non</span> <span class='ocrx_word' id='word_1_534' title='bbox 678 3411 744 3445; x_wconf 92' lang='lat' dir='ltr'>est.</span> 
     </span>
    </p>

    <p class='ocr_par' dir='ltr' id='par_1_12' title="bbox 127 3449 1210 3590">
     <span class='ocr_line' id='line_1_74' title="bbox 171 3449 1210 3500; baseline 0.002 -12"><span class='ocrx_word' id='word_1_535' title='bbox 171 3449 224 3490; x_wconf 89' lang='lat'>48</span> <span class='ocrx_word' id='word_1_536' title='bbox 250 3452 356 3487; x_wconf 72' lang='lat' dir='ltr'><em>IDEM</em></span> <span class='ocrx_word' id='word_1_537' title='bbox 383 3453 472 3489; x_wconf 82' lang='lat' dir='ltr'>libro</span> <span class='ocrx_word' id='word_1_538' title='bbox 497 3455 647 3500; x_wconf 77' lang='lat' dir='ltr'>septimo</span> <span class='ocrx_word' id='word_1_539' title='bbox 672 3454 722 3488; x_wconf 82' lang='lat' dir='ltr'>ad</span> <span class='ocrx_word' id='word_1_540' title='bbox 750 3453 935 3490; x_wconf 77' lang='lat' dir='ltr'>Plautium</span> <span class='ocrx_word' id='word_1_541' title='bbox 980 3454 1104 3490; x_wconf 88' lang='lat' dir='ltr'>Bonae</span> <span class='ocrx_word' id='word_1_542' title='bbox 1127 3454 1210 3490; x_wconf 91' lang='lat' dir='ltr'>fidei</span> 
     </span>
     <span class='ocr_line' id='line_1_75' title="bbox 128 3498 1209 3543; baseline 0.003 -12"><span class='ocrx_word' id='word_1_543' title='bbox 128 3500 264 3542; x_wconf 82' lang='lat' dir='ltr'>emptor</span> <span class='ocrx_word' id='word_1_544' title='bbox 283 3508 355 3533; x_wconf 91' lang='lat' dir='ltr'>non</span> <span class='ocrx_word' id='word_1_545' title='bbox 370 3498 475 3534; x_wconf 92' lang='lat' dir='ltr'>dubie</span> <span class='ocrx_word' id='word_1_546' title='bbox 497 3498 725 3543; x_wconf 87' lang='lat' dir='ltr'>percipiendo</span> <span class='ocrx_word' id='word_1_547' title='bbox 746 3498 887 3533; x_wconf 86' lang='lat' dir='ltr'>fructus</span> <span class='ocrx_word' id='word_1_548' title='bbox 911 3499 1018 3534; x_wconf 87' lang='lat' dir='ltr'>etiam</span> <span class='ocrx_word' id='word_1_549' title='bbox 1035 3510 1079 3535; x_wconf 83' lang='lat' dir='ltr'>ex</span> <span class='ocrx_word' id='word_1_550' title='bbox 1093 3500 1209 3534; x_wconf 90' lang='lat' dir='ltr'>aliena</span> 
     </span>
     <span class='ocr_line' id='line_1_76' title="bbox 127 3543 1209 3590; baseline 0.004 -14"><span class='ocrx_word' id='word_1_551' title='bbox 127 3551 165 3577; x_wconf 88' lang='lat' dir='ltr'>re</span> <span class='ocrx_word' id='word_1_552' title='bbox 188 3553 273 3578; x_wconf 90' lang='lat' dir='ltr'>suos</span> <span class='ocrx_word' id='word_1_553' title='bbox 297 3543 438 3578; x_wconf 87' lang='lat' dir='ltr'>interim</span> <span class='ocrx_word' id='word_1_554' title='bbox 461 3544 549 3578; x_wconf 85' lang='lat' dir='ltr'>facit</span> <span class='ocrx_word' id='word_1_555' title='bbox 572 3555 644 3579; x_wconf 91' lang='lat' dir='ltr'>non</span> <span class='ocrx_word' id='word_1_556' title='bbox 666 3547 806 3579; x_wconf 87' lang='lat' dir='ltr'>tantum</span> <span class='ocrx_word' id='word_1_557' title='bbox 832 3554 910 3587; x_wconf 88' lang='lat' dir='ltr'>eos,</span> <span class='ocrx_word' id='word_1_558' title='bbox 942 3545 1004 3589; x_wconf 89' lang='lat' dir='ltr'>qui</span> <span class='ocrx_word' id='word_1_559' title='bbox 1027 3545 1209 3590; x_wconf 85' lang='lat' dir='ltr'>diligentia</span> 
     </span>
    </p>
   </div>
   <div class='ocr_carea' id='block_1_4' title="bbox 128 3618 288 3623">
    <p class='ocr_par' dir='ltr' id='par_1_13' title="bbox 128 3618 288 3623">
     <span class='ocr_line' id='line_1_77' title="bbox 128 3618 288 3623; baseline 0 0"><span class='ocrx_word' id='word_1_560' title='bbox 128 3618 288 3623; x_wconf 95' lang='lat' dir='ltr'> </span> 
     </span>
    </p>
   </div>
   <div class='ocr_carea' id='block_1_5' title="bbox 128 3655 1209 3792">
    <p class='ocr_par' dir='ltr' id='par_1_14' title="bbox 128 3655 1209 3792">
     <span class='ocr_line' id='line_1_78' title="bbox 128 3655 1208 3700; baseline 0.004 -13"><span class='ocrx_word' id='word_1_561' title='bbox 128 3655 167 3696; x_wconf 71' lang='lat' dir='ltr'>(i)</span> <span class='ocrx_word' id='word_1_562' title='bbox 191 3656 288 3688; x_wconf 80' lang='lat' dir='ltr'>aiunt</span> <span class='ocrx_word' id='word_1_563' title='bbox 305 3657 384 3690; x_wconf 84' lang='lat' dir='ltr'>add.</span> <span class='ocrx_word' id='word_1_564' title='bbox 397 3655 448 3689; x_wconf 55' lang='lat'>1³2</span> <span class='ocrx_word' id='word_1_565' title='bbox 539 3658 582 3698; x_wconf 82' lang='lat'>(2)</span> <span class='ocrx_word' id='word_1_566' title='bbox 606 3658 782 3700; x_wconf 81' lang='lat' dir='ltr'>requiritur</span> <span class='ocrx_word' id='word_1_567' title='bbox 802 3657 970 3699; x_wconf 84' lang='lat' dir='ltr'>cogitabat</span> <span class='ocrx_word' id='word_1_568' title='bbox 986 3657 1130 3699; x_wconf 86' lang='lat' dir='ltr'>Mucius,</span> <span class='ocrx_word' id='word_1_569' title='bbox 1150 3668 1208 3691; x_wconf 84' lang='lat' dir='ltr'>an-</span> 
     </span>
     <span class='ocr_line' id='line_1_79' title="bbox 128 3702 1206 3743; baseline 0.002 -11"><span class='ocrx_word' id='word_1_570' title='bbox 128 3709 196 3732; x_wconf 90' lang='lat' dir='ltr'>non</span> <span class='ocrx_word' id='word_1_571' title='bbox 216 3702 267 3733; x_wconf 84' lang='lat' dir='ltr'>vel</span> <span class='ocrx_word' id='word_1_572' title='bbox 285 3702 407 3734; x_wconf 77' lang='lat' dir='ltr'>similia</span> <span class='ocrx_word' id='word_1_573' title='bbox 533 3703 575 3741; x_wconf 89' lang='lat'>(3)</span> <span class='ocrx_word' id='word_1_574' title='bbox 600 3704 746 3734; x_wconf 86' lang='lat' dir='ltr'>nostram</span> <span class='ocrx_word' id='word_1_575' title='bbox 764 3703 797 3734; x_wconf 81' lang='lat' dir='ltr'><em>F</em></span> <span class='ocrx_word' id='word_1_576' title='bbox 922 3704 964 3743; x_wconf 70' lang='lat'>(4)</span> <span class='ocrx_word' id='word_1_577' title='bbox 989 3702 1129 3735; x_wconf 84' lang='lat' dir='ltr'>abstulit</span> <span class='ocrx_word' id='word_1_578' title='bbox 1147 3716 1206 3736; x_wconf 87' lang='lat' dir='ltr'>scr.</span> 
     </span>
     <span class='ocr_line' id='line_1_80' title="bbox 129 3745 1209 3792; baseline 0.003 -14"><span class='ocrx_word' id='word_1_579' title='bbox 129 3747 170 3784; x_wconf 80' lang='lat'>(5)</span> <span class='ocrx_word' id='word_1_580' title='bbox 196 3745 379 3779; x_wconf 74' lang='lat' dir='ltr'>fructuario</span> <span class='ocrx_word' id='word_1_581' title='bbox 392 3756 485 3780; x_wconf 85' lang='lat' dir='ltr'>servo</span> <span class='ocrx_word' id='word_1_582' title='bbox 498 3748 557 3781; x_wconf 76' lang='lat' dir='ltr'>ins.</span> <span class='ocrx_word' id='word_1_583' title='bbox 572 3747 723 3792; x_wconf 69' lang='lat' dir='ltr'>Kruesyer</span> <span class='ocrx_word' id='word_1_584' title='bbox 799 3749 843 3790; x_wconf 73' lang='grc' dir='ltr'>(υ)</span> <span class='ocrx_word' id='word_1_585' title='bbox 867 3749 1209 3782; x_wconf 67' lang='grc' dir='ltr'>ΡοΜΡοΝιυεδεΙιιιὶ-</span> 
     </span>
    </p>
   </div>
   <div class='ocr_carea' id='block_1_6' title="bbox 1194 115 1278 164">
    <p class='ocr_par' dir='ltr' id='par_1_15' title="bbox 1194 115 1278 164">
     <span class='ocr_line' id='line_1_81' title="bbox 1194 115 1278 164; baseline 0 0"><span class='ocrx_word' id='word_1_586' title='bbox 1194 115 1278 164; x_wconf 83' lang='grc'>649</span> 
     </span>
    </p>
   </div>
   <div class='ocr_carea' id='block_1_7' title="bbox 2118 122 2363 165">
    <p class='ocr_par' dir='ltr' id='par_1_16' title="bbox 2118 122 2363 165">
     <span class='ocr_line' id='line_1_82' title="bbox 2118 122 2363 165; baseline 0 0"><span class='ocrx_word' id='word_1_587' title='bbox 2118 122 2309 165; x_wconf 89' lang='lat' dir='ltr'>XXXXI</span> <span class='ocrx_word' id='word_1_588' title='bbox 2345 128 2363 165; x_wconf 89' lang='lat'>1</span> 
     </span>
    </p>
   </div>
   <div class='ocr_carea' id='block_1_8' title="bbox 1276 241 2373 3588">
    <p class='ocr_par' dir='ltr' id='par_1_17' title="bbox 1276 241 2371 1236">
     <span class='ocr_line' id='line_1_83' title="bbox 1279 241 2366 290; baseline 0.001 -13"><span class='ocrx_word' id='word_1_589' title='bbox 1279 244 1316 277; x_wconf 89' lang='lat' dir='ltr'>et</span> <span class='ocrx_word' id='word_1_590' title='bbox 1347 251 1458 286; x_wconf 88' lang='lat' dir='ltr'>opera</span> <span class='ocrx_word' id='word_1_591' title='bbox 1482 241 1557 276; x_wconf 89' lang='lat' dir='ltr'>eius</span> <span class='ocrx_word' id='word_1_592' title='bbox 1590 246 1844 285; x_wconf 88' lang='lat' dir='ltr'>pervenerunt,</span> <span class='ocrx_word' id='word_1_593' title='bbox 1884 243 1945 278; x_wconf 88' lang='lat' dir='ltr'>sed</span> <span class='ocrx_word' id='word_1_594' title='bbox 1977 254 2118 287; x_wconf 83' lang='lat' dir='ltr'>omnes,</span> <span class='ocrx_word' id='word_1_595' title='bbox 2158 244 2241 290; x_wconf 89' lang='lat' dir='ltr'>quia</span> <span class='ocrx_word' id='word_1_596' title='bbox 2273 245 2366 288; x_wconf 83' lang='lat' dir='ltr'>quod</span> 
     </span>
     <span class='ocr_line' id='line_1_84' title="bbox 1280 285 2367 335; baseline 0.003 -14"><span class='ocrx_word' id='word_1_597' title='bbox 1280 286 1325 321; x_wconf 88' lang='lat' dir='ltr'>ad</span> <span class='ocrx_word' id='word_1_598' title='bbox 1349 286 1489 322; x_wconf 90' lang='lat' dir='ltr'>fructus</span> <span class='ocrx_word' id='word_1_599' title='bbox 1515 285 1659 328; x_wconf 87' lang='lat' dir='ltr'>attinet,</span> <span class='ocrx_word' id='word_1_600' title='bbox 1691 285 1771 321; x_wconf 90' lang='lat' dir='ltr'>loco</span> <span class='ocrx_word' id='word_1_601' title='bbox 1804 287 1935 322; x_wconf 89' lang='lat' dir='ltr'>domini</span> <span class='ocrx_word' id='word_1_602' title='bbox 1964 299 2078 334; x_wconf 90' lang='lat' dir='ltr'>paene</span> <span class='ocrx_word' id='word_1_603' title='bbox 2103 294 2167 326; x_wconf 89' lang='lat' dir='ltr'>est.</span> <span class='ocrx_word' id='word_1_604' title='bbox 2215 290 2367 335; x_wconf 87' lang='lat' dir='ltr'>denique</span> 
     </span>
     <span class='ocr_line' id='line_1_85' title="bbox 1279 331 2366 380; baseline 0.003 -13"><span class='ocrx_word' id='word_1_605' title='bbox 1279 331 1386 367; x_wconf 87' lang='lat' dir='ltr'>etiam</span> <span class='ocrx_word' id='word_1_606' title='bbox 1411 331 1619 376; x_wconf 85' lang='lat' dir='ltr'>priusquam</span> <span class='ocrx_word' id='word_1_607' title='bbox 1651 331 1841 375; x_wconf 88' lang='lat' dir='ltr'>percipiat,</span> <span class='ocrx_word' id='word_1_608' title='bbox 1874 333 1993 368; x_wconf 87' lang='lat' dir='ltr'>statim</span> <span class='ocrx_word' id='word_1_609' title='bbox 2018 335 2078 369; x_wconf 91' lang='lat' dir='ltr'>ubi</span> <span class='ocrx_word' id='word_1_610' title='bbox 2110 345 2132 369; x_wconf 90' lang='lat' dir='ltr'>a</span> <span class='ocrx_word' id='word_1_611' title='bbox 2163 334 2238 370; x_wconf 88' lang='lat' dir='ltr'>solo</span> <span class='ocrx_word' id='word_1_612' title='bbox 2264 345 2366 380; x_wconf 90' lang='lat' dir='ltr'>sepa-</span> 
     </span>
     <span class='ocr_line' id='line_1_86' title="bbox 1278 375 2367 422; baseline 0.003 -11"><span class='ocrx_word' id='word_1_613' title='bbox 1278 377 1348 411; x_wconf 91' lang='lat' dir='ltr'>rati</span> <span class='ocrx_word' id='word_1_614' title='bbox 1372 380 1473 418; x_wconf 84' lang='lat' dir='ltr'>sunt,</span> <span class='ocrx_word' id='word_1_615' title='bbox 1506 377 1623 412; x_wconf 89' lang='lat' dir='ltr'>bonae</span> <span class='ocrx_word' id='word_1_616' title='bbox 1654 375 1737 410; x_wconf 87' lang='lat' dir='ltr'>fidei</span> <span class='ocrx_word' id='word_1_617' title='bbox 1769 378 1937 420; x_wconf 85' lang='lat' dir='ltr'>emptoris</span> <span class='ocrx_word' id='word_1_618' title='bbox 1969 379 2070 414; x_wconf 86' lang='lat' dir='ltr'>fiunt.</span> <span class='ocrx_word' id='word_1_619' title='bbox 2119 390 2186 415; x_wconf 90' lang='lat' dir='ltr'>nec</span> <span class='ocrx_word' id='word_1_620' title='bbox 2209 380 2367 422; x_wconf 85' lang='lat' dir='ltr'>interest,</span> 
     </span>
     <span class='ocr_line' id='line_1_87' title="bbox 1279 421 2367 477; baseline 0.004 -21"><span class='ocrx_word' id='word_1_621' title='bbox 1279 432 1323 457; x_wconf 91' lang='lat' dir='ltr'>ea</span> <span class='ocrx_word' id='word_1_622' title='bbox 1354 431 1429 465; x_wconf 88' lang='lat' dir='ltr'>res,</span> <span class='ocrx_word' id='word_1_623' title='bbox 1455 431 1562 466; x_wconf 89' lang='lat' dir='ltr'>quam</span> <span class='ocrx_word' id='word_1_624' title='bbox 1594 422 1690 456; x_wconf 90' lang='lat' dir='ltr'>bona</span> <span class='ocrx_word' id='word_1_625' title='bbox 1720 421 1790 456; x_wconf 90' lang='lat' dir='ltr'>fide</span> <span class='ocrx_word' id='word_1_626' title='bbox 1826 422 1911 464; x_wconf 89' lang='lat' dir='ltr'>emi,</span> <span class='ocrx_word' id='word_1_627' title='bbox 1950 423 2054 467; x_wconf 84' lang='lat' dir='ltr'>longo</span> <span class='ocrx_word' id='word_1_628' title='bbox 2093 428 2254 477; x_wconf 87' lang='lat' dir='ltr'>tempore</span> <span class='ocrx_word' id='word_1_629' title='bbox 2287 426 2367 470; x_wconf 89' lang='lat' dir='ltr'>capi</span> 
     </span>
     <span class='ocr_line' id='line_1_88' title="bbox 1278 466 2368 515; baseline 0.004 -13"><span class='ocrx_word' id='word_1_630' title='bbox 1278 467 1394 512; x_wconf 85' lang='lat' dir='ltr'>possit</span> <span class='ocrx_word' id='word_1_631' title='bbox 1425 477 1492 502; x_wconf 85' lang='lat' dir='ltr'>nec</span> <span class='ocrx_word' id='word_1_632' title='bbox 1528 476 1591 510; x_wconf 92' lang='lat' dir='ltr'>ne,</span> <span class='ocrx_word' id='word_1_633' title='bbox 1630 466 1737 501; x_wconf 90' lang='lat' dir='ltr'>veluti</span> <span class='ocrx_word' id='word_1_634' title='bbox 1770 466 1800 501; x_wconf 92' lang='lat' dir='ltr'>si</span> <span class='ocrx_word' id='word_1_635' title='bbox 1831 468 1959 511; x_wconf 88' lang='lat' dir='ltr'>pupilli</span> <span class='ocrx_word' id='word_1_636' title='bbox 1983 469 2030 503; x_wconf 87' lang='lat' dir='ltr'>sit</span> <span class='ocrx_word' id='word_1_637' title='bbox 2058 474 2121 504; x_wconf 87' lang='lat' dir='ltr'>aut</span> <span class='ocrx_word' id='word_1_638' title='bbox 2143 482 2177 505; x_wconf 93' lang='lat' dir='ltr'>v1</span> <span class='ocrx_word' id='word_1_639' title='bbox 2201 481 2368 515; x_wconf 86' lang='lat' dir='ltr'>possessa</span> 
     </span>
     <span class='ocr_line' id='line_1_89' title="bbox 1279 511 2367 557; baseline 0.005 -11"><span class='ocrx_word' id='word_1_640' title='bbox 1279 515 1343 546; x_wconf 87' lang='lat' dir='ltr'>aut</span> <span class='ocrx_word' id='word_1_641' title='bbox 1373 511 1529 557; x_wconf 85' lang='lat' dir='ltr'>praesidi</span> <span class='ocrx_word' id='word_1_642' title='bbox 1562 515 1689 546; x_wconf 88' lang='lat' dir='ltr'>contra</span> <span class='ocrx_word' id='word_1_643' title='bbox 1719 511 1831 556; x_wconf 83' lang='lat' dir='ltr'>legem</span> <span class='ocrx_word' id='word_1_644' title='bbox 1863 514 2139 556; x_wconf 88' lang='lat' dir='ltr'>repetundarum</span> <span class='ocrx_word' id='word_1_645' title='bbox 2165 515 2298 550; x_wconf 88' lang='lat' dir='ltr'>donata</span> <span class='ocrx_word' id='word_1_646' title='bbox 2321 516 2367 551; x_wconf 85' lang='lat' dir='ltr'>ab</span> 
     </span>
     <span class='ocr_line' id='line_1_90' title="bbox 1282 556 2366 604; baseline 0.005 -13"><span class='ocrx_word' id='word_1_647' title='bbox 1282 560 1296 591; x_wconf 94' lang='lat'>1</span> <span class='ocrx_word' id='word_1_648' title='bbox 1348 566 1463 601; x_wconf 92' lang='lat' dir='ltr'>eoque</span> <span class='ocrx_word' id='word_1_649' title='bbox 1487 557 1691 592; x_wconf 88' lang='lat' dir='ltr'>abalienata</span> <span class='ocrx_word' id='word_1_650' title='bbox 1715 556 1762 592; x_wconf 89' lang='lat' dir='ltr'>sit</span> <span class='ocrx_word' id='word_1_651' title='bbox 1784 556 1902 591; x_wconf 90' lang='lat' dir='ltr'>bonae</span> <span class='ocrx_word' id='word_1_652' title='bbox 1925 557 2007 592; x_wconf 92' lang='lat' dir='ltr'>fidei</span> <span class='ocrx_word' id='word_1_653' title='bbox 2031 561 2191 604; x_wconf 88' lang='lat' dir='ltr'>emptori.</span> <span class='ocrx_word' id='word_1_654' title='bbox 2227 560 2366 596; x_wconf 90' lang='lat' dir='ltr'>Incon-</span> 
     </span>
     <span class='ocr_line' id='line_1_91' title="bbox 1277 601 2367 648; baseline 0.005 -12"><span class='ocrx_word' id='word_1_655' title='bbox 1277 601 1429 637; x_wconf 90' lang='lat' dir='ltr'>trarium</span> <span class='ocrx_word' id='word_1_656' title='bbox 1454 602 1657 647; x_wconf 86' lang='lat' dir='ltr'>quaeritur,</span> <span class='ocrx_word' id='word_1_657' title='bbox 1683 602 1713 636; x_wconf 89' lang='lat' dir='ltr'>si</span> <span class='ocrx_word' id='word_1_658' title='bbox 1737 612 1778 637; x_wconf 93' lang='lat' dir='ltr'>eo</span> <span class='ocrx_word' id='word_1_659' title='bbox 1803 605 1982 646; x_wconf 86' lang='lat' dir='ltr'>tempore,</span> <span class='ocrx_word' id='word_1_660' title='bbox 2008 615 2077 648; x_wconf 91' lang='lat' dir='ltr'>quo</span> <span class='ocrx_word' id='word_1_661' title='bbox 2101 606 2186 639; x_wconf 90' lang='lat' dir='ltr'>mihi</span> <span class='ocrx_word' id='word_1_662' title='bbox 2210 616 2268 641; x_wconf 89' lang='lat' dir='ltr'>res</span> <span class='ocrx_word' id='word_1_663' title='bbox 2292 611 2367 641; x_wconf 89' lang='lat' dir='ltr'>tra-</span> 
     </span>
     <span class='ocr_line' id='line_1_92' title="bbox 1280 646 2367 693; baseline 0.006 -12"><span class='ocrx_word' id='word_1_664' title='bbox 1280 647 1387 689; x_wconf 87' lang='lat' dir='ltr'>ditur,</span> <span class='ocrx_word' id='word_1_665' title='bbox 1408 651 1528 692; x_wconf 88' lang='lat' dir='ltr'>putem</span> <span class='ocrx_word' id='word_1_666' title='bbox 1542 646 1726 682; x_wconf 90' lang='lat' dir='ltr'>vendentis</span> <span class='ocrx_word' id='word_1_667' title='bbox 1745 657 1835 688; x_wconf 89' lang='lat' dir='ltr'>esse,</span> <span class='ocrx_word' id='word_1_668' title='bbox 1857 647 1982 683; x_wconf 90' lang='lat' dir='ltr'>deinde</span> <span class='ocrx_word' id='word_1_669' title='bbox 2001 659 2198 693; x_wconf 85' lang='lat' dir='ltr'>cognovero</span> <span class='ocrx_word' id='word_1_670' title='bbox 2217 651 2367 687; x_wconf 87' lang='lat' dir='ltr'>alienam</span> 
     </span>
     <span class='ocr_line' id='line_1_93' title="bbox 1279 692 2367 741; baseline 0.005 -14"><span class='ocrx_word' id='word_1_671' title='bbox 1279 702 1376 734; x_wconf 90' lang='lat' dir='ltr'>esse,</span> <span class='ocrx_word' id='word_1_672' title='bbox 1409 692 1494 737; x_wconf 90' lang='lat' dir='ltr'>quia</span> <span class='ocrx_word' id='word_1_673' title='bbox 1516 696 1722 737; x_wconf 89' lang='lat' dir='ltr'>perseverat</span> <span class='ocrx_word' id='word_1_674' title='bbox 1744 702 1810 737; x_wconf 89' lang='lat' dir='ltr'>per</span> <span class='ocrx_word' id='word_1_675' title='bbox 1838 693 1981 737; x_wconf 84' lang='lat' dir='ltr'>longum</span> <span class='ocrx_word' id='word_1_676' title='bbox 2005 697 2144 739; x_wconf 87' lang='lat' dir='ltr'>tempus</span> <span class='ocrx_word' id='word_1_677' title='bbox 2171 696 2290 741; x_wconf 89' lang='lat' dir='ltr'>capio,</span> <span class='ocrx_word' id='word_1_678' title='bbox 2322 707 2367 731; x_wconf 88' lang='lat' dir='ltr'>an</span> 
     </span>
     <span class='ocr_line' id='line_1_94' title="bbox 1276 737 2367 782; baseline 0.005 -10"><span class='ocrx_word' id='word_1_679' title='bbox 1276 737 1417 772; x_wconf 82' lang='lat' dir='ltr'>fructus</span> <span class='ocrx_word' id='word_1_680' title='bbox 1442 747 1539 772; x_wconf 89' lang='lat' dir='ltr'>meos</span> <span class='ocrx_word' id='word_1_681' title='bbox 1564 737 1706 772; x_wconf 84' lang='lat' dir='ltr'>faciam.</span> <span class='ocrx_word' id='word_1_682' title='bbox 1754 737 1972 782; x_wconf 88' lang='lat' dir='ltr'>Pomponius</span> <span class='ocrx_word' id='word_1_683' title='bbox 1996 740 2204 782; x_wconf 90' lang='lat' dir='ltr'>verendum,</span> <span class='ocrx_word' id='word_1_684' title='bbox 2229 752 2274 776; x_wconf 89' lang='lat' dir='ltr'>ne</span> <span class='ocrx_word' id='word_1_685' title='bbox 2297 752 2367 776; x_wconf 89' lang='lat' dir='ltr'>non</span> 
     </span>
     <span class='ocr_line' id='line_1_95' title="bbox 1278 782 2368 828; baseline 0.004 -10"><span class='ocrx_word' id='word_1_686' title='bbox 1278 782 1326 818; x_wconf 89' lang='lat' dir='ltr'>sit</span> <span class='ocrx_word' id='word_1_687' title='bbox 1348 783 1465 818; x_wconf 91' lang='lat' dir='ltr'>bonae</span> <span class='ocrx_word' id='word_1_688' title='bbox 1487 782 1570 817; x_wconf 89' lang='lat' dir='ltr'>fidei</span> <span class='ocrx_word' id='word_1_689' title='bbox 1593 793 1798 827; x_wconf 85' lang='lat' dir='ltr'>possessor,</span> <span class='ocrx_word' id='word_1_690' title='bbox 1856 783 1991 818; x_wconf 88' lang='lat' dir='ltr'>uamvis</span> <span class='ocrx_word' id='word_1_691' title='bbox 2016 784 2151 828; x_wconf 87' lang='lat' dir='ltr'>capiat:</span> <span class='ocrx_word' id='word_1_692' title='bbox 2183 786 2253 821; x_wconf 91' lang='lat' dir='ltr'>hoc</span> <span class='ocrx_word' id='word_1_693' title='bbox 2276 787 2368 822; x_wconf 88' lang='lat' dir='ltr'>enim</span> 
     </span>
     <span class='ocr_line' id='line_1_96' title="bbox 1278 794 2367 876; baseline 0.005 -14"><span class='ocrx_word' id='word_1_694' title='bbox 1278 827 1324 862; x_wconf 90' lang='lat' dir='ltr'>ad</span> <span class='ocrx_word' id='word_1_695' title='bbox 1347 827 1422 871; x_wconf 89' lang='lat' dir='ltr'>ius,</span> <span class='ocrx_word' id='word_1_696' title='bbox 1452 827 1490 862; x_wconf 90' lang='lat' dir='ltr'>id</span> <span class='ocrx_word' id='word_1_697' title='bbox 1514 831 1568 863; x_wconf 89' lang='lat' dir='ltr'>est</span> <span class='ocrx_word' id='word_1_698' title='bbox 1592 828 1795 872; x_wconf 86' lang='lat' dir='ltr'>capionem,</span> <span class='ocrx_word' id='word_1_699' title='bbox 1829 794 1918 862; x_wconf 60' lang='lat' dir='ltr'>{ilud</span> <span class='ocrx_word' id='word_1_700' title='bbox 1942 828 1989 863; x_wconf 90' lang='lat' dir='ltr'>ad</span> <span class='ocrx_word' id='word_1_701' title='bbox 2021 828 2156 865; x_wconf 78' lang='lat' dir='ltr'>factum</span> <span class='ocrx_word' id='word_1_702' title='bbox 2179 832 2367 876; x_wconf 80' lang='lat' dir='ltr'>pertinere,</span> 
     </span>
     <span class='ocr_line' id='line_1_97' title="bbox 1277 872 2367 918; baseline 0.004 -11"><span class='ocrx_word' id='word_1_703' title='bbox 1277 876 1320 908; x_wconf 93' lang='lat' dir='ltr'>ut</span> <span class='ocrx_word' id='word_1_704' title='bbox 1349 873 1428 917; x_wconf 89' lang='lat' dir='ltr'>quis</span> <span class='ocrx_word' id='word_1_705' title='bbox 1461 873 1558 908; x_wconf 88' lang='lat' dir='ltr'>bona</span> <span class='ocrx_word' id='word_1_706' title='bbox 1591 877 1655 908; x_wconf 91' lang='lat' dir='ltr'>aut</span> <span class='ocrx_word' id='word_1_707' title='bbox 1677 874 1772 908; x_wconf 88' lang='lat' dir='ltr'>mala</span> <span class='ocrx_word' id='word_1_708' title='bbox 1803 872 1873 908; x_wconf 92' lang='lat' dir='ltr'>fide</span> <span class='ocrx_word' id='word_1_709' title='bbox 1897 873 2097 918; x_wconf 89' lang='lat' dir='ltr'>possideat:</span> <span class='ocrx_word' id='word_1_710' title='bbox 2134 886 2201 910; x_wconf 90' lang='lat' dir='ltr'>nec</span> <span class='ocrx_word' id='word_1_711' title='bbox 2227 881 2367 911; x_wconf 87' lang='lat' dir='ltr'>contra-</span> 
     </span>
     <span class='ocr_line' id='line_1_98' title="bbox 1278 918 2367 963; baseline 0.004 -11"><span class='ocrx_word' id='word_1_712' title='bbox 1278 918 1371 953; x_wconf 86' lang='lat' dir='ltr'>rium</span> <span class='ocrx_word' id='word_1_713' title='bbox 1401 922 1474 961; x_wconf 90' lang='lat' dir='ltr'>est,</span> <span class='ocrx_word' id='word_1_714' title='bbox 1509 918 1606 963; x_wconf 92' lang='lat' dir='ltr'>quod</span> <span class='ocrx_word' id='word_1_715' title='bbox 1635 919 1779 963; x_wconf 89' lang='lat' dir='ltr'>longum</span> <span class='ocrx_word' id='word_1_716' title='bbox 1803 922 1942 963; x_wconf 88' lang='lat' dir='ltr'>tempus</span> <span class='ocrx_word' id='word_1_717' title='bbox 1969 919 2097 962; x_wconf 89' lang='lat' dir='ltr'>currit,</span> <span class='ocrx_word' id='word_1_718' title='bbox 2130 931 2212 955; x_wconf 88' lang='lat' dir='ltr'>nam</span> <span class='ocrx_word' id='word_1_719' title='bbox 2241 932 2260 956; x_wconf 90' lang='lat' dir='ltr'>e</span> <span class='ocrx_word' id='word_1_720' title='bbox 2285 933 2367 956; x_wconf 87' lang='lat' dir='ltr'>con-</span> 
     </span>
     <span class='ocr_line' id='line_1_99' title="bbox 1277 963 2368 1009; baseline 0.004 -11"><span class='ocrx_word' id='word_1_721' title='bbox 1277 963 1388 999; x_wconf 89' lang='lat' dir='ltr'>trario</span> <span class='ocrx_word' id='word_1_722' title='bbox 1418 963 1466 1006; x_wconf 88' lang='lat' dir='ltr'>is,</span> <span class='ocrx_word' id='word_1_723' title='bbox 1499 963 1559 1008; x_wconf 93' lang='lat' dir='ltr'>qui</span> <span class='ocrx_word' id='word_1_724' title='bbox 1589 974 1662 999; x_wconf 91' lang='lat' dir='ltr'>non</span> <span class='ocrx_word' id='word_1_725' title='bbox 1686 967 1806 1008; x_wconf 91' lang='lat' dir='ltr'>potest</span> <span class='ocrx_word' id='word_1_726' title='bbox 1830 973 1959 1008; x_wconf 87' lang='lat' dir='ltr'>capere</span> <span class='ocrx_word' id='word_1_727' title='bbox 2008 968 2130 1009; x_wconf 89' lang='lat' dir='ltr'>ropter</span> <span class='ocrx_word' id='word_1_728' title='bbox 2162 966 2214 1000; x_wconf 91' lang='lat' dir='ltr'>rei</span> <span class='ocrx_word' id='word_1_729' title='bbox 2237 967 2368 1009; x_wconf 89' lang='lat' dir='ltr'>vitium,</span> 
     </span>
     <span class='ocr_line' id='line_1_100' title="bbox 1280 1008 2371 1047; baseline 0.002 -4"><span class='ocrx_word' id='word_1_730' title='bbox 1280 1011 1299 1043; x_wconf 84' lang='lat'><strong>2</strong></span> <span class='ocrx_word' id='word_1_731' title='bbox 1348 1008 1489 1044; x_wconf 85' lang='lat' dir='ltr'>fructus</span> <span class='ocrx_word' id='word_1_732' title='bbox 1515 1019 1600 1044; x_wconf 90' lang='lat' dir='ltr'>suos</span> <span class='ocrx_word' id='word_1_733' title='bbox 1623 1008 1723 1044; x_wconf 84' lang='lat' dir='ltr'>facit.</span> <span class='ocrx_word' id='word_1_734' title='bbox 1760 1009 1810 1043; x_wconf 87' lang='lat' dir='ltr'>Et</span> <span class='ocrx_word' id='word_1_735' title='bbox 1834 1010 1951 1044; x_wconf 90' lang='lat' dir='ltr'>ovium</span> <span class='ocrx_word' id='word_1_736' title='bbox 1992 1013 2070 1044; x_wconf 88' lang='lat' dir='ltr'>etus</span> <span class='ocrx_word' id='word_1_737' title='bbox 2093 1010 2131 1044; x_wconf 92' lang='lat' dir='ltr'>in</span> <span class='ocrx_word' id='word_1_738' title='bbox 2155 1010 2274 1046; x_wconf 86' lang='lat' dir='ltr'>fructu</span> <span class='ocrx_word' id='word_1_739' title='bbox 2289 1017 2371 1047; x_wconf 90' lang='lat' dir='ltr'>sunt</span> 
     </span>
     <span class='ocr_line' id='line_1_101' title="bbox 1278 1053 2370 1100; baseline 0.003 -12"><span class='ocrx_word' id='word_1_740' title='bbox 1278 1057 1315 1089; x_wconf 90' lang='lat' dir='ltr'>et</span> <span class='ocrx_word' id='word_1_741' title='bbox 1342 1053 1424 1089; x_wconf 90' lang='lat' dir='ltr'>ideo</span> <span class='ocrx_word' id='word_1_742' title='bbox 1449 1054 1495 1089; x_wconf 90' lang='lat' dir='ltr'>ad</span> <span class='ocrx_word' id='word_1_743' title='bbox 1519 1055 1635 1090; x_wconf 90' lang='lat' dir='ltr'>bonae</span> <span class='ocrx_word' id='word_1_744' title='bbox 1665 1054 1749 1090; x_wconf 89' lang='lat' dir='ltr'>fidei</span> <span class='ocrx_word' id='word_1_745' title='bbox 1773 1060 1969 1100; x_wconf 87' lang='lat' dir='ltr'>emptorem</span> <span class='ocrx_word' id='word_1_746' title='bbox 2001 1055 2198 1100; x_wconf 90' lang='lat' dir='ltr'>pertinent,</span> <span class='ocrx_word' id='word_1_747' title='bbox 2235 1057 2370 1091; x_wconf 87' lang='lat' dir='ltr'>etiamsi</span> 
     </span>
     <span class='ocr_line' id='line_1_102' title="bbox 1303 1099 2371 1146; baseline 0.003 -12"><span class='ocrx_word' id='word_1_748' title='bbox 1303 1103 1491 1143; x_wconf 87' lang='lat' dir='ltr'>raegnates</span> <span class='ocrx_word' id='word_1_749' title='bbox 1515 1099 1690 1134; x_wconf 86' lang='lat' dir='ltr'>venierint</span> <span class='ocrx_word' id='word_1_750' title='bbox 1706 1100 1759 1134; x_wconf 91' lang='lat' dir='ltr'>vel</span> <span class='ocrx_word' id='word_1_751' title='bbox 1785 1101 1978 1145; x_wconf 86' lang='lat' dir='ltr'>subreptae</span> <span class='ocrx_word' id='word_1_752' title='bbox 2003 1100 2083 1135; x_wconf 89' lang='lat' dir='ltr'>sint.</span> <span class='ocrx_word' id='word_1_753' title='bbox 2123 1104 2159 1136; x_wconf 91' lang='lat' dir='ltr'>et</span> <span class='ocrx_word' id='word_1_754' title='bbox 2182 1111 2268 1137; x_wconf 88' lang='lat' dir='ltr'>sane</span> <span class='ocrx_word' id='word_1_755' title='bbox 2287 1103 2371 1146; x_wconf 89' lang='lat' dir='ltr'>quin</span> 
     </span>
     <span class='ocr_line' id='line_1_103' title="bbox 1292 1145 2369 1190; baseline 0.002 -11"><span class='ocrx_word' id='word_1_756' title='bbox 1292 1155 1335 1179; x_wconf 91' lang='lat' dir='ltr'>ac</span> <span class='ocrx_word' id='word_1_757' title='bbox 1368 1155 1471 1179; x_wconf 90' lang='lat' dir='ltr'>suum</span> <span class='ocrx_word' id='word_1_758' title='bbox 1494 1145 1624 1189; x_wconf 88' lang='lat' dir='ltr'>faciat,</span> <span class='ocrx_word' id='word_1_759' title='bbox 1658 1146 1818 1190; x_wconf 84' lang='lat' dir='ltr'>quamvis</span> <span class='ocrx_word' id='word_1_760' title='bbox 1847 1145 1962 1190; x_wconf 87' lang='lat' dir='ltr'>plenis</span> <span class='ocrx_word' id='word_1_761' title='bbox 1994 1145 2163 1181; x_wconf 88' lang='lat' dir='ltr'>uberibus</span> <span class='ocrx_word' id='word_1_762' title='bbox 2188 1147 2369 1189; x_wconf 88' lang='lat' dir='ltr'>venierint,</span> 
     </span>
     <span class='ocr_line' id='line_1_104' title="bbox 1279 1190 2258 1236; baseline 0.002 -11"><span class='ocrx_word' id='word_1_763' title='bbox 1279 1190 1436 1225; x_wconf 89' lang='lat' dir='ltr'>dubitari</span> <span class='ocrx_word' id='word_1_764' title='bbox 1460 1201 1532 1226; x_wconf 92' lang='lat' dir='ltr'>non</span> <span class='ocrx_word' id='word_1_765' title='bbox 1555 1195 1691 1235; x_wconf 87' lang='lat' dir='ltr'>potest:</span> <span class='ocrx_word' id='word_1_766' title='bbox 1727 1191 1892 1236; x_wconf 89' lang='lat' dir='ltr'>idemque</span> <span class='ocrx_word' id='word_1_767' title='bbox 1914 1191 1951 1226; x_wconf 91' lang='lat' dir='ltr'>in</span> <span class='ocrx_word' id='word_1_768' title='bbox 1974 1190 2059 1225; x_wconf 88' lang='lat' dir='ltr'>lana</span> <span class='ocrx_word' id='word_1_769' title='bbox 2081 1191 2168 1227; x_wconf 90' lang='lat' dir='ltr'>iuris</span> <span class='ocrx_word' id='word_1_770' title='bbox 2193 1196 2258 1227; x_wconf 86' lang='lat' dir='ltr'>est.</span> 
     </span>
    </p>

    <p class='ocr_par' dir='ltr' id='par_1_18' title="bbox 1277 1233 2373 1688">
     <span class='ocr_line' id='line_1_105' title="bbox 1324 1233 2370 1280; baseline -0.001 -7"><span class='ocrx_word' id='word_1_771' title='bbox 1324 1233 1378 1273; x_wconf 84' lang='lat'>49</span> <span class='ocrx_word' id='word_1_772' title='bbox 1410 1235 1517 1270; x_wconf 73' lang='lat' dir='ltr'><em>IDEM</em></span> <span class='ocrx_word' id='word_1_773' title='bbox 1545 1236 1636 1272; x_wconf 81' lang='lat' dir='ltr'>libro</span> <span class='ocrx_word' id='word_1_774' title='bbox 1666 1247 1763 1271; x_wconf 77' lang='lat' dir='ltr'>nono</span> <span class='ocrx_word' id='word_1_775' title='bbox 1794 1237 1843 1271; x_wconf 76' lang='lat' dir='ltr'>ad</span> <span class='ocrx_word' id='word_1_776' title='bbox 1871 1235 2056 1271; x_wconf 77' lang='lat' dir='ltr'>Plautium</span> <span class='ocrx_word' id='word_1_777' title='bbox 2114 1236 2243 1280; x_wconf 77' lang='lat' dir='ltr'>Quod⁵</span> <span class='ocrx_word' id='word_1_778' title='bbox 2273 1237 2370 1272; x_wconf 87' lang='lat' dir='ltr'>fruc-</span> 
     </span>
     <span class='ocr_line' id='line_1_106' title="bbox 1277 1281 2370 1323; baseline 0.001 -7"><span class='ocrx_word' id='word_1_779' title='bbox 1277 1281 1416 1316; x_wconf 87' lang='lat' dir='ltr'>tuarius</span> <span class='ocrx_word' id='word_1_780' title='bbox 1452 1291 1496 1316; x_wconf 84' lang='lat' dir='ltr'>ex</span> <span class='ocrx_word' id='word_1_781' title='bbox 1519 1291 1559 1316; x_wconf 92' lang='lat' dir='ltr'>re</span> <span class='ocrx_word' id='word_1_782' title='bbox 1589 1292 1656 1316; x_wconf 88' lang='lat' dir='ltr'>sua</span> <span class='ocrx_word' id='word_1_783' title='bbox 1680 1281 1806 1323; x_wconf 86' lang='lat' dir='ltr'>donat,</span> <span class='ocrx_word' id='word_1_784' title='bbox 1842 1291 1886 1316; x_wconf 85' lang='lat' dir='ltr'>ex</span> <span class='ocrx_word' id='word_1_785' title='bbox 1910 1292 1950 1316; x_wconf 89' lang='lat' dir='ltr'>re</span> <span class='ocrx_word' id='word_1_786' title='bbox 1973 1282 2050 1317; x_wconf 89' lang='lat' dir='ltr'>eius</span> <span class='ocrx_word' id='word_1_787' title='bbox 2075 1286 2146 1317; x_wconf 89' lang='lat' dir='ltr'>est:</span> <span class='ocrx_word' id='word_1_788' title='bbox 2188 1282 2252 1318; x_wconf 87' lang='lat' dir='ltr'>sed</span> <span class='ocrx_word' id='word_1_789' title='bbox 2275 1283 2306 1317; x_wconf 89' lang='lat' dir='ltr'>si</span> <span class='ocrx_word' id='word_1_790' title='bbox 2331 1293 2370 1318; x_wconf 93' lang='lat' dir='ltr'>eo</span> 
     </span>
     <span class='ocr_line' id='line_1_107' title="bbox 1278 1326 2370 1378; baseline 0.002 -17"><span class='ocrx_word' id='word_1_791' title='bbox 1278 1326 1396 1361; x_wconf 91' lang='lat' dir='ltr'>animo</span> <span class='ocrx_word' id='word_1_792' title='bbox 1428 1326 1465 1360; x_wconf 93' lang='lat' dir='ltr'>id</span> <span class='ocrx_word' id='word_1_793' title='bbox 1497 1326 1639 1369; x_wconf 87' lang='lat' dir='ltr'>fecerit,</span> <span class='ocrx_word' id='word_1_794' title='bbox 1670 1330 1714 1367; x_wconf 76' lang='lat' dir='ltr'>ut</span> <span class='ocrx_word' id='word_1_795' title='bbox 1745 1326 1791 1361; x_wconf 92' lang='lat' dir='ltr'>ad</span> <span class='ocrx_word' id='word_1_796' title='bbox 1848 1327 2053 1378; x_wconf 84' lang='lat' dir='ltr'>roprietatis</span> <span class='ocrx_word' id='word_1_797' title='bbox 2088 1327 2268 1362; x_wconf 89' lang='lat' dir='ltr'>dominum</span> <span class='ocrx_word' id='word_1_798' title='bbox 2290 1338 2370 1373; x_wconf 88' lang='lat' dir='ltr'>per-</span> 
     </span>
     <span class='ocr_line' id='line_1_108' title="bbox 1277 1338 2371 1416; baseline 0.003 -11"><span class='ocrx_word' id='word_1_799' title='bbox 1277 1372 1401 1414; x_wconf 90' lang='lat' dir='ltr'>tineat,</span> <span class='ocrx_word' id='word_1_800' title='bbox 1427 1371 1615 1407; x_wconf 87' lang='lat' dir='ltr'>dicendum</span> <span class='ocrx_word' id='word_1_801' title='bbox 1640 1375 1696 1408; x_wconf 89' lang='lat' dir='ltr'>est</span> <span class='ocrx_word' id='word_1_802' title='bbox 1718 1371 1770 1406; x_wconf 91' lang='lat' dir='ltr'>illi</span> <span class='ocrx_word' id='word_1_803' title='bbox 1793 1338 1945 1416; x_wconf 42' lang='lat' dir='ltr'>adquiri.</span> <span class='ocrx_word' id='word_1_804' title='bbox 1982 1372 2014 1407; x_wconf 88' lang='lat' dir='ltr'>si</span> <span class='ocrx_word' id='word_1_805' title='bbox 2038 1376 2156 1407; x_wconf 90' lang='lat' dir='ltr'>autem</span> <span class='ocrx_word' id='word_1_806' title='bbox 2181 1377 2371 1408; x_wconf 84' lang='lat' dir='ltr'>extraneus</span> 
     </span>
     <span class='ocr_line' id='line_1_109' title="bbox 1278 1416 2370 1463; baseline 0.002 -12"><span class='ocrx_word' id='word_1_807' title='bbox 1278 1416 1311 1452; x_wconf 91' lang='lat' dir='ltr'>ei</span> <span class='ocrx_word' id='word_1_808' title='bbox 1351 1417 1459 1452; x_wconf 90' lang='lat' dir='ltr'>donet</span> <span class='ocrx_word' id='word_1_809' title='bbox 1498 1417 1721 1460; x_wconf 88' lang='lat' dir='ltr'>indistincte,</span> <span class='ocrx_word' id='word_1_810' title='bbox 1762 1417 1828 1452; x_wconf 90' lang='lat' dir='ltr'>soli</span> <span class='ocrx_word' id='word_1_811' title='bbox 1874 1418 2114 1462; x_wconf 85' lang='lat' dir='ltr'>proprietario</span> <span class='ocrx_word' id='word_1_812' title='bbox 2159 1418 2370 1463; x_wconf 85' lang='lat' dir='ltr'>adquiritur.</span> 
     </span>
     <span class='ocr_line' id='line_1_110' title="bbox 1279 1461 2371 1507; baseline 0.001 -10"><span class='ocrx_word' id='word_1_813' title='bbox 1279 1461 1404 1498; x_wconf 87' lang='lat' dir='ltr'>eadem</span> <span class='ocrx_word' id='word_1_814' title='bbox 1428 1462 1586 1498; x_wconf 88' lang='lat' dir='ltr'>dicemus</span> <span class='ocrx_word' id='word_1_815' title='bbox 1610 1462 1648 1497; x_wconf 94' lang='lat' dir='ltr'>in</span> <span class='ocrx_word' id='word_1_816' title='bbox 1671 1462 1814 1497; x_wconf 90' lang='lat' dir='ltr'>homine</span> <span class='ocrx_word' id='word_1_817' title='bbox 1836 1462 1962 1504; x_wconf 83' lang='lat' dir='ltr'>libero,</span> <span class='ocrx_word' id='word_1_818' title='bbox 1990 1463 2051 1507; x_wconf 91' lang='lat' dir='ltr'>qui</span> <span class='ocrx_word' id='word_1_819' title='bbox 2075 1463 2170 1498; x_wconf 88' lang='lat' dir='ltr'>bona</span> <span class='ocrx_word' id='word_1_820' title='bbox 2193 1463 2371 1498; x_wconf 81' lang='lat' dir='ltr'>fide&#39;mihi</span> 
     </span>
     <span class='ocr_line' id='line_1_111' title="bbox 1279 1507 2373 1552; baseline 0.001 -10"><span class='ocrx_word' id='word_1_821' title='bbox 1279 1508 1404 1550; x_wconf 86' lang='lat' dir='ltr'>servit,</span> <span class='ocrx_word' id='word_1_822' title='bbox 1440 1512 1498 1550; x_wconf 90' lang='lat' dir='ltr'>ut,</span> <span class='ocrx_word' id='word_1_823' title='bbox 1532 1508 1563 1543; x_wconf 91' lang='lat' dir='ltr'>si</span> <span class='ocrx_word' id='word_1_824' title='bbox 1593 1508 1626 1542; x_wconf 90' lang='lat' dir='ltr'>ei</span> <span class='ocrx_word' id='word_1_825' title='bbox 1655 1507 1790 1552; x_wconf 91' lang='lat' dir='ltr'>aliquid</span> <span class='ocrx_word' id='word_1_826' title='bbox 1819 1507 2041 1551; x_wconf 89' lang='lat' dir='ltr'>donaverim,</span> <span class='ocrx_word' id='word_1_827' title='bbox 2083 1519 2202 1543; x_wconf 89' lang='lat' dir='ltr'>meum</span> <span class='ocrx_word' id='word_1_828' title='bbox 2232 1509 2289 1545; x_wconf 90' lang='lat' dir='ltr'>sit.</span> <span class='ocrx_word' id='word_1_829' title='bbox 2337 1513 2373 1544; x_wconf 91' lang='lat' dir='ltr'>et</span> 
     </span>
     <span class='ocr_line' id='line_1_112' title="bbox 1279 1552 2371 1600; baseline 0.003 -13"><span class='ocrx_word' id='word_1_830' title='bbox 1279 1553 1358 1588; x_wconf 91' lang='lat' dir='ltr'>ideo</span> <span class='ocrx_word' id='word_1_831' title='bbox 1372 1553 1592 1598; x_wconf 88' lang='lat' dir='ltr'>Pomponius</span> <span class='ocrx_word' id='word_1_832' title='bbox 1619 1553 1753 1595; x_wconf 89' lang='lat' dir='ltr'>scribit,</span> <span class='ocrx_word' id='word_1_833' title='bbox 1780 1553 1939 1597; x_wconf 87' lang='lat' dir='ltr'>quamvis</span> <span class='ocrx_word' id='word_1_834' title='bbox 1963 1552 2167 1588; x_wconf 89' lang='lat' dir='ltr'>donaverim</span> <span class='ocrx_word' id='word_1_835' title='bbox 2191 1554 2224 1589; x_wconf 91' lang='lat' dir='ltr'>ei</span> <span class='ocrx_word' id='word_1_836' title='bbox 2243 1565 2371 1600; x_wconf 90' lang='lat' dir='ltr'>operas</span> 
     </span>
     <span class='ocr_line' id='line_1_113' title="bbox 1279 1598 2371 1678; baseline 0.002 -45"><span class='ocrx_word' id='word_1_837' title='bbox 1279 1608 1387 1678; x_wconf 59' lang='lat' dir='ltr'>suias,</span> <span class='ocrx_word' id='word_1_838' title='bbox 1411 1602 1535 1650; x_wconf 76' lang='lat' dir='ltr'>tamen</span> <span class='ocrx_word' id='word_1_839' title='bbox 1559 1598 1729 1643; x_wconf 91' lang='lat' dir='ltr'>quidquid</span> <span class='ocrx_word' id='word_1_840' title='bbox 1753 1608 1797 1633; x_wconf 87' lang='lat' dir='ltr'>ex</span> <span class='ocrx_word' id='word_1_841' title='bbox 1830 1598 1948 1643; x_wconf 90' lang='lat' dir='ltr'>operis</span> <span class='ocrx_word' id='word_1_842' title='bbox 1972 1598 2047 1634; x_wconf 90' lang='lat' dir='ltr'>suis</span> <span class='ocrx_word' id='word_1_843' title='bbox 2072 1599 2254 1644; x_wconf 86' lang='lat' dir='ltr'>adquiret,</span> <span class='ocrx_word' id='word_1_844' title='bbox 2287 1600 2371 1635; x_wconf 88' lang='lat' dir='ltr'>mihi</span> 
     </span>
     <span class='ocr_line' id='line_1_114' title="bbox 1281 1654 1431 1688; baseline 0 -10"><span class='ocrx_word' id='word_1_845' title='bbox 1281 1654 1302 1678; x_wconf 91' lang='lat' dir='ltr'>a</span> <span class='ocrx_word' id='word_1_846' title='bbox 1330 1654 1431 1688; x_wconf 84' lang='lat' dir='ltr'>qum.</span> 
     </span>
    </p>

    <p class='ocr_par' dir='ltr' id='par_1_19' title="bbox 1278 1687 2372 1997">
     <span class='ocr_line' id='line_1_115' title="bbox 1325 1687 2372 1734; baseline -0.001 -8"><span class='ocrx_word' id='word_1_847' title='bbox 1325 1687 1378 1726; x_wconf 87' lang='lat'>50</span> <span class='ocrx_word' id='word_1_848' title='bbox 1404 1688 1634 1724; x_wconf 74' lang='lat' dir='ltr'><em>POMPONIUS</em></span> <span class='ocrx_word' id='word_1_849' title='bbox 1662 1689 1754 1725; x_wconf 80' lang='lat' dir='ltr'>libro</span> <span class='ocrx_word' id='word_1_850' title='bbox 1784 1693 1889 1724; x_wconf 73' lang='lat' dir='ltr'>seoeto</span> <span class='ocrx_word' id='word_1_851' title='bbox 1923 1700 1973 1724; x_wconf 79' lang='lat' dir='ltr'>ex</span> <span class='ocrx_word' id='word_1_852' title='bbox 2004 1688 2151 1724; x_wconf 78' lang='lat' dir='ltr'>Plautio</span> <span class='ocrx_word' id='word_1_853' title='bbox 2205 1689 2372 1734; x_wconf 80' lang='lat' dir='ltr'>Quamvis</span> 
     </span>
     <span class='ocr_line' id='line_1_116' title="bbox 1280 1734 2372 1779; baseline 0 -9"><span class='ocrx_word' id='word_1_854' title='bbox 1280 1734 1374 1779; x_wconf 91' lang='lat' dir='ltr'>quod</span> <span class='ocrx_word' id='word_1_855' title='bbox 1408 1734 1445 1769; x_wconf 92' lang='lat' dir='ltr'>in</span> <span class='ocrx_word' id='word_1_856' title='bbox 1476 1734 1581 1769; x_wconf 91' lang='lat' dir='ltr'>litore</span> <span class='ocrx_word' id='word_1_857' title='bbox 1611 1734 1757 1778; x_wconf 88' lang='lat' dir='ltr'>publico</span> <span class='ocrx_word' id='word_1_858' title='bbox 1789 1735 1843 1769; x_wconf 92' lang='lat' dir='ltr'>vel</span> <span class='ocrx_word' id='word_1_859' title='bbox 1882 1734 1919 1768; x_wconf 92' lang='lat' dir='ltr'>in</span> <span class='ocrx_word' id='word_1_860' title='bbox 1960 1734 2051 1769; x_wconf 90' lang='lat' dir='ltr'>mari</span> <span class='ocrx_word' id='word_1_861' title='bbox 2083 1736 2372 1778; x_wconf 58' lang='lat' dir='ltr'>astruxerimus,</span> 
     </span>
     <span class='ocr_line' id='line_1_117' title="bbox 1278 1779 2371 1825; baseline 0.001 -11"><span class='ocrx_word' id='word_1_862' title='bbox 1278 1784 1442 1815; x_wconf 90' lang='lat' dir='ltr'>nostrum</span> <span class='ocrx_word' id='word_1_863' title='bbox 1466 1779 1546 1822; x_wconf 91' lang='lat' dir='ltr'>fiat,</span> <span class='ocrx_word' id='word_1_864' title='bbox 1579 1784 1700 1814; x_wconf 89' lang='lat' dir='ltr'>tamen</span> <span class='ocrx_word' id='word_1_865' title='bbox 1723 1779 1905 1814; x_wconf 91' lang='lat' dir='ltr'>decretum</span> <span class='ocrx_word' id='word_1_866' title='bbox 1929 1780 2106 1825; x_wconf 90' lang='lat' dir='ltr'>praetoris</span> <span class='ocrx_word' id='word_1_867' title='bbox 2131 1780 2371 1815; x_wconf 88' lang='lat' dir='ltr'>adhibendum</span> 
     </span>
     <span class='ocr_line' id='line_1_118' title="bbox 1280 1824 2372 1870; baseline 0.001 -10"><span class='ocrx_word' id='word_1_868' title='bbox 1280 1830 1342 1868; x_wconf 90' lang='lat' dir='ltr'>est,</span> <span class='ocrx_word' id='word_1_869' title='bbox 1368 1829 1410 1860; x_wconf 92' lang='lat' dir='ltr'>ut</span> <span class='ocrx_word' id='word_1_870' title='bbox 1432 1824 1469 1860; x_wconf 91' lang='lat' dir='ltr'>id</span> <span class='ocrx_word' id='word_1_871' title='bbox 1492 1824 1613 1860; x_wconf 84' lang='lat' dir='ltr'>facere</span> <span class='ocrx_word' id='word_1_872' title='bbox 1637 1825 1763 1860; x_wconf 86' lang='lat' dir='ltr'>liceat:</span> <span class='ocrx_word' id='word_1_873' title='bbox 1788 1825 1894 1860; x_wconf 92' lang='lat' dir='ltr'>immo</span> <span class='ocrx_word' id='word_1_874' title='bbox 1920 1825 2027 1860; x_wconf 90' lang='lat' dir='ltr'>etiam</span> <span class='ocrx_word' id='word_1_875' title='bbox 2051 1835 2160 1860; x_wconf 88' lang='lat' dir='ltr'>manu</span> <span class='ocrx_word' id='word_1_876' title='bbox 2179 1826 2372 1870; x_wconf 90' lang='lat' dir='ltr'>prohiben-</span> 
     </span>
     <span class='ocr_line' id='line_1_119' title="bbox 1280 1870 2371 1913; baseline -0.001 -7"><span class='ocrx_word' id='word_1_877' title='bbox 1280 1870 1346 1906; x_wconf 89' lang='lat' dir='ltr'>dus</span> <span class='ocrx_word' id='word_1_878' title='bbox 1371 1874 1436 1913; x_wconf 91' lang='lat' dir='ltr'>est‚</span> <span class='ocrx_word' id='word_1_879' title='bbox 1461 1870 1587 1906; x_wconf 89' lang='lat' dir='ltr'>sicum</span> <span class='ocrx_word' id='word_1_880' title='bbox 1610 1870 1835 1906; x_wconf 88' lang='lat' dir='ltr'>incommodo</span> <span class='ocrx_word' id='word_1_881' title='bbox 1849 1873 2049 1906; x_wconf 87' lang='lat' dir='ltr'>ceterorum</span> <span class='ocrx_word' id='word_1_882' title='bbox 2072 1870 2111 1905; x_wconf 92' lang='lat' dir='ltr'>id</span> <span class='ocrx_word' id='word_1_883' title='bbox 2134 1871 2262 1906; x_wconf 85' lang='lat' dir='ltr'>faciat:</span> <span class='ocrx_word' id='word_1_884' title='bbox 2290 1881 2371 1906; x_wconf 90' lang='lat' dir='ltr'>nam</span> 
     </span>
     <span class='ocr_line' id='line_1_120' title="bbox 1280 1915 2371 1951; baseline 0.001 -1"><span class='ocrx_word' id='word_1_885' title='bbox 1280 1915 1418 1951; x_wconf 88' lang='lat' dir='ltr'>civilem</span> <span class='ocrx_word' id='word_1_886' title='bbox 1453 1926 1535 1951; x_wconf 91' lang='lat' dir='ltr'>eum</span> <span class='ocrx_word' id='word_1_887' title='bbox 1569 1916 1747 1951; x_wconf 86' lang='lat' dir='ltr'>actionem</span> <span class='ocrx_word' id='word_1_888' title='bbox 1785 1915 1829 1951; x_wconf 92' lang='lat' dir='ltr'>de</span> <span class='ocrx_word' id='word_1_889' title='bbox 1865 1915 2031 1951; x_wconf 84' lang='lat' dir='ltr'>faciendo</span> <span class='ocrx_word' id='word_1_890' title='bbox 2067 1916 2203 1951; x_wconf 87' lang='lat' dir='ltr'>nullam</span> <span class='ocrx_word' id='word_1_891' title='bbox 2240 1916 2371 1951; x_wconf 87' lang='lat' dir='ltr'>habere</span> 
     </span>
     <span class='ocr_line' id='line_1_121' title="bbox 1279 1960 2307 1997; baseline -0.001 -1"><span class='ocrx_word' id='word_1_892' title='bbox 1279 1972 1353 1996; x_wconf 91' lang='lat' dir='ltr'>non</span> <span class='ocrx_word' id='word_1_893' title='bbox 1377 1960 1513 1997; x_wconf 88' lang='lat' dir='ltr'>dubito.</span> <span class='ocrx_word' id='word_1_894' title='bbox 2305 1974 2307 1976; x_wconf 90' lang='grc'><em>·</em></span> 
     </span>
    </p>

    <p class='ocr_par' dir='ltr' id='par_1_20' title="bbox 1279 2004 2370 2142">
     <span class='ocr_line' id='line_1_122' title="bbox 1325 2004 2369 2052; baseline -0.002 -9"><span class='ocrx_word' id='word_1_895' title='bbox 1325 2004 1375 2043; x_wconf 89' lang='grc'>51</span> <span class='ocrx_word' id='word_1_896' title='bbox 1407 2005 1553 2043; x_wconf 66' lang='lat' dir='ltr'>Casus</span> <span class='ocrx_word' id='word_1_897' title='bbox 1573 2005 1664 2042; x_wconf 83' lang='lat' dir='ltr'>libro</span> <span class='ocrx_word' id='word_1_898' title='bbox 1687 2005 1846 2041; x_wconf 79' lang='lat' dir='ltr'>secundo</span> <span class='ocrx_word' id='word_1_899' title='bbox 1870 2005 2092 2052; x_wconf 72' lang='lat' dir='ltr'>diqestorum</span> <span class='ocrx_word' id='word_1_900' title='bbox 2134 2006 2369 2051; x_wconf 82' lang='lat' dir='ltr'>Transfugam</span> 
     </span>
     <span class='ocr_line' id='line_1_123' title="bbox 1283 2051 2370 2098; baseline -0.001 -11"><span class='ocrx_word' id='word_1_901' title='bbox 1283 2055 1297 2086; x_wconf 92' lang='lat'>1</span> <span class='ocrx_word' id='word_1_902' title='bbox 1346 2052 1424 2087; x_wconf 87' lang='lat' dir='ltr'>iure</span> <span class='ocrx_word' id='word_1_903' title='bbox 1455 2051 1541 2087; x_wconf 91' lang='lat' dir='ltr'>belli</span> <span class='ocrx_word' id='word_1_904' title='bbox 1573 2051 1778 2096; x_wconf 85' lang='lat' dir='ltr'>recipimus.</span> <span class='ocrx_word' id='word_1_905' title='bbox 1825 2051 1876 2086; x_wconf 90' lang='lat' dir='ltr'>Et</span> <span class='ocrx_word' id='word_1_906' title='bbox 1900 2061 1992 2096; x_wconf 88' lang='lat' dir='ltr'>quae</span> <span class='ocrx_word' id='word_1_907' title='bbox 2020 2061 2079 2087; x_wconf 89' lang='lat' dir='ltr'>res</span> <span class='ocrx_word' id='word_1_908' title='bbox 2102 2051 2251 2087; x_wconf 88' lang='lat' dir='ltr'>hostiles</span> <span class='ocrx_word' id='word_1_909' title='bbox 2275 2052 2370 2098; x_wconf 84' lang='lat' dir='ltr'>apud</span> 
     </span>
     <span class='ocr_line' id='line_1_124' title="bbox 1279 2096 2256 2142; baseline 0 -10"><span class='ocrx_word' id='word_1_910' title='bbox 1279 2108 1345 2132; x_wconf 91' lang='lat' dir='ltr'>nos</span> <span class='ocrx_word' id='word_1_911' title='bbox 1371 2100 1465 2140; x_wconf 89' lang='lat' dir='ltr'>sunt,</span> <span class='ocrx_word' id='word_1_912' title='bbox 1490 2107 1562 2132; x_wconf 93' lang='lat' dir='ltr'>non</span> <span class='ocrx_word' id='word_1_913' title='bbox 1586 2096 1763 2141; x_wconf 88' lang='lat' dir='ltr'>publicae,</span> <span class='ocrx_word' id='word_1_914' title='bbox 1789 2096 1853 2132; x_wconf 88' lang='lat' dir='ltr'>sed</span> <span class='ocrx_word' id='word_1_915' title='bbox 1877 2097 2130 2142; x_wconf 89' lang='lat' dir='ltr'>occupantium</span> <span class='ocrx_word' id='word_1_916' title='bbox 2154 2097 2256 2132; x_wconf 90' lang='lat' dir='ltr'>fiunt.</span> 
     </span>
    </p>

    <p class='ocr_par' dir='ltr' id='par_1_21' title="bbox 1280 2140 2370 2314">
     <span class='ocr_line' id='line_1_125' title="bbox 1325 2140 2369 2189; baseline -0.003 -9"><span class='ocrx_word' id='word_1_917' title='bbox 1325 2140 1380 2180; x_wconf 82' lang='lat'>52</span> <span class='ocrx_word' id='word_1_918' title='bbox 1404 2142 1661 2178; x_wconf 70' lang='lat' dir='ltr'><em>MODESTJNUS</em></span> <span class='ocrx_word' id='word_1_919' title='bbox 1681 2142 1772 2177; x_wconf 78' lang='lat' dir='ltr'>libro</span> <span class='ocrx_word' id='word_1_920' title='bbox 1796 2143 1948 2187; x_wconf 75' lang='lat' dir='ltr'>septimo</span> <span class='ocrx_word' id='word_1_921' title='bbox 1971 2142 2183 2189; x_wconf 76' lang='lat' dir='ltr'>reqularum</span> <span class='ocrx_word' id='word_1_922' title='bbox 2225 2142 2315 2177; x_wconf 91' lang='lat' dir='ltr'>Rem</span> <span class='ocrx_word' id='word_1_923' title='bbox 2333 2143 2369 2177; x_wconf 87' lang='lat' dir='ltr'>in</span> 
     </span>
     <span class='ocr_line' id='line_1_126' title="bbox 1280 2187 2370 2232; baseline -0.002 -8"><span class='ocrx_word' id='word_1_924' title='bbox 1280 2188 1383 2224; x_wconf 91' lang='lat' dir='ltr'>bonis</span> <span class='ocrx_word' id='word_1_925' title='bbox 1423 2187 1557 2223; x_wconf 86' lang='lat' dir='ltr'>nostris</span> <span class='ocrx_word' id='word_1_926' title='bbox 1590 2187 1723 2222; x_wconf 88' lang='lat' dir='ltr'>habere</span> <span class='ocrx_word' id='word_1_927' title='bbox 1760 2187 2015 2231; x_wconf 87' lang='lat' dir='ltr'>intellegimur,</span> <span class='ocrx_word' id='word_1_928' title='bbox 2078 2188 2218 2224; x_wconf 88' lang='lat' dir='ltr'>uotiens</span> <span class='ocrx_word' id='word_1_929' title='bbox 2255 2187 2370 2232; x_wconf 88' lang='lat' dir='ltr'>possi-</span> 
     </span>
     <span class='ocr_line' id='line_1_127' title="bbox 1280 2198 2369 2278; baseline -0.001 -10"><span class='ocrx_word' id='word_1_930' title='bbox 1280 2233 1403 2269; x_wconf 91' lang='lat' dir='ltr'>dentes</span> <span class='ocrx_word' id='word_1_931' title='bbox 1428 2232 1675 2278; x_wconf 83' lang='lat' dir='ltr'>exceptionem</span> <span class='ocrx_word' id='word_1_932' title='bbox 1705 2236 1770 2267; x_wconf 90' lang='lat' dir='ltr'>aut</span> <span class='ocrx_word' id='word_1_933' title='bbox 1801 2233 2003 2268; x_wconf 87' lang='lat' dir='ltr'>amittentes</span> <span class='ocrx_word' id='word_1_934' title='bbox 2035 2198 2081 2267; x_wconf 50' lang='lat' dir='ltr'>at}</span> <span class='ocrx_word' id='word_1_935' title='bbox 2103 2233 2369 2278; x_wconf 87' lang='lat' dir='ltr'>reciperandam</span> 
     </span>
     <span class='ocr_line' id='line_1_128' title="bbox 1282 2278 1773 2314; baseline -0.002 0"><span class='ocrx_word' id='word_1_936' title='bbox 1282 2289 1359 2314; x_wconf 90' lang='lat' dir='ltr'>eam</span> <span class='ocrx_word' id='word_1_937' title='bbox 1383 2278 1563 2314; x_wconf 89' lang='lat' dir='ltr'>actionem</span> <span class='ocrx_word' id='word_1_938' title='bbox 1586 2278 1773 2313; x_wconf 89' lang='lat' dir='ltr'>habemus.</span> 
     </span>
    </p>

    <p class='ocr_par' dir='ltr' id='par_1_22' title="bbox 1279 2321 2368 2551">
     <span class='ocr_line' id='line_1_129' title="bbox 1327 2321 2368 2369; baseline -0.005 -8"><span class='ocrx_word' id='word_1_939' title='bbox 1327 2321 1379 2362; x_wconf 88' lang='lat'>53</span> <span class='ocrx_word' id='word_1_940' title='bbox 1406 2323 1533 2359; x_wconf 66' lang='lat' dir='ltr'>Imm</span> <span class='ocrx_word' id='word_1_941' title='bbox 1554 2323 1645 2359; x_wconf 80' lang='lat' dir='ltr'>libro</span> <span class='ocrx_word' id='word_1_942' title='bbox 1659 2328 1790 2369; x_wconf 79' lang='lat' dir='ltr'>quarto</span> <span class='ocrx_word' id='word_1_943' title='bbox 1804 2323 1940 2358; x_wconf 77' lang='lat' dir='ltr'>decimo</span> <span class='ocrx_word' id='word_1_944' title='bbox 1954 2323 2005 2358; x_wconf 85' lang='lat' dir='ltr'>ad</span> <span class='ocrx_word' id='word_1_945' title='bbox 2022 2322 2192 2366; x_wconf 79' lang='lat' dir='ltr'>Quintum</span> <span class='ocrx_word' id='word_1_946' title='bbox 2209 2322 2368 2359; x_wconf 78' lang='lat' dir='ltr'>Mucium</span> 
     </span>
     <span class='ocr_line' id='line_1_130' title="bbox 1280 2368 2368 2415; baseline -0.001 -11"><span class='ocrx_word' id='word_1_947' title='bbox 1280 2369 1336 2404; x_wconf 90' lang='lat' dir='ltr'>Ea</span> <span class='ocrx_word' id='word_1_948' title='bbox 1361 2379 1452 2415; x_wconf 91' lang='lat' dir='ltr'>quae</span> <span class='ocrx_word' id='word_1_949' title='bbox 1477 2369 1625 2404; x_wconf 90' lang='lat' dir='ltr'>civiliter</span> <span class='ocrx_word' id='word_1_950' title='bbox 1649 2368 1695 2403; x_wconf 87' lang='lat' dir='ltr'>ad</span> <span class='ocrx_word' id='word_1_951' title='bbox 1721 2369 1888 2403; x_wconf 91' lang='lat' dir='ltr'>uiruntur</span> <span class='ocrx_word' id='word_1_952' title='bbox 1910 2379 1976 2413; x_wconf 90' lang='lat' dir='ltr'>per</span> <span class='ocrx_word' id='word_1_953' title='bbox 1998 2378 2078 2411; x_wconf 88' lang='lat' dir='ltr'>eos,</span> <span class='ocrx_word' id='word_1_954' title='bbox 2104 2368 2165 2413; x_wconf 89' lang='lat' dir='ltr'>qui</span> <span class='ocrx_word' id='word_1_955' title='bbox 2188 2368 2225 2402; x_wconf 90' lang='lat' dir='ltr'>in</span> <span class='ocrx_word' id='word_1_956' title='bbox 2247 2372 2368 2413; x_wconf 89' lang='lat' dir='ltr'>potes-</span> 
     </span>
     <span class='ocr_line' id='line_1_131' title="bbox 1279 2413 2366 2458; baseline -0.003 -8"><span class='ocrx_word' id='word_1_957' title='bbox 1279 2419 1354 2450; x_wconf 88' lang='lat' dir='ltr'>tate</span> <span class='ocrx_word' id='word_1_958' title='bbox 1386 2418 1511 2450; x_wconf 89' lang='lat' dir='ltr'>nostra</span> <span class='ocrx_word' id='word_1_959' title='bbox 1542 2417 1645 2456; x_wconf 90' lang='lat' dir='ltr'>sunt,</span> <span class='ocrx_word' id='word_1_960' title='bbox 1681 2424 1703 2448; x_wconf 91' lang='lat' dir='ltr'>a</span> <span class='ocrx_word' id='word_1_961' title='bbox 1730 2413 1920 2458; x_wconf 88' lang='lat' dir='ltr'>quirimus,</span> <span class='ocrx_word' id='word_1_962' title='bbox 1952 2414 2061 2449; x_wconf 87' lang='lat' dir='ltr'>veluti</span> <span class='ocrx_word' id='word_1_963' title='bbox 2086 2413 2366 2458; x_wconf 90' lang='lat' dir='ltr'>stipulationem:</span> 
     </span>
     <span class='ocr_line' id='line_1_132' title="bbox 1280 2459 2367 2505; baseline -0.003 -9"><span class='ocrx_word' id='word_1_964' title='bbox 1280 2459 1377 2505; x_wconf 87' lang='lat' dir='ltr'>quod</span> <span class='ocrx_word' id='word_1_965' title='bbox 1400 2459 1613 2495; x_wconf 87' lang='lat' dir='ltr'>naturaliter</span> <span class='ocrx_word' id='word_1_966' title='bbox 1637 2459 1856 2503; x_wconf 88' lang='lat' dir='ltr'>adquiritur,</span> <span class='ocrx_word' id='word_1_967' title='bbox 1881 2459 1989 2495; x_wconf 86' lang='lat' dir='ltr'>sicuti</span> <span class='ocrx_word' id='word_1_968' title='bbox 2012 2463 2068 2494; x_wconf 90' lang='lat' dir='ltr'>est</span> <span class='ocrx_word' id='word_1_969' title='bbox 2116 2459 2280 2501; x_wconf 90' lang='lat' dir='ltr'>ossessio‚</span> <span class='ocrx_word' id='word_1_970' title='bbox 2304 2469 2367 2503; x_wconf 87' lang='lat' dir='ltr'>per</span> 
     </span>
     <span class='ocr_line' id='line_1_133' title="bbox 1281 2503 2288 2551; baseline -0.002 -11"><span class='ocrx_word' id='word_1_971' title='bbox 1281 2505 1474 2551; x_wconf 90' lang='lat' dir='ltr'>quemlibet</span> <span class='ocrx_word' id='word_1_972' title='bbox 1496 2504 1697 2540; x_wconf 90' lang='lat' dir='ltr'>volentibus</span> <span class='ocrx_word' id='word_1_973' title='bbox 1722 2505 1825 2539; x_wconf 77' lang='lat' dir='ltr'>noble</span> <span class='ocrx_word' id='word_1_974' title='bbox 1849 2504 2034 2550; x_wconf 89' lang='lat' dir='ltr'>possidere</span> <span class='ocrx_word' id='word_1_975' title='bbox 2057 2514 2080 2538; x_wconf 87' lang='lat' dir='ltr'>a</span> <span class='ocrx_word' id='word_1_976' title='bbox 2128 2503 2288 2539; x_wconf 88' lang='lat' dir='ltr'>uirimus.</span> 
     </span>
    </p>

    <p class='ocr_par' dir='ltr' id='par_1_23' title="bbox 1277 2548 2367 3588">
     <span class='ocr_line' id='line_1_134' title="bbox 1326 2548 2365 2596; baseline -0.006 -8"><span class='ocrx_word' id='word_1_977' title='bbox 1326 2549 1381 2588; x_wconf 86' lang='lat'>54</span> <span class='ocrx_word' id='word_1_978' title='bbox 1405 2550 1512 2586; x_wconf 77' lang='lat' dir='ltr'><em>IDEM</em></span> <span class='ocrx_word' id='word_1_979' title='bbox 1531 2550 1622 2586; x_wconf 79' lang='lat' dir='ltr'>libro</span> <span class='ocrx_word' id='word_1_980' title='bbox 1648 2551 1855 2596; x_wconf 78' lang='lat' dir='ltr'>triqensz&#39;mo</span> <span class='ocrx_word' id='word_1_981' title='bbox 1873 2550 1997 2596; x_wconf 77' lang='lat' dir='ltr'>primo</span> <span class='ocrx_word' id='word_1_982' title='bbox 2024 2549 2073 2583; x_wconf 89' lang='lat' dir='ltr'>ad</span> <span class='ocrx_word' id='word_1_983' title='bbox 2153 2550 2265 2583; x_wconf 71' lang='lat' dir='ltr'>intum</span> <span class='ocrx_word' id='word_1_984' title='bbox 2289 2548 2365 2583; x_wconf 82' lang='lat' dir='ltr'>Mu-</span> 
     </span>
     <span class='ocr_line' id='line_1_135' title="bbox 1280 2593 2367 2638; baseline -0.004 -6"><span class='ocrx_word' id='word_1_985' title='bbox 1280 2597 1373 2632; x_wconf 80' lang='lat' dir='ltr'>cium</span> <span class='ocrx_word' id='word_1_986' title='bbox 1420 2595 1536 2631; x_wconf 92' lang='lat' dir='ltr'>Homo</span> <span class='ocrx_word' id='word_1_987' title='bbox 1565 2595 1657 2631; x_wconf 90' lang='lat' dir='ltr'>liber</span> <span class='ocrx_word' id='word_1_988' title='bbox 1685 2595 1919 2630; x_wconf 88' lang='lat' dir='ltr'>hereditatem</span> <span class='ocrx_word' id='word_1_989' title='bbox 1947 2594 2050 2629; x_wconf 92' lang='lat' dir='ltr'>nobis</span> <span class='ocrx_word' id='word_1_990' title='bbox 2080 2593 2267 2638; x_wconf 89' lang='lat' dir='ltr'>adquirere</span> <span class='ocrx_word' id='word_1_991' title='bbox 2297 2604 2367 2629; x_wconf 91' lang='lat' dir='ltr'>non</span> 
     </span>
     <span class='ocr_line' id='line_1_136' title="bbox 1279 2639 2366 2686; baseline -0.004 -9"><span class='ocrx_word' id='word_1_992' title='bbox 1279 2645 1409 2686; x_wconf 89' lang='lat' dir='ltr'>potest,</span> <span class='ocrx_word' id='word_1_993' title='bbox 1433 2640 1495 2685; x_wconf 87' lang='lat' dir='ltr'>qui</span> <span class='ocrx_word' id='word_1_994' title='bbox 1510 2641 1606 2676; x_wconf 87' lang='lat' dir='ltr'>bona</span> <span class='ocrx_word' id='word_1_995' title='bbox 1623 2640 1694 2675; x_wconf 89' lang='lat' dir='ltr'>fide</span> <span class='ocrx_word' id='word_1_996' title='bbox 1718 2641 1821 2675; x_wconf 89' lang='lat' dir='ltr'>nobis</span> <span class='ocrx_word' id='word_1_997' title='bbox 1839 2639 1963 2675; x_wconf 86' lang='lat' dir='ltr'>servit:</span> <span class='ocrx_word' id='word_1_998' title='bbox 1991 2639 2185 2683; x_wconf 87' lang='lat' dir='ltr'>⁷adquiret,</span> <span class='ocrx_word' id='word_1_999' title='bbox 2202 2639 2235 2675; x_wconf 88' lang='lat' dir='ltr'>si</span> <span class='ocrx_word' id='word_1_1000' title='bbox 2249 2643 2366 2674; x_wconf 89' lang='lat' dir='ltr'>tamen</span> 
     </span>
     <span class='ocr_line' id='line_1_137' title="bbox 1279 2684 2367 2731; baseline -0.004 -9"><span class='ocrx_word' id='word_1_1001' title='bbox 1279 2691 1407 2731; x_wconf 88' lang='lat' dir='ltr'>sponte</span> <span class='ocrx_word' id='word_1_1002' title='bbox 1430 2696 1497 2722; x_wconf 91' lang='lat' dir='ltr'>sua</span> <span class='ocrx_word' id='word_1_1003' title='bbox 1520 2686 1637 2722; x_wconf 87' lang='lat' dir='ltr'>sciens</span> <span class='ocrx_word' id='word_1_1004' title='bbox 1663 2686 1908 2721; x_wconf 89' lang='lat' dir='ltr'>condicionem</span> <span class='ocrx_word' id='word_1_1005' title='bbox 1932 2695 2033 2720; x_wconf 88' lang='lat' dir='ltr'>suam</span> <span class='ocrx_word' id='word_1_1006' title='bbox 2057 2684 2200 2720; x_wconf 88' lang='lat' dir='ltr'>adierit:</span> <span class='ocrx_word' id='word_1_1007' title='bbox 2233 2694 2315 2719; x_wconf 91' lang='lat' dir='ltr'>nam</span> <span class='ocrx_word' id='word_1_1008' title='bbox 2338 2684 2367 2719; x_wconf 85' lang='lat' dir='ltr'>si</span> 
     </span>
     <span class='ocr_line' id='line_1_138' title="bbox 1279 2729 2366 2775; baseline -0.003 -8"><span class='ocrx_word' id='word_1_1009' title='bbox 1279 2732 1381 2768; x_wconf 91' lang='lat' dir='ltr'>iussu</span> <span class='ocrx_word' id='word_1_1010' title='bbox 1409 2735 1533 2767; x_wconf 87' lang='lat' dir='ltr'>nostro</span> <span class='ocrx_word' id='word_1_1011' title='bbox 1567 2731 1714 2773; x_wconf 90' lang='lat' dir='ltr'>adierit,</span> <span class='ocrx_word' id='word_1_1012' title='bbox 1755 2740 1870 2775; x_wconf 90' lang='lat' dir='ltr'>neque</span> <span class='ocrx_word' id='word_1_1013' title='bbox 1908 2730 1978 2765; x_wconf 88' lang='lat' dir='ltr'>sibi</span> <span class='ocrx_word' id='word_1_1014' title='bbox 2014 2740 2059 2764; x_wconf 89' lang='lat' dir='ltr'>ne</span> <span class='ocrx_word' id='word_1_1015' title='bbox 2085 2740 2130 2765; x_wconf 91' lang='lat' dir='ltr'>ue</span> <span class='ocrx_word' id='word_1_1016' title='bbox 2168 2729 2271 2765; x_wconf 87' lang='lat' dir='ltr'>nobis</span> <span class='ocrx_word' id='word_1_1017' title='bbox 2305 2729 2366 2764; x_wconf 87' lang='lat' dir='ltr'>ad-</span> 
     </span>
     <span class='ocr_line' id='line_1_139' title="bbox 1280 2774 2366 2822; baseline -0.003 -10"><span class='ocrx_word' id='word_1_1018' title='bbox 1280 2778 1413 2822; x_wconf 87' lang='lat' dir='ltr'>quiret,</span> <span class='ocrx_word' id='word_1_1019' title='bbox 1459 2777 1490 2813; x_wconf 89' lang='lat' dir='ltr'>si</span> <span class='ocrx_word' id='word_1_1020' title='bbox 1528 2787 1601 2812; x_wconf 91' lang='lat' dir='ltr'>non</span> <span class='ocrx_word' id='word_1_1021' title='bbox 1635 2776 1803 2812; x_wconf 88' lang='lat' dir='ltr'>habuerit</span> <span class='ocrx_word' id='word_1_1022' title='bbox 1837 2775 1995 2810; x_wconf 89' lang='lat' dir='ltr'>animum</span> <span class='ocrx_word' id='word_1_1023' title='bbox 2039 2774 2108 2810; x_wconf 88' lang='lat' dir='ltr'>sii</span> <span class='ocrx_word' id='word_1_1024' title='bbox 2144 2774 2366 2819; x_wconf 85' lang='lat' dir='ltr'>adquirendi:</span> 
     </span>
     <span class='ocr_line' id='line_1_140' title="bbox 1284 2820 2365 2867; baseline -0.004 -10"><span class='ocrx_word' id='word_1_1025' title='bbox 1284 2826 1297 2857; x_wconf 88' lang='lat'>1</span> <span class='ocrx_word' id='word_1_1026' title='bbox 1349 2822 1444 2867; x_wconf 91' lang='lat' dir='ltr'>quod</span> <span class='ocrx_word' id='word_1_1027' title='bbox 1467 2822 1498 2857; x_wconf 89' lang='lat' dir='ltr'>si</span> <span class='ocrx_word' id='word_1_1028' title='bbox 1522 2832 1600 2858; x_wconf 88' lang='lat' dir='ltr'>eam</span> <span class='ocrx_word' id='word_1_1029' title='bbox 1624 2825 1778 2857; x_wconf 91' lang='lat' dir='ltr'>mentem</span> <span class='ocrx_word' id='word_1_1030' title='bbox 1801 2820 1945 2863; x_wconf 88' lang='lat' dir='ltr'>habuit,</span> <span class='ocrx_word' id='word_1_1031' title='bbox 1971 2820 2039 2855; x_wconf 92' lang='lat' dir='ltr'>sibi</span> <span class='ocrx_word' id='word_1_1032' title='bbox 2062 2820 2230 2864; x_wconf 89' lang='lat' dir='ltr'>adquirit.</span> <span class='ocrx_word' id='word_1_1033' title='bbox 2277 2820 2365 2854; x_wconf 87' lang='lat' dir='ltr'>Item</span> 
     </span>
     <span class='ocr_line' id='line_1_141' title="bbox 1279 2864 2365 2913; baseline -0.005 -10"><span class='ocrx_word' id='word_1_1034' title='bbox 1279 2868 1517 2913; x_wconf 89' lang='lat' dir='ltr'>promittendo</span> <span class='ocrx_word' id='word_1_1035' title='bbox 1549 2867 1653 2902; x_wconf 90' lang='lat' dir='ltr'>nobis</span> <span class='ocrx_word' id='word_1_1036' title='bbox 1683 2866 1774 2901; x_wconf 92' lang='lat' dir='ltr'>liber</span> <span class='ocrx_word' id='word_1_1037' title='bbox 1802 2866 1927 2907; x_wconf 90' lang='lat' dir='ltr'>homo,</span> <span class='ocrx_word' id='word_1_1038' title='bbox 1962 2865 2024 2910; x_wconf 88' lang='lat' dir='ltr'>qui</span> <span class='ocrx_word' id='word_1_1039' title='bbox 2048 2865 2142 2900; x_wconf 86' lang='lat' dir='ltr'>bona</span> <span class='ocrx_word' id='word_1_1040' title='bbox 2170 2865 2241 2899; x_wconf 90' lang='lat' dir='ltr'>fide</span> <span class='ocrx_word' id='word_1_1041' title='bbox 2263 2864 2365 2899; x_wconf 89' lang='lat' dir='ltr'>nobis</span> 
     </span>
     <span class='ocr_line' id='line_1_142' title="bbox 1278 2909 2363 2955; baseline -0.005 -7"><span class='ocrx_word' id='word_1_1042' title='bbox 1278 2913 1406 2955; x_wconf 90' lang='lat' dir='ltr'>servit,</span> <span class='ocrx_word' id='word_1_1043' title='bbox 1436 2916 1477 2947; x_wconf 92' lang='lat' dir='ltr'>ut</span> <span class='ocrx_word' id='word_1_1044' title='bbox 1502 2913 1559 2948; x_wconf 82' lang='lat' dir='ltr'>et⁸</span> <span class='ocrx_word' id='word_1_1045' title='bbox 1583 2912 1730 2947; x_wconf 88' lang='lat' dir='ltr'>emendo</span> <span class='ocrx_word' id='word_1_1046' title='bbox 1754 2911 1810 2946; x_wconf 84' lang='lat' dir='ltr'>-vel</span> <span class='ocrx_word' id='word_1_1047' title='bbox 1832 2910 2035 2953; x_wconf 90' lang='lat' dir='ltr'>vendendo,</span> <span class='ocrx_word' id='word_1_1048' title='bbox 2059 2910 2114 2945; x_wconf 89' lang='lat' dir='ltr'>vel</span> <span class='ocrx_word' id='word_1_1049' title='bbox 2137 2909 2287 2945; x_wconf 90' lang='lat' dir='ltr'>locando</span> <span class='ocrx_word' id='word_1_1050' title='bbox 2311 2909 2363 2943; x_wconf 90' lang='lat' dir='ltr'>vel</span> 
     </span>
     <span class='ocr_line' id='line_1_143' title="bbox 1279 2953 2364 3008; baseline -0.006 -15"><span class='ocrx_word' id='word_1_1051' title='bbox 1279 2961 1299 2993; x_wconf 84' lang='lat'>2</span> <span class='ocrx_word' id='word_1_1052' title='bbox 1356 2957 1609 3000; x_wconf 90' lang='lat' dir='ltr'>conducendo,</span> <span class='ocrx_word' id='word_1_1053' title='bbox 1653 2956 1803 3008; x_wconf 81' lang='lat' dir='ltr'>obligari</span> <span class='ocrx_word' id='word_1_1054' title='bbox 1839 2956 1920 3000; x_wconf 89' lang='lat' dir='ltr'>ipso</span> <span class='ocrx_word' id='word_1_1055' title='bbox 1958 2955 2036 2990; x_wconf 91' lang='lat' dir='ltr'>iure</span> <span class='ocrx_word' id='word_1_1056' title='bbox 2073 2954 2216 3000; x_wconf 87' lang='lat' dir='ltr'>poterit.</span> <span class='ocrx_word' id='word_1_1057' title='bbox 2272 2953 2364 2988; x_wconf 77' lang='lat' dir='ltr'>Sed⁹</span> 
     </span>
     <span class='ocr_line' id='line_1_144' title="bbox 1280 3001 2362 3042; baseline -0.006 -3"><span class='ocrx_word' id='word_1_1058' title='bbox 1280 3003 1448 3038; x_wconf 88' lang='lat' dir='ltr'>damnum</span> <span class='ocrx_word' id='word_1_1059' title='bbox 1477 3003 1596 3038; x_wconf 88' lang='lat' dir='ltr'>dando</span> <span class='ocrx_word' id='word_1_1060' title='bbox 1629 3002 1749 3037; x_wconf 71' lang='lat' dir='ltr'>damni</span> <span class='ocrx_word' id='word_1_1061' title='bbox 1776 3001 1927 3036; x_wconf 90' lang='lat' dir='ltr'>iniuriae</span> <span class='ocrx_word' id='word_1_1062' title='bbox 1955 3001 2151 3042; x_wconf 87' lang='lat' dir='ltr'>tenebitur,</span> <span class='ocrx_word' id='word_1_1063' title='bbox 2182 3003 2223 3034; x_wconf 92' lang='lat' dir='ltr'>ut</span> <span class='ocrx_word' id='word_1_1064' title='bbox 2246 3003 2362 3033; x_wconf 88' lang='lat' dir='ltr'>tamen</span> 
     </span>
     <span class='ocr_line' id='line_1_145' title="bbox 1279 3044 2361 3094; baseline -0.006 -10"><span class='ocrx_word' id='word_1_1065' title='bbox 1279 3049 1422 3094; x_wconf 89' lang='lat' dir='ltr'>culpam</span> <span class='ocrx_word' id='word_1_1066' title='bbox 1445 3049 1482 3083; x_wconf 90' lang='lat' dir='ltr'>in</span> <span class='ocrx_word' id='word_1_1067' title='bbox 1507 3048 1636 3084; x_wconf 86' lang='lat' dir='ltr'>damno</span> <span class='ocrx_word' id='word_1_1068' title='bbox 1662 3046 1778 3082; x_wconf 88' lang='lat' dir='ltr'>dando</span> <span class='ocrx_word' id='word_1_1069' title='bbox 1803 3046 1942 3091; x_wconf 84' lang='lat' dir='ltr'>exigere</span> <span class='ocrx_word' id='word_1_1070' title='bbox 1955 3046 2147 3081; x_wconf 84' lang='lat' dir='ltr'>debeamus</span> <span class='ocrx_word' id='word_1_1071' title='bbox 2169 3044 2361 3093; x_wconf 79' lang='lat' dir='ltr'>graviorem</span> 
     </span>
     <span class='ocr_line' id='line_1_146' title="bbox 1280 3090 2361 3137; baseline -0.007 -8"><span class='ocrx_word' id='word_1_1072' title='bbox 1280 3097 1299 3129; x_wconf 92' lang='lat'><strong>3</strong></span> <span class='ocrx_word' id='word_1_1073' title='bbox 1347 3104 1414 3129; x_wconf 89' lang='lat' dir='ltr'>nec</span> <span class='ocrx_word' id='word_1_1074' title='bbox 1444 3098 1564 3129; x_wconf 87' lang='lat' dir='ltr'>tamen</span> <span class='ocrx_word' id='word_1_1075' title='bbox 1575 3095 1602 3114; x_wconf 85' lang='lat'>¹⁰</span> <span class='ocrx_word' id='word_1_1076' title='bbox 1631 3093 1742 3127; x_wconf 91' lang='lat' dir='ltr'>levem</span> <span class='ocrx_word' id='word_1_1077' title='bbox 1772 3101 1878 3137; x_wconf 85' lang='lat' dir='ltr'>quam</span> <span class='ocrx_word' id='word_1_1078' title='bbox 1910 3092 1956 3126; x_wconf 91' lang='lat' dir='ltr'>ab</span> <span class='ocrx_word' id='word_1_1079' title='bbox 1987 3094 2167 3125; x_wconf 85' lang='lat' dir='ltr'>extraneo.</span> <span class='ocrx_word' id='word_1_1080' title='bbox 2214 3090 2298 3122; x_wconf 84' lang='lat' dir='ltr'>At¹¹</span> <span class='ocrx_word' id='word_1_1081' title='bbox 2332 3098 2361 3122; x_wconf 78' lang='lat' dir='ltr'>sl</span> 
     </span>
     <span class='ocr_line' id='line_1_147' title="bbox 1278 3132 2360 3183; baseline -0.008 -8"><span class='ocrx_word' id='word_1_1082' title='bbox 1278 3139 1380 3175; x_wconf 89' lang='lat' dir='ltr'>iussu</span> <span class='ocrx_word' id='word_1_1083' title='bbox 1402 3142 1526 3174; x_wconf 90' lang='lat' dir='ltr'>nostro</span> <span class='ocrx_word' id='word_1_1084' title='bbox 1551 3137 1635 3183; x_wconf 90' lang='lat' dir='ltr'>quid</span> <span class='ocrx_word' id='word_1_1085' title='bbox 1658 3138 1695 3172; x_wconf 91' lang='lat' dir='ltr'>in</span> <span class='ocrx_word' id='word_1_1086' title='bbox 1717 3146 1757 3171; x_wconf 89' lang='lat' dir='ltr'>re</span> <span class='ocrx_word' id='word_1_1087' title='bbox 1779 3140 1906 3172; x_wconf 88' lang='lat' dir='ltr'>nostra</span> <span class='ocrx_word' id='word_1_1088' title='bbox 1928 3139 2054 3180; x_wconf 86' lang='lat' dir='ltr'>gerant</span> <span class='ocrx_word' id='word_1_1089' title='bbox 2076 3135 2131 3169; x_wconf 88' lang='lat' dir='ltr'>vel</span> <span class='ocrx_word' id='word_1_1090' title='bbox 2154 3132 2360 3183; x_wconf 76' lang='lat' dir='ltr'>absentibus</span> 
     </span>
     <span class='ocr_line' id='line_1_148' title="bbox 1279 3177 2360 3230; baseline -0.009 -10"><span class='ocrx_word' id='word_1_1091' title='bbox 1279 3184 1383 3220; x_wconf 88' lang='lat' dir='ltr'>nobis</span> <span class='ocrx_word' id='word_1_1092' title='bbox 1413 3184 1516 3229; x_wconf 89' lang='lat' dir='ltr'>quasi</span> <span class='ocrx_word' id='word_1_1093' title='bbox 1547 3185 1801 3228; x_wconf 89' lang='lat' dir='ltr'>procuratores</span> <span class='ocrx_word' id='word_1_1094' title='bbox 1831 3181 1965 3226; x_wconf 89' lang='lat' dir='ltr'>aliquid</span> <span class='ocrx_word' id='word_1_1095' title='bbox 1995 3182 2120 3224; x_wconf 89' lang='lat' dir='ltr'>agant,</span> <span class='ocrx_word' id='word_1_1096' title='bbox 2154 3177 2272 3230; x_wconf 81' lang='lat' dir='ltr'>danda</span> <span class='ocrx_word' id='word_1_1097' title='bbox 2295 3180 2360 3211; x_wconf 83' lang='lat' dir='ltr'>er1t</span> 
     </span>
     <span class='ocr_line' id='line_1_149' title="bbox 1281 3222 2359 3275; baseline -0.008 -11"><span class='ocrx_word' id='word_1_1098' title='bbox 1281 3233 1326 3264; x_wconf 84' lang='lat' dir='ltr'>3a</span> <span class='ocrx_word' id='word_1_1099' title='bbox 1370 3229 1408 3264; x_wconf 92' lang='lat' dir='ltr'>in</span> <span class='ocrx_word' id='word_1_1100' title='bbox 1431 3238 1492 3264; x_wconf 90' lang='lat' dir='ltr'>eos</span> <span class='ocrx_word' id='word_1_1101' title='bbox 1517 3228 1623 3263; x_wconf 87' lang='lat' dir='ltr'>actio.</span> <span class='ocrx_word' id='word_1_1102' title='bbox 1670 3226 1754 3262; x_wconf 87' lang='lat' dir='ltr'>Non</span> <span class='ocrx_word' id='word_1_1103' title='bbox 1785 3226 1900 3262; x_wconf 89' lang='lat' dir='ltr'>solum</span> <span class='ocrx_word' id='word_1_1104' title='bbox 1923 3226 1954 3261; x_wconf 88' lang='lat' dir='ltr'>si</span> <span class='ocrx_word' id='word_1_1105' title='bbox 1978 3235 2038 3259; x_wconf 88' lang='lat' dir='ltr'>eos</span> <span class='ocrx_word' id='word_1_1106' title='bbox 2063 3232 2266 3275; x_wconf 69' lang='lat' dir='ltr'>emerimus‚</span> <span class='ocrx_word' id='word_1_1107' title='bbox 2298 3222 2359 3273; x_wconf 79' lang='lat' dir='ltr'>sed</span> 
     </span>
     <span class='ocr_line' id='line_1_150' title="bbox 1280 3268 2359 3309; baseline -0.009 0"><span class='ocrx_word' id='word_1_1108' title='bbox 1280 3274 1386 3309; x_wconf 88' lang='lat' dir='ltr'>etiam</span> <span class='ocrx_word' id='word_1_1109' title='bbox 1418 3273 1449 3309; x_wconf 90' lang='lat' dir='ltr'>si</span> <span class='ocrx_word' id='word_1_1110' title='bbox 1480 3272 1603 3308; x_wconf 91' lang='lat' dir='ltr'>donati</span> <span class='ocrx_word' id='word_1_1111' title='bbox 1633 3272 1767 3307; x_wconf 86' lang='lat' dir='ltr'>fuerint</span> <span class='ocrx_word' id='word_1_1112' title='bbox 1798 3271 1899 3307; x_wconf 88' lang='lat' dir='ltr'>nobis</span> <span class='ocrx_word' id='word_1_1113' title='bbox 1930 3274 1993 3305; x_wconf 91' lang='lat' dir='ltr'>aut</span> <span class='ocrx_word' id='word_1_1114' title='bbox 2023 3279 2068 3303; x_wconf 83' lang='lat' dir='ltr'>ex</span> <span class='ocrx_word' id='word_1_1115' title='bbox 2098 3268 2189 3302; x_wconf 80' lang='lat' dir='ltr'>dous</span> <span class='ocrx_word' id='word_1_1116' title='bbox 2219 3276 2359 3301; x_wconf 83' lang='lat' dir='ltr'>nomine</span> 
     </span>
     <span class='ocr_line' id='line_1_151' title="bbox 1279 3311 2358 3364; baseline -0.009 -10"><span class='ocrx_word' id='word_1_1117' title='bbox 1279 3322 1343 3354; x_wconf 88' lang='lat' dir='ltr'>aut</span> <span class='ocrx_word' id='word_1_1118' title='bbox 1367 3329 1411 3354; x_wconf 85' lang='lat' dir='ltr'>ex</span> <span class='ocrx_word' id='word_1_1119' title='bbox 1427 3318 1534 3362; x_wconf 86' lang='lat' dir='ltr'>legati</span> <span class='ocrx_word' id='word_1_1120' title='bbox 1555 3318 1733 3362; x_wconf 90' lang='lat' dir='ltr'>pertinere</span> <span class='ocrx_word' id='word_1_1121' title='bbox 1756 3317 1803 3352; x_wconf 87' lang='lat' dir='ltr'>ad</span> <span class='ocrx_word' id='word_1_1122' title='bbox 1822 3327 1888 3351; x_wconf 92' lang='lat' dir='ltr'>nos</span> <span class='ocrx_word' id='word_1_1123' title='bbox 1911 3316 2106 3364; x_wconf 77' lang='lat' dir='ltr'>coeperunt</span> <span class='ocrx_word' id='word_1_1124' title='bbox 2121 3315 2184 3346; x_wconf 87' lang='lat' dir='ltr'>aut</span> <span class='ocrx_word' id='word_1_1125' title='bbox 2199 3321 2243 3346; x_wconf 85' lang='lat' dir='ltr'>ex</span> <span class='ocrx_word' id='word_1_1126' title='bbox 2258 3311 2358 3346; x_wconf 90' lang='lat' dir='ltr'>here-</span> 
     </span>
     <span class='ocr_line' id='line_1_152' title="bbox 1279 3359 2358 3408; baseline -0.009 -9"><span class='ocrx_word' id='word_1_1127' title='bbox 1279 3364 1401 3406; x_wconf 88' lang='lat' dir='ltr'>ditate,</span> <span class='ocrx_word' id='word_1_1128' title='bbox 1425 3363 1519 3398; x_wconf 90' lang='lat' dir='ltr'>idem</span> <span class='ocrx_word' id='word_1_1129' title='bbox 1542 3363 1794 3408; x_wconf 89' lang='lat' dir='ltr'>praestabunt:</span> <span class='ocrx_word' id='word_1_1130' title='bbox 1820 3371 1886 3395; x_wconf 90' lang='lat' dir='ltr'>nec</span> <span class='ocrx_word' id='word_1_1131' title='bbox 1899 3360 2012 3395; x_wconf 92' lang='lat' dir='ltr'>solum</span> <span class='ocrx_word' id='word_1_1132' title='bbox 2036 3368 2065 3392; x_wconf 86' lang='lat' dir='ltr'>Sl</span> <span class='ocrx_word' id='word_1_1133' title='bbox 2089 3360 2231 3408; x_wconf 75' lang='lat' dir='ltr'>nostros</span> <span class='ocrx_word' id='word_1_1134' title='bbox 2254 3359 2358 3401; x_wconf 86' lang='lat' dir='ltr'>puta-</span> 
     </span>
     <span class='ocr_line' id='line_1_153' title="bbox 1277 3402 2358 3451; baseline -0.009 -7"><span class='ocrx_word' id='word_1_1135' title='bbox 1277 3409 1446 3451; x_wconf 87' lang='lat' dir='ltr'>verimus,</span> <span class='ocrx_word' id='word_1_1136' title='bbox 1482 3407 1545 3443; x_wconf 87' lang='lat' dir='ltr'>sed</span> <span class='ocrx_word' id='word_1_1137' title='bbox 1576 3411 1612 3443; x_wconf 90' lang='lat' dir='ltr'>et</span> <span class='ocrx_word' id='word_1_1138' title='bbox 1645 3407 1676 3442; x_wconf 88' lang='lat' dir='ltr'>si</span> <span class='ocrx_word' id='word_1_1139' title='bbox 1707 3415 1909 3442; x_wconf 89' lang='lat' dir='ltr'>communes</span> <span class='ocrx_word' id='word_1_1140' title='bbox 1946 3407 2008 3438; x_wconf 88' lang='lat' dir='ltr'>aut</span> <span class='ocrx_word' id='word_1_1141' title='bbox 2045 3402 2281 3443; x_wconf 79' lang='lat' dir='ltr'>fructuarios,</span> <span class='ocrx_word' id='word_1_1142' title='bbox 2322 3405 2358 3435; x_wconf 81' lang='lat' dir='ltr'>ut</span> 
     </span>
     <span class='ocr_line' id='line_1_154' title="bbox 1277 3447 2357 3506; baseline -0.008 -18"><span class='ocrx_word' id='word_1_1143' title='bbox 1277 3458 1407 3497; x_wconf 90' lang='lat' dir='ltr'>tamen,</span> <span class='ocrx_word' id='word_1_1144' title='bbox 1432 3453 1529 3498; x_wconf 90' lang='lat' dir='ltr'>quod</span> <span class='ocrx_word' id='word_1_1145' title='bbox 1551 3452 1763 3506; x_wconf 86' lang='lat' dir='ltr'>adquisituri</span> <span class='ocrx_word' id='word_1_1146' title='bbox 1786 3462 1858 3486; x_wconf 90' lang='lat' dir='ltr'>non</span> <span class='ocrx_word' id='word_1_1147' title='bbox 1883 3451 2016 3489; x_wconf 89' lang='lat' dir='ltr'>essent,</span> <span class='ocrx_word' id='word_1_1148' title='bbox 2041 3447 2071 3481; x_wconf 89' lang='lat' dir='ltr'>si</span> <span class='ocrx_word' id='word_1_1149' title='bbox 2094 3457 2133 3480; x_wconf 91' lang='lat' dir='ltr'>re</span> <span class='ocrx_word' id='word_1_1150' title='bbox 2155 3456 2239 3481; x_wconf 90' lang='lat' dir='ltr'>vera</span> <span class='ocrx_word' id='word_1_1151' title='bbox 2255 3456 2357 3498; x_wconf 37' lang='lat' dir='ltr'>‘com-</span> 
     </span>
     <span class='ocr_line' id='line_1_155' title="bbox 1278 3491 2357 3542; baseline -0.009 -9"><span class='ocrx_word' id='word_1_1152' title='bbox 1278 3509 1401 3534; x_wconf 90' lang='lat' dir='ltr'>munes</span> <span class='ocrx_word' id='word_1_1153' title='bbox 1417 3501 1479 3532; x_wconf 90' lang='lat' dir='ltr'>aut</span> <span class='ocrx_word' id='word_1_1154' title='bbox 1495 3497 1632 3533; x_wconf 76' lang='lat' dir='ltr'>usuarii</span> <span class='ocrx_word' id='word_1_1155' title='bbox 1646 3500 1776 3538; x_wconf 90' lang='lat' dir='ltr'>essent,</span> <span class='ocrx_word' id='word_1_1156' title='bbox 1791 3496 1828 3530; x_wconf 90' lang='lat' dir='ltr'>id</span> <span class='ocrx_word' id='word_1_1157' title='bbox 1843 3494 2019 3537; x_wconf 89' lang='lat' dir='ltr'>hodieque</span> <span class='ocrx_word' id='word_1_1158' title='bbox 2030 3493 2056 3514; x_wconf 77' lang='lat'>¹2</span> <span class='ocrx_word' id='word_1_1159' title='bbox 2072 3501 2141 3526; x_wconf 92' lang='lat' dir='ltr'>non</span> <span class='ocrx_word' id='word_1_1160' title='bbox 2158 3491 2357 3542; x_wconf 83' lang='lat' dir='ltr'>adqmrant.</span> 
     </span>
     <span class='ocr_line' id='line_1_156' title="bbox 1278 3537 2357 3588; baseline -0.009 -9"><span class='ocrx_word' id='word_1_1161' title='bbox 1278 3548 1298 3578; x_wconf 90' lang='lat'>4</span> <span class='ocrx_word' id='word_1_1162' title='bbox 1345 3543 1524 3588; x_wconf 80' lang='lat' dir='ltr'>Quidquid</span> <span class='ocrx_word' id='word_1_1163' title='bbox 1558 3546 1678 3578; x_wconf 90' lang='lat' dir='ltr'>tamen</span> <span class='ocrx_word' id='word_1_1164' title='bbox 1712 3542 1802 3576; x_wconf 88' lang='lat' dir='ltr'>liber</span> <span class='ocrx_word' id='word_1_1165' title='bbox 1830 3540 1934 3574; x_wconf 92' lang='lat' dir='ltr'>homo</span> <span class='ocrx_word' id='word_1_1166' title='bbox 1965 3537 2019 3572; x_wconf 90' lang='lat' dir='ltr'>vel</span> <span class='ocrx_word' id='word_1_1167' title='bbox 2050 3537 2185 3570; x_wconf 89' lang='lat' dir='ltr'>alienus</span> <span class='ocrx_word' id='word_1_1168' title='bbox 2218 3546 2319 3580; x_wconf 81' lang='lat' dir='ltr'>quive</span> <span class='ocrx_word' id='word_1_1169' title='bbox 2334 3537 2357 3556; x_wconf 73' lang='lat'>¹³</span> 
     </span>
    </p>
   </div>
   <div class='ocr_carea' id='block_1_9' title="bbox 2209 3611 2351 3615">
    <p class='ocr_par' dir='ltr' id='par_1_24' title="bbox 2209 3611 2351 3615">
     <span class='ocr_line' id='line_1_157' title="bbox 2209 3611 2351 3615; baseline 0 0"><span class='ocrx_word' id='word_1_1170' title='bbox 2209 3611 2351 3615; x_wconf 95' lang='lat' dir='ltr'> </span> 
     </span>
    </p>
   </div>
   <div class='ocr_carea' id='block_1_10' title="bbox 1280 3648 2357 3789">
    <p class='ocr_par' dir='ltr' id='par_1_25' title="bbox 1280 3648 2357 3789">
     <span class='ocr_line' id='line_1_158' title="bbox 1280 3648 2357 3700; baseline -0.006 -10"><span class='ocrx_word' id='word_1_1171' title='bbox 1280 3658 1348 3700; x_wconf 73' lang='lat' dir='ltr'>cinq</span> <span class='ocrx_word' id='word_1_1172' title='bbox 1420 3658 1462 3697; x_wconf 82' lang='lat'>(7)</span> <span class='ocrx_word' id='word_1_1173' title='bbox 1485 3656 1550 3689; x_wconf 75' lang='lat' dir='ltr'>sibi</span> <span class='ocrx_word' id='word_1_1174' title='bbox 1563 3658 1623 3690; x_wconf 74' lang='lat' dir='ltr'>ins.</span> <span class='ocrx_word' id='word_1_1175' title='bbox 1693 3655 1738 3696; x_wconf 88' lang='lat'>(8)</span> <span class='ocrx_word' id='word_1_1176' title='bbox 1763 3654 1801 3686; x_wconf 80' lang='lat' dir='ltr'>ut</span> <span class='ocrx_word' id='word_1_1177' title='bbox 1814 3652 1856 3694; x_wconf 78' lang='lat' dir='ltr'>et]</span> <span class='ocrx_word' id='word_1_1178' title='bbox 1871 3653 1927 3683; x_wconf 84' lang='lat' dir='ltr'>ute</span> <span class='ocrx_word' id='word_1_1179' title='bbox 1939 3651 1973 3683; x_wconf 87' lang='lat' dir='ltr'><em>F</em></span> <span class='ocrx_word' id='word_1_1180' title='bbox 1977 3654 2005 3692; x_wconf 76' lang='lat'>⁶,</span> <span class='ocrx_word' id='word_1_1181' title='bbox 2018 3651 2051 3683; x_wconf 75' lang='lat' dir='ltr'>et</span> <span class='ocrx_word' id='word_1_1182' title='bbox 2063 3648 2115 3683; x_wconf 75' lang='lat' dir='ltr'>F⁶</span> <span class='ocrx_word' id='word_1_1183' title='bbox 2183 3651 2229 3692; x_wconf 82' lang='lat'>(9)</span> <span class='ocrx_word' id='word_1_1184' title='bbox 2253 3652 2287 3683; x_wconf 79' lang='lat' dir='ltr'>et</span> <span class='ocrx_word' id='word_1_1185' title='bbox 2299 3652 2357 3684; x_wconf 72' lang='grc' dir='ltr'><strong><em>ἰηε.</em></strong></span> 
     </span>
     <span class='ocr_line' id='line_1_159' title="bbox 1280 3695 2355 3742; baseline -0.007 -7"><span class='ocrx_word' id='word_1_1186' title='bbox 1280 3702 1353 3735; x_wconf 82' lang='lat' dir='ltr'>edd.</span> <span class='ocrx_word' id='word_1_1187' title='bbox 1458 3704 1517 3742; x_wconf 80' lang='grc' dir='ltr'>(ιο)</span> <span class='ocrx_word' id='word_1_1188' title='bbox 1542 3703 1609 3733; x_wconf 87' lang='lat' dir='ltr'>tam</span> <span class='ocrx_word' id='word_1_1189' title='bbox 1623 3701 1651 3733; x_wconf 90' lang='lat' dir='ltr'><strong><em>S</em></strong></span> <span class='ocrx_word' id='word_1_1190' title='bbox 1753 3700 1805 3737; x_wconf 88' lang='lat'><strong>(11)</strong></span> <span class='ocrx_word' id='word_1_1191' title='bbox 1831 3699 1864 3729; x_wconf 85' lang='lat' dir='ltr'>et</span> <span class='ocrx_word' id='word_1_1192' title='bbox 1876 3696 1996 3739; x_wconf 70' lang='lat' dir='ltr'>Menqe</span> <span class='ocrx_word' id='word_1_1193' title='bbox 2097 3697 2157 3737; x_wconf 80' lang='lat'><strong>(12)</strong></span> <span class='ocrx_word' id='word_1_1194' title='bbox 2182 3695 2355 3738; x_wconf 87' lang='lat' dir='ltr'>hodieque]</span> 
     </span>
     <span class='ocr_line' id='line_1_160' title="bbox 1280 3742 1897 3789; baseline -0.008 -11"><span class='ocrx_word' id='word_1_1195' title='bbox 1280 3746 1375 3779; x_wconf 88' lang='lat' dir='ltr'>nobis</span> <span class='ocrx_word' id='word_1_1196' title='bbox 1388 3746 1504 3789; x_wconf 89' lang='lat' dir='ltr'>utique</span> <span class='ocrx_word' id='word_1_1197' title='bbox 1516 3759 1577 3780; x_wconf 74' lang='lat' dir='ltr'>scr.</span> <span class='ocrx_word' id='word_1_1198' title='bbox 1674 3746 1729 3785; x_wconf 81' lang='grc'><strong>(13)</strong></span> <span class='ocrx_word' id='word_1_1199' title='bbox 1755 3742 1814 3786; x_wconf 87' lang='lat' dir='ltr'>qui</span> <span class='ocrx_word' id='word_1_1200' title='bbox 1826 3742 1897 3775; x_wconf 84' lang='lat' dir='ltr'>edd.</span> 
     </span>
    </p>
   </div>
   <div class='ocr_carea' id='block_1_11' title="bbox 2044 3797 2086 3832">
    <p class='ocr_par' dir='ltr' id='par_1_26' title="bbox 2044 3797 2086 3832">
     <span class='ocr_line' id='line_1_161' title="bbox 2044 3797 2086 3832; baseline 0.048 -2"><span class='ocrx_word' id='word_1_1201' title='bbox 2044 3797 2086 3832; x_wconf 84' lang='lat'>82</span> 
     </span>
    </p>
   </div>
  </div>
 </body>
</html>
