2528 3918
224 93 355 136 XVI

223 220 244 253 5
291 226 359 252 nus
383 215 430 251 ob
453 224 528 250 rem
551 212 760 258 subreptam
782 210 951 264 consequi
974 210 1120 257 possim.
1168 210 1207 246 Si
1229 220 1313 247 aere

223 261 340 298 alieno
353 259 530 296 dominico
544 256 776 294 exhauriatur
793 256 973 302 peculium
992 256 1095 299 servi,
1113 266 1172 292 res
1191 259 1312 292 tamen

222 308 261 343 in
284 316 396 343 causa
452 302 623 340 eculiaria
651 306 815 338 manent:
846 312 931 338 nam
962 301 992 337 si
1023 306 1086 336 aut
1114 311 1215 338 servo
1247 301 1312 338 do-

223 356 347 388 nasset
376 350 421 386 de
446 350 534 385 itum
565 347 728 384 dominus
758 351 823 383 aut
851 347 994 383 nomine
1017 347 1109 382 servi
1133 346 1224 382 alius
1248 346 1311 383 do-

224 397 318 433 mino
361 395 557 436 intulisset,
598 392 778 440 peculium
810 402 853 429 su
903 393 997 427 letur
1031 401 1097 427 nec
1131 396 1187 427 est
1219 402 1314 428 nova

225 446 246 478 6
293 440 522 477 concessione
553 438 685 474 domini
715 448 817 483 opus.
853 403 1092 489 {Son-solum
1122 436 1160 472 id
1189 437 1227 472 in
1250 447 1312 483 pe-

225 487 317 523 culio
340 485 554 522 vicariorum
576 483 783 530 ponendum
806 486 878 525 est,
911 492 1012 517 cuius
1035 482 1087 516 rei
1110 492 1133 517 a
1156 481 1312 526 domino,

223 531 288 569 sed
311 531 417 568 etiam
439 530 477 566 id
499 529 602 566 cuius
624 529 671 565 ab
696 538 738 565 eo
751 530 761 550 ¹
787 528 888 564 cuius
907 528 945 562 in
963 527 1104 572 peculio
1124 527 1196 563 sint
1214 538 1312 563 seor-

224 588 303 614 sum
326 576 502 612 rationem
524 574 692 611 habeant.

270 621 295 660 5
327 621 523 658 omanus
543 620 634 656 libro
657 619 847 655 vicensimo
870 628 966 653 nono
985 616 1035 652 ad
1054 617 1207 653 edictum
1241 618 1312 653 De-

224 667 332 714 positi
353 666 496 703 nomine
518 669 623 712 pater
645 664 700 700 vel
723 663 885 700 dominus
905 662 1092 697 dumtaxat
1110 662 1154 698 de
1172 663 1313 707 peculio

225 712 486 750 conveniuntur
503 715 540 747 et
559 710 590 746 si
610 709 695 763 quid
712 709 793 745 dolo
814 708 907 743 malo
927 718 1050 759 eorum
1070 711 1198 753 captus
1221 719 1311 744 sum.

227 763 242 794 1
292 757 363 794 Sed
386 761 424 793 et
445 757 477 793 si
498 766 661 803 precario
684 765 743 790 res
766 753 837 789 filio
858 752 1010 788 famihas
1030 752 1086 788 vel
1105 763 1206 788 servo
1229 753 1315 789 data

224 804 283 847 sit,
309 803 496 839 dumtaxat
518 801 563 836 de
586 800 725 853 peculio
749 802 853 844 pater
875 797 1082 833 dominusve
1099 798 1313 843 obligantur.

225 852 245 885 2
292 847 331 884 Si
360 847 455 884 filius
485 846 640 882 famihas
671 843 919 880 iusiurandum
951 842 1118 878 detulerit
1150 847 1186 878 et
1215 844 1312 879 iura-

224 898 302 930 tum
324 893 390 936 sit,
415 892 461 928 de
483 891 624 938 peculio
649 889 767 926 danda
790 892 845 924 est
868 888 981 931 actio,
1014 888 1117 934 quasi
1148 894 1314 925 contrac-

225 942 245 976 3
292 942 369 975 tum
402 938 468 974 sit:
505 936 568 972 sed
601 936 639 971 in
673 945 774 970 servo
810 933 987 969 diversum
1018 937 1083 969 est.
1130 933 1315 970 Peculium

225 984 361 1021 dictum
385 983 464 1019 est²
487 981 589 1028 quasi
612 980 742 1026 pusilla
771 978 926 1024 pecunia
956 978 1030 1014 sive
1060 978 1315 1024 patrimonium

224 1033 246 1066 4
292 1028 469 1075 pusillum.
527 1026 709 1062 Peculium
753 1028 872 1060 autem
907 1023 1051 1060 Tubero
1087 1023 1228 1069 quidem
1263 1025 1314 1060 sic

225 1074 358 1118 definit,
382 1077 424 1109 ut
447 1072 571 1109 Celsus
594 1071 684 1106 libro
708 1074 809 1105 sexto
834 1069 1051 1115 digestorum
1074 1068 1193 1112 refert,
1219 1069 1315 1115 quod

224 1130 347 1157 servus
378 1118 510 1155 domini
540 1116 714 1162 permissu
745 1119 950 1160 separatum
981 1125 1004 1149 a
1027 1114 1226 1150 rationibus
1251 1115 1313 1151 do-

224 1165 363 1201 minicis
387 1164 517 1205 habet,
542 1161 693 1197 deducto
717 1160 800 1196 inde
822 1160 854 1195 si
877 1159 962 1205 quid
985 1159 1128 1195 domino
1152 1159 1312 1196 debetur.

271 1208 296 1248 6
324 1209 469 1246 Cusus
489 1208 579 1244 libro
602 1209 708 1242 sexto
726 1205 949 1253 digestorum
995 1204 1164 1240 Definitio
1184 1205 1315 1250 peculii

225 1266 332 1302 quam
355 1254 498 1290 Tubero
523 1251 700 1305 exposuit,
723 1255 766 1286 ut
788 1250 911 1286 Labeo
937 1250 1006 1293 ait,
1031 1250 1079 1285 ad
1100 1250 1314 1286 vicariorum

224 1300 365 1347 peculia
388 1309 460 1334 non
483 1301 655 1343 pertmet,
680 1295 776 1341 quod
799 1295 930 1331 falsum
953 1299 1025 1331 est:
1050 1305 1134 1331 nam
1157 1305 1198 1331 eo
1222 1296 1313 1349 ipsm

225 1345 321 1399 quod
344 1343 506 1380 dominus
530 1352 631 1378 servo
655 1341 834 1387 peculium
858 1341 1064 1383 constituit,
1088 1341 1194 1376 etiam
1217 1352 1312 1377 vica-

224 1402 277 1427 no
302 1388 530 1426 constituisse
555 1386 811 1423 existimandus
835 1390 901 1422 est.

271 1433 295 1473 7
316 1434 510 1471 ULPIANUS
527 1432 619 1468 libro
638 1433 830 1468 vicensimo
842 1442 938 1467 nono
950 1430 1000 1466 ad
1010 1431 1166 1467 edictum
1200 1430 1314 1476 Quam

230 1485 242 1516 l
292 1478 492 1516 Tuberonis
524 1477 737 1513 sententiam
769 1477 904 1522 etipse
928 1476 1052 1512 Celsus
1075 1477 1217 1521 probat.
1264 1477 1316 1512 Et

225 1526 334 1562 adicit
363 1524 538 1570 pupillum
567 1523 623 1558 vel
645 1522 821 1558 furiosum
845 1522 1062 1558 constituere
1087 1521 1229 1567 quidem
1251 1533 1313 1568 pe-

225 1571 354 1608 culium
378 1580 479 1605 servo
503 1579 577 1604 non
599 1578 723 1614 posse:
748 1577 870 1603 verum
894 1571 978 1602 ante
1002 1567 1254 1610 constitutum,
1277 1567 1315 1603 id

223 1620 279 1653 est
301 1619 386 1651 ante
407 1613 566 1650 furorem
588 1614 643 1649 vel
674 1623 697 1649 a
726 1616 830 1658 patre
860 1612 1002 1658 pupilli,
1035 1623 1108 1648 non
1139 1612 1316 1649 adimetur

224 1673 268 1698 ex
299 1661 356 1697 his
389 1659 519 1696 causis.
556 1668 648 1704 quae
671 1658 850 1694 sententia
879 1668 964 1693 vera
995 1661 1051 1693 est
1081 1662 1117 1693 et
1150 1658 1314 1703 congruit

224 1718 305 1743 cum
324 1716 378 1748 eo,
403 1704 499 1751 quod
517 1704 713 1739 Marcellus
736 1703 833 1749 apud
852 1703 1029 1738 Iulianum
1051 1706 1181 1739 notans
1205 1703 1315 1739 adicit

225 1756 341 1798 ‘posse
363 1750 452 1792 fieri,
476 1753 517 1785 ut
540 1748 636 1795 apud
661 1749 836 1785 alterum³
859 1759 903 1784 ex
926 1748 1078 1784 dominis
1102 1758 1225 1785 servus
1275 1758 1312 1784 e-

224 1797 368 1834 ‘culium
391 1795 541 1837 habeat,
571 1794 668 1839 apud
691 1794 843 1829 alterum
867 1805 959 1837 non,
991 1798 1033 1829 ut
1055 1797 1145 1840 puta
1168 1794 1199 1829 si
1222 1804 1245 1829 a
1259 1798 1314 1830 ter

223 1846 280 1878 ‘ex
303 1841 454 1878 dominis
477 1839 636 1876 furiosus
660 1839 707 1875 sit
729 1839 785 1875 vel
807 1839 983 1885 pupillus,
1016 1839 1048 1874 si
1080 1842 1134 1882 (ut
1156 1839 1312 1885 quidam,

224 1887 553 1968 tfflissanssssffi'.
571 1884 751 1966 Ῑᾶἓὲἒξῖω
768 1884 1315 1975 ᾧῐΠὲἰιέἒῦῗξωΠᾎῖἕοξέἑ

224 1982 327 2024 ‘opus
362 1976 511 2013 concedi
544 1975 724 2021 peculium
759 1985 782 2011 a
816 1975 959 2011 domino
995 1985 1136 2011 servum
1166 1975 1312 2018 habere,

224 2023 300 2060 ‘sed
327 2033 399 2059 non
431 2021 556 2063 adimi,
591 2025 633 2056 ut
663 2021 818 2056 habeat’.
856 2021 927 2056 alia
957 2030 1070 2056 causa
1099 2023 1155 2056 est
1184 2021 1314 2066 peculii

223 2069 356 2105 liberae
385 2066 722 2102 administrationis:
755 2076 839 2101 nam
869 2067 959 2102 haec
991 2065 1193 2111 specialiter
1225 2077 1311 2102 con-

224 2117 245 2149 2
293 2112 454 2149 cedenda
488 2115 553 2147 est.
602 2110 701 2147 Scire
736 2115 857 2146 autem
889 2122 962 2147 non
996 2111 1121 2156 utique
1155 2111 1313 2156 singulas

223 2170 279 2195 res
304 2158 425 2199 debet,
450 2157 513 2192 sed
536 2157 878 2202 naxvffleqe'maqoffl,
910 2160 946 2192 et
975 2156 1013 2191 in
1043 2156 1139 2192 hanc
1170 2161 1312 2192 senten-

224 2207 244 2240 3
264 2222 266 2224 ·
290 2204 377 2238 tiam
407 2202 627 2248 Pomponius
665 2201 824 2237 inclinat.
870 2202 926 2236 Pu
952 2201 1050 2236 illum
1089 2205 1208 2237 autem
1239 2206 1314 2237 tam

223 2249 334 2284 filium
364 2258 471 2294 quam
502 2257 642 2283 servum
672 2247 851 2292 peculium
883 2247 931 2282 ha
957 2257 1016 2282 ere
1045 2257 1152 2292 posse
1181 2247 1313 2282 Pedius

223 2294 314 2330 libro
338 2293 461 2339 quinto
485 2292 621 2328 decimo
646 2293 790 2335 scribit,
822 2303 903 2328 cum
925 2292 963 2327 in
985 2292 1074 2335 hoc,
1098 2292 1232 2337 inquit,
1255 2297 1312 2328 to—

223 2344 299 2375 tum
329 2349 373 2375 ex
397 2337 529 2374 domini
553 2337 809 2373 constitutione
831 2337 995 2383 pendeat.
1033 2347 1115 2383 ergo
1141 2341 1177 2372 et
1200 2338 1231 2373 si
1253 2337 1311 2373 fu-

222 2394 301 2420 rere
324 2383 483 2430 coeperit
505 2393 630 2419 servus
652 2383 710 2418 vel
741 2382 855 2426 filius,
887 2382 1091 2418 retinebunt
1120 2383 1310 2428 peculium.

224 2433 245 2465 4
291 2430 333 2464 In
357 2429 497 2474 peculio
522 2432 640 2464 autem
663 2438 722 2464 res
746 2438 825 2464 esse
847 2431 1000 2473 possunt
1023 2438 1145 2463 omnes
1170 2431 1206 2463 et
1236 2439 1311 2464 mo·

223 2474 312 2510 biles
349 2478 385 2510 et
422 2474 507 2509 soli:
542 2473 696 2509 vicarios
735 2483 878 2519 quoque
909 2473 946 2508 in
978 2473 1158 2518 peculium
1193 2477 1314 2518 potest

223 2520 356 2555 habere
379 2523 415 2554 et
437 2518 651 2554 vicariorum
673 2518 870 2564 peculium:
902 2518 972 2554 hoc
1004 2529 1062 2553 am
1087 2518 1156 2553 lius
1188 2523 1225 2554 et
1246 2529 1311 2554 no-

225 2567 244 2599 5
291 2564 388 2600 mina
422 2563 632 2599 debitorum.
688 2563 759 2599 Sed
794 2567 830 2598 et
863 2563 893 2599 si
929 2563 1015 2609 quid
1065 2564 1136 2598 urti
1171 2564 1313 2599 actione

224 2620 326 2645 servo
351 2609 538 2645 deberetur
559 2609 615 2644 vel
638 2609 709 2644 alia
732 2609 884 2652 actione,
908 2609 946 2644 in
963 2609 1143 2654 peculium
1165 2619 1311 2654 compu-

224 2654 377 2690 tabitur:
409 2654 586 2689 hereditas
610 2664 752 2699 quoque
776 2658 811 2689 et
832 2654 1007 2699 legatum,
1027 2658 1081 2689 .ut
1102 2653 1225 2690 Labeo
1251 2654 1310 2689 ait.

225 2703 246 2735 6
293 2699 364 2734 Sed
396 2704 431 2734 et
460 2699 497 2734 id
528 2699 623 2745 quod
653 2699 815 2734 dominus
847 2699 915 2734 sibi
946 2699 1052 2734 debet
1074 2699 1111 2734 in
1134 2699 1313 2744 peculium

225 2744 388 2787 habebit,
424 2744 454 2779 si
485 2743 578 2779 forte
608 2745 646 2778 in
678 2744 811 2780 domini
839 2745 1015 2780 rationem
1045 2744 1242 2789 impendit⁵
1277 2748 1313 2779 et

225 2789 388 2825 dominus
420 2789 452 2824 ei
483 2788 621 2824 debitor
651 2799 794 2825 manere
824 2790 935 2825 voluit
966 2794 1030 2824 aut
1061 2789 1091 2824 si
1115 2790 1313 2825 debitorem

225 2834 301 2870 eius
331 2833 494 2869 dominus
527 2834 700 2870 convenit.
760 2845 848 2870 uare
870 2835 900 2870 si
922 2835 1015 2870 forte
1039 2845 1083 2870 ex
1114 2835 1207 2870 servi
1239 2845 1310 2870 em-

226 2879 347 2925 ptione
370 2878 551 2914 evictionis
575 2880 716 2915 nomine
764 2880 887 2925 uplum
911 2879 1075 2916 dominus
1108 2880 1242 2925 exegit,
1274 2881 1311 2915 in

225 2924 403 2970 peculium
427 2924 517 2958 servi
541 2924 607 2959 erit
630 2935 849 2968 conversum,
874 2925 942 2960 nisi
964 2925 1058 2960 forte
1081 2925 1245 2960 dominus
1269 2935 1310 2961 eo

225 2979 291 3015 pro
318 2969 409 3004 osito
433 2968 520 3011 fuit,
551 2973 592 3003 ut
615 2970 725 3005 nollet
748 2970 817 3005 hoc
844 2980 922 3005 esse
944 2970 982 3005 in
1005 2970 1183 3015 peculium
1207 2971 1308 3005 servi.

227 3017 246 3049 7
321 3013 364 3049 ed
387 3017 424 3048 et
446 3013 476 3048 si
500 3013 584 3058 quid
608 3014 640 3049 ei
664 3025 854 3050 conservus
879 3015 994 3057 debet,
1020 3015 1087 3050 erit
1109 3015 1256 3060 peculii,
1281 3016 1311 3051 si

226 3058 331 3095 modo
354 3058 413 3094 ille
436 3059 593 3093 habeat⁶
615 3060 793 3103 peculium
816 3060 871 3095 vel
894 3064 1002 3105 prout
1024 3061 1179 3096 habebit.

272 3100 297 3141 8
322 3102 481 3155 Para-vs
508 3103 598 3139 libro
618 3110 760 3155 ‘quarto
784 3105 835 3140 ad
857 3104 1036 3158 Sabiniani·
1077 3105 1159 3141 Non
1191 3106 1311 3141 statim

226 3147 323 3229 ἓξὲξ
334 3147 1181 3241 εὲἓῖῗὲἒᾱἘξ]ἳῗηὲῗῗιῑἔξηῖῗᾝὲοξῗηὶῗὲὼ
1200 3161 1309 3238 ἓξξὲῖ,

225 3249 291 3284 pro
314 3238 445 3274 tradito
469 3238 613 3273 habuit:
639 3238 817 3290 desiderat
841 3240 932 3275 enim
951 3251 1008 3276 res
1027 3241 1227 3277 naturalem
1247 3241 1309 3276 da-

225 3284 369 3320 tionem.
405 3286 533 3319 contra
556 3287 674 3318 autem
698 3285 801 3319 simul
832 3290 939 3330 atque
970 3286 1100 3329 noluit,
1131 3286 1310 3331 peculium

226 3328 317 3365 servi
340 3328 470 3364 desinit
491 3328 670 3373 peculium
694 3339 781 3363 esse.

272 3371 298 3412 9
329 3373 525 3410 Uzezms
544 3372 634 3408 libro
658 3373 849 3409 vicensimo
870 3386 965 3411 nono
985 3375 1036 3411 ad
1053 3375 1206 3412 edictum
1241 3375 1311 3411 Sed

226 3418 258 3454 si
282 3418 450 3454 damnum
473 3427 574 3453 servo
600 3417 761 3453 dominus
786 3418 940 3462 dederit,
971 3421 1010 3455 in
1038 3421 1219 3473 peculium
1242 3420 1311 3456 hoc

228 3474 300 3500 non
333 3462 586 3510 imputabitur,
626 3473 698 3498 non
732 3464 843 3508 magis
878 3476 984 3510 quam
1017 3475 1048 3501 s1
1083 3465 1310 3511 subripuerit.

230 3578 270 3618 (ι)
294 3576 335 3609 Id
354 3576 390 3609 in
412 3587 443 3619 p.
466 3587 495 3608 v.
509 3586 543 3619 p.
562 3578 624 3617 est,
644 3575 741 3609 cuius
761 3577 811 3609 rei
830 3588 897 3609 non
917 3578 1022 3610 solum
1044 3589 1063 3611 a
1083 3578 1228 3618 domino,
1250 3578 1308 3611 sed

226 3621 327 3653 etiam
339 3622 380 3654 ab
394 3632 433 3653 eo
445 3634 507 3655 scr.
601 3622 645 3661 (2)
670 3624 721 3654 est
734 3622 783 3655 biis
795 3622 830 3655 F
903 3626 944 3662 (3)
970 3624 1059 3666 apud
1072 3623 1214 3657 alterum
1228 3624 1307 3657 add.

228 3667 315 3706 den„
337 3679 394 3699 om.
408 3666 476 3706 FS,
498 3679 566 3700 cum
588 3673 618 3700 ee
628 3678 713 3710 quae
726 3674 902 3710 sequuntur
913 3678 952 3699 ex
965 3668 1111 3701 dominis
1122 3690 1152 3702 ..-
1163 3679 1187 3701 ε.
1202 3679 1233 3712 p.
1248 3669 1309 3701 ha·

227 3710 304 3745 beat
316 3712 473 3745 omisisset
483 3711 528 3747 F·
587 3711 630 3753 (4)
643 3711 680 3746 id
691 3719 755 3746 ut.-
767 3712 875 3755 magis
888 3712 924 3745 in
938 3713 1125 3747 universum
1187 3715 1230 3754 (5)
1245 3714 1307 3748 im-

1302 83 1382 133 196

2405 83 2525 134 mnf

1381 214 1399 263 J
1449 209 1561 263 Plane
1592 209 1623 246 si
1655 219 1849 264 conservus
1880 210 1981 264 dedit
2010 210 2178 248 damnum
2201 213 2257 249 vel
2279 212 2467 293 subrifluia

1379 254 1955 337 fflfflfffflffifflffi
1978 257 2468 349 {3132035'1325202'320253

1379 355 1455 381 rem
1471 345 1695 398 peculiarem
1718 346 1895 399 subripuit
1917 346 1972 382 vel
1996 351 2211 414 consecutus
2235 352 2289 384 est
2307 348 2362 384 vel
2382 359 2467 384 con-

1380 392 2468 482 {eqffatffloeflizomseiffiffiuffessssssssssssummssffriffii‘ffunieffii

1381 480 1466 516 lium
1497 484 1617 516 autem
1649 480 1802 517 deducto
1834 481 1930 527 quod
1960 481 2102 518 domino
2136 482 2285 519 debetur
2321 494 2467 529 compu-

1380 525 1530 561 tandum
1553 535 1642 568 esse,
1666 526 1750 572 quia
1772 527 1998 579 praevenisse
2020 526 2183 564 dominus
2208 532 2244 564 et
2267 539 2347 564 cum
2367 539 2466 565 servo

1382 574 1402 606 3
1450 581 1515 607 suo
1548 571 1660 623 egisse
1691 571 1855 607 cred1tur.
1901 571 1995 608 Huic
2019 572 2215 609 definitioni
2239 573 2381 609 Servius
2405 574 2465 609 ad-

1381 616 1464 652 iecit
1494 620 1530 651 et
1559 626 1591 651 si
1621 615 1707 668 quid
1735 616 1792 652 his
1823 616 1996 653 debeatur
2026 618 2087 663 qm·
2119 622 2204 654 sunt
2227 619 2265 654 in
2289 619 2365 654 eius
2388 624 2467 665 pot-

1383 664 1507 704 estate,
1532 671 1700 706 quomam
1718 662 1788 698 hoc
1808 672 1950 714 quoque
1968 662 2111 698 domino
2131 663 2252 699 deberi
2270 674 2372 700 nemo
2393 675 2468 699 am-

1382 710 1404 741 4
1450 706 1548 752 bigit.
1596 706 1787 743 Praeterea
1820 706 1859 742 id
1893 707 1999 743 etiam
2035 707 2249 751 deducetur,
2284 708 2380 754 quod
2413 710 2469 745 his

1382 752 1543 797 personis
1574 751 1742 795 debetur,
1774 763 1867 798 quae
1897 756 1983 788 sunt
2011 752 2049 787 in
2079 753 2193 788 tutela
2215 754 2270 790 vel
2294 765 2382 790 cura
2405 754 2468 790 do-

1381 796 1468 832 mini
1498 796 1554 832 vel
1585 797 1698 842 patris
1732 797 1787 833 vel
1821 808 1973 843 quorum
2006 798 2149 843 negotia
2183 799 2433 835 administrant
2444 801 2468 842 ⁸,

1382 841 1571 878 dummodo
1596 841 1676 877 dolo
1701 847 1858 885 careant,
1884 842 2051 888 quoniam
2075 847 2111 878 et
2133 844 2165 879 si
2183 854 2249 889 per
2268 844 2388 880 dolum
2406 855 2468 890 pe·

1383 887 1513 923 culium
1536 887 1591 923 vel
1614 886 1811 923 ademerint
1834 888 1889 923 vel
1911 887 2144 931 minuerint&
2168 892 2353 925 tenentur:
2386 900 2469 925 nam

1383 932 1414 968 si
1437 942 1576 984 semper
1599 933 1805 978 praevenire
1829 932 1992 968 dominus
2016 936 2052 968 et
2082 943 2186 979 agere
2215 934 2373 978 videtur,
2405 946 2470 970 cur

1383 988 1454 1013 non
1490 977 1632 1013 dmatur
1665 978 1771 1013 etiam
1804 978 1873 1013 hoc
1907 978 2050 1013 nomine
2081 989 2162 1014 eum
2193 989 2315 1015 secum
2345 980 2468 1026 egisse,

1383 1034 1453 1068 quo
1477 1023 1618 1058 nomine
1640 1023 1695 1058 vel
1717 1023 1852 1058 tutelae
1875 1023 1930 1059 vel
1953 1024 2173 1068 negotiorum
2204 1028 2385 1070 gestorum
2415 1025 2470 1061 vel

1382 1068 1460 1103 utili
1483 1068 1624 1104 actione
1646 1068 1849 1104 tenebitur?
1883 1078 1967 1104 nam
1990 1072 2031 1104 ut
2054 1069 2086 1105 el
2130 1073 2233 1105 anter
2250 1070 2382 1106 Pedius
2406 1071 2468 1113 ait,

1382 1113 1461 1149 ideo
1485 1113 1555 1149 hoc
1578 1113 1695 1149 minus
1718 1114 1755 1148 in
1773 1113 1912 1158 peculio
1933 1117 1999 1156 est,
2023 1125 2093 1159 quo
2139 1114 2281 1151 domino
2301 1116 2356 1151 vel
2375 1117 2469 1161 patri

1383 1158 1544 1201 debetur,
1570 1158 1738 1204 quoniam
1758 1169 1830 1194 non
1851 1162 1905 1194 est
1922 1159 2108 1195 verisimile
2128 1159 2308 1196 dominum
2327 1161 2365 1196 id
2383 1172 2468 1196 con-

1383 1203 1509 1240 cedere
1532 1214 1633 1239 servo
1656 1203 1694 1239 in
1718 1204 1898 1249 peculium
1920 1204 2072 1248 habere,
2098 1205 2194 1251 quod
2217 1206 2285 1241 sibi
2308 1205 2467 1242 debetur.

1382 1259 1469 1284 sane
1500 1259 1581 1284 cum
1611 1258 1657 1284 ex
1688 1249 1816 1284 ceteris
1847 1250 1965 1285 causis
1987 1250 2105 1295 ipsum
2128 1260 2151 1285 a
2173 1255 2285 1287 semet
2307 1251 2385 1296 ipso
2409 1262 2469 1287 ex·

1384 1294 1497 1339 egisse
1520 1294 1670 1330 dicimus
1693 1294 1755 1340 qui
1777 1295 1919 1347 negotia
1940 1295 1995 1330 vel
2013 1295 2162 1331 tutelam
2204 1300 2289 1338 eret,
2315 1307 2379 1332 cur
2397 1307 2469 1332 non

1383 1340 1490 1375 etiam
1512 1339 1550 1374 in
1573 1340 1694 1384 specie
1716 1340 1887 1392 peculiari
1908 1341 2071 1385 exegerit,
2095 1351 2166 1387 quo
2211 1341 2303 1387 exigi
2322 1341 2469 1377 debuit?

1383 1384 1644 1420 defendendum
1657 1386 1685 1406 ¹⁰
1717 1384 1824 1430 1gitur
1859 1385 1926 1420 erit
1960 1386 2062 1431 quasi
2097 1386 2165 1422 sibi
2199 1397 2279 1422 eum
2321 1387 2468 1430 solvere,

1383 1433 1402 1465 5
1452 1441 1533 1466 cum
1557 1429 1636 1475 qu'is
1656 1440 1761 1475 agere
1780 1430 1824 1466 de
1842 1431 1982 1476 peculio
2003 1432 2200 1467 conabitur.
2250 1431 2320 1468 Sed
2337 1436 2373 1467 et
2392 1443 2468 1468 cre-

1384 1475 1478 1512 ditor
1508 1475 1619 1518 servi,
1652 1475 1714 1521 qui
1743 1475 1847 1512 heres
1871 1476 2007 1511 exstitit
2031 1476 2172 1513 domino
2198 1477 2293 1520 eius,
2326 1477 2470 1514 deducit

1384 1520 1428 1556 de
1449 1521 1590 1566 peculio
1622 1520 1717 1566 quod
1749 1520 1815 1556 sibi
1846 1521 2012 1564 debetur,
2049 1522 2080 1558 si
2112 1523 2363 1566 conveniatur,
2396 1524 2470 1559 sive

1382 1566 1584 1602 libertatem
1606 1576 1728 1602 servus
1753 1566 1933 1612 acceperit
1955 1567 2028 1603 sive
2050 1578 2142 1610 non,
2174 1567 2339 1614 idemque
2371 1572 2408 1604 et
2438 1569 2470 1604 si

1381 1611 1520 1656 legatus
1553 1611 1601 1647 sit
1630 1622 1720 1657 pure
1755 1621 1894 1648 servus:
1932 1622 2014 1647 nam
2047 1613 2149 1658 quasi
2181 1613 2404 1658 praevenerit
2434 1618 2470 1649 et

1381 1667 1466 1737 1³22:
1493 1656 1796 1738 :emet
1814 1657 2074 1738 :gem
2088 1658 2467 1703 ..ff

1381 1751 1463 1793 gato
1494 1757 1584 1792 pure
1613 1748 1788 1783 habuerit.
1823 1751 1860 1784 et
1881 1748 1934 1783 ita
1955 1748 2115 1783 Iulianus
2138 1749 2227 1784 libro
2260 1749 2468 1785 duodecimo

1382 1793 1517 1828 scribit.
1554 1796 1651 1828 certe
1673 1793 1704 1828 si
1727 1793 1793 1828 sub
1815 1793 2024 1829 condicione
2042 1804 2164 1829 servus
2186 1794 2387 1830 libertatem
2407 1805 2467 1830 ac-

1382 1838 1527 1883 ceperit,
1553 1838 1670 1874 minus
1694 1838 1936 1874 dubitanter¹¹
1960 1838 2120 1874 Iulianus
2141 1839 2263 1875 eodem
2281 1840 2361 1876 loco
2381 1840 2468 1875 scri-

1381 1883 1433 1918 bit
1454 1883 1621 1919 heredem
1644 1883 1837 1919 deducere:
1870 1883 2033 1920 dominus
2065 1884 2158 1920 enim
2180 1884 2298 1921 factus
2323 1889 2387 1921 est.
2424 1885 2469 1920 ad

1382 1928 1625 1964 defensionem
1649 1929 1847 1965 sententiae
1870 1939 1957 1965 suae
1978 1929 2138 1965 Iulianus
2163 1930 2269 1966 etiam
2292 1930 2381 1966 illud
2405 1930 2467 1966 ad-

1380 1973 1462 2017 fert,
1486 1974 1593 2020 quod,
1617 1974 1649 2009 si
1671 1974 1714 2015 ei,
1738 1974 1799 2020 qui
1821 1978 1905 2019 post
1926 1979 2076 2010 mortem
2099 1975 2189 2011 servi
2211 1976 2266 2011 vel
2290 1975 2351 2011 filii
2374 1976 2470 2011 intra

1381 2029 1514 2055 annum
1536 2019 1656 2065 potuit
1679 2020 1858 2055 conveniri
1888 2020 1933 2056 de
1963 2020 2123 2066 peculio,
2153 2020 2258 2056 heres
2290 2022 2468 2064 exstitero,

1381 2068 1402 2101 6
1448 2065 1576 2110 procul
1606 2064 1716 2100 dubio
1747 2065 1922 2101 deducam
1953 2066 2049 2111 quod
2071 2066 2156 2101 mihi
2179 2065 2340 2102 debetur.
2389 2066 2469 2102 Sive

1382 2114 1502 2145 autem
1532 2120 1576 2145 ex
1608 2114 1797 2146 contractu
1820 2110 1906 2156 quid
1930 2110 2071 2146 domino
2097 2111 2225 2147 debeat
2246 2111 2320 2147 sive
2343 2122 2388 2148 ex
2410 2122 2468 2147 ra-

1380 2156 1519 2191 tionum
1549 2155 1714 2201 reliquis,
1746 2155 1899 2192 deducet
1929 2156 2103 2192 dominus.
2140 2156 2204 2192 sed
2227 2161 2264 2192 et
2286 2157 2317 2192 si
2341 2167 2385 2193 ex
2407 2157 2468 2193 de-

1380 2201 1465 2236 licto
1490 2201 1523 2236 ei
1547 2200 1686 2243 debeat,
1710 2205 1752 2236 ut
1774 2205 1864 2246 puta
1887 2201 1932 2237 ob
1955 2201 2093 2237 furtum
2115 2201 2212 2247 quod
2234 2202 2331 2245 fecit,
2357 2213 2469 2247 aeque

1381 2246 1587 2282 deducetur.
1624 2246 1689 2282 sed
1701 2250 1756 2282 est
1791 2246 1996 2290 uaestionis,
2017 2251 2138 2282 utrum
2154 2246 2235 2292 ipsa
2253 2246 2342 2283 furti
2362 2248 2467 2283 aesti-

1380 2291 1509 2334 matio,
1541 2291 1579 2326 id
1603 2295 1657 2327 est
1678 2291 1716 2327 id
1739 2301 1779 2327 so
1794 2302 1854 2327 um
1877 2291 1974 2337 quod
1997 2292 2138 2328 domino
2163 2292 2283 2335 abest,
2315 2303 2361 2328 an
2384 2303 2466 2329 vero

1379 2340 1533 2378 tantum,
1556 2340 1748 2382 quantum,
1780 2336 1811 2372 si
1833 2337 1969 2372 alienus
1994 2347 2117 2373 servus
2149 2337 2399 2381 commisisset,
2431 2338 2468 2373 id

1382 2387 1436 2418 est
1471 2392 1552 2417 cum
1585 2381 1673 2417 furti
1706 2382 1857 2427 poenis?
1899 2382 1962 2417 sed
2001 2382 2100 2427 prior
2138 2383 2315 2419 sententia
2353 2383 2468 2419 verior

1377 2430 1401 2462 -7
1449 2430 1521 2470 est,
1555 2431 1596 2462 ut
1624 2427 1705 2472 ipsa
1734 2426 1823 2462 furti
1845 2428 2045 2463 aestimatio
2071 2428 2148 2463 sola
2171 2427 2381 2464 deducatur.
2431 2428 2469 2464 Si

1379 2472 1392 2508 i
1419 2483 1458 2508 se
1481 2482 1603 2508 servus
1628 2483 1707 2508 sese
1729 2472 1943 2516 vulneravit,
1976 2483 2049 2508 non
2080 2472 2186 2509 debet
2207 2473 2276 2509 hoc
2300 2473 2468 2509 damnum

1406 2518 1575 2560 educere,
1609 2528 1681 2553 non
1712 2517 1825 2570 magis
1849 2528 1956 2563 quam
1980 2518 2010 2553 si
2033 2528 2072 2554 se
2094 2518 2266 2554 occiderit
2286 2519 2341 2554 vel
2364 2529 2467 2564 prae-

1382 2563 1599 2608 cipitaverit:
1624 2563 1708 2599 licet
1727 2573 1820 2598 emm
1840 2563 1945 2598 etiam
1966 2563 2076 2599 servis
2094 2564 2304 2599 naturaliter
2314 2564 2352 2598 in
2364 2574 2467 2599 suum

1382 2618 1512 2653 corpus
1537 2608 1682 2644 saevire.
1717 2607 1781 2644 sed
1804 2608 1835 2643 si
1857 2618 1880 2643 a
1910 2618 1949 2644 se
1978 2608 2202 2644 vulneratum
2233 2618 2372 2644 servum
2403 2608 2465 2644 do-

1379 2654 1495 2689 minus
1529 2653 1721 2695 curaverit,
1753 2657 1958 2699 sumptuum
1988 2654 2130 2690 nomine
2160 2654 2354 2689 debitorem
2386 2664 2466 2689 eum

1381 2699 1523 2734 domino
1547 2702 1635 2744 puto
1668 2698 1851 2741 effectum,
1883 2709 2118 2744 quamquam,
2150 2699 2179 2734 si
2209 2709 2354 2744 aegrum
2385 2709 2465 2734 eum

1380 2747 1400 2779 8
1448 2748 1621 2787 curasset,
1644 2754 1720 2779 rem
1744 2754 1845 2779 suam
1895 2744 1988 2779 otius
2013 2744 2151 2789 egisset.
2200 2743 2289 2779 Item
2313 2744 2464 2779 deduce-

1378 2793 1438 2824 tur
1472 2789 1515 2824 de
1546 2789 1707 2834 peculio,
1740 2789 1770 2824 si
1801 2755 1892 2834 quici’
1909 2789 2071 2825 dominus
2095 2789 2187 2824 servi
2210 2789 2353 2825 nomine
2376 2789 2464 2825 obli-

1403 2838 1483 2870 atus
1507 2839 1563 2869 est
1586 2838 1650 2869 aut
1672 2834 1851 2880 praestitit
1874 2834 2069 2879 obligatus:
2094 2834 2147 2869 ita
2170 2835 2201 2870 si
2224 2834 2308 2880 quid
2333 2835 2365 2870 ei
2389 2845 2464 2870 cre-

1406 2880 1491 2914 'tum
1516 2883 1571 2915 est
1592 2879 1693 2915 iussu
1716 2879 1865 2915 domini:
1890 2889 1974 2914 nam
1996 2879 2066 2915 hoc
2089 2879 2334 2915 deducendum
2359 2880 2464 2915 Iulia-

1379 2935 1447 2960 nus
1470 2925 1562 2960 libro
1586 2924 1795 2960 duodecimo
1819 2924 2035 2968 digestorum
2058 2924 2191 2960 scribit.
2229 2924 2292 2960 sed
2322 2925 2392 2960 hoc
2414 2925 2466 2959 ita

1379 2970 1519 3006 demum
1541 2980 1663 3005 verum
1686 2974 1784 3015 puto,
1810 2969 1840 3004 si
1864 2980 1936 3004 non
1958 2969 1995 3004 in
2019 2980 2094 3005 rem
2118 2969 2251 3005 domini
2273 2970 2329 3006 vel
2351 2970 2465 3015 patris

1378 3015 1474 3060 quod
1497 3019 1683 3060 acceptum
1707 3018 1761 3050 est
1783 3014 1959 3059 pervenit:
1992 3014 2148 3060 alioquin
2179 3025 2299 3050 secum
2323 3015 2466 3050 debebit

1379 3071 1457 3096 com
1484 3070 1619 3095 ensare.
1657 3059 1720 3095 sed
1743 3062 1780 3094 et
1802 3059 1833 3094 si
1881 3070 1921 3094 ro
1954 3069 2054 3095 servo
2085 3059 2319 3103 fideiusserit‚
2354 3059 2463 3095 dedu-

1379 3115 1443 3140 cen
1469 3116 1530 3140 um
1553 3104 1711 3140 Iulianus
1741 3104 1832 3140 libro
1855 3070 2064 3140 guodecimo
2089 3105 2305 3150 digestorum
2328 3105 2461 3140 scribit.

1378 3150 1570 3186 Marcellus
1601 3153 1721 3186 autem
1750 3149 1787 3185 in
1820 3153 1990 3194 utroque,
2025 3150 2055 3185 si
2085 3150 2243 3185 nondum
2298 3150 2463 3203 nicquam

1379 3195 1520 3231 domino
1545 3195 1660 3238 absit,
1683 3195 1809 3231 melius
1833 3204 1912 3230 esse
1935 3195 1986 3230 ait
2003 3198 2191 3247 praestare
2214 3206 2274 3231 cre
2300 3195 2399 3237 ‘ton,
2423 3199 2464 3229 ut

1379 3244 1504 3276 caveat
1518 3240 1577 3276 ille
1598 3239 1801 3276 refusurum
1824 3249 1873 3282 se,
1898 3240 1928 3275 si
1953 3240 2037 3285 quid
2085 3240 2277 3276 raestiterit
2300 3240 2462 3275 dominus

1378 3286 1448 3321 hoc
1480 3286 1622 3321 nomine
1645 3289 1858 3327 conventus,
1895 3295 2003 3337 quam
2036 3295 2058 3320 a
2112 3285 2214 3321 initio
2243 3285 2388 3328 deduci,
2423 3288 2463 3320 ut

1378 3330 1483 3366 medii
1516 3330 1686 3375 temporis
1718 3330 1973 3366 interusunum
2005 3330 2117 3375 magis
2151 3330 2306 3366 creditor
2337 3339 2461 3365 conse-

1402 3379 1521 3411 uatur.
1558 3375 1621 3411 sed
1649 3375 1679 3411 si
1710 3375 1755 3411 de
1810 3374 1922 3411 eculio
1954 3380 2148 3411 conventus
2180 3375 2344 3411 dominus
2376 3386 2460 3410 con-

1405 3424 1566 3456 emnatus
1585 3424 1649 3463 est,
1675 3420 1819 3456 debebit
1842 3419 1886 3455 de
1909 3421 2070 3466 sequenti
2093 3420 2235 3456 actione
2258 3420 2303 3455 de
2321 3419 2460 3466 peculio

1381 3465 1525 3501 deduci:
1557 3466 1675 3511 coepit
1706 3465 1800 3501 enim
1831 3465 1993 3501 dominus
2026 3466 2080 3501 vel
2110 3469 2214 3511 pater
2236 3465 2383 3500 iudicati
2406 3469 2458 3499 te-

1378 3578 1473 3622 pedit
1484 3579 1519 3611 F
1617 3581 1661 3621 (6)
1685 3578 1848 3612 habetF²
1952 3580 1995 3619 (7)
2019 3579 2051 3611 ei
2064 3579 2125 3613 del.

1378 3627 1453 3656 tran
1467 3624 1501 3656 F
1643 3625 1688 3665 (9)
1711 3625 1944 3657 imminuerint
1957 3623 2001 3657 F·

1379 3670 1435 3712 (11)
1459 3668 1632 3702 dubitater
1643 3669 1680 3703 F

2231 3579 2274 3620 (8)
2300 3577 2458 3610 adminis-

2158 3624 2218 3665 (ιο)
2243 3622 2418 3656 defendum
2431 3622 2465 3655 F
