2528 3918
109 122 264 154 PACTIS

109 232 153 268 de
187 242 225 267 re
255 231 416 277 publica,
449 240 522 265 non
545 229 669 265 liceat:
704 239 796 275 quae
820 228 1001 265 distinctio
1025 239 1109 265 vera
1133 234 1197 265 est.

109 281 144 313 et
177 277 214 312 in
253 276 381 312 ceteris
411 275 519 320 igitur
549 274 714 310 omnibus
750 274 797 309 ad
833 274 988 309 edictum
1023 275 1198 320 praetoris

107 321 385 368 pertinentibus,
411 330 503 365 quae
526 330 599 355 non
622 319 669 355 ad
692 319 874 364 publicam
896 320 1110 363 laesionem,
1135 319 1199 356 sed

107 367 154 403 ad
176 378 250 402 rem
272 365 483 402 familiarem
506 375 563 400 res
590 365 721 407 iciunt,
752 364 890 409 pacisci
912 365 1015 401 licet:
1047 375 1132 401 nam
1164 368 1200 400 et

111 416 149 448 15
197 412 241 447 de
272 411 370 446 furto
401 410 538 456 pacisci
575 421 619 446 ex
641 409 825 455 permittit.
875 409 947 446 Sed
983 414 1018 446 et
1053 410 1084 446 si
1119 410 1198 463 quis

105 457 328 503 paciscatur,
360 466 405 491 ne
429 455 581 501 depositi
604 459 705 500 agat,
740 455 938 491 secundum
960 456 1198 501 Pompomum

104 503 199 539 valet
220 505 377 555 pactum.
425 501 511 537 item
534 501 565 536 si
588 501 667 547 quis
691 503 820 546 pactus
846 501 910 543 sit,
944 505 986 536 ut
1018 511 1062 536 ex
1086 511 1199 537 causa

106 547 259 593 depositi
293 557 398 582 omne
432 546 631 592 periculum
664 549 840 591 praestet,
883 546 1102 592 Pomponius
1146 547 1198 582 ait

103 593 307 639 pactionem
329 592 448 627 valere
471 602 538 627 nec
562 592 664 637 quasi
690 595 816 627 contra
839 591 926 627 iuris
950 592 1101 627 formam
1118 591 1196 628 fac-

107 641 147 674 16
193 642 268 673 tam
300 647 373 673 non
405 647 483 673 esse
514 637 736 672 servandam.
783 636 834 671 Et
864 638 1077 682 generaliter
1108 648 1196 683 quo-

102 683 196 719 tiens
219 686 366 728 pactum
390 693 412 717 a
434 683 512 718 iure
537 682 716 718 communi
746 685 922 718 remotum
955 687 1029 726 est,
1064 683 1197 718 servari

103 729 173 765 hoc
204 739 278 764 non
311 731 470 774 oportet:
504 738 571 763 nec
602 728 730 773 legari,
767 738 835 763 nec
868 727 1118 763 iusiurandum
1153 728 1197 764 de

103 775 173 810 hoc
208 773 400 809 adactum¹
436 783 482 809 ne
517 773 595 819 quis
632 776 716 818 agat
751 773 965 809 servandum
1000 773 1195 810 Marcellus

102 820 192 855 libro
217 819 374 855 secundo
400 818 616 864 digestorum
641 819 784 854 scribit:
818 822 854 854 et
885 819 916 854 si
940 820 1124 865 stipulatio
1150 819 1197 855 sit

101 864 314 910 interposita
338 864 383 899 de
405 864 474 907 his,
498 874 564 911 pro
589 864 719 910 quibus
743 864 881 909 pacisci
904 875 977 900 non
1000 865 1095 908 licet,
1121 875 1195 900 ser-

105 913 146 945 17
194 909 311 945 vanda
334 920 407 945 non
432 913 504 953 est,
539 909 603 945 sed
627 909 829 946 omnimodo
861 910 1109 946 rescindenda.
1159 910 1197 945 Si

102 958 186 991 ante
210 955 343 991 aditam
366 955 599 990 hereditatem
622 955 829 1000 paciscatur
852 956 931 1001 quis
967 967 1048 991 cum
1082 955 1195 991 credi-

101 1001 240 1037 toribus
275 1004 317 1035 ut
351 1001 468 1036 minus
503 1001 683 1043 solvatur,
720 1005 868 1046 pactum
902 1002 1093 1037 valiturum
1129 1005 1193 1037 est.

106 1048 146 1082 18
194 1045 266 1082 Sed
301 1046 332 1081 si
367 1055 491 1081 servus
524 1046 590 1088 sit,
627 1046 689 1092 qui
719 1046 916 1091 paciscitur
926 1047 950 1089 ²,
987 1048 1196 1093 priusquam

101 1092 305 1127 libertatem
330 1095 366 1127 et
388 1091 623 1127 hereditatem
653 1092 857 1137 apiscatur,
891 1093 974 1137 quia
1007 1093 1074 1128 sub
1109 1103 1194 1128 con-

103 1137 244 1173 dicione
263 1137 367 1173 heres
388 1137 543 1182 scriptus
564 1136 692 1179 fuerat,
714 1148 786 1172 non
806 1137 1036 1182 profuturum
1048 1141 1196 1184 pactum

103 1182 253 1218 Vindius
286 1182 429 1218 scribit:
461 1182 654 1218 Marcellus
687 1186 807 1218 autem
830 1183 921 1218 libro
948 1188 1074 1219 octavo
1100 1183 1195 1219 deci-

102 1238 160 1263 mo
186 1228 402 1273 digestorum
425 1231 461 1263 et
484 1238 589 1263 suum
612 1228 779 1263 heredem
805 1231 840 1264 et
863 1239 1005 1264 servum
1029 1239 1194 1264 necessa-

102 1274 193 1309 rium
217 1283 307 1319 pure
330 1273 495 1319 scriptos,
520 1273 743 1319 paciscentes
767 1274 977 1319 priusquam
1001 1285 1040 1310 se
1062 1274 1194 1309 immis—

103 1322 209 1354 ceant
231 1322 339 1364 putat
361 1322 461 1355 recte
483 1319 638 1364 pacisci,
671 1319 769 1364 quod
792 1329 915 1354 verum
939 1324 1004 1355 est.
1042 1320 1136 1355 idem
1161 1323 1195 1354 et

101 1364 138 1400 in
158 1368 327 1400 extraneo
347 1364 495 1399 herede:
518 1364 579 1410 qui
599 1365 631 1400 si
642 1364 815 1400 mandatu
828 1365 1043 1400 creditorum
1056 1365 1196 1407 adierit,

102 1409 209 1445 etiam
241 1409 402 1445 mandati
432 1413 539 1455 putat
569 1420 650 1445 eum
681 1410 815 1445 habere
847 1411 1034 1446 actionem.
1072 1411 1136 1446 sed
1166 1411 1196 1445 si

102 1455 201 1501 quis,
238 1458 280 1490 ut
309 1465 352 1490 su
379 1465 421 1490 ra
451 1455 674 1498 rettulimus,
706 1455 744 1490 in
777 1456 947 1492 servitute
977 1459 1105 1501 pactus
1131 1460 1195 1498 est,

101 1504 208 1553 negat
231 1500 356 1536 Marce
384 1511 446 1543 us,
479 1501 648 1546 quoniam
671 1511 745 1536 non
769 1501 861 1537 solet
884 1502 916 1537 ei
939 1502 1134 1547 proficere,
1167 1502 1197 1536 si

101 1546 185 1592 quid
208 1546 246 1580 in
270 1546 439 1581 servitute
462 1546 543 1591 egit,
567 1550 650 1591 post
672 1546 893 1582 libertatem:
919 1546 1016 1627 quod
1038 1548 1075 1582 in
1098 1548 1197 1592 pacti

101 1591 311 1637 exceptione
334 1591 594 1627 admittendum
619 1595 684 1627 est.
721 1592 785 1627 sed
810 1602 857 1627 an
880 1603 922 1628 ve
959 1592 1032 1628 doli
1057 1593 1089 1628 ei
1112 1603 1195 1637 pro-

100 1637 148 1672 sit
171 1637 344 1682 exceptio,
371 1637 564 1682 quaeritur.
611 1637 806 1673 MarceHus
838 1637 876 1672 in
906 1637 1080 1673 similibus
1115 1648 1195 1683 spe·

101 1682 223 1717 ciebus
247 1683 331 1718 licet
354 1685 462 1717 antea
485 1682 679 1726 dubitavit,
704 1686 824 1718 tamen
849 1683 1009 1718 admisit:
1044 1687 1085 1718 ut
1107 1687 1197 1728 puta

100 1727 195 1763 filius
225 1727 379 1763 familias
403 1727 507 1763 heres
531 1728 717 1764 institutus

100 1773 238 1808 toribus
274 1777 311 1808 et
342 1773 588 1818 emancipatus
624 1773 713 1809 adiit

100 1817 174 1854 doli
210 1829 291 1854 eum
321 1829 429 1864 posse
452 1819 506 1854 uti
530 1829 617 1854 exce
644 1819 751 1855 tione.
789 1819 883 1854 idem
914 1820 1065 1865 probat,
1100 1824 1135 1855 et
1166 1820 1197 1855 si

99 1863 193 1899 filius
217 1864 294 1899 vivo
319 1868 421 1909 patre
441 1874 523 1899 cum
543 1875 603 1900 cre
632 1864 781 1900 ‘toribus
801 1865 961 1910 paternis
981 1869 1110 1910 pactus
1131 1865 1194 1900 sit:

100 1919 182 1944 nam
215 1913 250 1944 et
273 1909 356 1944 hic³
381 1909 452 1945 doli
478 1910 724 1955 exceptionem
747 1909 986 1955 profuturam.
1022 1910 1129 1946 immo
1162 1914 1197 1945 et

103 1957 143 1989 19
190 1954 227 1989 in
252 1965 351 1990 servo
377 1955 448 1990 doli
473 1956 635 2000 exceptio
660 1966 733 1990 non
758 1959 812 1991 est
831 1955 1044 2000 respuenda.
1080 1955 1196 1991 Hodie

100 2003 222 2035 tamen
253 2000 304 2035 ita
329 2000 469 2035 demum
492 2001 612 2045 pactio
637 2001 842 2036 huiusmodi
867 2001 1105 2036 creditoribus
1129 2001 1193 2036 ob-

100 2048 173 2087 est,
210 2045 240 2081 si
272 2046 504 2081 convenerint
534 2046 572 2081 in
604 2057 715 2081 unum
748 2050 784 2081 et
815 2046 993 2082 communi
1018 2057 1196 2082 consensu

100 2090 378 2133 declaraverint,
416 2094 528 2136 quota
559 2094 663 2136 parte
696 2091 807 2126 debiti
844 2092 1003 2127 contenti
1039 2092 1128 2127 sint:
1166 2092 1196 2127 si

99 2146 183 2171 vero
218 2135 450 2179 dissentiant,
485 2140 573 2172 tunc
607 2137 786 2182 praetoris
818 2141 940 2189 partes
971 2137 1197 2173 necessariae

100 2184 195 2223 sunt,
221 2181 281 2226 qui
306 2181 449 2217 decreto
476 2192 542 2217 suo
567 2186 736 2228 sequetur
759 2182 904 2218 maioris
928 2183 1042 2228 partis
1067 2183 1193 2218 volun-

100 2230 222 2261 tatem.

146 2269 170 2309 8
195 2271 443 2307 PAPlNJANUs
459 2272 550 2308 libro
571 2272 707 2308 decimo
729 2284 985 2320 responsorum
1021 2273 1195 2308 Maiorem

100 2327 178 2352 esse
201 2321 340 2362 partem
363 2328 429 2362 pro
454 2318 558 2353 modo
585 2317 714 2360 debiti,
746 2329 819 2354 non
850 2329 916 2364 pro
941 2329 1088 2354 numero
1112 2329 1194 2364 per—

100 2372 269 2398 sonarum
299 2362 446 2407 placuit.
484 2363 580 2408 quod
611 2363 643 2398 si
677 2363 845 2408 aequales
878 2363 951 2398 sint
979 2364 1017 2399 in
1053 2364 1194 2399 cumulo

100 2407 229 2450 debiti,
263 2411 350 2443 tunc
373 2407 528 2452 plurium
553 2418 721 2444 numerus
746 2408 964 2444 creditorum
986 2408 1194 2454 praeferen-

99 2452 166 2488 dus
191 2456 255 2488 est.
292 2453 330 2488 in
353 2463 500 2489 numero
524 2457 645 2489 autem
676 2454 756 2499 pari
788 2454 1005 2489 creditorum
1037 2455 1194 2490 auctori-

100 2502 211 2533 tatem
234 2497 310 2533 eius
335 2502 506 2543 sequetur
528 2503 692 2544 praetor,
726 2499 787 2545 qui
821 2499 992 2544 dignitate
1015 2499 1109 2535 inter
1134 2510 1195 2535 eos

100 2543 296 2588 praecellit.
333 2544 389 2578 sin
424 2547 546 2579 autem
581 2544 700 2580 omnia
730 2544 889 2590 undique
919 2545 958 2579 in
993 2555 1104 2580 unam
1136 2555 1194 2580 ae-

96 2589 310 2634 qualitatem
344 2592 580 2632 concurrant,
615 2590 805 2625 humanior
836 2590 1014 2625 sententia
1045 2601 1068 2625 a
1090 2601 1194 2636 prae-

99 2637 182 2714 tori?¹
211 2634 371 2679 eligenda
403 2638 468 2669 est.
503 2634 574 2670 hoc
599 2635 691 2670 enim
717 2645 761 2670 ex
784 2635 855 2671 divi
878 2635 995 2671 Marci
1018 2636 1194 2681 rescripto

101 2689 143 2715 co
173 2679 180 2686 '
207 2679 215 2687 '
267 2683 371 2714 otest.

147 2690 358 2762 9g2'fvhvs
385 2725 475 2761 libro
501 2726 756 2771 seoeaqensimo
781 2726 940 2761 secundo
965 2726 1015 2761 ad
1038 2726 1193 2762 edictum

101 2769 139 2805 Si
162 2770 283 2815 plures
308 2770 381 2805 sint
414 2770 474 2815 qui
507 2770 656 2806 eandem
688 2770 866 2806 actionem
898 2771 1051 2814 habent,
1088 2772 1194 2806 unius

100 2814 179 2850 loco
216 2815 406 2850 habentur.
451 2819 492 2850 ut
523 2819 612 2861 puta
643 2815 763 2861 plures
796 2819 881 2851 sunt
915 2816 967 2851 rei
1000 2816 1045 2851 sti
1074 2817 1194 2852 ulandi

100 2860 156 2895 vel
189 2861 308 2905 plures
345 2861 554 2906 argentarii,
590 2872 742 2906 quorum
776 2862 922 2896 nomina
957 2861 1023 2896 sim
1095 2861 1196 2897 facta

101 2909 204 2940 sunt:
230 2906 336 2941 unius
360 2906 439 2941 loco
464 2907 767 2949 numerabuntur,
816 2906 878 2941 uia
901 2918 1012 2941 unum
1037 2906 1195 2942 debitum

101 2953 165 2985 est.
210 2955 246 2986 et
282 2962 363 2986 cum
395 2954 533 2987 tutores
568 2952 695 2997 pupilli
731 2962 790 2987 cre
818 2952 916 2987 'toris
952 2952 1071 2997 plures
1109 2963 1194 2988 con-

101 2996 291 3039 venissent,
316 2996 421 3031 unius
445 2997 525 3032 loco
549 3001 805 3040 numerantur,
830 2998 914 3042 quia
938 2998 1043 3033 unius
1068 2998 1195 3050 pupilli

101 3041 242 3076 nomine
266 3045 516 3077 convenerant.
554 3052 620 3077 nec
643 3053 716 3078 non
741 3046 776 3077 et
799 3053 892 3078 unus
917 3047 1016 3078 tutor
1038 3044 1194 3088 plurium

101 3086 317 3131 pupillorum
347 3087 490 3122 nomine
513 3098 625 3122 unum
648 3087 807 3123 debitum
829 3088 1141 3133 praetendentium
1164 3088 1195 3123 si

102 3132 316 3174 convenerit,
340 3132 477 3177 placuit
499 3132 605 3168 unius
629 3133 709 3168 loco
735 3143 823 3168 esse.
858 3144 940 3168 nam
961 3133 1106 3169 difficile
1128 3137 1193 3176 est,

102 3179 143 3210 ut
167 3187 259 3212 unus
282 3177 390 3212 homo
416 3177 567 3212 duorum
590 3178 703 3213 vicem
728 3178 914 3213 sustineat.
953 3190 1036 3214 nam
1061 3190 1127 3214 nec
1150 3179 1193 3221 is,

101 3221 162 3265 qui
185 3222 305 3266 plures
330 3222 489 3258 actiones
513 3223 642 3265 habet,
675 3223 844 3258 adversus
870 3234 970 3266 eum,
1003 3225 1063 3269 qui
1087 3235 1195 3259 unam

102 3266 278 3302 actionem
310 3267 437 3310 habet,
470 3268 624 3312 plurium
647 3279 880 3313 personarum
904 3269 983 3304 loco
1009 3269 1193 3314 accipitur.

105 3313 130 3362 1·
170 3310 357 3348 Cumulum
389 3312 499 3348 debiti
531 3316 567 3348 et
591 3313 638 3348 ad
661 3314 782 3358 plures
807 3324 964 3349 summas
987 3314 1194 3357 referemus,

101 3365 133 3389 si
163 3356 225 3391 uni
254 3356 350 3392 forte
380 3358 538 3393 minutae
569 3369 728 3394 summae
753 3363 894 3394 centum
918 3370 1109 3395 aureorum
1134 3360 1194 3395 de-

102 3399 272 3452 beantur,
309 3402 369 3437 alii
398 3413 481 3438 vero
513 3413 586 3438 una
622 3414 760 3439 summa
795 3414 986 3440 aureorum
1018 3405 1194 3450 quinqua-

100 3449 217 3489 ginta:
243 3457 326 3482 nam
348 3448 386 3482 in
409 3448 506 3482 hunc
531 3458 654 3483 casum
674 3449 916 3493 spectabimus
939 3460 1095 3485 summas
1115 3451 1192 3495 plu-

102 3499 176 3532 res,
210 3491 292 3535 quia
315 3492 396 3527 illae
420 3492 598 3528 excedunt
620 3494 658 3528 in
682 3504 790 3529 unam
813 3505 987 3530 summam
1012 3496 1192 3530 coaduna-

767 1731 870 1764 actus
895 1732 950 1764 est
975 1739 1056 1764 cum
1081 1729 1195 1764 credi-

773 1774 1002 1809 ereditatem:
1040 1778 1076 1809 et
1111 1774 1199 1809 dicit

102 3647 144 3698 (1)
169 3658 230 3680 nec
243 3647 350 3690 legari
360 3674 368 3684 .
379 3673 386 3681 .
399 3675 405 3682 .
416 3650 583 3692 adactum]
598 3653 775 3696 requiritur
788 3654 853 3687 tale
866 3654 948 3696 quid
955 3666 966 3687 .·
980 3664 1041 3686 nec
1055 3654 1095 3686 de
1108 3664 1147 3686 ea
1159 3663 1195 3686 re

106 3692 341 3726 iusiurandum
352 3694 390 3726 in
401 3694 463 3726 hoc
477 3695 632 3729 adactum
725 3698 768 3739 (2)
793 3699 946 3740 pascitur
959 3699 992 3731 F
1078 3700 1122 3740 (3)
1147 3700 1196 3732 sic

109 3735 143 3769 F'
150 3736 160 3756 ¹
175 3749 243 3770 cum
256 3738 302 3780 Β,
323 3739 403 3771 huic
416 3738 498 3773 F²S
633 3742 677 3782 (4)
701 3743 750 3776 εἰσ
771 3742 801 3775 S
822 3755 889 3776 cum
912 3744 958 3785 B,
982 3743 1142 3786 ulpianus
1166 3743 1200 3775 F

1206 104 1260 151 29

2241 110 2368 153 1114

1268 232 1289 265 2
1336 233 1406 265 tae.

1268 285 1409 311 usuras.

1465 230 1634 265 Summae
1669 234 1789 266 autem
1825 232 2007 278 applicare
2043 231 2215 268 debemus
2263 233 2367 269 etiam

1318 319 1368 358 10
1401 320 1598 356 ULPIANUS
1618 320 1710 356 libro
1733 324 1864 367 quarto
1886 322 1937 357 ad
1957 322 2112 358 edictum
2137 322 2367 368 Rescriptum

1268 369 1388 401 autem
1409 365 1480 402 divi
1497 365 1615 401 Marci
1634 366 1686 401 sic
1706 366 1876 418 loquitur,
1901 368 2005 412 quasi
2025 378 2148 404 omnes
2170 369 2368 405 creditores

1269 410 1424 446 debeant
1460 411 1660 447 convenire.
1709 412 1796 457 quid
1831 422 1913 456 ergo
1951 413 1981 448 si
2018 413 2163 458 quidam
2198 415 2367 450 absentes

1268 457 1365 491 sint?
1388 467 1475 492 num
1499 456 1700 501 exemplum
1749 458 1966 492 raesentium
1990 459 2156 495 absentes
2181 460 2282 506 sequi
2307 460 2367 495 de-

1267 502 1402 537 beant?
1426 501 1489 538 sed
1514 512 1561 537 an
1582 506 1618 537 et
1637 502 1694 547 pri
1718 502 1726 509 ‘
1744 502 1883 547 egiariis
1904 504 2113 540 absentibus
2133 505 2225 541 haec
2245 506 2365 551 pactio

1268 551 1415 591 noceat,
1449 547 1629 592 eleganter
1651 550 1851 583 tractatur:
1885 548 1917 582 si
1940 549 2044 584 modo
2069 550 2163 586 valet
2185 551 2306 596 pactio
2333 555 2369 586 et

1268 596 1395 628 contra
1415 593 1594 629 absentes.
1621 595 1657 628 et
1677 596 1802 638 repeto
1826 597 1910 628 ante
1929 594 2082 629 formam
2103 606 2125 630 a
2146 596 2226 631 divo
2240 597 2367 632 Marco

1268 637 1390 673 datam
1413 638 1532 674 divum
1555 638 1660 674 Pium
1684 638 1910 684 rescripsisse
1933 639 2060 674 fiscum
2084 652 2227 687 quoque
2250 642 2288 677 in
2311 642 2367 678 his

1268 683 1432 727 casibus,
1457 684 1494 719 in
1519 684 1648 729 quibus
1672 684 1894 730 hypothecas
1919 695 1991 719 non
2014 685 2142 728 habet,
2169 691 2204 722 et
2228 691 2368 723 ceteros

1266 729 1522 808 grivilegiarios
1562 730 1763 774 exemplum
1799 729 2016 765 creditorum
2051 732 2152 775 sequi
2189 737 2366 777 oportere.

1292 785 1356 810 aec
1381 775 1475 810 enim
1499 775 1619 810 omnia
1642 775 1679 810 in
1703 775 1758 810 his
1784 775 2033 818 creditoribus,
2060 777 2121 821 qui
2143 777 2368 822 hypothecas

1270 822 1284 854 1
1334 831 1407 855 non
1430 821 1577 863 habent,
1603 820 1849 856 conservanda
1874 823 1968 856 sunt.
2007 820 2044 855 Si
2067 826 2175 866 pacto
2203 824 2367 859 subiecta
2398 833 2400 835 “

1267 865 1313 900 sit
1336 876 1476 910 poenae
1499 866 1695 911 stipulatio,
1721 866 1917 911 quaeritur,
1942 869 2064 901 utrum
2083 868 2182 912 pacti
2204 870 2367 914 exceptio

1265 911 1386 946 locum
1409 911 1542 947 habeat
1566 922 1614 946 an
1639 921 1683 946 ex
1707 911 1881 956 stipulatu
1905 912 2012 948 actio.
2062 911 2218 948 Sabinus
2250 918 2367 959 putat,

1267 956 1364 1001 quod
1389 960 1444 992 est
1466 957 1597 1000 verius,
1622 960 1776 1009 utraque
1799 957 1858 992 via
1881 957 1935 992 uti
1958 967 2066 1002 posse
2090 962 2200 1003 prout
2224 959 2368 1005 elegerit

1266 1002 1328 1047 qui
1359 1002 1551 1047 stipulatus
1586 1006 1659 1038 est:
1695 1012 1726 1038 si
1756 1006 1877 1038 tamen
1910 1013 1954 1037 ex
1979 1013 2091 1038 causa
2113 1004 2214 1048 pacti
2238 1015 2367 1050 excep-

1265 1048 1364 1083 tione
1387 1051 1523 1090 utatur,
1548 1058 1704 1093 aequum
1728 1048 1795 1083 erit
1819 1051 1968 1093 accepto
1996 1059 2077 1083 eum
2101 1050 2369 1095 stipulationem

1267 1095 1286 1127 2
1332 1092 1437 1129 ferre.
1486 1093 1702 1139 Plerumque
1732 1093 1887 1129 solemus
1922 1093 2040 1129 dicere
2075 1094 2149 1130 doli
2185 1105 2272 1131 exce
2298 1096 2367 1131 tio-

1266 1148 1347 1173 nem
1369 1138 1567 1175 subsidium
1588 1149 1667 1174 esse
1686 1139 1786 1184 pacti
1806 1139 2044 1184 exceptionis:
2069 1140 2245 1185 quosdam
2293 1141 2367 1176 eni-

1267 1195 1354 1229 que,
1380 1185 1442 1230 qui
1467 1184 1677 1229 exceptione
1696 1184 1799 1264 facti
1823 1185 1877 1219 uti
1901 1195 1974 1220 non
1997 1189 2171 1230 possunt,
2209 1186 2282 1221 doli
2306 1197 2366 1221 ex-

1267 1230 1432 1274 ceptione
1466 1240 1596 1265 usuros
1630 1233 1665 1265 et
1715 1230 1858 1265 ulianus
1890 1230 2016 1265 scribit
2047 1235 2083 1266 et
2115 1231 2175 1266 alii
2208 1232 2369 1277 plerique

1268 1275 1506 1310 consentiunt.
1543 1278 1585 1310 ut
1616 1278 1706 1327 puta
1730 1276 1760 1311 si
1783 1279 1999 1320 procurator
2023 1286 2123 1311 meus
2144 1277 2366 1328 paciscatur,

1267 1321 1429 1365 exceptio
1455 1320 1526 1356 doli
1550 1321 1636 1355 mihi
1660 1320 1830 1365 proderit,
1857 1324 1897 1355 ut
1922 1321 2093 1357 Trebatio
2119 1322 2279 1365 videtur,
2306 1323 2368 1368 qui

1266 1370 1390 1444 pungit,
1423 1366 1529 1401 sicuti
1554 1370 1700 1411 pactum
1723 1366 1970 1412 procuratoris
1994 1367 2079 1401 mihi
2104 1372 2231 1410 nocet,
2256 1368 2308 1403 ita
2333 1372 2368 1404 et

1268 1421 1333 1456 pro
1362 1420 1450 1452 esse,

1317 1455 1363 1493 11
1392 1456 1554 1492 Psvws
1583 1456 1676 1492 libro
1702 1458 1808 1493 tertio
1833 1457 1883 1493 ad
1906 1458 2061 1494 edictum
2109 1458 2194 1504 quia
2218 1462 2254 1494 et
2278 1459 2366 1494 solvi

1268 1503 1299 1537 ei
1349 1506 1454 1537 otest.

1342 1545 1367 1584 2
1400 1547 1596 1583 ULPJANUS
1627 1548 1718 1584 libro
1756 1552 1889 1594 quarto
1924 1548 1974 1583 ad
2004 1549 2158 1585 edictum
2205 1548 2298 1585 Nam
2332 1553 2368 1585 et

1266 1603 1398 1628 nocere
1424 1597 1577 1636 constat,
1603 1593 1676 1628 sive
1701 1594 1733 1628 ei
1756 1593 1923 1629 mandavi
1947 1597 1988 1629 ut
2038 1594 2267 1636 acisceretur‚
2294 1594 2367 1630 sive

1267 1639 1425 1674 omnium
1449 1649 1568 1674 rerum
1592 1649 1753 1674 mearum
1776 1642 1992 1684 procurator
2030 1640 2099 1675 uit:
2125 1643 2166 1674 ut
2187 1643 2222 1675 et
2234 1640 2366 1675 Puteo·

1266 1684 1370 1720 lanus
1394 1684 1486 1719 libro
1511 1684 1626 1729 primo
1651 1684 1935 1720 adsessoriorum
1958 1685 2101 1720 scribit:
2129 1696 2210 1720 cum
2230 1685 2367 1731 placuit

1268 1740 1347 1764 eum
1373 1729 1480 1765 etiam
1502 1739 1578 1764 rem
1601 1730 1640 1764 in
1663 1730 1834 1765 iudicium
1858 1730 2043 1765 deducere.

1316 1772 1366 1812 13
1393 1774 1573 1810 PAULUs⁴
1597 1775 1690 1811 libro
1715 1776 1820 1810 tertio
1845 1775 1896 1810 ad
1918 1776 2072 1811 edictum
2119 1775 2191 1811 Sed
2223 1776 2253 1810 si
2285 1780 2365 1810 tan-

1266 1824 1343 1855 tum
1376 1820 1423 1855 ad
1457 1820 1637 1855 actionem
1671 1823 1887 1865 procurator
1920 1820 2040 1856 factus
2076 1820 2140 1863 sit,
2178 1822 2365 1856 conventio

1266 1865 1366 1901 facta
1390 1865 1533 1901 domino
1558 1876 1630 1900 non
1654 1869 1781 1908 nocet,
1815 1866 1900 1911 quia
1931 1877 1998 1901 nec
2030 1866 2120 1901 solvi
2152 1866 2207 1901 ei⁵
2233 1867 2364 1946 (possit.

1270 1914 1284 1946 1
1336 1910 1407 1946 Sed
1419 1911 1449 1946 si
1460 1911 1496 1945 in
1510 1921 1583 1946 rem
1597 1921 1699 1946 suam
1712 1910 1818 1946 datus
1831 1911 1878 1946 sit
1890 1915 2117 1956 procurator,
2138 1912 2218 1947 loco
2258 1912 2367 1947 omini

1266 1956 1439 1992 habetur:
1466 1960 1503 1992 et
1525 1956 1605 1991 ideo
1631 1956 1845 1992 servandum
1869 1957 1935 1992 erit
1963 1960 2110 2002 pactum
2139 1960 2364 1992 conventum.

1316 2000 1367 2039 14
1401 2001 1598 2037 mmm
1618 2001 1709 2037 libro
1734 2006 1867 2048 quarto
1892 2002 1942 2037 ad
1964 2003 2120 2038 edictum
2175 2003 2266 2038 Item
2290 2013 2365 2037 ma-

1266 2047 1366 2093 gistri
1385 2046 1610 2083 societatium
1627 2050 1776 2092 pactum
1786 2051 1821 2082 et
1840 2048 2012 2092 prodesse
2031 2051 2066 2083 et
2075 2048 2201 2084 obesse
2211 2051 2364 2083 constat.

1316 2091 1366 2130 15
1392 2092 1554 2128 PAULUS
1573 2092 1665 2128 libro
1691 2093 1795 2128 tertio
1820 2093 1870 2128 ad
1891 2093 2047 2129 edictum
2095 2093 2241 2129 Tutoris
2276 2104 2365 2139 quo-

1267 2149 1346 2183 que,
1372 2141 1414 2173 ut
1436 2138 1561 2173 scribit
1584 2137 1757 2181 Iulianus,
1782 2141 1928 2183 pactum
1952 2139 2088 2183 pupillo
2113 2139 2272 2184 prodest.

1316 2181 1367 2221 16
1400 2182 1596 2219 Ummvs
1628 2183 1720 2219 libro
1757 2187 1889 2229 quarto
1926 2184 1976 2219 ad
2010 2184 2166 2219 edictum
2214 2184 2252 2219 Si
2285 2195 2366 2220 cum

1267 2233 1426 2274 emptore
1460 2228 1670 2263 hereditatis
1733 2232 1854 2263 actum
1889 2229 1936 2264 sit
1966 2229 2104 2264 factum
2136 2233 2172 2265 et
2203 2229 2367 2265 venditor

1266 2274 1475 2310 hereditatis
1500 2277 1618 2319 petat,
1654 2274 1723 2309 do’
1751 2274 1912 2319 exceptio
1938 2278 2055 2309 nocet.
2101 2285 2185 2310 nam
2219 2285 2262 2310 ex
2295 2286 2364 2355 qluo

1265 2320 1481 2365 rescriptum
1506 2323 1561 2354 est
1585 2330 1606 2354 a
1630 2319 1710 2355 divo
1734 2319 1799 2354 Pio
1825 2320 1929 2355 utiles
1952 2320 2112 2355 actiones
2133 2320 2286 2366 emptori
2330 2331 2364 2355 e-

1265 2365 1427 2401 reditatis
1453 2364 1609 2407 dandas,
1634 2364 1760 2400 merito
1786 2364 1957 2400 adversus
1981 2365 2201 2401 venditorem
2223 2366 2364 2400 heredi-

1265 2411 1352 2446 tatis
1384 2411 1596 2455 exceptione
1627 2410 1699 2445 doli
1731 2410 1872 2445 debitor
1894 2411 2131 2446 hereditarius
2155 2411 2209 2446 uti
2232 2414 2363 2455 potest.

1268 2459 1283 2490 1
1334 2455 1405 2491 Sed
1438 2459 1474 2491 et
1504 2455 1535 2490 si
1565 2455 1659 2490 inter
1690 2455 1872 2491 dominum
1904 2456 1956 2491 rei
1978 2456 2143 2491 venditae
2167 2459 2203 2491 et
2227 2460 2363 2501 empto-

1265 2511 1340 2537 rem
1374 2501 1616 2543 convenisset,
1650 2504 1692 2536 ut
1714 2501 1822 2537 homo
1847 2501 1907 2546 qui
1933 2505 2072 2545 emptus
2097 2504 2176 2536 erat
2198 2501 2363 2537 reddere-

1264 2550 1335 2589 tur,
1361 2547 1393 2582 ei
1417 2546 1478 2592 qui
1501 2557 1566 2591 pro
1592 2546 1733 2581 domino
1754 2556 1828 2581 rem
1847 2546 2006 2582 vendidit
2025 2546 2186 2591 petenti⁶
2208 2546 2364 2591 pretium

1266 2592 1337 2627 doli
1363 2591 1524 2636 exceptio
1550 2591 1705 2626 nocebit.

1314 2635 1364 2674 17
1390 2637 1448 2672 ΡΑ
1456 2646 1499 2672 Ul.
1507 2646 1551 2671 vs
1570 2636 1662 2672 libro
1686 2637 1790 2670 tertio
1815 2636 1865 2671 ad
1887 2636 2042 2672 edictum
2090 2636 2128 2672 Si
2150 2636 2217 2672 tibi
2241 2637 2364 2673 decem

1266 2682 1344 2717 dem
1370 2686 1405 2717 et
1455 2682 1604 2723 aciscar‚
1629 2685 1670 2716 ut
1693 2681 1815 2726 viginti
1838 2681 1925 2716 mihi
1949 2681 2157 2725 debeantur,
2182 2693 2254 2718 non
2278 2693 2362 2718 nas-

1266 2728 1359 2762 citur
1382 2728 1428 2763 ob
1446 2726 1551 2772 'gatio
1576 2726 1670 2761 ultra
1695 2726 1835 2761 decem:
1860 2737 1900 2761 re
1925 2727 2018 2762 enim
2038 2738 2111 2762 non
2131 2731 2252 2772 potest
2271 2729 2361 2763 obli-

1267 2775 1281 2806 1
1331 2773 1428 2818 gatio
1462 2772 1645 2814 contrahi,
1679 2772 1747 2806 nisi
1771 2775 1948 2817 quatenus
1982 2772 2106 2807 datum
2138 2773 2195 2808 sit.
2245 2773 2361 2818 Quae-

1266 2819 1347 2852 dam
1372 2818 1531 2853 actiones
1554 2827 1619 2862 per
1641 2821 1788 2862 pactum
1811 2817 1824 2852 i
1851 2826 1890 2852 so
1914 2817 1993 2853 iure
2015 2818 2209 2853 tolluntur:
2243 2822 2285 2853 ut
2308 2819 2361 2853 in-

1266 2865 1284 2897 2
1332 2863 1522 2905 iuriarum,
1556 2863 1639 2897 item
1663 2862 1761 2897 furti.
1811 2828 1867 2897 lge
1891 2863 2039 2914 pignore
2062 2864 2141 2899 iure
2163 2864 2360 2900 honorario

1265 2908 1426 2943 nascitur
1451 2908 1520 2943 ex⁷
1543 2910 1650 2952 pacto
1684 2908 1798 2942 actio:
1831 2908 1969 2943 tollitur
2000 2912 2120 2944 autem
2170 2920 2207 2944 er
2232 2920 2360 2954 excep-

1265 2956 1284 2988 3
1332 2953 1478 2995 tionem,
1504 2952 1668 2997 quotiens
1692 2953 1859 2997 paciscor
1882 2963 1927 2988 ne
1950 2958 2082 2999 petam.
2132 2920 2170 2989 gi
2194 2955 2272 3000 quis
2297 2966 2360 2999 pa-

1266 2998 1434 3041 ciscatur,
1459 3008 1505 3033 ne
1529 3008 1551 3032 a
1575 3007 1614 3033 se
1637 3001 1800 3042 petatur,
1826 2998 1890 3034 sed
1914 3002 1955 3034 ut
1979 3000 2025 3034 ab
2049 2999 2181 3035 herede
2204 3003 2360 3045 petatur,

1265 3046 1286 3078 4
1333 3043 1457 3079 heredi
1481 3043 1643 3087 exceptio
1667 3053 1739 3078 non
1764 3043 1932 3088 proderit.
1982 3044 2020 3079 Si
2043 3048 2172 3089 pactus
2197 3045 2283 3087 sim,
2316 3055 2362 3080 ne

1265 3098 1287 3123 a
1309 3099 1367 3124 me
1389 3098 1477 3124 neve
1501 3088 1630 3123 aTitio
1655 3091 1810 3133 petatur,
1836 3100 1908 3125 non
1928 3090 2091 3135 proderit
2103 3090 2209 3133 Titio,
2235 3090 2359 3125 etiam-

1265 3134 1296 3169 si
1326 3134 1429 3170 heres
1461 3133 1636 3175 extiterit,
1670 3134 1755 3186 quia
1782 3144 1826 3170 ex
1853 3138 1937 3179 post
1963 3134 2061 3170 facto
2091 3135 2127 3170 id
2157 3135 2361 3171 confirmari

1264 3190 1337 3214 non
1360 3181 1490 3224 potest.
1527 3179 1597 3214 hoc
1618 3178 1778 3214 Iuhanus
1799 3180 1924 3215 scribit
1946 3180 1984 3215 in
2006 3184 2121 3226 patre,
2146 3181 2207 3226 qui
2229 3184 2360 3226 pactus

1265 3228 1363 3267 erat,
1388 3235 1434 3259 ne
1457 3234 1480 3259 a
1504 3234 1542 3259 se
1566 3233 1653 3259 neve
1677 3234 1699 3259 a
1722 3224 1796 3260 filia
1818 3228 2018 3271 peteretur,
2053 3236 2135 3261 cum
2168 3226 2242 3261 filia
2265 3226 2360 3271 patri

1265 3273 1284 3304 5
1333 3270 1436 3304 heres
1462 3269 1647 3305 extitisset.
1695 3270 1849 3305 Pactum
1893 3274 2107 3306 conventum
2152 3282 2234 3306 cum
2275 3281 2358 3306 ven-

1265 3315 1381 3350 ditore
1425 3314 1563 3349 factum
1597 3314 1628 3350 si
1660 3314 1699 3350 in
1736 3326 1812 3350 rem
1857 3316 2116 3358 constituatur,
2163 3316 2358 3352 secundum

1264 3359 1419 3412 plurium
1469 3360 1683 3395 sententiam
1726 3364 1762 3396 et
1804 3361 1956 3406 emptori
1997 3361 2164 3406 prodest,
2209 3364 2245 3396 et
2289 3361 2358 3395 hoc

1263 3415 1340 3440 iure
1371 3415 1437 3440 nos
1473 3404 1526 3439 uti
1559 3405 1781 3450 Pomponius
1818 3406 1962 3441 scribit:
2001 3406 2199 3441 secundum
2234 3405 2358 3440 Sabini

1265 3453 1384 3484 autem
1407 3450 1621 3486 sententiam
1653 3451 1760 3486 etiam
1792 3451 1823 3486 si
1853 3451 1891 3485 in
1922 3462 2112 3503 personam
2145 3454 2358 3494 conceptum

1265 3498 1338 3537 est,
1371 3498 1406 3530 et
1436 3495 1474 3530 in
1506 3499 1702 3540 emptorem
1726 3496 1838 3531 valet:
1872 3507 1933 3541 qu1
1956 3497 2026 3531 hoc
2051 3497 2153 3531 esse⁸
2177 3495 2358 3530 existimat

1892 3657 1935 3696 (6)
1962 3654 1992 3686 ei
2009 3655 2067 3686 ins.
2085 3653 2150 3694 FS,
2167 3654 2228 3686 del.
2241 3666 2355 3686 secun·

1266 3654 1308 3695 (5)
1334 3654 1382 3687 sic
1396 3653 1417 3686 S
1432 3666 1502 3688 cum
1515 3655 1612 3698 Bas„
1627 3655 1657 3688 ei
1672 3668 1731 3688 om.
1745 3655 1780 3688 F

1843 3701 1887 3741 (8)
1914 3700 1973 3740 qui
1986 3699 2047 3730 hoc
2059 3700 2143 3739 esse]
2157 3698 2240 3740 quin
2254 3698 2354 3740 prod-

1266 3699 1339 3731 dum
1349 3699 1384 3731 B
1490 3700 1533 3741 (Ἰ)
1558 3711 1598 3733 ex
1612 3713 1670 3733 om.
1683 3701 1720 3734 F
1731 3700 1740 3720 ²

1265 3754 1339 3776 6888
1350 3756 1414 3778 Scr-
