2528 3918
172 83 363 130 XXXVI
394 86 414 127 1

174 205 290 250 adire,
323 202 476 250 prfflum
530 202 593 240 uia
621 202 690 240 sub
719 201 929 240 condicione
950 200 1262 238 fideicommissum

174 251 298 287 datum
322 252 394 293 est,
425 248 507 286 dein
532 259 552 285 e
581 248 665 295 quia
691 258 766 285 non
787 248 901 295 probe
924 247 968 284 de
990 246 1188 283 hereditate
1209 246 1263 299 vi:

173 295 311 332 ventis¹
343 293 445 340 pueri
563 306 572 330 ε
604 296 747 330 mortuo
779 295 900 329 autem
956 292 1067 337 upillo
1098 291 1263 338 compelli

174 344 194 376 5
242 339 349 376 debet
371 337 606 375 hereditatem
628 338 743 385 patris
765 337 876 375 adire.
958 336 1029 372 uod
1050 336 1081 372 si
1104 336 1176 372 duo
1199 336 1262 372 he-

174 385 276 422 redes
299 394 322 420 a
344 387 447 430 patre
469 383 625 420 instituti
648 383 783 420 fuerint
806 386 842 418 et
859 382 1045 427 utriusque
1063 381 1147 417 fidei
1166 391 1262 418 com-

175 431 321 466 missum
345 429 407 473 sit,
438 432 479 464 ut
502 428 708 465 exheredati
730 428 793 464 filii
816 427 1075 464 hereditatem²
1096 426 1262 463 restitue-

175 479 266 518 rent,
291 474 379 512 satis
395 473 497 510 erit*
521 474 577 511 vel
600 485 709 510 unum
734 473 813 518 cogi
830 472 946 509 adire:
970 472 1040 508 hoc
1058 472 1153 508 enim
1166 470 1263 507 facto

175 520 283 556 etiam
304 519 355 563 is,
385 518 447 565 qui
470 519 584 565 patris
605 519 839 556 hereditatem
862 528 935 554 non
958 517 1050 559 adit,
1074 516 1139 552 filii
1161 517 1263 569 here-

176 569 197 601 6
243 564 391 601 ditatem
409 564 511 601 adire
530 568 567 600 et
581 564 768 601 restituere
784 567 942 608 cogetur.
978 561 1150 607 Quotiens
1170 562 1265 597 filius

175 610 423 656 emancipatus
454 610 630 647 bonorum
664 609 926 655 possessionem
960 611 1086 643 contra
1120 607 1265 642 tabulas

175 655 345 737 ῗοέἐῑέἓὼ
351 654 646 736 ῗιᾞέωἱῖἕωθὲἶ
657 652 1074 744 ἒὲῗρέἒέἒᾶἓὲξὲᾶέἓ
1091 651 1145 733 tt
1160 652 1264 732 {53}ss

192 711 216 736 ιι
676 711 687 735 1
710 711 734 735 u
1249 717 1263 723 -

176 745 366 782 commissa
390 748 510 781 cetera
531 748 717 791 praestare
740 744 890 789 cogitur,
914 742 967 778 ita
989 754 1034 778 ne
1054 753 1076 778 a
1119 742 1264 778 restitu-

174 791 308 827 tionem
320 790 462 836 quidem
473 790 679 827 hereditatis
693 788 857 834 compelli
868 788 985 824 debet.
1009 787 1199 824 Manes-M,
1206 796 1267 823 vs.-

175 835 283 882 plane
304 846 379 872 non
401 838 458 872 est
488 834 755 881 compellendus
784 833 901 876 adire,
933 833 965 870 si
987 833 1058 869 iam
1081 832 1176 869 filius
1199 832 1264 868 bo-

176 891 305 918 norum
325 880 591 927 possessionem
602 881 626 924 ³,
658 890 705 916 ne
734 878 924 915 intercidat
954 877 1264 915 fideicommissum

175 929 316 963 mortuo
347 925 479 962 herede
509 925 672 962 instituto
706 928 741 960 et
771 924 904 960 omissa
932 933 956 959 a
984 923 1057 960 filio
1088 924 1266 959 bonorum

177 975 196 1006 ’1
240 971 480 1017 possessione,
521 970 590 1015 Qui
613 981 658 1007 ex
680 969 906 1006 Trebelliano
930 973 1076 1005 senatus
1101 969 1264 1005 consulto

174 1015 409 1053 hereditatem
430 1015 603 1059 restituit,
635 1015 709 1051 sive
738 1018 841 1060 petat
869 1024 893 1050 a
916 1013 1137 1050 debitoribus
1161 1015 1264 1050 here-

176 1061 314 1098 ditariis
333 1061 406 1097 sive
423 1061 469 1096 ab
489 1071 530 1097 eo
572 1064 702 1103 etatur‚
727 1059 936 1105 exceptione
954 1060 1143 1095 restitutae
1162 1059 1264 1094 here-

175 1106 298 1143 ditatis
317 1106 480 1142 adiuvari
498 1117 520 1142 v
571 1105 786 1142 summoveri
799 1108 929 1150 potest.
966 1104 1126 1141 actiones
1146 1107 1266 1140 autem

175 1151 505 1188 fideicommissario
544 1154 768 1196 competunt,
805 1160 895 1196 quas
930 1149 1058 1185 habuit
1087 1149 1192 1185 heres
1222 1159 1265 1185 eo

174 1201 346 1243 tempore,
355 1207 426 1242 quo
438 1195 749 1232 fideicommissum
760 1195 985 1231 restituebat.
1011 1194 1200 1230 Maneat,
1206 1203 1267 1230 vs:

175 1241 241 1279 sed
262 1251 324 1278 eas
348 1251 490 1295 quoque
513 1241 693 1284 actiones,
725 1250 818 1286 quae
840 1240 908 1276 sub
933 1239 1142 1276 condicione
1165 1243 1267 1275 erant

175 1291 212 1323 et
234 1297 386 1333 quarum
410 1286 485 1322 dies
509 1296 552 1322 eo
574 1289 734 1331 tempore
762 1295 835 1321 non
860 1287 1017 1321 cesserat
1027 1286 1053 1329 ⁴,
1083 1284 1264 1321 fideicom-

175 1332 340 1369 missario
372 1334 575 1377 competere
601 1330 732 1376 placet.
779 1330 845 1367 sed
875 1334 1068 1375 antequam
1098 1330 1264 1366 restitue-

175 1381 276 1414 retur
296 1376 495 1419 hereditas,
524 1375 736 1422 exceptione
764 1375 885 1421 aliqua
914 1375 1019 1411 heres
1042 1374 1265 1411 adiuvandus

174 1433 249 1459 non
271 1426 342 1459 est:
368 1432 450 1458 eum
472 1422 542 1458 hoc
565 1421 682 1457 minus
706 1431 751 1456 ex
775 1431 887 1457 causa
907 1420 1173 1456 fideicommissi
1195 1420 1267 1457 sit⁵

176 1470 196 1503 8
242 1467 486 1504 restituturus.
528 1466 794 1503 Trebellianum
816 1470 963 1502 senatus
987 1466 1190 1502 consultum
1212 1465 1265 1501 lo-

176 1523 258 1549 cum
276 1512 386 1548 habet
395 1513 421 1555 ⁶,
446 1511 610 1557 quotiens
627 1511 704 1557 quis
719 1521 822 1547 suam
837 1511 1071 1547 hereditatem
1083 1511 1140 1547 vel
1152 1514 1266 1547 totam

176 1561 197 1593 9
242 1557 299 1594 vel
326 1568 394 1603 pro
449 1560 526 1593 arte
554 1556 639 1593 fidei
666 1556 809 1593 heredis
839 1556 1039 1592 committit.
1085 1555 1204 1601 Quare
1235 1555 1266 1591 si

175 1602 337 1639 Maevius
360 1606 397 1638 te
445 1601 587 1638 eredem
608 1601 805 1638 instituerit
827 1604 864 1637 et
886 1600 1074 1646 rogaverit,
1098 1605 1140 1637 ut
1163 1601 1264 1636 here-

175 1648 322 1684 ditatem
347 1647 434 1683 Titii
456 1647 646 1690 restituas,
677 1657 700 1682 a
724 1657 795 1693 quo
819 1656 916 1683 esses
939 1647 1044 1683 heres
1066 1646 1264 1688 institutus,

175 1697 212 1730 et
233 1697 275 1730 tu
297 1692 531 1729 hereditatem
545 1691 702 1728 Maevii⁷
726 1691 869 1735 adieris,
892 1691 1040 1737 perinde
1063 1701 1086 1727 a
1108 1695 1145 1728 te
1165 1691 1265 1727 fidei-

176 1738 404 1775 commissum
426 1741 586 1783 petetur,
611 1747 655 1773 ac
679 1737 712 1773 si
733 1737 902 1780 fundum,
927 1737 989 1782 qui
1010 1736 1077 1772 tibi
1099 1746 1122 1772 a
1146 1736 1240 1772 Titio
1253 1737 1266 1758 ⁸

175 1784 315 1829 legatus
339 1787 451 1826 esset,
482 1783 672 1819 restituere
694 1786 842 1827 rogatus
865 1782 1018 1818 fuisses:
1046 1781 1197 1827 ideoque
1229 1785 1266 1817 et

175 1830 207 1865 si
229 1832 434 1875 suspectam
452 1827 586 1864 Maevii
607 1827 842 1864 hereditatem
866 1827 1009 1872 dixeris,
1033 1827 1111 1872 cogi
1133 1831 1170 1863 te
1193 1837 1265 1862 non

180 1877 221 1909 10
268 1876 412 1919 oportet
433 1882 513 1909 eam
535 1872 645 1909 adire.
681 1872 786 1918 Quod
800 1873 832 1909 si
844 1872 1006 1909 Maevius
1029 1876 1066 1908 te
1088 1872 1266 1917 rogaverit

175 1923 214 1955 et
246 1929 348 1955 suam
381 1918 615 1954 hereditatem
649 1921 688 1954 et
717 1917 897 1954 Titianam
930 1917 1121 1954 restituere
1153 1921 1265 1962 tuque

174 1962 1155 2054 &strettfflfflsffiffl’fftgsszsstfflfflaittz
1169 1973 1264 2044 3223·

175 2055 295 2098 nebis,
326 2053 507 2089 dimidiam
536 2057 573 2089 et
604 2057 768 2099 quartam
796 2064 841 2089 ex
864 2053 1136 2090 fideicommisso
1160 2053 1264 2088 resti-

175 2104 267 2136 tues.
313 2109 381 2135 nec
403 2098 582 2141 intererit,
614 2098 728 2134 eidem
750 2102 938 2144 utramque
959 2099 1194 2135 hereditatem
1218 2108 1265 2133 an

175 2144 238 2181 alii
258 2144 498 2187 Maevianam,
531 2143 593 2179 alii
616 2144 796 2179 Titianam
820 2147 966 2196 rogatus
993 2143 1129 2179 fueris⁹
1159 2143 1263 2179 resti-

174 2194 287 2226 tuere.
342 2189 407 2225 sed
447 2189 480 2224 si
520 2192 725 2233 suspectam
764 2189 989 2225 Maevianam
1030 2188 1264 2224 hereditatem

175 2234 326 2277 dixeris,
364 2234 500 2279 cogeris
539 2244 618 2270 eam
653 2234 752 2270 adire
787 2237 824 2270 et
853 2234 1042 2270 restituere
1072 2234 1124 2277 ei,
1165 2233 1264 2269 cui¹⁰

175 2283 321 2325 rogatus
351 2278 481 2315 fueris:
513 2279 545 2315 is
573 2282 713 2322 autem,
745 2278 805 2315 cui
828 2279 1006 2315 Titianam
1029 2279 1264 2315 hereditatem

175 2325 364 2362 restituere
382 2328 528 2370 rogatus
546 2324 668 2366 fueris,
688 2334 761 2360 non
780 2324 914 2369 poterit
932 2328 968 2360 te
988 2324 1201 2370 compellere
1216 2324 1263 2360 ad

179 2374 216 2406 11
267 2369 480 2406 adeundum.
510 2369 550 2405 Si
565 2379 609 2405 ex
621 2369 848 2405 Trebelliano
859 2369 1094 2406 hereditatem
1107 2370 1265 2405 restituit

174 2416 279 2451 heres
302 2418 339 2451 et
362 2415 502 2450 fructus
526 2414 752 2460 praediorum
775 2414 906 2451 retinet
927 2415 984 2451 vel
1005 2415 1087 2461 ipsa
1103 2414 1262 2460 praedia,

174 2461 248 2497 sive
271 2460 377 2495 etiam
400 2459 541 2496 debitor
563 2459 639 2495 eius
664 2460 727 2505 qui
749 2463 1001 2496 testamentum
1030 2459 1118 2496 fecit
1143 2459 1263 2503 fuerit,

173 2506 416 2542 necessarium
452 2508 508 2541 est
546 2505 723 2541 actionem
761 2505 933 2541 adversus
967 2509 1047 2541 eum
1081 2504 1263 2541 fideicom-

175 2550 339 2587 missario
376 2550 465 2585 dari.
519 2549 777 2586 Maeonios.-
816 2550 886 2587 hoc
926 2550 1022 2586 idem
1059 2550 1263 2587 necessario

174 2595 378 2631 faciendum
403 2598 475 2638 est,
509 2605 590 2630 cum
613 2599 717 2641 parte
739 2595 947 2631 hereditatis
971 2596 1137 2632 restituta
1159 2595 1263 2631 fami-

174 2641 244 2676 liae
275 2640 509 2676 erciscundae
522 2642 548 2662 ²¹
583 2640 753 2676 iudicium
783 2641 876 2677 inter
906 2651 988 2677 eum
1018 2641 1079 2686 qui
1108 2640 1265 2677 restituit

179 2688 219 2721 12
265 2685 498 2721 hereditatem
522 2688 558 2721 et
581 2686 642 2730 qui
665 2687 840 2731 receperit
862 2686 1069 2731 accipietur.
1113 2686 1181 2731 Qui
1203 2697 1262 2721 ro-

220 2734 279 2766 tus
299 2734 354 2766 est
372 2730 597 2775 emancipato
617 2730 690 2767 filio
707 2731 895 2767 restituere
913 2731 1158 2774 hereditatem,
1185 2731 1264 2776 cogi

201 2775 282 2812 ebet
305 2775 404 2811 adire
428 2779 464 2811 et
486 2775 685 2819 restituere,
710 2776 869 2821 quamvis
892 2775 988 2812 filius
1013 2780 1140 2812 contra
1157 2777 1262 2812 tabu-

178 2823 219 2856 13
264 2820 319 2856 las
354 2820 529 2856 bonorum
565 2822 829 2866 possessionem
859 2822 1023 2867 accipere
1051 2822 1176 2867 possit.
1225 2821 1261 2857 Si

175 2869 350 2911 patronus
381 2875 425 2900 ex
454 2868 556 2910 parte
581 2866 701 2902 debita
723 2866 827 2903 heres
850 2866 1035 2903 institutus
1059 2871 1096 2902 et
1118 2870 1262 2912 rogatus

175 2910 363 2947 restituere
382 2910 616 2946 hereditatem
635 2914 839 2957 suspectam
858 2911 927 2948 sibi
947 2922 1025 2948 esse
1045 2912 1150 2955 dicat,
1173 2915 1261 2958 puto

175 2955 308 2992 rectius
336 2954 516 2991 facturum
548 2960 764 3000 praetorem,
803 2957 835 2993 si
866 2957 1022 3003 coegerit
1051 2968 1133 2993 eum
1163 2957 1262 2994 adire

175 2999 408 3036 hereditatem
432 3004 469 3035 et
491 3001 688 3043 restituere,
716 3002 876 3047 quamvis
899 3002 1016 3047 possit
1039 3006 1176 3037 mutata
1199 3013 1261 3039 vo-

178 3049 219 3081 14
265 3045 403 3082 luntate
427 3055 503 3080 eam
527 3050 665 3091 partem
679 3046 887 3083 hereditatis
902 3047 1067 3083 retinere.
1103 3047 1141 3083 Si
1157 3057 1260 3093 prae-

176 3090 289 3136 ceptis
320 3089 533 3136 quibusdam
564 3092 670 3126 rebus
699 3092 802 3128 heres
832 3096 978 3137 rogatus
1004 3093 1050 3127 sit
1072 3093 1261 3129 restituere

175 3135 410 3172 hereditatem
439 3138 477 3171 et
506 3139 652 3171 coactus
684 3146 762 3172 eam
791 3137 936 3179 adierit,
976 3147 1022 3172 an
1049 3138 1261 3191 praecipere

174 3180 339 3234 debean?-
372 3179 542 3226 respondi
565 3190 662 3234 eum,
693 3182 754 3226 qui
776 3182 877 3218 iussu
899 3187 1076 3227 praetons
1100 3182 1176 3218 adit
1197 3183 1260 3218 he-

178 3229 217 3261 15
264 3225 463 3269 reditatem,
487 3235 584 3262 omni
608 3226 791 3262 commodo
811 3227 994 3271 prohiberi
1013 3227 1154 3263 debere.
1190 3227 1262 3263 Sed

173 3270 206 3307 si
228 3270 341 3307 eidem
363 3270 519 3316 legatum
542 3274 637 3307 esset
659 3271 726 3306 sub
750 3271 819 3306 hac
844 3272 1054 3308 condicione
1085 3273 1127 3308 ‘si
1157 3272 1260 3309 heres

175 3319 260 3351 ‘non
282 3316 388 3352 esset'
411 3319 449 3351 et
471 3319 677 3361 suspectam
700 3316 767 3351 sibi
791 3317 1024 3353 hereditatem
1048 3317 1161 3360 dicat,
1188 3328 1261 3353 non

174 3360 280 3397 aliter
301 3359 482 3407 cogendus
505 3364 563 3396 est
583 3360 699 3404 adire,
723 3371 830 3406 quam
854 3366 895 3397 ut
917 3363 1052 3407 legata,
1077 3372 1169 3407 quae
1192 3363 1260 3399 sub

175 3405 384 3442 condicione
408 3405 451 3442 ‘si
473 3404 579 3442 heres
601 3415 675 3442 non
696 3406 803 3442 esset‘
827 3406 912 3441 data
930 3410 1044 3452 erant,
1066 3407 1258 3444 restituan-

175 3520 215 3561 (ι)
239 3517 365 3552 viventi
377 3517 413 3551 F
466 3520 509 3559 (2)
533 3518 717 3553 hereditate
728 3518 764 3552 F
818 3519 873 3561 (ι’)
897 3520 946 3552 eri
957 3520 992 3553 F
1045 3524 1087 3560 (3)
1113 3521 1258 3564 accepitz

174 3563 231 3597 sed
242 3563 397 3607 compelli
408 3565 528 3608 potest,
545 3564 574 3597 si
589 3564 740 3597 nondum
759 3564 897 3608 agnovit
908 3563 998 3597 filius
1009 3564 1173 3599 bonorum
1183 3575 1260 3608 pos-

173 3608 351 3642 sessionem
362 3610 423 3643 ins.
505 3612 547 3650 (4)
572 3612 713 3643 cesus-et
724 3609 759 3642 F
830 3611 872 3651 (ι)
896 3610 940 3642 sit
952 3623 1009 3643 om.
1024 3611 1058 3642 F
1129 3612 1173 3653 (s)
1198 3611 1259 3645 ha-

1247 74 1334 125 526

1505 0 1511 28 i

1515 26 1612 136 ἶ

1827 92 1892 147 AD
1921 91 2120 126 smu'ms
2148 92 2414 128 consutum

1330 203 1406 244 tur,
1438 210 1523 254 non·
1542 200 1684 248 quidem
1707 210 1730 237 a
1753 202 2006 246 coheredibus,
2036 212 2083 239 ne
2109 205 2322 248 onerentur,
2351 203 2416 242 sed

1330 245 1376 281 ab
1400 254 1443 282 eo
1468 247 1565 282 cui¹⁰
1586 246 1753 284 restituta
1774 247 1884 284 fuerit
1905 246 2096 284 hereditas.
2131 258 2216 285 nam
2237 248 2331 286 sicut
2351 259 2415 286 ex-

1331 289 1484 343 plendae
1505 289 1589 327 fidei
1609 291 1725 345 gratia
1749 292 1929 338 cogendus
1960 302 2016 329 est.
2043 292 2144 329 adire
2172 293 2414 339 hereditatem,

1334 338 1375 371 16
1421 339 1473 371 ita
1495 335 1542 372 ob
1564 334 1603 372 id
1619 347 1738 383 ipsum
1755 337 1884 374 damno
1901 337 2007 374 adfici
2023 349 2096 374 non
2112 338 2256 375 debebit
2267 340 2306 375 ¹².
2342 339 2415 376 He-

1331 391 1389 416 res
1420 390 1466 416 ex
1496 390 1578 417 asse
1606 386 1687 417 erat
1715 382 1880 419 instituta
1911 383 2125 419 consobrina
2157 393 2237 420 mea
2270 387 2307 420 et
2340 385 2415 421 eius

1331 425 1414 462 fidei
1454 426 1696 470 commissum,
1738 431 1779 463 ut
1818 432 1954 473 partem
1990 428 2171 464 dimidiam
2208 428 2415 466 hereditatis

1331 471 1452 524 statim
1474 470 1603 507 Publio
1626 471 1766 508 Maevio
1797 474 2016 512 restitueret,
2049 473 2196 509 alteram
2208 474 2237 496 ¹⁸
2265 478 2415 519 partem,

1333 526 1414 551 cum
1434 526 1449 551 1
1474 526 1516 552 sa
1537 520 1747 560 moreretur,
1770 517 1884 554 eidem
1904 518 2032 554 Publio
2047 518 2208 554 Maevio:
2231 523 2417 564 praeterea

1333 560 1404 613 alia
1427 527 1506 597 assis
1529 560 1648 614 legata
1669 561 1755 598 data
1766 563 1794 586 ²⁴
1817 566 1911 599 sunt.
1958 563 2120 599 Maevius
2149 567 2287 609 partem
2315 564 2416 600 dimi·

1334 606 1427 641 diam
1449 605 1658 643 hereditatis
1682 607 1802 643 statim
1825 608 1986 654 percepit
2013 612 2050 645 et
2073 608 2183 651 cavit,
2215 608 2313 654 quod
2339 619 2415 645 am-

1331 651 1425 696 plius
1464 661 1572 698 quam
1612 661 1678 697 per
1714 652 1826 699 legem
1859 653 2057 689 Falcidiam
2094 653 2219 690 liceret
2253 654 2416 700 cepisset,

1331 695 1474 732 redditu
1496 696 1560 732 iri:
1589 696 1654 733 sed
1676 700 1713 733 et
1736 698 1844 734 ceteri
1866 698 1985 743 legata
2008 698 2122 734 solida
2144 703 2359 745 acceperant
2382 703 2418 735 et

1333 741 1495 778 similiter
1525 740 1570 778 de
1597 741 1817 779 restituendo
1842 743 1937 789 quod
1959 744 2111 790 amplius
2159 744 2418 790 ercepissent¹⁵

1333 790 1513 823 caverunt.
1567 790 1710 823 mortua
1749 789 1965 824 consobrina
2003 798 2084 825 mea
2154 789 2275 826 ublius
2315 789 2416 826 Mae-

1332 831 1410 868 vius
1445 831 1625 868 desiderat
1655 832 1724 869 sibi
1754 833 1903 869 alteram
2098 833 2306 871 hereditatis
2336 845 2418 871 cum

1333 876 1509 913 fructibus
1539 877 1690 914 restitui.
1737 888 1871 924 quaero
1893 879 2032 924 itaque,
2063 883 2235 925 quantum
2258 879 2291 916 ei
2313 880 2417 916 resti·

1332 926 1434 958 tuere
1464 922 1638 958 debeam?
1673 926 1794 959 utrum
1825 923 1921 970 quod
1949 934 2060 969 supra
2089 923 2324 970 quadrantem
2351 925 2417 961 bo-

1333 978 1460 1021 norum
1501 977 1612 1020 penes
1655 968 1908 1005 consobrinam
1945 978 2065 1022 meam
2095 973 2317 1022 remanserat
2351 980 2418 1006 nec

1334 1013 1754 1110 ssffifftuzsffejsgzttt
1776 1013 2419 1112 {indeieiss'mfflii‘qutfflffivhfssffi

1335 1113 1487 1148 quaero,
1519 1114 1551 1139 si
1579 1103 1675 1148 quod
1698 1104 1743 1139 ab
1767 1103 1823 1140 his
1847 1114 1892 1140 ex
1915 1104 2144 1150 stipulatione
2166 1114 2273 1150 perce
2300 1115 2359 1141 ero
2382 1108 2420 1141 et

1334 1148 1429 1193 quod
1464 1147 1561 1193 apud
1598 1149 1848 1185 consobrinam
1883 1159 1999 1185 meam
2037 1160 2079 1185 su
2105 1159 2148 1185 ra
2209 1159 2256 1185 ua
2299 1153 2418 1186 antem

1333 1197 1564 1236 remanserat,
1587 1204 1662 1230 non
1683 1193 1816 1230 efficiet
1837 1198 1976 1239 partem
1999 1194 2084 1230 dimi
2111 1195 2118 1202 “
2223 1195 2418 1239 ereditatis,

1334 1250 1381 1274 an
1411 1249 1456 1275 ex
1486 1239 1705 1275 incremento
1736 1242 1773 1275 et
1803 1239 1981 1276 fructibus
2011 1240 2089 1276 eius
2119 1249 2294 1283 summae,
2327 1250 2419 1287 quae

1334 1294 1444 1329 supra
1469 1283 1703 1337 quadrantem
1718 1284 1893 1321 bonorum
1908 1295 2019 1330 penes
2038 1285 2288 1321 consobrinam
2303 1295 2419 1322 meam

1333 1333 1521 1382 remansit,
1554 1329 1721 1410 supffiere
1751 1329 1784 1365 ei
1807 1329 1973 1373 debeam,
2004 1330 2190 1366 dumtaxat
2212 1340 2257 1367 ne
2280 1334 2419 1377 partem

1334 1374 1514 1410 dimidiam
1537 1375 1622 1411 here
1651 1374 1746 1411 'tatis
1771 1375 1952 1420 quantitas
1976 1385 2068 1421 quae
2090 1376 2340 1412 restitueretur
2356 1386 2419 1413 ex-

1335 1419 1464 1455 cedat?
1511 1430 1558 1455 an
1590 1430 1692 1464 vero,
1733 1419 1827 1456 sicut
1856 1420 2007 1457 Publius
2037 1420 2198 1457 Maevius
2229 1420 2419 1466 desiderat,

1358 1464 1505 1510 uidquid
1528 1465 1685 1510 seposito
1709 1465 1907 1511 quadrante
1926 1465 2102 1502 bonorum
2122 1466 2267 1512 eiusque
2279 1467 2308 1489 ¹⁰
2353 1477 2420 1502 ua-

1377 1510 1472 1546 antis
1502 1509 1681 1546 fructibus
1717 1514 1927 1556 perceptum
1966 1514 2021 1547 est
2053 1510 2194 1548 restitui
2224 1511 2258 1548 ei
2287 1511 2333 1547 de
2357 1513 2420 1548 et?

1333 1555 1513 1600 respondi,
1538 1555 1635 1601 quod
1656 1566 1767 1601 supra
1786 1556 2020 1601 quadrantem
2036 1566 2147 1602 penes
2167 1557 2420 1594 consobrinam

1333 1604 1430 1635 tuam
1455 1600 1636 1644 remansit,
1661 1600 1692 1636 si
1715 1600 1862 1637 adiectis
1886 1601 2062 1637 fructibus
2085 1601 2319 1654 quantitatem
2361 1613 2419 1638 ar-

1333 1646 1380 1681 tis
1409 1645 1576 1681 dimidiae
1605 1645 1832 1690 hereditatis,
1872 1656 1963 1691 quae
1992 1650 2118 1683 mortis
2148 1650 2309 1700 tempore
2335 1614 2418 1691 {uia

1333 1701 1407 1727 non
1442 1690 1579 1726 minuet
1590 1691 1629 1733 ¹⁷,
1667 1694 1782 1727 totum
1812 1691 1939 1727 Publio
1970 1691 2111 1728 Maevio
2141 1692 2418 1729 restituendum:

1332 1746 1401 1772 nec
1424 1746 1470 1772 ex
1493 1735 1724 1781 stipulatione
1747 1736 1794 1772 ab
1813 1736 1879 1780 his,
1905 1736 2034 1782 quibus
2052 1737 2170 1782 legata
2188 1737 2307 1774 soluta
2323 1742 2418 1783 sunt,

1332 1781 1447 1826 repeti
1493 1781 1552 1816 uic
1577 1791 1661 1816 uam
1683 1784 1811 1826 potest.
1860 1782 1891 1817 si
1914 1792 1998 1818 vero
2020 1781 2161 1818 fructus
2184 1783 2419 1828 quantitatem

1332 1826 1445 1871 partis
1495 1826 1554 1861 'mi
1580 1826 1635 1862 'ae
1659 1827 1906 1870 exuberant¹⁸,
1935 1827 2125 1873 quadranti
2147 1831 2210 1863 tuo
2234 1831 2271 1864 et
2291 1828 2418 1864 fructi-

1333 1872 1401 1907 bus
1431 1870 1507 1907 eius
1536 1871 1694 1907 accedet.
1742 1872 1773 1908 si
1795 1882 1878 1908 vero
1902 1872 2042 1908 fructus
2066 1872 2142 1909 eius
2165 1873 2296 1919 partis,
2326 1884 2419 1920 quae

1333 1926 1444 1962 supra
1473 1916 1708 1962 quadrantem
1741 1917 1839 1962 apud
1869 1917 2119 1954 consobrinam
2148 1922 2248 1954 tuam
2277 1928 2418 1955 reman-

1333 1965 1448 2006 serat,
1479 1972 1554 1998 non
1582 1961 1732 2007 implent
1762 1962 1997 2007 quantitatem
2027 1963 2140 2008 partis
2166 1963 2331 2001 dimidiae
2353 1965 2418 2001 ho-

1332 2017 1477 2050 norum,
1510 2016 1556 2042 ex
1584 2007 1813 2052 stipulatione
1837 2008 1893 2053 agi
1915 2008 2058 2054 poterit.
2104 2008 2142 2044 in
2165 2019 2304 2045 summa
2324 2010 2418 2046 ratio

1332 2053 1384 2088 ita
1412 2052 1580 2097 ponenda
1610 2055 1684 2095 est,
1718 2056 1758 2088 ut
1787 2056 1829 2087 tu
1860 2052 1956 2089 omni
1985 2053 2090 2089 modo
2121 2053 2354 2099 quadrantem
2383 2059 2420 2091 et

1332 2097 1474 2133 fruetus
1505 2097 1599 2140 eius,
1629 2101 1832 2143 praeterea,
1863 2098 1895 2135 si
1925 2099 2000 2134 eius
2024 2098 2120 2144 quod
2143 2099 2378 2144 quadrantem
2390 2101 2419 2122 ¹⁹

1334 2142 1472 2178 excedit
1493 2142 1634 2179 fructus
1657 2143 1695 2179 in
1718 2146 1857 2179 tantum
1881 2143 2092 2186 excreverit,
2119 2147 2161 2179 ut
2206 2144 2418 2182 uantitatem

1333 2188 1445 2233 partis
1469 2187 1636 2224 dimidiae
1659 2188 1834 2225 bonorum
1857 2189 2022 2233 excedat,
2047 2188 2154 2225 etiam
2175 2189 2190 2224 i
2237 2189 2334 2235 quod
2356 2201 2417 2227 ex-

1339 2237 1375 2268 17
1425 2233 1574 2269 cesserit
1602 2233 1768 2270 retineas.
1816 2234 1885 2278 Qui
1919 2244 2004 2270 suos
2033 2244 2155 2270 servos
2184 2239 2331 2280 rogatus
2363 2240 2419 2272 est

1332 2278 1582 2317 manumittere
1615 2282 1651 2314 et
1680 2278 1817 2315 hisdem
1847 2279 2079 2315 hereditatem
2110 2280 2316 2325 restituere,
2355 2281 2416 2317 de-

1332 2327 1449 2405 ἱτιὶιξιὲο
1486 2324 1602 2369 pretio
1641 2333 1826 2361 servorum
1861 2324 2094 2360 hereditatem
2131 2324 2319 2362 restituere
2355 2326 2417 2362 de·

1358 2379 1376 2405 e
1402 2380 1414 2403 1
1434 2396 1441 2403 .

1377 2412 1432 2452 29
1458 2410 1538 2457 (28)
1562 2414 1790 2450 Armanas
1814 2413 1906 2450 libro
1929 2416 2034 2450 sexto
2084 2415 2308 2451 uaestionum
2358 2416 2418 2452 Ex

1331 2469 1413 2496 asse
1442 2459 1547 2496 heres
1576 2459 1762 2495 institutus
1790 2462 1927 2504 partem
1956 2459 2040 2495 here
2078 2459 2164 2495 tatis
2200 2460 2286 2496 mihi
2313 2470 2415 2507 pure,

1329 2505 1396 2540 tibi
1415 2505 1483 2541 sub
1503 2503 1712 2541 condicione
1729 2504 1918 2540 restituere
1936 2508 2083 2549 rogatus
2107 2515 2189 2541 cum
2211 2510 2417 2551 suspectam

1331 2550 1477 2593 diceret,
1498 2550 1704 2596 postulante
1727 2559 1784 2585 me
1808 2549 1882 2585 adit
1904 2553 1942 2585 et
1962 2550 2049 2585 mihi
2070 2553 2184 2586 totam
2206 2560 2253 2587 ex
2270 2556 2416 2588 senatus

1332 2596 1494 2632 consulto
1518 2595 1692 2631 restituit:
1725 2594 1938 2640 quandoque
1968 2594 2132 2631 condicio
2163 2596 2337 2642 extiterit,
2368 2607 2415 2633 an

1329 2641 1470 2676 fructus
1505 2640 1620 2686 partis
1654 2643 1740 2675 tuae
1749 2640 1781 2662 ²⁰
1816 2640 2005 2676 restituere
2039 2640 2106 2676 tibi
2142 2640 2307 2685 debeam,
2343 2652 2413 2681 non

1329 2686 1506 2722 immerito
1531 2685 1774 2721 dubitabatur.
1822 2689 1859 2721 et
1889 2685 2066 2731 plerisque
2094 2685 2216 2731 placet
2241 2697 2315 2723 non
2337 2697 2415 2724 esse

1331 2741 1392 2767 eos
1416 2730 1670 2776 praestandos,
1704 2730 1788 2775 quia
1817 2740 1884 2766 nec
1913 2731 1959 2766 ab
1983 2730 2113 2767 herede
2135 2735 2414 2776 praestarentur,

1330 2777 1361 2812 si
1384 2786 1451 2813 sua
1475 2780 1602 2822 sponte
1626 2775 1778 2818 adisset,
1809 2774 1967 2811 sufficiat
1996 2779 2116 2811 autem
2146 2776 2203 2812 ius
2225 2779 2328 2812 tuum
2350 2777 2415 2814 tibi

1328 2822 1506 2867 integrum
1525 2820 1738 2864 conservari,
1762 2830 1834 2856 non
1853 2821 1958 2856 etiam
1976 2821 2154 2856 meliorem
2172 2822 2414 2859 condicionem

1334 2871 1349 2901 1
1398 2871 1499 2902 tuam
1521 2866 1611 2901 fieri.
1656 2865 1754 2901 Idem
1777 2869 1897 2901 tamen
1921 2865 2188 2910 existimabant,
2211 2867 2243 2903 si
2267 2877 2311 2903 ex
2334 2877 2415 2903 asse

1329 2912 1433 2948 heres
1462 2911 1648 2948 institutus
1679 2910 1765 2946 mihi
1795 2910 2030 2964 quadrantem
2059 2921 2168 2957 pure,
2207 2911 2273 2948 tibi
2301 2922 2415 2958 aeque

1330 2956 1564 3002 quadrantem
1587 2956 1654 2992 sub
1679 2955 1887 2991 condicione
1910 2956 2098 2992 restituere
2120 2960 2266 3001 rogatus
2296 2958 2344 2993 sit
2366 2962 2413 3000 et,

1329 3012 1410 3038 cum
1434 3004 1638 3048 suspectam
1661 3000 1892 3036 hereditatem
1915 3000 2061 3044 diceret,
2085 3004 2233 3046 cogente
2250 3012 2306 3037 me
2325 3002 2412 3046 adit,

1329 3046 1472 3093 quando
1498 3057 1543 3082 ue
1560 3045 1721 3082 condicio
1739 3046 1924 3090 exstiterit,
1943 3046 2124 3082 semissem
2138 3045 2202 3081 tibi
2217 3056 2295 3083 esse
2309 3047 2412 3083 resti·

1329 3095 1349 3127 2
1395 3095 1482 3127 tuen
1508 3102 1578 3128 um.
1612 3090 1682 3126 Sed
1698 3101 1763 3126 nec
1779 3091 1856 3136 lege
1871 3090 2033 3126 Falcidia
2046 3091 2083 3126 in
2097 3092 2282 3136 proposita
2295 3093 2414 3138 specie

1327 3147 1476 3172 usurum
1499 3146 1556 3172 me
1577 3140 1685 3181 puto,
1717 3136 1877 3181 quamvis
1899 3136 2054 3182 scriptus
2075 3136 2197 3180 heres,
2226 3137 2258 3173 si
2285 3140 2413 3184 sponte

1327 3182 1472 3224 adisset,
1495 3185 1667 3217 uteretur.

1373 3224 1427 3264 30
1453 3224 1574 3268 ‹29)²¹
1606 3226 1842 3263 Mane-muns
1867 3225 1958 3262 libro
1987 3229 2118 3272 quarto
2149 3226 2410 3263 institutionum

1327 3271 1367 3308 Si
1385 3271 1464 3317 quis
1483 3271 1602 3317 priore
1622 3271 1719 3307 facto
1736 3274 1948 3307 testamento
1966 3271 2144 3316 posterius
2162 3271 2287 3308 fecerit
2301 3275 2411 3309 testa-

1326 3321 1495 3359 mentum,
1521 3317 1658 3352 etiamsi
1681 3327 1726 3352 ex
1750 3317 1857 3352 certis
1879 3315 1988 3351 rebus
2011 3316 2047 3351 in
2071 3317 2286 3361 posteriores
2305 3318 2410 3353 tabu·

1326 3362 1381 3398 las
1409 3361 1559 3397 heredes
1593 3361 1767 3405 instituit,
1804 3360 1968 3407 superius
2003 3364 2123 3397 tamen
2159 3365 2411 3398 testamentum

1327 3406 1510 3443 sublatum
1537 3409 1608 3450 est,
1641 3410 1683 3441 ut
1712 3405 1783 3442 divi
1811 3415 1952 3452 quoque
1975 3405 2126 3442 Severus
2150 3409 2187 3443 et
2206 3406 2410 3443 Antoninus

1327 3522 1386 3561 (η)
1409 3519 1525 3554 deitF
1623 3526 1682 3559 (is)
1706 3519 1838 3554 alterF
1943 3523 2000 3561 (ιι)
2026 3520 2153 3554 dotaF
2252 3523 2311 3560 (ιο)
2334 3530 2409 3564 peu·-

1326 3565 1447 3598 cissent
1459 3566 1495 3599 F
1563 3567 1621 3609 (ιθ)
1646 3576 1712 3608 que
1724 3578 1783 3600 om.
1795 3565 1831 3599 F
1898 3568 1956 3608 (ιτ)
1981 3576 2049 3599 non
2061 3565 2201 3609 minuet]
2215 3569 2334 3609 aequet
2344 3579 2408 3603 scr.

1327 3612 1386 3652 (18)
1412 3610 1605 3654 exuberant]
1631 3612 1813 3654 exuperant
1837 3612 1896 3649 (sic
1916 3612 2031 3654 HaL),
2055 3610 2144 3653 quod
2164 3614 2323 3655 exuperat
2344 3623 2406 3645 scr.

174 3653 254 3686 bens
266 3654 302 3687 F
337 3656 381 3695 (τ)
396 3655 444 3688 sic
456 3655 583 3698 scripsi,
595 3658 635 3688 ut
644 3654 829 3689 hereditate
839 3654 958 3688 maevii
971 3657 1083 3690 mediis
1095 3657 1221 3691 omn‘seis
1229 3656 1265 3690 F
1327 3659 1386 3695 (ιο)
1411 3658 1444 3689 et
1455 3656 1585 3689 fructus
1596 3656 1668 3689 eius
1677 3659 1847 3700 praeterea
1865 3657 1894 3689 si
1912 3656 1984 3690 eius
2001 3655 2091 3699 quod
2111 3655 2329 3698 quadrantem
2348 3656 2407 3691 ad-

174 3700 221 3739 (8)
244 3698 374 3732 attioF
441 3702 485 3740 (9)
511 3699 660 3733 fueritF
722 3701 782 3744 (ιο)
806 3699 912 3744 quiF
976 3702 1029 3741 (ιι)
1054 3701 1267 3735 ercundaeF
1328 3701 1400 3735 dide·

1491 3704 1554 3745 (ιο)
1578 3702 1707 3735 suaeF
1789 3703 1848 3743 (ιι)
1872 3701 2140 3744 =Im1.2,17,s
