2528 3918
165 88 356 131 XXVIII
386 91 412 130 5

166 209 377 246 condicione
401 209 551 253 accepit,
576 212 696 253 potest
719 209 764 244 ab
788 208 919 245 herede
938 219 1028 254 pure
1049 220 1129 244 cum
1148 209 1256 244 liber-

165 258 242 291 tate
263 255 366 290 heres
389 253 528 289 institui
553 258 588 288 et
607 263 679 289 non
697 257 904 299 exspectata
922 254 1131 289 condicione
1148 253 1255 288 liber-

164 303 276 335 tatem
301 303 336 333 et
358 297 591 334 hereditatem
615 299 843 344 consequitur
874 302 910 334 et
941 299 1006 334 erit
1028 299 1171 334 interim
1192 308 1254 334 ne-

166 344 362 381 cessarius:
396 344 454 378 et¹
478 343 652 378 existente
675 343 883 380 condicione
906 344 1127 379 voluntarius
1151 343 1255 379 heres

166 388 362 430 efficietur,
402 391 443 423 ιιι
478 398 551 423 ιιοιι
586 387 726 424 desinat
758 389 861 424 heres
898 385 995 430 esse,
1038 388 1101 423 sed
1131 390 1173 423 ιιι
1198 388 1255 423 ius

164 437 187 469 4
233 434 269 468 in
294 443 335 468 eo
360 436 516 468 mutetur
540 434 788 469 successionis.
826 435 1028 478 Aperturae
1052 432 1255 468 tabularum

165 478 288 514 dilatio
313 478 506 513 necessarii
529 478 669 514 heredis
693 479 748 514 ius
773 489 845 514 non
869 482 1000 520 mutat,
1033 483 1073 512 ut
1101 477 1254 513 solemus

163 523 204 559 in
225 523 417 559 substituto
442 523 635 568 impuberis
659 523 794 559 dicere:
826 534 908 558 nam
940 526 995 558 est
1021 523 1190 566 relatum,
1224 523 1254 558 si

164 578 204 604 se
228 567 471 612 adrogandum
495 567 633 604 dederit
655 568 872 604 substitutus
895 567 1072 613 impuberi
1095 567 1255 604 defuncti

162 612 270 655 filius,
295 613 535 649 necessarium
558 623 639 649 eum
661 613 749 649 fore.

212 656 237 694 4
269 656 376 692 Imm
403 657 494 694 libro
527 662 658 710 quarto
690 659 740 693 ad
767 656 941 694 Sabinum
989 657 1083 693 Suus
1114 667 1255 703 quoque

164 702 268 738 heres
299 702 367 738 sub
400 702 610 739 condicione
639 704 742 739 heres
774 705 894 748 potest
915 702 1069 738 institui:
1101 702 1165 738 sed
1194 712 1254 738 ex-

165 746 350 793 cipiendus
382 751 437 784 est
465 747 579 791 filius,
612 749 696 800 quia
726 759 799 784 non
829 748 896 783 sub
926 747 1022 784 omni
1046 747 1256 784 condicione

163 792 303 828 institui
332 796 463 838 potest.
511 797 547 829 et
577 793 719 845 quidem
745 793 812 829 sub
837 802 880 828 ea
904 792 1129 835 condicione,
1162 803 1255 838 quae

164 840 220 873 est
248 837 287 873 in
318 841 499 884 potestate
528 838 661 884 ipsius,
694 841 830 883 potest:
867 837 912 873 de
939 838 1010 874 hoc
1041 837 1134 873 enim
1162 838 1255 874 inter

164 892 288 918 omnes
331 886 481 919 constat.
537 883 601 918 sed
641 887 761 919 utrum
802 883 855 918 ita
897 882 1037 919 demum
1077 882 1253 918 institutio

164 926 333 964 effectum
354 928 499 971 habeat,
524 928 555 964 si
578 928 738 974 paruerit
762 927 972 970 condicioni,
1000 938 1047 963 an
1070 930 1106 963 et
1129 928 1160 963 si
1183 938 1255 963 non

162 972 325 1018 paruerit
347 976 384 1009 et
406 972 582 1009 decessit?
624 973 783 1009 Iulianus
806 976 912 1018 putat
933 972 1044 1008 filium
1069 973 1135 1008 sub
1161 973 1254 1008 eius-

163 1017 261 1054 modi
284 1017 494 1054 condicione
516 1018 718 1054 institutum
742 1018 867 1061 etiam,
899 1017 930 1053 si
957 1017 1160 1054 condicioni
1183 1029 1255 1053 non

162 1063 344 1143 paruerit,
372 1066 586 1099 summotum
610 1073 707 1106 esse,
739 1067 776 1099 et
797 1063 877 1099 ideo
901 1063 933 1098 si
956 1063 1165 1099 coheredem
1189 1063 1254 1098 ha-

189 1111 248 1144 eat
265 1108 318 1143 ita
337 1108 534 1151 institutus,
558 1119 631 1144 non
648 1108 777 1144 debere
797 1118 877 1143 eum
897 1112 1116 1153 exspectare,
1141 1107 1254 1144 donec

163 1152 366 1189 condicioni
388 1157 515 1199 pareat
537 1153 651 1196 filius,
682 1164 763 1189 cum
795 1154 854 1188 et²
884 1153 915 1189 si
945 1157 1084 1198 patrem
1106 1153 1254 1189 intesta-

162 1201 240 1234 tum
270 1197 406 1234 faceret
436 1209 509 1234 non
538 1198 697 1243 parendo
731 1197 950 1241 condicioni,
987 1198 1115 1243 procul
1146 1198 1253 1234 dubio

163 1247 374 1289 exspectare
405 1243 560 1279 deberet.
636 1253 704 1279 uae
735 1243 913 1279 sententia
943 1243 1138 1289 probabilis
1169 1243 1255 1279 mihi

162 1288 313 1331 videtur,
332 1292 374 1324 ut
392 1288 460 1324 sub
480 1298 523 1324 ea
543 1298 612 1324 con
639 1288 753 1324 'cione
772 1288 969 1331 institutus,
1014 1298 1083 1323 uae
1100 1288 1138 1324 in
1158 1288 1254 1324 arbi·

166 1337 182 1370 1
230 1333 300 1370 trio
324 1334 398 1369 eius
423 1333 479 1376 sit,
503 1336 641 1379 patrem
663 1333 872 1369 intestatum
895 1343 969 1369 non
1008 1333 1114 1369 aciat.
1159 1333 1253 1369 Puto

162 1383 262 1414 recte
292 1378 503 1423 generaliter
535 1377 690 1414 definiri:
724 1382 844 1414 utrum
872 1378 911 1413 in
940 1381 1120 1424 potestate
1148 1377 1256 1414 fuerit

162 1423 325 1460 condicio
357 1433 405 1458 an
436 1433 509 1459 non
539 1423 667 1466 fuerit,
698 1422 787 1459 facti
815 1424 1002 1469 potestas³
1032 1427 1104 1459 est:
1135 1427 1256 1469 potest

162 1469 256 1504 enim
289 1472 325 1504 et
355 1468 446 1504 haec
480 1468 523 1504 ‘si
546 1468 800 1504 Alexandriam
829 1468 1039 1514 pervenerit’
1070 1479 1145 1505 non
1177 1479 1256 1505 esse

160 1514 199 1549 in
229 1513 376 1549 arbitrio
404 1524 470 1559 per
491 1513 617 1549 hiemis
642 1513 907 1549 condicionem:
937 1515 1080 1559 potest⁴
1105 1516 1141 1550 et
1165 1523 1254 1557 esse,

163 1559 194 1594 si
219 1558 261 1611 ei,
286 1558 348 1604 qui
371 1569 394 1594 a
416 1558 532 1604 primo
557 1558 707 1611 miliario
727 1558 967 1611 Alexandriae
1038 1559 1075 1602 ἰ,
1098 1558 1168 1620 fuit
1189 1560 1254 1595 im-

160 1607 462 1691 ffssgt-,ssgcffiffoegt
480 1603 872 1695 “emittitis
886 1603 1256 1695 ἷὲὲἓῑηᾳῗέῗξῑηὲἰὲῗ

163 1698 308 1774 propter
355 1703 424 1729 uae
446 1693 494 1729 ad
516 1694 718 1747 generalem
742 1693 983 1730 definitionem
1001 1694 1255 1730 recurrendum

164 1744 171 1755 ⁵
230 1749 268 1775 es

160 1787 341 1829 potestate
365 1787 436 1827 est,
466 1784 598 1820 herede
627 1784 792 1820 instituto
824 1794 937 1830 nepos
968 1783 1016 1820 sit
1038 1784 1255 1821 substitutus

160 1829 234 1865 sive
258 1832 470 1872 extraneus,
497 1833 585 1875 puto
609 1829 687 1865 vivo
711 1829 784 1865 filio
809 1839 884 1865 non
907 1832 1130 1866 exstaturum
1151 1830 1254 1866 here-

161 1874 241 1909 dem
265 1874 510 1917 substitutum,
561 1878 618 1910 ost
641 1877 790 1910 mortem
813 1883 896 1911 vero
921 1878 1156 1918 exstaturum,
1187 1885 1255 1911 nec

161 1919 399 1955 necessariam
434 1929 457 1954 a
486 1929 529 1955 su
556 1919 680 1955 stituto
713 1919 776 1956 filii
806 1919 1138 1964 exheredationem,
1174 1930 1256 1957 cum

161 1968 216 2006 et,
249 1964 280 1999 si
309 1963 420 2000 fuerit
449 1963 566 2007 facta,
597 1964 734 2000 frustra
763 1968 835 2000 est:
866 1968 951 2011 post
980 1970 1131 2001 mortem
1163 1965 1255 2001 enim

161 2009 227 2044 filii
248 2008 347 2044 facta
372 2012 437 2062 est,
462 2020 569 2061 quam
592 2009 760 2062 inutilem·
776 2019 853 2062 esse
876 2010 990 2062 alias⁶
1014 2010 1252 2046 ostendimus:

161 2058 487 2135 gfmmoneugtssffgff
502 2054 648 2135 :fihlssffig
678 2058 985 2145 ῗοῗὲὲιὲἳὲῗᾞέἓ
1010 2056 1253 2145 ῗὲἓῑςῐῗέἓὲἰ

160 2143 392 2180 heredatione
424 2154 447 2179 a
481 2145 712 2190 sequentibus
744 2144 932 2191 gradibus:
975 2145 1133 2191 alioquin
1166 2149 1202 2181 et
1232 2156 1255 2181 a

162 2189 337 2226 coherede
359 2189 540 2235 indigebit.

207 2233 232 2271 5
257 2236 366 2270 Am
385 2233 412 2270 I
413 2243 590 2271 nauium
604 2234 695 2270 libro
711 2235 902 2270 vicensimo
919 2245 1016 2270 nono
1033 2233 1253 2281 diqestorum

161 2278 403 2315 Maecenas
431 2282 535 2315 notat
587 2279 626 2315 Si
660 2279 835 2316 eiusmodi
871 2279 920 2316 sit
960 2279 1143 2322 condicio,
1185 2280 1252 2315 sub

160 2324 496 2414 Sgsspssffirfflemhe‘mffl
505 2324 828 2406 ἐὲῗὲἓῖᾞιὲῗὲἕθ
842 2324 1155 2415 Ἶξοῗῗΐξεὲξῖθ
1164 2325 1253 2415 533⁸

162 2414 267 2450 dente
298 2424 342 2450 ea
373 2414 541 2458 decedat,
572 2415 744 2451 intestato
773 2415 869 2461 patri
897 2415 1000 2451 heres
1026 2414 1110 2458 erit,
1143 2415 1254 2451 veluti

161 2459 204 2494 ‘si
236 2459 516 2495 Alexandriam⁸
551 2460 771 2506 pervenerit,
809 2460 914 2496 heres
949 2460 1057 2496 esto':
1120 2459 1192 2496 uod
1223 2460 1254 2496 si

161 2504 267 2540 etiam
297 2505 488 2541 novissimo
523 2508 684 2551 tempore
716 2505 856 2550 impleri
889 2508 1028 2550 potest,
1066 2514 1109 2540 ve
1124 2505 1176 2540 uti
1210 2505 1254 2541 ‘si

162 2549 296 2585 ‘decem
319 2550 414 2585 Titio
439 2549 587 2593 dederit,
612 2551 716 2586 heres
740 2551 841 2593 esto',
867 2554 994 2586 contra
1042 2553 1117 2585 uto.

207 2592 232 2631 6
264 2594 459 2631 ULPIANUS
480 2595 572 2631 libro
597 2599 727 2642 quarto
746 2595 796 2630 ad
812 2594 986 2631 Sabinum
1052 2594 1096 2630 ed
1114 2595 1146 2630 si
1166 2605 1252 2631 con-

161 2638 293 2675 dicioni
327 2639 402 2675 dies
437 2641 484 2675 sit
519 2640 701 2683 adiectus,
735 2644 777 2675 ut
810 2644 916 2686 puta:
962 2640 1005 2676 ‘si
1039 2638 1254 2685 Capitolium

161 2684 295 2719 ‘intra⁹
331 2684 405 2720 dies
440 2685 587 2730 triginta
621 2685 844 2728 ascenderim
885 2684 1095 2720 tantundem
1132 2689 1255 2730 potest

161 2729 249 2764 dici:
282 2732 333 2771 ιιι,
360 2730 392 2764 si
414 2740 487 2765 nou
509 2730 671 2776 paruerit
694 2730 905 2773 condicioni,
929 2730 1144 2766 substitutus
1167 2741 1253 2776 pos-

161 2774 208 2809 sit
239 2773 378 2809 admitti
407 2774 480 2810 filio
511 2775 675 2821 repulso,
715 2786 937 2822 consequens
968 2779 1024 2811 est
1055 2775 1254 2812 sententiae

164 2823 177 2854 1
228 2818 356 2854 Iuliani
380 2823 416 2855 et
439 2824 592 2855 nostrae.
627 2819 786 2873 Nepotes
810 2824 931 2857 autem
951 2825 987 2856 et
1005 2820 1173 2866 deinceps
1194 2831 1253 2857 ce·

160 2863 240 2906 teri,
265 2864 325 2909 qui
349 2874 394 2899 ex
415 2864 492 2909 lege
507 2865 654 2901 Vellaea
676 2866 830 2901 instituti
853 2876 925 2901 non
947 2869 1118 2911 rumpunt
1139 2869 1253 2902 testa-

160 2912 300 2952 menta,
339 2909 406 2944 sub
438 2909 534 2945 omni
566 2910 774 2947 condicione
804 2910 943 2947 institui
972 2914 1145 2956 possunt,
1186 2911 1254 2947 etsi

160 2957 181 2988 2
227 2953 433 2999 redigantur
464 2954 510 2989 ad
540 2954 604 2990 filii
635 2955 891 2991 condicionem.
939 2955 1102 2992 Solemus
1133 2955 1254 2992 dicere

159 2998 278 3035 media
303 3003 466 3044 tempora
496 3010 569 3035 non
599 3010 748 3043 nocere,
779 3004 821 3036 ut
843 3004 933 3046 puta
956 3000 1041 3037 civis
1065 3000 1252 3037 Romanus

159 3043 264 3080 heres
296 3043 367 3080 scri
392 3047 451 3080 tus
485 3044 561 3080 vivo
594 3048 765 3081 testatore
795 3045 915 3082 factus
937 3046 1145 3091 peregrinus
1168 3057 1253 3082 mox

161 3088 341 3125 civitatem
422 3099 564 3124 manam
587 3091 746 3134 pervenit
759 3092 804 3126 ¹⁰:
836 3090 955 3127 media
984 3094 1148 3136 tempora
1177 3102 1253 3127 non

159 3137 314 3215 aisti.
337 3144 393 3215 22².
404 3134 959 3217 “sffimffi‘zffuggzgffigssffi
972 3136 1251 3217 {itamari}

160 3227 181 3259 3
229 3227 418 3260 extraneo:
460 3234 533 3260 non
568 3227 623 3259 est
651 3224 775 3260 vitiata
805 3207 993 3262 in’stitutio.
1040 3225 1078 3262 Si
1095 3192 1252 3262 pservum

160 3279 384 3305 communem
408 3279 492 3322 cum
511 3268 676 3304 libertate
699 3269 862 3321 dominus
881 3270 1048 3307 heredem
1067 3271 1253 3316 scripserit

160 3317 198 3350 et
218 3323 301 3350 eum
323 3313 523 3356 redemerit,
545 3323 768 3350 necessarius
793 3315 977 3352 efficietur.
1022 3315 1086 3352 sed
1108 3316 1140 3352 si
1165 3316 1251 3352 sub·

158 3358 308 3395 stitutus
338 3359 387 3395 sit
414 3358 592 3405 impuberi
622 3362 659 3394 et
692 3363 830 3403 partem
860 3360 1050 3397 redemerit
1074 3360 1251 3413 impubes,

159 3407 181 3439 4
224 3404 450 3441 necessarius
461 3413 535 3440 non
547 3402 732 3445 efficietur,
748 3405 1003 3441 ut'21ulianus
1019 3405 1155 3442 scribit.
1181 3405 1252 3442 Sed

371 1739 416 1775 ed
438 1742 475 1774 et
497 1749 528 1775 si
550 1739 624 1775 filio
649 1740 715 1775 sub
741 1738 969 1783 condicione,
1001 1749 1094 1785 quae
1115 1739 1155 1775 in
1178 1740 1255 1776 eius

483 3518 527 3560 (²)
551 3517 823 3615 οεῗέξῷφοίῶ
847 3563 881 3596 F
888 3563 909 3602 ¹,
963 3564 1113 3597 difficilis
1139 3565 1169 3598 si
1193 3563 1252 3599 F·

408 3606 581 3695 (nnita-¹2⁹,
598 3606 1250 3697 ωῃᾱῖῗιιὶῗῃέεἰξοᾯιῖῖὲοιιρειςξιίἲισῖν.

513 3699 572 3741 (12)
597 3701 636 3731 ιιι
651 3710 709 3732 om.
722 3697 758 3731 F

160 3520 202 3560 (i)
227 3517 286 3551 sed
302 3530 366 3552 scr.

160 3566 203 3605 (4)
228 3566 340 3606 potent
364 3563 427 3597 del.

160 3609 205 3649 (6)
230 3607 299 3640 alia
314 3607 348 3641 F

160 3653 246 3685 riam
259 3653 294 3686 F

161 3700 216 3738 (11)
242 3708 335 3730 servo
351 3697 381 3731 S

778 3519 820 3557 (8)
845 3517 1007 3563 potestas]
1023 3519 1178 3562 quaestio
1188 3533 1251 3554 scr.

1240 84 1324 132 380
1564 102 1608 160 ολ

885 3699 943 3740 (13)
968 3699 1030 3732 nub
1048 3699 1249 3734 condicione
1316 3702 1370 3732 tus
1384 3698 1436 3733 P

1506 30 1511 52 i

1516 50 1575 98 ἡ
2068 101 2128 132 DE
2156 101 2415 136 HEREDIBUS

1324 208 1355 244 si
1379 208 1427 243 sit
1449 218 1531 243 cum
1553 209 1718 245 libertate
1741 209 1945 251 institutus,
1975 218 2023 245 an
2054 209 2087 245 ei
2115 210 2291 248 libertatis
2314 212 2413 248 datio

1324 252 1497 288 codicillis
1521 253 1628 288 adimi
1650 254 1782 299 possit,
1813 254 1911 299 apud
1938 254 2114 290 Iulianum
2137 256 2324 300 quaeritur.
2377 261 2415 292 et

1322 302 1428 343 putat
1443 298 1480 333 in
1497 308 1577 333 eum
1597 308 1730 342 casum,
1751 309 1821 345 quo
1839 299 2063 335 necessarius
2078 299 2190 343 fieret,
2214 300 2411 347 ademptio-

1324 353 1405 377 nem
1420 353 1493 378 non
1508 342 1636 386 valere,
1660 354 1705 379 ne
1725 354 1747 379 a
1766 348 1878 380 semet
1895 344 1973 389 ipso
1995 345 2028 379 ei
2048 344 2227 381 adimatur
2246 345 2414 382 libertas:

1324 397 1447 423 servus
1471 388 1563 423 enim
1586 388 1690 424 heres
1713 388 1896 425 institutus
1920 399 1943 424 a
1966 393 2077 424 semet
2106 389 2185 436 ipso
2212 390 2408 427 libertatem

1324 432 1486 485 accipit..
1513 442 1606 484 quae
1636 434 1812 486 sententia
1841 433 1951 469 habet
1975 434 2178 487 rationein:-
2199 445 2282 471 nam
2306 436 2416 472 sicuti

1323 477 2191 576 1θὲῗῦιὲξὲιῖἕέ,ὑῒῗεὲιίὶᾮεῖηῗῷξεξιὲἓῗ·
2222 523 2260 560 si
2289 535 2412 562 sm

1325 577 1521 603 communis
1537 567 1604 603 sub
1621 567 1831 604 condicione
1844 568 1950 605 heres
1965 572 2150 605 institutus
2163 570 2190 591 ¹³
2206 570 2283 606 vivo
2300 574 2410 606 testa-

1323 615 1402 648 tore
1425 612 1625 648 libertatem
1649 617 1862 649 consecutus
1886 614 1944 657 sit,
1968 614 2075 650 etiam
2091 613 2271 660 pendente
2290 615 2413 651 condi·

1325 657 1427 693 cione
1443 657 1732 693 testamentariae
1742 657 1916 694 libertatis
1928 658 2028 695 adire
2038 659 2270 695 hereditatem
2280 663 2412 705 potest.

1328 705 1343 737 1
1391 702 1482 738 Item
1505 702 1579 738 sive
1601 705 1754 754 testator
1777 712 1857 738 eum
1880 703 2086 740 alienaverit
2107 704 2182 741 sive
2203 705 2307 740 heres
2329 710 2413 758 post

1324 751 1474 783 mortem
1492 750 1687 790 testatoris,
1710 747 1810 784 iussu
1834 747 1967 784 domini
1988 748 2221 785 hereditatem
2243 749 2366 786 adibit.

1370 789 1395 830 8
1420 791 1528 827 loru
1546 792 1637 828 libro
1660 792 1817 829 secundo
1848 793 1899 828 ad
1927 792 2087 830 Urseium
2110 795 2280 831 Ferocem
2327 794 2411 830 Duo

1324 837 1414 873 socii
1447 836 1623 882 quendam
1653 847 1791 873 servum
1822 847 2043 874 communem
2073 842 2286 876 testamento
2313 838 2412 875 facto

1323 881 1489 918 heredem
1512 885 1548 917 et
1569 881 1720 918 liberum
1744 892 1823 918 esse
1845 883 2042 919 iusserant:
2076 884 2181 920 ruina
2210 884 2316 920 simul
2347 895 2413 930 op·

1323 927 1437 1008 gressi
1476 927 1668 972 perierant.
1722 927 1882 973 plerique
1918 928 2182 973 responderunt
2217 929 2287 965 hoc
2325 939 2414 965 casu

1350 972 1464 1008 uobus
1490 972 1651 1008 orcinum
1672 972 1839 1008 heredem
1863 973 2031 1016 existere,
2066 977 2102 1009 et
2130 972 2169 1009 id
2199 977 2255 1010 est
2283 974 2413 1010 verius.

1328 1021 1343 1052 1
1392 1017 1463 1052 Sed
1486 1020 1523 1053 et
1545 1016 1578 1053 si
1600 1017 1667 1053 sub
1691 1017 1816 1053 eadem
1839 1017 2049 1054 condicione
2082 1028 2223 1054 servum
2255 1029 2413 1055 commu-

1324 1072 1405 1098 nem
1428 1066 1578 1108 uterque
1602 1062 1720 1098 socius
1738 1062 1891 1098 liberum
1905 1062 2143 1109 heredemque
2158 1073 2236 1100 esse
2251 1063 2415 1100 iussisset

1324 1117 1367 1143 ea
1391 1117 1437 1143 ue
1460 1107 1664 1150 exstitisset,
1688 1107 1782 1143 idem
1804 1107 1891 1143 iuris
1915 1108 1992 1143 erit.

1435 1151 1630 1189 Uzeuiws
1659 1152 1751 1189 libro
1784 1153 1910 1198 quinto
1941 1152 1992 1188 ad
2021 1151 2196 1189 Sabinum
2242 1153 2415 1200 Quotiens

1323 1199 1445 1234 volens
1480 1197 1589 1233 alium
1623 1197 1791 1233 heredem
1824 1197 1981 1234 scribere
2015 1197 2123 1233 alium
2158 1198 2341 1244 scripserit
2376 1199 2414 1235 in

1325 1253 1474 1288 corpore
1504 1242 1658 1278 hominis
1689 1252 1830 1286 errans,
1861 1242 1969 1278 veluti
1999 1242 2123 1279 ‘frater
2152 1244 2264 1280 meus’
2277 1244 2305 1267 ¹⁴
2337 1247 2413 1290 ‘pa-

1324 1291 1462 1325 ‘tronus
1492 1287 1612 1331 meus',
1642 1287 1763 1333 placet
1792 1298 1908 1334 neque
1939 1298 2020 1324 eum
2049 1287 2215 1324 heredem
2247 1299 2325 1325 esse
2351 1290 2415 1335 qui

1323 1334 1480 1379 scriptus
1504 1336 1570 1375 est,
1594 1333 1763 1385 quoniam
1785 1333 1969 1369 voluntate
1992 1332 2167 1376 deficitur,
2193 1344 2218 1369 n
2264 1344 2309 1370 ue
2333 1345 2415 1371 eum

1327 1382 1343 1414 1
1391 1388 1497 1424 quem
1519 1377 1643 1420 voluit,
1674 1378 1842 1424 quoniam
1865 1379 2019 1424 scriptus
2042 1388 2115 1414 non
2137 1382 2204 1414 est.
2284 1383 2301 1414 t
2322 1379 2354 1416 si
2376 1380 2415 1415 in

1323 1434 1363 1459 re
1386 1424 1465 1469 quis
1489 1423 1669 1467 erraverit,
1693 1427 1735 1458 ut
1748 1426 1838 1468 puta
1852 1423 1936 1459 dum
1948 1423 2025 1459 vult
2044 1423 2183 1459 lancem
2201 1424 2414 1471 relinquere,

1323 1472 1457 1505 vestem
1474 1468 1579 1514 leget,
1604 1471 1770 1504 neutrum
1789 1468 1932 1505 debebit
1946 1469 2017 1505 hoc
2028 1470 2067 1512 ¹⁵,
2091 1468 2164 1504 sive
2175 1469 2253 1515 ipse
2271 1469 2413 1516 scripsit

1324 1516 1345 1549 2
1392 1513 1466 1550 sive
1488 1513 1716 1549 scribendum
1739 1513 1934 1550 dictaverit.
1971 1513 2042 1549 Sed
2064 1513 2095 1549 si
2115 1524 2188 1549 non
2205 1514 2244 1549 in
2263 1524 2414 1560 corpore

1324 1559 1474 1602 erravit,
1505 1557 1567 1594 sed
1591 1558 1630 1593 in
1651 1562 1773 1604 parte,
1803 1562 1894 1604 puta
1915 1559 1966 1601 si,
1991 1569 2072 1595 cum
2095 1558 2268 1595 dictasset
2289 1569 2335 1595 ex
2356 1569 2411 1595 se-

1323 1603 1432 1640 misse
1454 1603 1608 1649 aliquem
1631 1603 1750 1646 scribi,
1782 1613 1827 1639 ex
1849 1603 2051 1649 quadrante
2072 1603 2120 1639 sit
2142 1604 2309 1649 scriptus,
2334 1603 2412 1640 Cel-

1324 1659 1384 1684 sus
1419 1649 1510 1684 libro
1544 1648 1754 1684 duodecimo
1790 1649 2057 1695 quaestionum,
2123 1649 2131 1656 ⁶
2159 1652 2314 1684 estorum
2345 1660 2412 1685 un-

1324 1694 1461 1730 decimo
1496 1703 1602 1739 posse
1635 1693 1778 1729 defendi
1809 1694 1860 1729 ait
1890 1704 1935 1730 ex
1965 1693 2111 1730 semisse
2163 1693 2301 1730 eredem
2323 1694 2417 1738 fore,

1323 1739 1427 1785 quasi
1449 1738 1531 1784 plus
1554 1742 1801 1790 nuncupatum
1823 1739 1881 1782 sit,
1905 1738 2022 1774 minus
2046 1738 2220 1819 scriptum
2233 1740 2290 1774 ¹⁶²:
2322 1749 2416 1785 quae

1325 1785 1502 1820 sententia
1531 1784 1716 1829 rescriptis
1748 1783 1937 1820 adiuvatur
1967 1783 2124 1829 generah
2150 1794 2204 1819 us.
2250 1783 2343 1820 idem
2368 1794 2415 1819 ue

1325 1833 1380 1865 est
1405 1833 1441 1864 et
1463 1828 1494 1864 si
1515 1828 1593 1874 ipse
1615 1832 1767 1865 testator
1788 1829 1906 1865 minus
1929 1829 2075 1872 scribat,
2101 1839 2182 1864 cum
2205 1829 2286 1875 plns
2309 1840 2330 1865 v
2378 1834 2416 1865 et

1325 1878 1344 1910 3
1392 1873 1607 1910 adscribere.
1662 1873 1733 1909 Sed
1767 1874 1798 1909 si
1831 1874 2002 1910 maiorem
2036 1873 2268 1919 adscripserit
2301 1878 2412 1910 testa·

1323 1918 1518 1955 mentarius
1548 1918 1604 1954 vel
1639 1918 1747 1964 (quod
1775 1917 1956 1955 difficilius
1989 1922 2045 1955 est
2076 1919 2301 1965 probatione)
2334 1920 2414 1965 ipse

1322 1968 1486 2006 testator,
1518 1967 1559 1999 ut
1579 1974 1646 2009 pro
1671 1963 1870 2009 quadrante
1893 1964 2085 2006 semissem,
2109 1963 2285 2000 Proculus
2334 1969 2415 2000 utat

1324 2020 1368 2046 ex
1391 2008 1591 2055 quadrante
1613 2008 1692 2045 fore
1713 2009 1897 2052 heredem,
1929 2009 2096 2055 quoniam
2118 2009 2211 2044 inest
2257 1976 2413 2046 uagmns

1323 2058 1345 2090 4
1391 2055 1430 2090 in
1446 2054 1612 2090 semisse:
1637 2064 1745 2100 quam
1760 2054 1974 2090 sententiam
1990 2058 2026 2090 et
2038 2054 2162 2090 Celsus
2177 2065 2243 2100 pro
2269 2059 2317 2091 at.
2342 2054 2415 2091 Sed

1324 2102 1360 2135 et
1383 2099 1414 2135 si
1437 2099 1516 2152 quis
1539 2109 1604 2144 pro
1630 2103 1775 2135 centum
1798 2099 1954 2135 ducenta
1976 2109 2040 2145 per
2058 2103 2180 2136 notam
2200 2099 2412 2145 scripsisset,

1322 2145 1416 2180 idem
1439 2144 1528 2180 iuris
1552 2148 1626 2180 est:
1653 2154 1737 2180 nam
1761 2148 1797 2180 et
1818 2144 1868 2180 ibi
1890 2149 2081 2190 utrumque
2104 2144 2276 2190 scriptum
2299 2149 2354 2181 est
2376 2150 2412 2181 et

1323 2189 1420 2235 quod
1449 2189 1562 2225 voluit
1591 2193 1627 2225 et
1658 2189 1755 2235 quod
1785 2189 1963 2226 adiectum
1994 2194 2066 2225 est:
2110 2199 2202 2235 quae
2235 2190 2415 2226 sententia

1323 2239 1343 2269 5
1390 2245 1464 2270 non
1481 2237 1537 2270 est
1550 2234 1627 2270 sine
1642 2235 1793 2270 ratione.
1827 2234 2052 2270 Tantundem
2066 2234 2262 2270 Marcellus
2278 2239 2413 2271 tractat

1324 2284 1359 2315 et
1393 2280 1431 2315 in
1463 2289 1521 2322 eo,
1553 2279 1655 2325 qui¹⁶
1686 2279 1932 2316 condicionem
1956 2279 2137 2315 destinans
2160 2280 2317 2315 inserere
2339 2291 2413 2316 non

1323 2324 1477 2360 addidit:
1501 2334 1585 2359 nam
1608 2327 1644 2360 et
1665 2324 1762 2361 hunc
1784 2335 1850 2370 pro
1874 2335 1947 2360 non
1968 2324 2132 2360 instituto
2152 2328 2275 2370 putat:
2300 2325 2362 2360 sed
2381 2325 2413 2360 si

1324 2369 1568 2405 condicionem
1591 2368 1728 2405 addidit
1749 2368 1834 2405 dum
1857 2369 1978 2412 nollet,
2003 2368 2165 2405 detracta
2184 2379 2227 2405 ea
2245 2369 2411 2406 heredem

1322 2415 1483 2450 futurum
1506 2423 1573 2450 nec
1596 2418 1842 2459 nuncupatum
1863 2414 1974 2450 videri
2004 2413 2100 2459 quod
2130 2418 2257 2450 contra
2284 2414 2410 2450 volun-

1322 2464 1432 2495 tatem
1456 2459 1629 2505 scriptum
1654 2463 1726 2495 est:
1758 2470 1865 2505 quam
1892 2460 2104 2495 sententiam
2128 2463 2164 2495 et
2185 2459 2263 2505 ipse
2286 2463 2323 2495 et
2343 2470 2413 2496 nos

1323 2508 1344 2541 6
1390 2505 1596 2550 probamus.
1621 2504 1721 2540 Idem
1735 2507 1870 2540 tractat
1884 2508 1921 2539 et
1935 2504 1966 2540 si
1980 2505 2269 2540 testamentarius
2285 2508 2415 2541 contra

1322 2550 1542 2586 voluntatem
1565 2549 1747 2585 testatoris
1771 2549 2016 2585 condicionem
2038 2549 2195 2585 detraxit
2216 2549 2271 2586 vel
2293 2554 2409 2586 muta-

1322 2595 1435 2638 vit¹⁰·,
1466 2594 1632 2630 heredem
1663 2605 1736 2630 non
1763 2594 1943 2637 futurum,
1975 2594 2040 2630 sed
2062 2605 2128 2640 pro
2151 2605 2224 2630 non
2246 2594 2410 2630 instituto

1323 2643 1341 2674 7
1390 2639 1604 2675 habendum.
1660 2638 1731 2675 Sed
1768 2640 1817 2683 si,
1861 2650 1942 2675 cum
1974 2639 2132 2675 Primum
2165 2638 2332 2675 heredem
2366 2650 2410 2676 ex

1323 2689 1425 2731 parte
1448 2684 1592 2720 dimidia
1602 2685 1629 2706 ¹⁷
1654 2684 1811 2720 scribere
1834 2684 2065 2727 destinasset,
2099 2684 2258 2720 Primum
2288 2691 2324 2721 et
2346 2684 2409 2721 Se-

1324 2730 1480 2766 cundum
1509 2729 1671 2775 scripsit,
1702 2729 1800 2765 solus
1823 2729 1964 2765 Primus
1995 2729 2150 2775 scriptus
2180 2729 2283 2766 heres
2313 2729 2408 2766 vide-

1322 2775 1419 2811 bitur
1449 2778 1486 2811 et
1516 2774 1614 2811 solus
1644 2774 1748 2811 heres
1779 2774 1908 2810 existet
1938 2774 2040 2820 quasi
2071 2785 2117 2810 ex
2138 2779 2243 2820 parte
2267 2774 2410 2811 dimidia

1323 2823 1343 2856 8
1389 2819 1586 2856 institutus.
1641 2819 1680 2855 Si
1712 2819 1790 2865 quis
1823 2830 1953 2856 nomen
1986 2819 2126 2855 heredis
2161 2819 2303 2864 quidem
2336 2830 2409 2856 non

1322 2865 1471 2908 dixerit,
1505 2864 1569 2901 sed
1597 2863 1824 2900 indubitabili
1854 2865 1954 2910 signo
1990 2875 2070 2900 eum
2104 2864 2407 2907 demonstraverit,

1322 2910 1418 2957 quod
1447 2920 1562 2956 paene
1592 2909 1680 2945 nihil
1708 2919 1733 2945 a
1762 2910 1905 2945 nomine
1935 2909 2065 2952 distat,
2099 2919 2172 2945 non
2202 2913 2323 2945 tamen
2353 2919 2409 2952 eo,

1322 2955 1423 3036 :1¹03
1449 2954 1827 3035 em.
1848 2953 2407 3035 :eremesa

1425 3010 1502 3036 eres
1520 3010 1576 3035 ins
1659 3025 1669 3042 ,
1783 3010 1809 3035 ιι
2270 3025 2280 3042 ,
2303 3010 2328 3034 ιι

1689 3044 1744 3079 uis
1774 3043 1826 3079 ita
1856 3043 1999 3080 dixerit:
2036 3046 2127 3079 ‘nter
2161 3053 2207 3079 ex
2234 3043 2408 3080 fratribus

1325 3049 1365 3081 10
1411 3048 1540 3091 potest.
1594 3043 1632 3080 Si

1690 3089 1787 3125 aevio
1825 3088 1942 3124 Seiam
1976 3098 2124 3125 uxorein
2162 3088 2320 3132 duxerit,
2364 3099 2408 3124 ex

1321 3094 1368 3126 ‘m
1392 3091 1421 3126 ’s
1453 3089 1548 3125 Titio
1584 3093 1621 3124 et

1322 3101 1518 3177 ‘doedrauta
1538 3137 1620 3170 uter
1638 3144 1711 3170 non
1731 3133 1882 3176 duxerit,
1903 3144 1948 3169 ex
1966 3133 2166 3179 quadrante
2183 3133 2285 3170 heres
2304 3134 2406 3177 esto’,

1319 3180 1419 3217 hic¹⁹
1449 3183 1549 3216 recte
1576 3178 1711 3214 factam
1739 3178 1996 3214 institutionem
2028 3188 2105 3214 esse
2114 3178 2146 3200 ²⁰
2175 3182 2312 3214 certum
2335 3182 2409 3215 est:

1323 3229 1363 3261 11
1410 3224 1474 3261 sed
1507 3223 1586 3277 quis
1621 3234 1667 3260 ex
1701 3234 1773 3269 qua
1806 3227 1925 3270 parte,
1959 3223 2145 3259 incertum.
2198 3223 2311 3260 Plane
2341 3224 2408 3260 erit

1320 3270 1460 3312 similis,
1491 3279 1524 3305 si
1544 3268 1598 3304 ita
1618 3268 1794 3305 institutio
1818 3268 1917 3304 facta
1938 3267 2064 3304 fuerit:
2100 3271 2192 3304 ‘uter
2222 3278 2267 3305 ex
2296 3279 2407 3314 supra

1320 3314 1475 3375 ‘scriptis
1497 3313 1669 3350 fratribus
1693 3314 1779 3350 meis
1804 3313 1919 3349 Seiam
1942 3324 2089 3349 uxorem
2113 3313 2271 3356 duxerit,
2302 3313 2406 3350 heres

1320 3362 1409 3396 ‘esto
1431 3372 1440 3394 :
1473 3359 1537 3395 sed
1569 3363 1606 3394 et
1635 3359 1728 3394 hanc
1758 3362 1846 3404 puto
1879 3358 1997 3394 valere
2023 3358 2281 3394 institutionem
2304 3358 2408 3404 quasi

1322 3407 1363 3440 12
1410 3404 1476 3440 sub
1497 3404 1705 3440 condicione
1723 3403 1868 3440 factam.
1904 3402 2061 3439 Heredes
2076 3403 2163 3439 iuris
2179 3413 2406 3440 successores

1319 3519 1419 3561 [liber
1434 3529 1505 3552 esse
1521 3519 1636 3552 iussus
1655 3521 1690 3551 et
1704 3518 1778 3551 sine
1793 3517 2006 3559 condicione]
2026 3518 2120 3550 heres
2142 3517 2322 3550 institutus
2339 3529 2404 3551 scr.

1318 3566 1376 3605 (14)
1400 3564 1547 3597 scribere
1571 3563 1685 3597 volens
1708 3563 1883 3606 scripserit
1907 3564 1967 3599 ine.
2087 3563 2145 3603 (is)
2169 3561 2304 3595 debebit
2326 3560 2404 3606 hoc]

1318 3607 1495 3642 debebitur
1516 3622 1581 3644 scr.
1731 3609 1801 3650 (15⁸)
1826 3607 1972 3652 scriptus
1995 3607 2030 3640 F
2175 3608 2235 3650 (18)
2260 3607 2317 3640 cui
2338 3619 2409 3640 scr„

1318 3655 1388 3694 (ια’)
1412 3654 1580 3687 mutuavit
1598 3654 1634 3687 F
1703 3655 1760 3695 (17)
1785 3664 1824 3686 ex
1842 3657 1938 3695 parte
1950 3652 2091 3686 dimidia
2108 3652 2168 3685 del.
2246 3654 2307 3695 (18)
2332 3661 2404 3684 cer·

1527 3707 1585 3738 (19)
1612 3699 1666 3732 hic
1681 3699 1742 3733 del.
1757 3698 1809 3732 F²
1902 3702 1963 3738 (20)
1989 3709 2058 3730 esse
2072 3699 2133 3731 del.
2150 3697 2199 3730 Γ,
